4234 6262
3199 191 3261 203 ν..-
3288 192 3294 196 ι

346 279 414 337 ετ
1421 274 1511 333 DE
1541 273 2074 333 cussnumous
2113 278 2224 335 DEI
2264 279 2392 336 us.
2432 281 2518 338 ιιι.
3543 288 3616 345 ss

347 395 465 468 plus
491 393 625 450 mihi
678 391 844 451 debet
894 407 1012 449 esse
1039 406 1195 461 quam
1223 392 1388 457 ratio,
1419 390 1564 460 quod
1610 406 1643 444 a
1689 391 1800 446 Deo
1847 390 1934 459 agi
1957 393 2014 455 Α
2039 401 2149 449 tam
2204 411 2450 467 magnam
2480 397 2888 455 credulitatiset
2915 397 3038 456 ﬁdei
3083 402 3385 458 mercedem
3432 404 3485 458 in
3517 406 3618 462 hoc
3687 411 3692 416 '

347 493 542 542 cuncta
570 497 860 554 cognosco.
892 483 1029 537 Nihil
1071 496 1199 550 ergo
1230 482 1281 535 in
1310 482 1412 536 hac
1440 496 1499 536 re
1539 497 1675 552 opus
1720 489 1802 536 est
1829 496 1927 536 no-

348 593 477 634 vum
505 575 706 647 aliquid
735 574 946 639 audire;
978 573 1108 628 satis
1136 574 1207 628 sit
1228 588 1327 644 pro
1348 573 1612 628 universis
1633 572 1934 627 rationibus

350 677 544 726 auctor
571 669 729 723 Deus.
760 665 870 722 Nec
896 666 1023 720 licet
1051 673 1112 720 ut
1139 665 1207 720 de
1235 665 1320 720 his
1347 679 1468 735 qua:
1495 653 1679 720 divino
1706 671 1934 733 aguntur

349 760 578 815 arbitrio
601 800 616 825 ,
645 757 788 813 aliud
831 757 980 814 dicas
1003 757 1209 828 justum
1235 799 1249 825 ,
1282 757 1424 812 aliud
1471 757 1728 826 iniustum
1762 774 1775 810 :
1807 755 1933 825 quia

350 849 610 920 quidquid
637 864 668 903 a
695 849 806 905 Deo
829 850 914 918 agi
941 849 1092 904 vides
1122 859 1282 920 atque
1310 848 1650 904 convinceris
1667 889 1682 913 ,
1712 861 1934 902 necesse

350 950 437 1001 est
463 943 581 1013 plus
606 958 765 1014 quam
790 942 993 1011 justum
1022 959 1142 999 esse
1171 943 1406 998 fatearis.
1437 943 1562 998 Hmc
1591 957 1719 1012 ergo
1747 941 1815 996 de
1837 957 1937 1011 gu-

349 1034 640 1112 bernaculo
667 1033 762 1089 Dei
794 1042 956 1104 atque
978 1034 1182 1104 judicio
1211 1035 1612 1105 expeditissime
1641 1050 1704 1088 ac
1749 1033 1933 1088 fortis—

349 1127 484 1183 sime
510 1125 612 1182 dici
642 1135 888 1197 possunt.
922 1126 1106 1196 Neque
1135 1127 1281 1182 enim
1310 1141 1534 1182 necesse
1580 1133 1661 1180 est
1689 1132 1748 1180 ut
1778 1139 1936 1193 argu-

347 1218 541 1274 mentis
569 1234 601 1273 a
628 1233 718 1274 me
743 1219 1007 1289 probetur
1032 1218 1135 1291 51
1168 1219 1311 1290 quod
1340 1219 1444 1274 hoc
1465 1219 1582 1289 ipso
1610 1219 1733 1289 quia
1762 1233 1792 1271 a
1822 1217 1935 1272 Deo

346 1310 542 1366 dicitur
568 1311 975 1385 comprobatur.
1017 1311 1205 1382 Itaque
1233 1327 1356 1366 cum
1403 1311 1630 1379 legimus
1673 1309 1874 1365 dictum
1903 1323 1936 1362 a

346 1403 458 1460 Deo
505 1403 634 1474 quia
687 1403 912 1474 aspiciat
934 1403 1134 1474 jugiter
1161 1418 1376 1458 omnem
1427 1409 1653 1466 terram,
1686 1400 1790 1456 hoc
1819 1401 1936 1470 ipso

345 1498 642 1567 probamus
686 1496 831 1566 quod
880 1497 1070 1567 aspicit
1111 1497 1239 1566 quia
1269 1496 1509 1566 aspicere
1536 1510 1595 1550 se
1623 1495 1782 1559 dicit;
1813 1509 1935 1550 cum

345 1589 574 1659 legimus
600 1588 748 1658 quod
774 1595 928 1657 regat
957 1596 1149 1644 cuncta
1179 1603 1298 1658 qua:
1353 1587 1478 1642 fecit
1500 1629 1513 1652 ,
1547 1587 1651 1642 hoc
1680 1587 1797 1656 ipso
1841 1602 1939 1657 ap-

346 1681 642 1751 probamus
669 1680 813 1750 quod
841 1680 999 1749 regit,
1031 1680 1155 1749 quia
1184 1695 1244 1733 se
1290 1691 1480 1746 regere
1513 1684 1779 1741 testatur;
1813 1691 1934 1730 cum

2035 488 2231 543 szeculo
2262 504 2380 544 esse
2400 491 2668 556 volumus,
2697 492 2871 560 qualis
2897 492 3188 547 credulitas
3225 502 3318 548 aut
3347 494 3474 548 fides
3505 495 3618 564 ipsa

2035 594 2154 634 esse
2201 579 2395 635 debeat
2432 581 2776 636 considerare
2821 582 3098 638 debemus.
3144 583 3283 652 Quid
3327 592 3410 639 est
3459 585 3643 652 igitur

2035 669 2320 726 credulitas
2340 681 2434 726 aut
2455 672 2620 727 ﬁdes?
2639 672 2864 743 Opinor,
2888 683 2912 711 ι
2928 674 3201 730 hominem
3218 675 3444 732 ﬁdeliter
3463 675 3619 732 Chri—

2035 772 2120 818 sto
2166 763 2418 827 credere,
2453 764 2505 818 id
2535 772 2649 828 est,
2683 763 2910 820 ﬁdeliter
2953 766 3048 822 Dei
3096 768 3346 823 mandata
3377 783 3615 824 servare.

2036 853 2184 910 Sicut
2206 856 2346 910 enim
2377 857 2519 911 servi
2546 857 2823 912 hominum
2851 858 3073 913 divitum
3099 867 3193 914 aut
3217 869 3614 930 procuratores,

2035 947 2228 1016 quibus
2256 948 2340 1002 vel
2371 948 2718 1019 supellectilis
2744 949 2964 1019 copiosa
2991 951 3077 1005 vel
3104 951 3317 1006 cellaria
3360 953 3616 1023 opulenta

2037 1040 2360 1103 creduntur,
2403 1040 2586 1096 ﬁdeles
2629 1039 2832 1111 absque
2859 1040 3024 1096 dubio
3069 1041 3177 1097 dici
3203 1058 3310 1098 non
3337 1054 3544 1113 queunt
3570 1043 3616 1098 si

2035 1146 2122 1186 res
2143 1132 2240 1187 sibi
2273 1132 2497 1187 traditas
2525 1132 2854 1198 devorarint,
2885 1133 2963 1188 sic
2999 1132 3243 1203 profecto
3271 1137 3433 1190 etiam
3460 1136 3619 1192 Chri-

2036 1222 2194 1277 stiani
2225 1224 2470 1279 homines
2503 1221 2746 1280 inﬁdeles
2774 1232 2924 1290 sunt,
2955 1225 3001 1280 si
3028 1225 3170 1281 bona
3197 1227 3298 1284 sibi
3327 1243 3358 1282 a
3387 1229 3498 1285 Deo
3527 1245 3616 1286 as-

2035 1316 2241 1384 signata
2269 1314 2628 1386 corruperint.
2653 1315 2920 1383 Quzeritur
2945 1315 3168 1374 forsitan
3196 1333 3317 1387 quae
3344 1319 3451 1374 sint
3477 1321 3616 1376 bona

2035 1420 2154 1475 quae
2201 1405 2343 1459 Deus
2371 1405 2688 1461 Christianis
2715 1406 3025 1462 hominibus
3052 1406 3306 1474 assignet.
3337 1408 3484 1475 Quae,
3518 1410 3616 1464 nisi

2036 1497 2215 1552 omnia
2245 1512 2342 1567 per
2387 1513 2508 1566 quae
2545 1483 2847 1564 credimus,
2881 1497 2934 1552 id
2976 1506 3091 1564 est,
3123 1499 3304 1554 omnia
3353 1515 3450 1569 per
3499 1516 3620 1570 quas

2035 1585 2325 1642 Christiani
2381 1589 2603 1642 sumus?
2649 1587 2887 1642 Primum
2935 1588 3139 1644 scilicet
3186 1589 3388 1658 legem,
3426 1590 3619 1647 deinde

2037 1679 2348 1748 prophetas,
2369 1679 2530 1734 tertio
2554 1678 2922 1748 Evangelium,
2939 1688 3134 1749 quarto
3163 1681 3486 1752 apostolicas
3507 1683 3619 1739 lec-

346 1771 573 1840 legimus
623 1771 771 1841 quod
799 1771 1052 1842 praesenti
1076 1770 1280 1839 judicio
1330 1770 1580 1824 universa
1628 1767 1930 1838 dispenset,
1963 1765 2012 1828 B
2038 1773 2230 1836 tiones,
2258 1759 2592 1842 postremum
2619 1772 2980 1840 generationis
3008 1788 3160 1827 nova:
3205 1789 3418 1840 munus,
3449 1776 3618 1831 sancti

347 1863 451 1918 hoc
505 1863 621 1933 ipso
662 1870 746 1918 est
785 1862 1005 1918 evidens
1051 1860 1194 1932 quod
1219 1860 1426 1930 judicat
1453 1859 1578 1930 quia
1607 1875 1666 1914 se
1690 1858 1935 1928 judicare

348 1953 648 2009 conﬁrmat.
682 1954 798 2008 Alia
848 1954 991 2009 enim
1046 1953 1259 2018 omnia,
1293 1952 1345 2006 id
1374 1959 1474 2017 est,
1508 1952 1739 2005 humana
1767 1951 1930 2015 dicta,

349 2046 677 2115 argumentis
705 2063 768 2102 ac
795 2047 1022 2102 testibus
1049 2053 1226 2115 egent.
1260 2044 1354 2100 Dei
1385 2051 1566 2098 autem
1595 2058 1773 2097 sermo
1821 2043 1936 2112 ipse

352 2137 453 2192 sibi
484 2138 637 2192 testis
682 2144 784 2203 est,
814 2138 938 2206 quia
970 2150 1190 2192 necesse
1230 2143 1313 2190 est
1339 2134 1593 2204 quidquid
1624 2134 1935 2203 incorrupta

353 2229 559 2284 veritas
586 2228 822 2297 loquitur
843 2269 858 2294 ,
889 2229 1253 2306 incorruptum
1285 2228 1352 2283 sit
1382 2227 1744 2282 testimonium
1789 2226 1934 2280 veri-

349 2322 493 2376 tatis.
528 2319 634 2375 Sed
664 2328 843 2376 tamen
873 2306 993 2376 cum
1018 2337 1116 2391 per
1141 2319 1442 2390 Scripturas
1469 2333 1650 2375 sacras
1671 2319 1809 2372 scire
1838 2332 1938 2372 nos

348 2412 502 2482 quasi
530 2411 598 2466 de
625 2427 826 2467 arcano
853 2413 1016 2466 animi
1037 2427 1100 2467 ac
1127 2412 1325 2467 mentis
1344 2426 1455 2466 suae
1481 2410 1724 2480 quaedam
1751 2408 1938 2464 volue-

348 2503 417 2559 rit
443 2503 586 2558 Deus
613 2511 816 2569 noster,
848 2503 972 2572 quia
1013 2503 1187 2574 ipsum
1215 2500 1616 2571 quodammodo
1645 2498 1937 2570 Scriptura:

348 2609 512 2651 sacrae
538 2595 815 2650 oraculum
843 2593 938 2649 Dei
980 2609 1134 2651 mens
1162 2600 1276 2661 est;
1308 2591 1568 2663 quidquid
1597 2592 1684 2647 vel
1717 2591 1938 2660 agnosci

348 2703 446 2760 per
496 2702 624 2744 suos
668 2687 756 2743 vel
798 2687 1078 2757 praedicari
1134 2687 1277 2742 Deus
1323 2685 1530 2750 voluit,
1563 2700 1672 2739 non
1722 2683 1935 2738 tacebo.

349 2775 525 2834 Unum
545 2779 794 2849 quamvis
808 2779 1120 2849 priusquam
1141 2777 1289 2848 loqui
1311 2777 1510 2842 ordiar,
1534 2777 1675 2832 scire
1702 2777 1934 2847 cupiam,

349 2885 471 2927 cum
491 2868 810 2925 Christianis
837 2869 968 2923 mihi
996 2869 1328 2938 loquendum
1357 2883 1423 2922 an
1453 2883 1576 2923 cum
1605 2869 1827 2938 paganis
1845 2869 1934 2923 sit.

349 2960 409 3016 Si
436 2962 581 3016 enim
609 2976 732 3015 cum
760 2959 1080 3014 Christianis
1106 2999 1122 3023 ,
1161 2961 1512 3029 probaturum
1539 2974 1626 3014 me
1655 2959 1799 3029 quod
1840 2973 1941 3030 ago

355 3067 476 3110 esse
517 3067 624 3106 non
671 3050 896 3115 dubito;
949 3051 994 3105 si
1023 3059 1202 3105 autem
1250 3067 1369 3105 cum
1424 3052 1677 3122 paganis,
1712 3054 1939 3121 probare

2038 1865 2376 1935 baptismatis
2421 1865 2679 1933 gratiam,
2712 1864 2873 1918 divini
2921 1865 3225 1923 chrismatis
3267 1867 3616 1923 unctionem:

2037 1957 2244 2011 scilicet
2271 1964 2331 2009 ut
2358 1956 2498 2010 sicut
2526 1955 2666 2025 apud
2715 1954 2969 2011 Hebraeos
2990 1956 3281 2026 quondam,
3314 1957 3366 2013 id
3393 1965 3494 2026 est,
3527 1973 3621 2029 pe-

2036 2049 2294 2104 culiarem
2338 2063 2401 2103 ac
2428 2048 2701 2118 propriam
2731 2048 2827 2104 Dei
2871 2057 3117 2118 gentem,
3149 2065 3270 2105 cum
3308 2049 3621 2119 judiciarius

2036 2143 2214 2199 honor
2245 2143 2299 2196 in
2342 2149 2667 2212 potestatem
2727 2141 2927 2211 regiam
2957 2143 3390 2207 transcendisset,
3421 2145 3619 2214 proba-

2039 2235 2276 2290 tissimos
2303 2240 2358 2288 et
2396 2234 2712 2288 lectissimos
2741 2234 2885 2290 viros
2921 2249 3019 2305 per
3041 2244 3370 2306 unguentum
3416 2237 3620 2305 regium

2040 2326 2182 2382 Deus
2209 2323 2423 2379 vocavit
2449 2324 2503 2377 in
2532 2337 2753 2392 regnum
2772 2362 2786 2387 ,
2829 2325 2908 2379 sic
2934 2341 3121 2380 omnes
3162 2325 3408 2381 homines
3435 2324 3621 2381 Chris-

2040 2417 2191 2479 tiani,
2221 2430 2343 2470 cum
2380 2423 2504 2486 post
2549 2415 2782 2470 chrisma
2829 2415 3251 2472 ecclesiasticum
3297 2416 3477 2471 omnia
3529 2417 3623 2472 Dei

2041 2507 2294 2562 mandata
2341 2505 2446 2578 53
2478 2507 2758 2573 fecissent,
2789 2507 2856 2562 ad
2883 2508 3202 2578 capiendum
3254 2508 3454 2564 laboris
3480 2524 3622 2578 prae-

2039 2599 2206 2654 mium
2223 2607 2544 2652 vocarentur
2563 2596 2630 2651 ad
2643 2597 2857 2652 omium.
2881 2596 3017 2653 Cum
3038 2613 3166 2667 ergo
3188 2599 3286 2653 ista
3311 2599 3418 2654 sint
3443 2599 3622 2654 omnia

2042 2705 2137 2762 per
2165 2705 2284 2760 qua:
2310 2687 2442 2743 ﬁdes
2472 2697 2698 2754 constat,
2730 2689 3004 2744 videamus
3029 2690 3149 2758 quis
3189 2696 3334 2743 tanta
3363 2689 3474 2743 hanc
3501 2674 3623 2744 ﬁdei

2040 2789 2374 2838 sacramenta
2422 2780 2688 2836 custodiat
2725 2787 2784 2834 ut
2825 2779 2993 2834 ﬁdelis
3038 2793 3157 2834 esse
3186 2777 3464 2833 videatur:
3497 2777 3622 2846 quia

2040 2872 2271 2928 inﬁdelis
2293 2913 2308 2938 ,
2336 2879 2396 2925 ut
2422 2870 2681 2936 diximus,
2711 2871 2781 2925 sit
2809 2884 3027 2925 necesse
3053 2877 3137 2925 est
3161 2868 3254 2938 qui
3301 2867 3421 2924 ﬁdei
3470 2883 3622 2924 com-

2040 2966 2202 3020 missa
2246 2979 2354 3018 non
2384 2970 2580 3018 servat.
2614 2961 2681 3016 Et
2708 2961 2922 3032 quidem
2972 2977 3078 3017 non
3106 2977 3288 3033 quaero
3336 2969 3395 3015 ut
3429 2967 3624 3016 cuncta

2040 3042 2202 3111 faciat
2221 3069 2340 3124 qua:
2363 3060 2686 3109 testamenta
2712 3051 2942 3107 duorum
2967 3060 3268 3122 temporum
3285 3051 3492 3121 jubent.
3518 3050 3626 3106 Re-

358 3151 647 3200 contemno
681 3160 694 3195 :
729 3157 838 3197 non
889 3143 1017 3211 quia
1061 3141 1304 3196 deﬁciam
1352 3143 1406 3196 in
1453 3143 1803 3212 probatione,
1844 3146 1939 3199 sed
1966 3145 2014 3210 C
2043 3149 2200 3204 mitto
2245 3162 2529 3202 censuram
2577 3147 2708 3216 legis
2737 3146 2999 3216 antiquae,
3031 3145 3248 3202 remitto
3287 3160 3474 3200 omnes
3502 3161 3627 3216 pro-

355 3237 480 3309 quia
510 3236 852 3308 profuturum
907 3234 1050 3304 quod
1081 3235 1274 3304 loquor
1299 3250 1416 3291 esse
1451 3235 1700 3306 despero.
1733 3235 1938 3292 lnfruc-

354 3335 543 3383 tuosus
588 3326 790 3397 quippe
838 3333 922 3380 est
950 3333 1005 3378 et
1033 3325 1207 3380 inanis
1253 3326 1424 3393 labor,
1456 3328 1546 3382 ubi
1593 3344 1702 3384 non
1750 3331 1943 3400 recipit

351 3421 728 3493 probationem
780 3434 978 3491 pravus
1027 3419 1257 3474 auditor.
1307 3419 1414 3476 Sed
1460 3428 1642 3477 tamen
1669 3423 1793 3491 quia
1822 3438 1942 3479 esse

354 3513 558 3568 nullum
587 3511 810 3567 omnino
836 3510 1068 3565 arbitror
1093 3508 1384 3566 Christiani
1410 3512 1642 3568 nominis
1669 3513 1942 3568 hominem

353 3603 444 3672 qui
473 3617 583 3657 non
615 3617 675 3656 se
724 3599 1091 3655 Christianum
1118 3600 1289 3655 videri
1317 3601 1473 3665 velit,
1503 3615 1605 3671 ego
1633 3618 1755 3658 cum
1782 3603 1943 3659 Chri-

354 3694 533 3748 stiano
562 3707 737 3762 agam.
770 3691 1025 3759 Quamvis
1061 3691 1349 3762 enim-quis
1377 3693 1554 3763 impia:
1583 3709 1647 3748 ac
1675 3697 1945 3765 paganica:

355 3785 688 3841 inﬁdelitatis
712 3786 800 3852 sit,
826 3787 957 3842 mihi
987 3793 1168 3842 tamen
1187 3787 1319 3842 satis
1338 3794 1420 3842 est
1439 3802 1470 3841 a
1492 3785 1797 3859 Christiano
1818 3805 1946 3860 pro-

355 3874 470 3932 bari
497 3879 642 3948 quod
669 3877 811 3934 dico.

365 4003 369 4007 η
428 3967 495 4022 ll.
522 3967 773 4025 Causaris
821 3971 983 4039 igitur
1029 3971 1157 4041 quid
1185 3970 1232 4026 si
1279 3971 1420 4026 istud
1466 3971 1614 4041 quod
1656 3969 1947 4028 Christiani

361 4060 454 4130 qui
483 4060 648 4116 Deum
669 4063 954 4128 credimus,
987 4064 1297 4120 miseriores
1318 4065 1567 4120 omnibus
1595 4080 1798 4122 sumus.
1825 4065 1950 4121 Suf-

363 4149 527 4207 ﬁcere
554 4152 772 4220 quidem
795 4155 924 4208 mihi
952 4155 1018 4209 ad
1049 4155 1483 4225 respondendum
1513 4157 1618 4212 hoc
1644 4159 1766 4216 loco
1795 4167 1953 4230 pote-

361 4253 446 4299 rat
475 4243 618 4312 quod
648 4244 938 4314 Apostolus
963 4246 1029 4300 ad
1049 4246 1314 4305 Ecclesias
1342 4251 1472 4306 dicit
1499 4271 1511 4304 :
1547 4251 1716 4307 Nemo
1742 4270 1950 4307 movea-

361 4344 443 4390 tur
470 4337 524 4390 in
553 4337 988 4392 tribulationibus.
1015 4338 1126 4411 Ipsi
1154 4342 1292 4395 enim
1321 4345 1464 4396 scitis
1493 4342 1599 4414 ιε
1621 4345 1743 4414 quia
1771 4347 1828 4398 in
1857 4347 1952 4399 hoc

362 4428 516 4498 positi
545 4443 720 4481 sumus
751 4426 808 4496 (l
841 4427 1073 4484 Thessat.
1107 4446 1196 4495 ιιι,
1230 4431 1323 4502 5).
1357 4430 1425 4485 Ει
1450 4431 1573 4487 ideo
1613 4449 1736 4488 cum
1767 4434 1821 4487 in
1852 4436 1955 4491 hoc

2043 3243 2328 3313 phetarum
2355 3239 2560 3305 minas;
2591 3240 2808 3295 remitto
2836 3239 3000 3294 etiam
3036 3253 3156 3310 qua:
3181 3237 3378 3293 remitti
3409 3237 3629 3293 omnino

2047 3351 2154 3391 non
2185 3343 2428 3406 possunt,
2460 3335 2546 3390 vel
2575 3333 2994 3405 apostolicorum
3042 3333 3299 3388 librorum
3355 3331 3629 3387 severissi-

2045 3443 2188 3482 mam
2242 3427 2633 3483 institutionem
2658 3467 2673 3493 ,
2704 3424 3261 3494 veLEvangelicorum
3301 3423 3627 3478 voluminum

2046 3522 2260 3591 plenam
2288 3523 2436 3576 omni
2456 3519 2802 3590 perfectionis
2829 3533 3024 3589 genere
3065 3519 3384 3574 doctrinam.
3415 3515 3605 3572 Paucis

2045 3615 2195 3668 simis
2216 3604 2404 3668 saltem
2427 3614 2710 3683 praeceptis
2726 3611 2820 3666 Dei
2848 3612 2968 3680 quis
2994 3611 3320 3680 obsequatur
3336 3611 3628 3676 interrogo.

2046 3704 2156 3760 Nec
2187 3705 2276 3758 illa
2306 3704 2427 3759 dico
2448 3719 2568 3772 quae
2597 3705 2669 3756 ita
2698 3702 2851 3755 multi
2882 3700 3168 3767 refugiunt,
3196 3702 3255 3752 ut
3282 3714 3418 3768 pene
3448 3707 3503 3753 et
3529 3713 3626 3752 ex-

2046 3803 2343 3852 secrentur.
2378 3795 2606 3847 Tantum
2636 3791 2779 3862 apud
2805 3807 2905 3846 nos
2926 3793 3100 3845 honor
3124 3798 3179 3844 et
3203 3790 3504 3844 reverentia
3535 3789 3630 3846 Dei

2048 3888 2278 3960 proﬁcit,
2313 3895 2373 3941 ut
2391 3900 2509 3956 quae
2538 3883 2882 3939 indevotione
2917 3897 3022 3936 non
3052 3880 3292 3946 facimus,
3317 3880 3480 3934 etiam
3507 3881 3631 3936 odio

2049 3983 2207 4052 digna
2237 3995 2354 4036 esse
2378 3979 2654 4034 ducamus.
2696 3974 2899 4031 Deinde
2925 3976 3030 4030 hoc
3051 3971 3196 4043 quod
3213 3971 3461 4027 Salvator
3489 3972 3636 4040 cogi-

2051 4083 2166 4130 tare
2196 4090 2296 4129 nos
2323 4073 2390 4128 de
2432 4070 2668 4126 crastino
2697 4068 2974 4140 prohibuit
3003 4066 3224 4140 (Matth.
3253 4082 3326 4130 γι,
3355 4063 3488 4135 34),
3518 4064 3638 4133 quis

2052 4165 2238 4220 audire
2269 4163 2560 4234 dignatur?
2590 4160 2745 4228 Quod
2780 4167 3062 4216 contentos
3086 4158 3310 4227 singulis
3339 4157 3532 4212 tunicis
3554 4156 3630 4226 ju-

2053 4257 2145 4311 bet
2195 4271 2313 4310 esse
2336 4296 2351 4320 ,
2383 4254 2503 4324 quis
2550 4252 2785 4323 recipit?
2815 4250 2968 4318 Quod
3015 4249 3290 4303 ambulare
3318 4247 3346 4286 δ
3377 4249 3638 4306 excalcios

2055 4348 2316 4420 praecipit,
2347 4347 2467 4418 quis
2502 4361 2609 4401 non
2657 4343 2820 4398 modo
2845 4340 3166 4405 faciendum,
3196 4339 3290 4394 sed
3337 4338 3422 4392 vel
3467 4338 3614 4392 feren

2057 4441 2183 4496 dum
2226 4439 2550 4495 arbitratur?
2580 4437 2765 4506 Itaque
2793 4441 2848 4489 et
2875 4447 2975 4502 ego
3005 4431 3106 4486 ista
3143 4437 3428 4502 praetereo.
3455 4429 3511 4484 In
3541 4431 3643 4488 hoc

362 4519 570 4589 positos
599 4536 698 4576 nos
725 4536 842 4576 esse
867 4536 898 4576 a
927 4522 1040 4578 Deo
1068 4523 1360 4595 Apostolus
1381 4525 1542 4591 dicat,
1575 4534 1635 4581 ut
1662 4542 1948 4596 mrumnas,
1977 4516 2034 4578 Ῑ)
2058 4533 2200 4590 enim
2230 4530 2363 4587 ﬁdes
2381 4545 2480 4601 per
2498 4543 2658 4599 quam
2679 4524 3012 4590 conﬁdimus,
3036 4523 3225 4579 recidit
3245 4530 3306 4578 ut
3324 4538 3443 4593 qua:
3463 4522 3629 4577 Domi-

363 4619 422 4667 ut
451 4611 712 4676 miserias,
737 4620 796 4667 ut
825 4614 1070 4672 tristitias
1097 4615 1448 4686 perferamus,
1473 4618 1601 4687 quid
1645 4618 1839 4674 mirum
1868 4631 1953 4678 est

361 4705 404 4760 si
433 4705 574 4760 mala
600 4714 794 4762 cuncta
822 4707 1166 4777 perferimus,
1197 4710 1288 4780 qui
1317 4709 1382 4765 ad
1415 4711 1693 4767 toleranda
1723 4713 1950 4771 adversa

360 4795 542 4849 omnia
571 4795 904 4852 militamus?
931 4797 1037 4853 Sed
1061 4801 1189 4868 quia
1209 4800 1362 4855 multi
1384 4802 1483 4856 ista
1506 4817 1614 4858 non
1643 4804 1876 4875 sapiunt,
1898 4815 1953 4862 et

360 4897 553 4959 putant
581 4889 830 4945 homines
856 4888 1194 4948 Christianos
1222 4893 1336 4949 haec
1362 4897 1518 4964 quasi
1538 4898 1803 4968 stipendia
1828 4898 1952 4956 ﬁdei

361 4993 473 5033 sine
501 4994 531 5033 a
564 4979 674 5035 Deo
700 4996 898 5051 capere
917 4983 1135 5050 debere,
1169 4993 1229 5040 ut
1255 4987 1382 5056 quia
1411 4987 1520 5042 sint
1543 4990 1751 5046 cunctis
1779 4993 1954 5060 genti-

362 5070 468 5124 bus
499 5070 888 5140 religiosiores,
920 5076 1026 5130 sint
1068 5078 1279 5133 cunctis
1325 5079 1487 5134 etiam
1533 5081 1802 5151 fortiores,
1857 5101 1950 5142 ac-

363 5163 708 5234 qniescamus
736 5168 981 5238 opinioni
1002 5185 1191 5226 eorum
1220 5166 1384 5240 atque
1413 5176 1712 5230 sementim.
1739 5175 1845 5232 Sed
1871 5179 1954 5234 vi-

361 5253 590 5312 deamus
614 5265 790 5314 tamen
814 5261 943 5330 quid
970 5262 1040 5317 sit
1055 5262 1224 5318 Deum
1243 5261 1470 5320 ﬁdeliter
1489 5266 1656 5321 credi.
1686 5266 1789 5334 Qui
1810 5272 1954 5326 enim

2040 4619 2159 4682 'nus
2170 4627 2324 4682 nobis
2333 4623 2589 4680 salutaria
2601 4636 2721 4677 esse
2732 4619 2922 4684 voluit,
2937 4634 3037 4674 nos
3047 4616 3316 4688 superﬂua
3323 4616 3644 4686 judicemus.

2131 4720 2363 4791 Diligite,
2405 4716 2579 4785 inquit
2596 4714 2864 4778 Salvator,
2893 4713 3130 4766 inimicos
3167 4720 3378 4774 vestros,
3432 4710 3647 4782 benefa-

2059 4815 2156 4866 cite
2183 4813 2262 4866 his
2283 4812 2368 4881 qui
2397 4809 2615 4864 oderunt
2641 4822 2748 4873 vos,
2783 4815 2832 4860 et
2861 4814 3004 4860 orate
3039 4821 3132 4875 pro
3160 4802 3574 4876 persequentibus
3601 4805 3648 4854 ct

2060 4901 2494 4958 calumniantibus
2527 4915 2612 4953 vos
2644 4897 2868 4970 (Matth.
2900 4913 2954 4962 v,
2984 4895 3096 4966 44).
3151 4894 3281 4961 Quis
3308 4895 3421 4949 haec
3469 4891 3646 4945 omnia

2059 4993 2223 5050 facit?
2251 4992 2380 5059 Quis
2407 5005 2505 5061 pro
2527 4988 2757 5044 inimicis
2785 4988 2895 5043 suis
2915 4987 3015 5041 ista
3037 4999 3155 5054 quae
3176 4983 3316 5037 Deus
3339 4979 3516 5048 jussit,
3541 4993 3648 5035 non

2063 5087 2184 5148 dico
2221 5085 2381 5147 votis,
2432 5081 2526 5136 sed
2571 5080 2748 5135 verbis
2788 5079 2978 5133 saltem
3005 5089 3164 5144 agere
3211 5069 3493 5137 dignatur?
3544 5066 3646 5122 Aut

2063 5179 2226 5234 etiam
2256 5176 2302 5231 si
2331 5174 2450 5245 quis
2478 5188 2536 5227 se
2566 5173 2711 5242 cogit
2739 5179 2798 5226 ut
2826 5169 3003 5233 faciat,
3033 5163 3158 5217 facit
3180 5169 3359 5214 tamen
3388 5174 3504 5226 ore,
3538 5176 3647 5215 non

2063 5279 2262 5326 mente.
2307 5266 2532 5322 Praestat
2576 5264 2792 5336 quidem
2830 5257 2979 5314 vocis
3021 5251 3291 5317 ofﬁcium,
3340 5251 3436 5309 sed
3483 5252 3648 5309 annui

1005 5411 1013 5426 ι
1542 5379 1880 5438 STEPHANI
1916 5382 2186 5441 BALUZII
2223 5377 2449 5436 NOTE.

435 5473 462 5502 ι
501 5463 636 5523 Vide
665 5466 826 5550 infra,
858 5483 983 5594 patii
1015 5469 1081 5524 59
1104 5513 1118 5537 ,
1152 5472 1204 5526 in
1242 5472 1394 5527 initio
1424 5471 1553 5547 libri

435 5550 473 5589 ιι
499 5535 908 5594 Centurtatores
987 5541 1418 5594 acdeburaenses
1442 5551 1553 5594 cent

361 5543 473 5617 tem
492 5535 908 5617 Centuriatores
933 5535 1652 5617 Magdehurgensescen'tur.
1678 5545 1731 5610 5,
1754 5563 1874 5617 cap.
1901 5545 1953 5613 4,

361 5605 675 5664 Salvianum
701 5625 812 5664 non
833 5619 982 5666 recte
1006 5605 1112 5667 hoc
1133 5605 1253 5667 loco
1281 5613 1552 5669 deﬁniisse
1581 5605 1757 5670 ﬁdem.

428 5674 461 5758 ξ
501 5675 798 5758 Admonuit
820 5679 1062 5737 Pithmus
1089 5683 1144 5758 in
1175 5683 1344 5758 veteri
1369 5701 1466 5738 suo
1497 5685 1682 5758 codice
1702 5689 1961 5758 scriptum

365 5743 537 5805 fuisse
574 5751 857 5819 excalcios,
907 5761 964 5808 et
1011 5752 1227 5823 quidem
1279 5753 1505 5811 fortasse
1531 5757 1747 5812 rectius.
1781 5743 1965 5829 Itaque

1015 5469 1081 5524 59
1104 5513 1118 5537 ,
1152 5472 1204 5526 in
1242 5472 1394 5527 initio
1424 5471 1552 5537 libri
1573 5490 1642 5528 ιν.
1678 5471 1840 5530 Aiunt
1867 5493 1975 5532 au-.

2061 5491 2182 5532 cum
2202 5487 2394 5542 magna
2410 5469 2480 5524 sit
2499 5468 2554 5542 in
2573 5467 2676 5542 hoc
2697 5463 2822 5542 loco
2841 5459 3126 5542 consensio
3146 5459 3349 5542 codicis
3361 5462 3652 5522 Corbeien~
3699 5472 3707 5480 '

2064 5531 2138 5602 sis
2187 5553 2241 5600 et
2264 5531 2548 5615 Pithmani,
2605 5533 2889 5615 lectionem
2931 5531 3084 5615 illam
3117 5534 3456 5601 retinuimus,
3491 5551 3650 5615 repu-

2065 5617 2206 5672 diata
2236 5612 2620 5684 editionecum
2652 5602 2847 5684 Ρη)ιωί
2875 5612 2987 5684 tum
3017 5605 3264 5675 aliorum,
3296 5620 3522 5675 quorum
3555 5602 3650 5661 illo

2066 5686 2281 5755 scripsit
2301 5677 2632 5742 excalciatos,
2664 5675 2750 5732 isti
2777 5676 3116 5741 excaluatos.
