4234 6250
607 306 679 366 59
1525 312 1582 367 S.
1624 310 1937 367 SALVIANI
1975 309 2433 368 MASSILIENSIS
2470 310 2897 373 PRESBYTERI
3785 320 3855 389 69

607 440 715 481 non
740 418 914 481 mutat
941 426 1207 487 aﬂ'ectum.
1257 423 1334 480 Ac
1359 438 1457 495 per
1484 423 1588 479 hoc
1625 423 1836 480 etiamsi
1865 439 1962 494 pro
1990 422 2182 479 adver-
2210 427 2259 486 Α
2286 422 2471 494 dignus
2503 421 2718 494 (Matth.
2742 439 2797 490 ι,
2828 423 2952 495 98).
2979 423 3048 480 Et
3075 424 3167 493 qui
3212 439 3270 490 se
3309 424 3671 493 Christianum
3705 430 3855 499 dicit,

607 515 752 570 sario
792 531 890 571 suo
929 530 1085 573 orare
1127 529 1183 569 se
1233 513 1414 582 cogit,
1463 513 1717 584 loquitur,
1761 530 1870 569 non
1907 521 2176 587 precatur.

609 606 850 678 Longum
880 614 963 663 est
981 607 1048 662 de
1075 605 1295 675 singulis
1322 605 1518 661 dicere.
1547 605 1653 662 Sed
1673 607 1847 662 adhuc
1869 614 2052 665 tamen
2080 606 2179 661 ali-

608 699 735 768 quid
763 698 971 765 addam,
995 706 1054 752 ut
1078 697 1432 765 intelligamus
1464 712 1561 753 nos
1589 712 1695 752 non
1735 697 1895 753 modo
1925 712 2031 751 non
2059 713 2180 752 om-

562 791 568 798 ’
609 790 766 844 nibus
792 788 902 861 u
926 787 1022 843 Dei
1067 787 1439 858 obtemperare
1467 787 1673 855 verbis,
1716 787 1809 843 sed
1848 788 2006 843 nullis
2044 802 2182 860 pene

596 879 751 933 illius
779 872 996 933 obedire
1022 876 1304 932 mandatis.
1336 874 1405 930 Et
1442 876 1563 933 ideo
1609 876 1899 949 Apostolus
1936 878 2133 933 clamat
2164 896 2176 931 :

610 969 752 1024 Nam
778 970 866 1041 qui
893 985 948 1023 se
975 969 1241 1023 existimat
1282 985 1390 1035 esse
1426 968 1639 1041 aliquid,
1670 985 1782 1025 cum
1833 968 1964 1023 nihil
1992 970 2079 1034 sit,
2127 984 2182 1023 se

605 1065 771 1135 ipsum
798 1061 997 1116 seducit
1020 1059 1171 1132 (Gal.
1204 1077 1273 1128 VI,
1304 1060 1381 1131 3).
1414 1060 1528 1115 Hoc
1554 1060 1699 1117 enim
1728 1061 1793 1116 ad
1831 1061 2054 1117 crimina
2089 1076 2182 1116 no-

604 1161 714 1211 stra
741 1152 981 1219 addimus
1001 1194 1016 1220 ,
1067 1160 1126 1208 ut
1150 1168 1273 1210 cum
1300 1152 1356 1207 in
1396 1153 1645 1233 omnibus
1684 1152 1764 1208 rei
1804 1152 1987 1220 simus,
2019 1153 2181 1208 etiam

604 1245 777 1300 bonos
796 1251 969 1300 noset
995 1251 1209 1300 sanctos
1255 1257 1375 1298 esse
1411 1242 1711 1309 credamus,
1735 1257 1798 1297 ac
1830 1243 1989 1298 sicin
2028 1242 2183 1298 nobis

606 1337 946 1401 cumulentur
985 1336 1281 1407 iniquitatis
1309 1333 1526 1391 oﬁ‘enste
1565 1336 1729 1391 etiam
1764 1335 2182 1411 praesumptione

603 1427 839 1499 iustitiae.
875 1427 976 1493 Qui
1012 1428 1150 1492 odit,
1180 1428 1350 1499 inquit
1389 1426 1710 1501 Apostolus,
1754 1429 1969 1499 fratrem
2012 1444 2180 1493 suum,

608 1519 864 1575 homicida
882 1529 957 1590 est
982 1519 1036 1592 (l
1071 1518 1227 1579 Joan.
1272 1536 1346 1585 ιη,
1377 1517 1446 1572 15
1474 1516 1513 1589 ).
1556 1517 1858 1587 Intelligere
1897 1532 2026 1588 ergo
2053 1534 2182 1589 pos-

605 1625 789 1666 sumus
816 1611 1013 1666 multos
1031 1625 1148 1665 esse
1174 1609 1470 1666 homicidas
1496 1611 1587 1680 qui
1615 1625 1673 1667 se
1694 1610 1941 1669 innoxios
1967 1617 2177 1681 putant,

606 1701 752 1770 quia,
784 1708 841 1756 ut
862 1700 1121 1766 videmus,
1148 1700 1491 1756 homicidium
1521 1716 1627 1755 non
1657 1701 1774 1756 sola
1809 1701 2179 1758 tantummodo

2281 513 2462 584 debet,
2489 515 2938 589 quemadmodum
2956 515 3199 579 Christus
3220 518 3531 587 ambulavit,
3555 521 3632 585 sic
3669 530 3724 579 et
3741 523 3856 597 ipse

2281 610 2557 675 ambulare
2586 610 2636 683 (ι
2660 612 2818 671 Joan.
2851 629 2908 679 ιι,
2938 611 3015 683 6)
3060 632 3073 666 :
3118 628 3236 685 qua:
3272 630 3382 679 non
3414 617 3576 679 modo
3600 619 3721 677 illos
3763 621 3854 694 qui

2280 699 2583 770 voluptates
2611 707 2666 759 et
2692 716 2915 779 pompas
2945 703 3125 769 saeculi
3163 712 3477 774 seuunntur,
3519 709 3615 764 sed
3640 724 3711 765 ne
3738 710 3856 775 illos

2280 788 2494 860 quidem
2522 790 2745 871 implere
2781 800 2986 851 certum
3028 801 3110 851 est
3148 794 3240 864 qui
3271 793 3297 833 δ
3332 798 3619 863 saeculares
3644 815 3855 863 amores

2281 879 2676 952 derelinquunt.
2702 882 2838 939 Nam
2858 890 2914 940 et
2935 885 3026 956 qui
3045 888 3353 953 renuntiare
3374 888 3573 947 divitiis
3585 892 3853 963 videntur,

2281 985 2388 1024 non
2413 970 2491 1024 sic
2517 972 2829 1027 renuntiant
2853 981 2913 1029 ut
2943 976 3157 1045 penitus
3184 979 3519 1041 renuntiasse
3551 981 3851 1047 videantur,

2280 1057 2349 1112 Et
2369 1060 2459 1129 qui
2482 1069 2735 1132 putantur
2754 1078 2968 1118 crucem
3010 1073 3226 1135 portare
3247 1108 3263 1135 ,
3294 1069 3374 1125 sic
3398 1077 3615 1141 portant
3642 1080 3702 1131 ut
3736 1073 3857 1146 plus

2281 1150 2516 1207 habeant
2543 1162 2588 1220 ο,
2616 1153 2671 1208 iu
2696 1154 2873 1210 crucis
2895 1156 3113 1213 nomine
3139 1158 3415 1241 dignitatis
3440 1177 3600 1231 quam
3644 1164 3700 1220 in
3731 1181 3856 1239 pass

2280 1243 2432 1299 sione
2459 1244 2720 1316 supplicii.
2765 1244 2833 1300 Et
2859 1261 3047 1303 omnes
3075 1255 3252 1313 tamen
3297 1251 3385 1315 isti
3417 1253 3626 1313 etiamsi
3656 1256 3857 1327 aliquid

2280 1336 2473 1392 horum
2507 1337 2648 1393 bona
2692 1336 2797 1394 ﬁde
2843 1339 3239 1410 adimplerent,‘
3262 1342 3390 1399 illud
3449 1344 3651 1415 absque
3694 1346 3856 1413 dubie

2280 1427 2455 1484 nullus
2483 1428 2719 1486 efﬁceret
2747 1437 2804 1486 ut
2838 1447 2935 1502 per
2974 1433 3115 1487 viam
3145 1434 3265 1497 vitae
3294 1435 3446 1491 istius
3484 1436 3561 1499 sic
3586 1437 3855 1497 incederet

2280 1522 2417 1575 sicut
2457 1520 2702 1587 Salvator
2729 1524 2963 1583 incessit.
2998 1523 3099 1593 Qui
3126 1543 3181 1583 se
3224 1528 3379 1595 enim,
3422 1528 3593 1601 inquit
3622 1529 3853 1602 Aposto-

2280 1611 2395 1676 lus,
2444 1613 2567 1668 dicit
2617 1614 2672 1668 in
2711 1613 2914 1671 Christo
2950 1633 3176 1681 manere,
3218 1616 3382 1684 debet,
3430 1619 3855 1690 quemadmodum

2280 1699 2511 1756 Christus
2538 1703 2833 1768 ambulavit,
2857 1707 2931 1759 sic
2951 1714 3001 1759 et
3019 1707 3130 1776 ipse
3152 1707 3479 1779 ambulare“
3506 1708 3662 1768 Joan.
3692 1727 3745 1775 ιι,
3769 1710 3847 1780 6).

607 1789 900 1847 occidentis
917 1806 1099 1859 manu,
1130 1791 1223 1847 sed
1252 1792 1414 1847 etiam
1443 1792 1672 1848 odientis
1693 1793 1872 1848 animo
1900 1801 2177 1865 perpetra-
2208 1785 2254 1845 Β
2349 1793 2437 1848 IV.
2487 1793 2592 1849 Sed
2619 1795 2751 1850 dura
2779 1795 2999 1857 forsitan
3026 1797 3240 1875 quidam
3268 1807 3458 1870 putant
3485 1802 3854 1871 apostolorum

603 1887 708 1937 tur.
743 1880 894 1938 Unde
922 1889 1007 1938 est
1032 1883 1181 1953 quod.
1204 1883 1451 1940 Salvator
1491 1884 1726 1939 mandati
1753 1886 1904 1943 istius
1933 1901 2178 1943 normam

602 1989 827 2029 censura
854 1974 1028 2034 adhuc
1054 1975 1323 2031 severiore
1366 1977 1654 2043 cumulavit
1682 1978 1867 2034 dicens
1893 1998 1905 2032 :
1940 1978 2041 2045 Qui
2068 1982 2179 2037 ira-

601 2066 763 2120 scitur
789 2066 942 2137 fratri
968 2083 1060 2121 suo
1092 2068 1203 2122 sine
1229 2084 1413 2132 causa,
1455 2086 1571 2123 reus
1602 2070 1701 2123 erit
1725 2070 1925 2141 judicio
1948 2070 2172 2144 (Matth.

603 2172 654 2223 v,
686 2154 799 2227 22).
831 2155 914 2212 lra
942 2166 1116 2212 mater
1156 2168 1238 2214 est
1278 2160 1405 2215 odii.
1442 2158 1508 2213 Et
1554 2160 1674 2215 ideo
1717 2158 1965 2216 Salvator
1996 2163 2176 2223 exclu-

604 2246 734 2304 dere
771 2247 905 2303 iram
940 2248 1137 2316 voluit,
1182 2265 1251 2305 ne
1291 2265 1359 2305 ex
1388 2251 1465 2305 ira
1513 2250 1691 2306 odium
1740 2261 2068 2308 nasceretur.
2119 2253 2177 2310 Si

605 2352 734 2411 ergo
762 2354 870 2393 non
898 2339 1072 2395 solum
1100 2340 1297 2407 odium,
1330 2342 1424 2397 sed
1452 2341 1614 2397 etiam
1644 2342 1722 2397 ira
1746 2359 1846 2398 nos
1874 2343 1927 2398 in
1968 2345 2061 2400 Dei
2090 2345 2178 2415 ju-

604 2428 746 2484 dicio
792 2444 915 2485 reos
960 2429 1139 2495 faciet,
1175 2430 1449 2487 evidenter
1494 2433 1832 2501 agnoscimus
1869 2435 2013 2511 quod
2041 2437 2178 2491 sicut

604 2519 780 2575 nullus
802 2522 1021 2576 omnino
1056 2528 1141 2578 est
1184 2522 1432 2579 immunis
1460 2524 1528 2579 ab
1568 2525 1864 2591 iracundia,
1893 2527 1970 2581 sic
2000 2528 2175 2584 nullus

604 2612 824 2668 omnino
860 2612 1129 2668 immunis'
1154 2628 1271 2670 esse
1316 2616 1514 2686 poterit
1540 2631 1572 2671 a
1609 2624 1781 2671 reatu.
1828 2615 2176 2688 Prosequitur

604 2710 784 2760 autem
820 2703 1078 2761 Dominus
1114 2706 1265 2776 quasi
1300 2706 1458 2762 libras
1486 2707 1737 2778 praecepti
1779 2707 1947 2773 istius,
1979 2715 2032 2762 et
2059 2724 2177 2763 om-

606 2812 702 2853 nes
739 2797 953 2868 penitus
998 2797 1217 2854 frutices
1269 2815 1332 2855 ac
1376 2801 1707 2857 ramusculos
1747 2809 1893 2858 secat
1932 2802 2115 2861 dicens
2158 2824 2172 2859 :

607 2885 707 2951 Qui
747 2897 917 2944 autem
943 2889 1164 2951 dixerit,
1191 2892 1350 2961 fatue,
1375 2907 1490 2955 reus
1509 2893 1607 2948 erit
1623 2893 1867 2964 gehennae
1884 2895 2040 2965 ignis.
2077 2895 2178 2960 Qui

605 2977 796 3031 dixerit
823 2979 977 3049 fratri
1006 2994 1097 3033 suo
1120 3019 1134 3045 ,
1183 2981 1374 3047 racha,
1416 2998 1531 3037 reus
1569 2985 1668 3038 erit
1704 2985 1921 3039 concilio
1952 2986 1969 3059 (
1988 2984 2173 3057 Ibid.).

604 3072 633 3103 ι
662 3063 844 3120 Racba
872 3066 1016 3136 quod
1041 3080 1209 3137 genus
1236 3070 1306 3124 sit
1326 3073 1663 3127 contumelia:
1687 3112 1701 3136 ,
1725 3075 1877 3129 multi
1910 3076 2173 3131 nesciunt.

2280 1899 2399 1939 esse
2425 1892 2711 1956 praecepta.
2744 1884 2885 1942 Dura
2915 1887 3075 1957 plane
3103 1888 3455 1953 existimanda
3477 1898 3632 1957 sunt,
3661 1892 3707 1947 si
3734 1892 3857 1963 plus

2280 1972 2348 2027 ab
2376 1972 2494 2029 aliis
2523 1972 2822 2030 officiorum
2848 1976 3067 2046 exigunt
3092 1992 3252 2049 quam
3280 1978 3380 2033 sibi
3408 1988 3645 2035 sumunt.
3679 1979 3853 2039 Porro

2279 2071 2459 2120 autem
2486 2065 2532 2119 si
2559 2065 2728 2120 multo
2755 2066 2932 2121 minus
2952 2067 3158 2122 caeteris
3187 2068 3515 2139 imperarunt
3541 2084 3700 2139 quam
3727 2071 3849 2143 sibi,

2280 2171 2386 2211 non
2415 2155 2575 2211 modo
2623 2171 2730 2211 non
2755 2170 2945 2225 graves
2971 2158 3231 2226 magistri,
3263 2158 3356 2215 sed
3400 2167 3651 2230 parentes
3679 2160 3852 2217 indul-

2277 2246 2572 2319 gentissimi
2595 2245 2868 2319 iudicandi
2908 2254 3058 2314 sunt,
3088 2250 3181 2321 qui
3219 2266 3385 2307 onera
3412 2266 3530 2322 quae
3558 2250 3856 2311 cervicibus

2278 2335 2509 2393 filiorum
2537 2354 2634 2413 per
2661 2337 2860 2394 amoris
2885 2338 3267 2409 indulgentiam
3294 2342 3732 2407 detrahunt,.sibi
3758 2357 3852 2413 per

2278 2428 2526 2485 affectum
2546 2431 2820 2501 religionis
2840 2431 3139 2505 imponunt.
3164 2431 3298 2499 Quid
3319 2433 3459 2488 enim
3482 2449 3616 2497 unus
3636 2449 3703 2488 ex
3727 2433 3850 2505 ipsis

2278 2518 2345 2577 ad
2370 2518 2396 2557 ιι
2426 2521 2654 2591 populos
2684 2520 3078 2579 ecclesiasticos
3105 2521 3268 2577 dicit?
3293 2521 3494 2590 Filioli,
3518 2524 3706 2595 inquit,
3729 2529 3851 2603 mei,

2278 2627 2400 2682 quos
2428 2612 2612 2677 iterum
2635 2612 2867 2685 parturio
2896 2611 3057 2667 donec
3091 2613 3339 2683 formetur
3375 2611 3608 2679 Christus
3635 2617 3691 2670 in
3715 2618 3850 2679 vobis

2280 2699 2423 2773 (Gal.
2440 2720 2510 2768 ιν,
2529 2702 2638 2776 19).
2655 2701 2721 2757 Et
2740 2719 2982 2760 rursum:
3002 2702 3319 2771 Imitatores,
3343 2706 3534 2777 inquit,
3556 2709 3653 2762 mei
3674 2717 3853 2785 estate,

2277 2798 2409 2852 sicut
2428 2807 2595 2871 etego
2612 2797 2815 2853 'Christi
2848 2797 2897 2872 (1
2918 2797 3036 2854 Cor.
3066 2816 3137 2865 tv,
3165 2797 3275 2870 l6).
3308 2798 3471 2855 Nobis
3497 2801 3604 2863 hoc,
3627 2801 3853 2877 imperat

2280 2895 2338 2943 ut
2365 2903 2424 2943 se
2452 2888 2740 2956 imitemur,
2771 2888 2863 2967 qui
2891 2889 2992 2945 sibi
3026 2887 3131 2944 hoc
3157 2888 3511 2960 imperaverat
3556 2897 3615 2945 ut
3659 2888 3854 2955 Christi

2281 2987 2423 3034 esset
2450 2980 2705 3035 imitator.
2735 2978 2801 3034 Et
2827 2980 3039 3050 quidem
3066 2980 3211 3050 quod
3240 2980 3354 3055 ipse
3381 2979 3649 3035 Christum
3676 2980 3853 3035 imita-

2282 3079 2367 3125 tus
2394 3072 2480 3135 sit,
2513 3071 2642 3125 nulli
2670 3070 2887 3125 dubium
2917 3080 3016 3126 est.
3049 3069 3293 3126 Christus
3320 3071 3464 3126 enim
3492 3086 3551 3126 se
3578 3087 3677 3143 pro
3705 3071 3854 3127 nobis

605 3154 845 3211 Fatuitas
882 3165 1059 3213 autem
1108 3175 1267 3229 quam
1310 3160 1565 3231 injuriose
1611 3162 1927 3231 objiciatur,
1973 3166 2176 3235 optime
2201 3138 2247 3203 υ
2279 3158 2512 3214 subdidit
2538 3158 2758 3223 mundo,
2789 3166 2843 3212 et
2871 3174 2929 3212 se
2957 3160 3070 3227 ipse
3101 3175 3201 3228 pro
3229 3149 3460 3214 Christo.
3488 3138 3730 3215 Christus
3756 3177 3854 3233 pro

607 3256 823 3304 norunt.
853 3247 921 3304 Et
946 3249 1067 3305 ideo
1114 3251 1338 3307 scientia
1383 3267 1477 3307 sua
1516 3253 1695 3322 potius
1732 3254 1978 3317 homines
2016 3247 2177 3324 quam

608 3338 907 3409 ignorantia
934 3348 1166 3407 utentes,
1190 3343 1394 3397 malunt
1419 3350 1600 3397 reatus
1627 3358 1755 3398 suos
1790 3358 1886 3413 per
1905 3343 1958 3398 id
1996 3346 2179 3399 convi-

598 3428 742 3484 ‘cium
769 3430 913 3505 quod
941 3431 1134 3495 sciunt,
1165 3431 1356 3487 divinis
1384 3431 1610 3501 ignibus,
1643 3447 1803 3503 quam
1830 3448 1928 3503 per
1955 3434 2009 3488 id
2036 3434 2181 3503 quod

604 3521 866 3599 nesciunt,
895 3522 1144 3578 humanis
1171 3522 1408 3579 conciliis
1435 3523 1657 3593 expiari.

673 3611 761 3668 ΙΙΙ.
802 3612 932 3680 Quae
954 3630 1075 3669 cum
1104 3614 1177 3668 ita
1204 3614 1329 3680 sint,
1360 3621 1414 3669 et
1441 3629 1563 3671 cum
1603 3615 1718 3670 haec
1745 3616 1923 3670 omnia
1951 3630 2070 3685 qua:
2092 3619 2179 3685 Ju-

604 3703 797 3761 bentur
824 3719 854 3758 a
901 3704 1127 3761 Domino
1149 3746 1164 3772 ,
1212 3719 1319 3760 non
1361 3703 1523 3761 modo
1557 3720 1588 3760 a
1616 3706 1771 3763 nobis
1815 3705 2034 3762 omnino
2068 3722 2177 3761 non

604 3796 766 3863 fiant,
812 3795 910 3851 sed
952 3811 1090 3866 pene
1118 3796 1170 3851 in
1215 3796 1484 3852 diversum
1532 3799 1716 3853 omnia
1759 3797 1919 3863 ﬂant;
1968 3795 2183 3866 quando

606 3886 811 3956 majora
840 3886 928 3940 illa
958 3885 1252 3941 faciemus?
1273 3886 1375 3950 Qui
1403 3889 1559 3951 enim,
1585 3889 1759 3957 inquit
1786 3887 2050 3951 Salvator,
2078 3904 2182 3941 non

610 3978 975 4033 renuntiaverit
1014 3976 1246 4029 omnibus
1281 3976 1388 4049 45
1422 3993 1536 4046 qua:
1573 3977 1816 4046 possidet,
1867 3994 1971 4030 non
2019 3986 2186 4046 potest

604 4084 745 4120 meus
782 4082 893 4119 esse
928 4065 1211 4135 discipulus
1246 4064 1403 4136 (Luc.
1445 4081 1552 4130 xxv,
1585 4066 1695 4136 55).
1741 4065 1809 4119 Et
1844 4070 1930 4138 qui
1959 4083 2063 4121 non
2103 4078 2184 4121 tu-

605 4154 721 4208 lerit
746 4169 948 4207 crucem
992 4169 1173 4220 suam,
1205 4164 1254 4208 et
1281 4162 1482 4208 secutus
1507 4171 1587 4209 me
1616 4158 1803 4228 fuerit,
1848 4173 1950 4212 non
1993 4167 2069 4212 est
2103 4175 2185 4213 me

2282 3250 2436 3306 nobis
2463 3250 2617 3304 uedia
2642 3256 2700 3307 et
2725 3248 2938 3303 labores
2982 3247 3325 3314 gravissimos
3365 3250 3600 3318 pertulit,
3651 3258 3708 3304 et
3754 3252 3855 3317 hoc

2280 3341 2394 3409 ipse
2420 3354 2519 3408 pro
2548 3338 2781 3392 Christo.
2803 3336 2912 3411 46
2938 3334 3180 3390 Christus
3200 3351 3300 3404 pro
3322 3337 3476 3391 nobis
3504 3340 3857 3396 contumelias

2281 3443 2469 3500 passus
2498 3435 2597 3492 est,
2628 3434 2682 3482 et
2709 3427 2812 3480 hoc
2840 3412 2952 3494 ipse
2976 3440 3074 3495 pro
3097 3423 3329 3479 Christo.
3356 3425 3601 3483 Christus
3629 3445 3728 3498 pro
3756 3446 3856 3486 no-

2282 3520 2365 3575 bis
2404 3518 2706 3590 passionem
2735 3522 3069 3583 mortemque
3096 3515 3364 3582 toleravit,
3394 3526 3449 3573 et
3474 3518 3580 3574 hoc
3615 3519 3728 3590 ipse
3756 3537 3854 3593 pro

2284 3608 2519 3665 Christo.
2550 3606 2617 3661 Et
2645 3606 2764 3661 ideo
2793 3620 2899 3659 non
2937 3605 3054 3658 sine
3090 3620 3251 3660 causa
3293 3608 3607 3663 meritorum
3636 3626 3854 3670 suorum

2284 3699 2529 3756 conscius
2548 3697 2675 3752 dicit
2698 3713 2709 3748 :
2736 3693 3003 3748 Certamen
3024 3693 3211 3749 bonum
3230 3699 3439 3763 certavi,
3459 3698 3615 3767 fidem
3634 3702 3825 3756 servari
3836 3719 3854 3767 ,-

2285 3791 2348 3844 de
2374 3790 2567 3859 reliquo
2591 3786 2812 3857 reposita
2840 3792 2916 3838 est
2934 3784 3059 3838 mihi
3085 3801 3277 3839 corona
3291 3788 3509 3857 justitiaz
3530 3788 3606 3859 (ll
3629 3788 3760 3844 Tim.
3785 3807 3854 3856 tv,

2286 3881 2337 3944 7,
2361 3878 2437 3949 8).
2463 3878 2646 3946 Itaque
2667 3891 2787 3929 cum
2809 3874 2896 3929 ille
2916 3873 3188 3929 Christum
3212 3876 3289 3931 sic
3308 3876 3544 3931 imitatus
3564 3879 3650 3943 sit,
3677 3879 3854 3934 ridea~

2284 3983 2401 4022 mus
2428 3966 2548 4035 quis
2572 3973 2814 4020 nostrum
2844 3964 3086 4033 Apostoli
3106 3964 3345 4019 imitator
3364 3975 3640 4039 appareat.
3664 3969 3856 4025 Scribit

2284 4063 2427 4118 enim
2456 4063 2570 4132 ipse
2605 4059 2671 4115 de
2707 4075 2766 4116 se
2803 4061 3035 4131 primum
3063 4061 3207 4130 quod
3234 4061 3366 4117 nulli
3392 4078 3626 4133 unquam
3654 4065 3856 4129 dederit

2286 4156 2666 4221 offensionem,
2698 4153 2815 4210 sed"
2838 4154 2891 4208 in
2938 4154 3185 4211 omnibus
3231 4155 3470 4223 exhibuit
3495 4171 3555 4211 se
3599 4157 3736 4212 sicut
3762 4156 3856 4213 Dei

1766 4246 2103 4304 STEPHANI
2138 4245 2408 4304 BALUZII
2446 4243 2672 4301 NOTAE.
2750 4308 2753 4311 γ

675 4344 699 4374 ⁸
739 4335 1094 4409 Hieronymus
1114 4338 1167 4397 in
1186 4346 1347 4409 caput
1365 4340 1610 4409 quintum
1637 4338 1872 4394 Matthaai
1899 4340 1974 4395 ait
1996 4356 2181 4396 vocem

605 4407 757 4465 illam
776 4406 957 4475 lingua
982 4406 1327 4465 Hebmorum
1350 4406 1649 4477 signiﬁcare
1696 4410 1910 4465 inanem
1951 4419 2044 4467 aut
2084 4426 2183 4467 va-

604 4491 783 4551 cuum,
815 4495 833 4539 (
869 4491 1029 4551 quem
1055 4492 1163 4531 non
1192 4493 1490 4546 possumus,
1518 4478 1725 4551 inquit,
1752 4479 2183 4551 vulgatainjuria

605 4546 808 4618 absque
832 4544 1055 4618 cerebro
1084 4544 1410 4618 nuncupare.
1442 4567 1466 4618 9
1514 4544 1743 4603 Sanctus
1771 4544 2060 4618 Gregorius
2087 4548 2179 4604 lib.

606 4561 808 4667 austum
832 4561 1055 4600 cerenro
1084 4561 1410 4618 nuncupare.
1448 4567 1466 4598 ι
1514 4561 1743 4603 Sanctus
1771 4561 2059 4616 uregorius
2089 4561 2179 4604 ιιι).

606 4629 693 4689 xxi
769 4614 999 4689 oralium
1015 4628 1134 4685 cap.
1164 4613 1197 4689 ὅ
1227 4632 1240 4668 :
1280 4635 1297 4668 ς
1327 4615 1508 4672 Racba
1530 4618 1727 4689 quippe
1747 4618 1802 4673 in
1822 4617 2047 4673 Hebraeo
2070 4619 2184 4689 elo-

606 4683 733 4754 quio
759 4698 864 4759 vox
892 4682 1213 4759 indignantis
1254 4694 1367 4753 est;
1413 4682 1789 4759 qim'quiilem
1816 4689 2050 4749 animum
2077 4688 2183 4759 ira-

2290 4339 2402 4395 ista'
2420 4336 2639 4401 ﬁebant,
2666 4342 2818 4391 erant
2843 4334 3151 4393 traducendi
3181 4338 3416 4393 omnium
3443 4336 3634 4404 linguis
3661 4343 3715 4390 et
3740 4352 3856 4392 ser-

2290 4409 2555 4464 monibus.
2586 4405 2816 4473 Elegans
2837 4415 2920 4463 est
2946 4405 3096 4462 locus
3114 4405 3355 4461 Cassiani
3383 4407 3647 4462 ercellat.
3679 4404 3744 4473 8,
3775 4422 3858 4462 oe

2290 4420 2555 4464 monibus.
2586 4420 2648 4462 ιιι
2719 4422 2816 4461 aus
2837 4420 2920 4463 est
2946 4420 3096 4462 locus
3114 4420 3355 4461 uassiam
3383 4420 3647 4462 emttat.
3679 4420 3744 4473 δ,
3775 4422 3857 4462 oo-

2289 4486 2412 4559 tava
2440 4494 2568 4559 cap._
2593 4420 2969 4559 δρθξὶειιρεᾳυθ
2990 4477 3082 4545 qui
3117 4476 3226 4559 hic
3245 4491 3277 4533 ι
3318 4476 3471 4537 nobis
3507 4475 3857 4559 describatur.

2289 4548 2380 4603 Sic
2400 4543 2527 4617 ergo
2555 4543 2757 4601 habet}
2792 4543 2900 4611 Qui
2913 4543 3025 4617 non
3043 4546 3228 4617 accipit
3262 4562 3467 4617 crucem
3501 4562 3649 4617 suam
3689 4555 3738 4617 et
3780 4563 3859 4604 sea

2288 4613 2574 4689 quitur'me,
2598 4633 2701 4689 non
2728 4624 2804 4669 est
2829 4613 3132 4689 medignus.
3155 4613 3317 4689 Quod
3347 4615 3553 4689 quidam
3592 4614 3859 4689 districtis.

2287 4682 2405 4742 sini
2423 4686 2808 4749 monachorum,
2838 4682 3080 4740 habentes
3106 4686 3307 4755 quidem
3329 4685 3493 4739 selum
3511 4682 3626 4751 Dei,
3649 4683 3742 4738 sed
3758 4701 3861 4741 non

604 4752 804 4835 scentis
816 4753 1063 4836 .osteudit‘
1090 4769 1188 4815 nec
1210 4752 1634 4836 tamenplenum
1654 4760 1875 4836 verbum
1900 4758 2186 4836 iracundiae
2210 4753 2264 4814 D
2285 4756 2564 4836 secundum
2589 4755 2857 4836 scientiam
2872 4795 2887 4819 .
2918 4752 3219 4836 simpiiciter
3246 4755 3602 4836 ἑῃιεαὸςᾳιιιςε.
3635 4756 3861 4836 [θυρίδα

606 4822 874 4895 exprimit.
913 4842 931 4875 ι
964 4822 1101 4887 Vide
1124 4822 1651 4911 sanctum‘liilarium
1698 4830 1751 4883 in
1799 4844 1916 4909 cap.
1958 4844 2009 4882 ιν
2051 4822 2185 4909 Μει-

607 4893 749 4975 tbaei,
782 4891 1041 4975 Regulam
1068 4896 1240 4975 sancti
1254 4896 1467 4975 _Basil_u,
1514 4913 1633 4969 cap.
1684 4896 1823 4965 “5,
1873 4906 1928 4954 et
1971 4895 2184 4953 Avutum

611 4963 967 5035 Viennensem
991 4964 1045 5018 in
1062 4964 1302 5035 epistola
1331 4967 1522 5034 prima.

678 5033 707 5074 ι’
742 5033 821 5095 lta
848 5033 1020 5108 codex
1048 5032 1406 5108 Cdrbeiensis.
1451 5035 1557 5108 Pro
1593 5053 1701 5108 quo
1748 5037 2088 5095 Colbertinus
2130 5045 2188 5094 et

607 5120 795 5178 omnes
821 5102 1086 5178 editiones
1103 5103 1330 5178 habent,
1347 5102 1629 5178 ⁸διξιειιιιιιιὶξ
1652 5109 1841 5178 amoris
1864 5109 1973 5178 jus.
2024 5176 2031 5178 ξ
2060 5116 2070 5123 ’

682 5180 725 5247 ε’
745 5172 947 5247 Opinor
970 5173 1281 5247 Salvianum
1303 5175 1393 5231 hic
1419 5175 1564 5247 loqui
1582 5176 1650 5230 de
1673 5177 1738 5247 iis
1755 5172 2066 5247 quirelictis
2085 5192 2186 5232 sae-

609 5243 717 5298 culi
740 5243 953 5313 pompis
973 5252 1029 5299 et
1054 5243 1477 5311 oblectamentis,
1491 5243 1617 5303 tum
1640 5243 1897 5301 abdicatis
1924 5244 2187 5302 facultati-

610 5312 711 5367 bus
738 5312 1287 5398 suis,’prglitebantur
1303 5317 1478 5388 palam
1498 5323 1864 5398 contemptum
1890 5331 2070 5398 rerum
2090 5315 2186 5398 hu-

578 5388 591 5401 ‘
613 5380 916 5453 manarum;
936 5380 1006 5453 _Hi
1033 5399 1162 5453 ergo
1201 5380 1322 5441 cuni
1368 5380 1763 5443 renuntiassent
1806 5384 2054 5440 omnibus
2102 5384 2183 5440 his

581 5464 731 5520 quae
774 5449 1156 5523 possidebant,
1203 5471 1415 5511 crucem
1463 5462 1556 5511 aut
1591 5469 1721 5523 vere
1766 5454 2047 5523 gestabant
2095 5463 2186 5510 aut

582 5529 826 5590 gestare
851 5520 921 5576 se
938 5520 1159 5591 intelligi
1188 5525 1458 5591 volebant,
1485 5535 1543 5583 ut
1570 5520 1640 5582 ita
1663 5520 2005 5581 ostenderent
2026 5524 2185 5579 disci-

584 5589 769 5662 rulos
791 5605 852 5647 se
878 5605 996 5662 esse
1021 5589 1147 5646 «Ιθεύ
1171 5591 1385 5648 Christi.
1418 5589 1569 5662 Quod
1615 5597 1660 5651 si
1707 5595 1969 5652 faciebant
1995 5610 2061 5649 ex
2099 5594 2182 5648 in-

617 5660 747 5718 timo
773 5660 949 5718 cordis
976 5676 1167 5727 sensu,
1200 5660 1460 5720 laudanda
1505 5666 1602 5721 fuit
1639 5675 1911 5723 tantorum
1945 5665 2181 5727 virorum

616 5734 783 5789 virtus
809 5747 874 5788 ac
899 5730 1173 5789 fortitudo.
1215 5734 1283 5787 At
1319 5735 1363 5789 si
1407 5734 1638 5792 fastuose
1666 5739 1843 5807 potius
1869 5751 2028 5806 quam
2057 5750 2181 5789 vere

2283 4826 2382 4882 sibi
2409 4842 2582 4881 cruces
2599 4824 2829 4907 Iligneas,
2851 4840 3034 4895 easque
3046 4825 3240 4907 jugiter
3263 4824 3485 4907 humeris
3506 4825 3863 4907 circumferens

2288 4841 2382 4882 stat
2409 4842 2582 4881 cruces
2612 4841 2647 4879 ιι
2684 4841 2829 4888 neas,
2851 4841 3240 4947 easquedfugner
3263 4841 3485 4906 numeris
3506 4841 3862 4906 circumferens

2288 4906 2378 4961 tes,
2404 4911 2506 4949 non
2529 4841 2944 4965 wdiﬁgcqtionem,
2967 4911 3021 4965 se
3078 4911 3237 4965 nsum
3249 4904 3451 4965 cunctis
3472 4890 3754 4965 videntiftus
3774 4910 3862 4947 tn-

2287 4966 2531 5022 atter-unt.
2559 4961 2692 5018 Vide
2718 4962 3086 5019 Innocentium
3108 4963 3193 5027 Ill,
3225 4963 3315 5017 lib.
3348 4979 3412 5027 ι.
3442 4963 3597 5032 epist.
3626 4961 3748 5032 {21.

2357 5035 2383 5073 α
2410 5033 2470 5091 ιη
2510 5034 2699 5114 cquis?
2725 5033 3033 5114 Ορωει-ιίιιο
3056 5042 3115 5114 et
3148 5033 3206 5091 in
3250 5031 3488 5101 ξηιὶειυὶδί
3516 5031 3861 5114 edim!!th

2287 5122 2386 5179 pro
2425 5104 2639 5229 pararios
2679 5103 2871 5185 legitur
2916 5102 3202 5226 arostolos,
3252 5117 3471 5183 prorsus
3497 5101 3656 5183 male.

2288 5178 2479 5254 vitium
2550 5174 2906 5254 ittershusius.
2972 5180 3131 5254 taque
3176 5170 3513 5254 scribendum
3541 5179 3862 5254 existimavit

2290 5246 2504 5317 populos
2549 5244 2937 5317 ecclesiasticos.
2987 5240 3115 5307 Quae
3162 5240 3467 5317 emendatio
3510 5256 3578 5296 ex
3594 5241 3864 5317 “ingenio

2292 5308 2497 5379 tentata
2541 5328 2761 5385 prorsus
2787 5310 3132 5368 continuatur
3171 5311 3488 5385 auctoritate
3511 5308 3863 5385 codicisCor-

2290 5379 2559 5441 bciensis.’
2578 5380 2818 5439 Similem
2865 5394 3102 5448 errorem
3152 5382 3250 5444 nes
3292 5379 3417 5434 olim
3461 5379 3863 5445 emendavimus

2290 5455 2430 5523 apud
2475 5451 2832 5525 Agobardum
2862 5450 2914 5503 in
2962 5449 3100 5503 libro
3128 5448 3475 5525 Apologetiee
3519 5464 3639 5525 cap.
3683 5452 3717 5506 6
3749 5449 3862 5525 g‘Et

2563 5104 2639 5160 los
2679 5103 2871 5173 legitur
2916 5121 2947 5157 a

2274 5520 2428 5578 .dicat
2471 5520 2634 5576 annuis
2677 5521 2933 5590 populus,
2959 5534 3079 5575 eum
3127 5526 3290 5590 antea
3323 5520 3608 5590 legeretur,
3636 5528 3685 5573 et
3724 5520 3863 5573 dicat

2287 5596 2453 5715 (lim-lnge
2500 5587 2789 5660 Apostolus.
2843 5588 2972 5645 Vide
3021 5596 3177 5645 notas
3230 5588 3297 5643 ad
3340 5587 3665 5661 capitularia
3735 5603 3858 5660 pag.
