4234 6250
435 306 502 363 σί
596 336 609 352 .
1518 305 1608 361 DE
1644 305 2181 364 GUBERNATIONE
2221 307 2332 365 DEI
2371 310 2497 366 LIB.
2537 311 2622 368 Ill.
3657 320 3730 384 υ

432 423 770 487 ministrum,
802 422 857 477 in
882 421 1139 493 patientia
1168 389 1367 487 multa,
1402 421 1455 475 in
1486 419 1946 487 tribulationibus,
1979 422 2036 477 in
2063 425 2115 483 Α
2140 419 2382 489 Quantos
2409 432 2660 495 putamus
2686 440 2804 481 esse
2830 427 2922 496 qui
2971 427 3116 484 dicto
3163 429 3287 486 huic
3317 430 3399 487 vel
3426 445 3585 489 aures
3609 450 3726 492 mo-

438 517 646 591 plagis,
687 516 742 571 in
781 515 1114 579 carceribus,
1154 515 1211 569 in
1247 513 1665 569 lacerationibus
1694 512 1767 585 (ll
1796 512 1916 569 Cor.
1950 529 2032 580 vi,

439 609 593 682 5-5).
623 608 691 664 Et
718 609 859 673 alibi,
890 607 1017 663 dum
1047 623 1107 663 se
1135 607 1256 663 aliis
1275 615 1572 677 comparat,
1599 608 1678 662 sic
1704 607 1814 661 ait:
1842 606 1908 661 In
1933 624 2033 680 quo

442 704 557 774 quis
587 701 739 756 audet
758 700 834 774 (in
857 701 1154 772 insipientia
1176 699 1335 767 dico),
1360 700 1522 755 audeo
1551 708 1601 754 et
1626 716 1749 771 ego;
1779 708 1837 753 ut
1863 701 2031 755 minus

443 798 649 868 sapiens
675 796 807 859 dico,
837 795 1004 866 magis
1033 810 1129 866 ego
1152 811 1167 847 :
1190 795 1246 847 in
1275 791 1532 847 laboribus
1553 794 1806 864 plurimis,
1829 794 1885 846 in
1914 809 2031 846 car-

440 887 636 942 ceribus
662 885 1031 951 abundantius,
1054 886 1108 939 in
1130 885 1299 956 plagis
1328 902 1486 956 supra
1511 885 1736 950 modum,
1769 885 1823 937 in
1850 885 2032 938 morti-
2066 946 2072 953 η

440 980 530 1034 bus
559 982 866 1052 frequenter.
892 978 944 1043 Α
970 977 1174 1033 ludatis
1216 978 1481 1049 quinquies
1522 977 1885 1048 quadragenas
1926 992 2030 1030 una

436 1073 602 1126 minus
631 1071 826 1142 accepi.
862 1069 964 1124 Ter
991 1070 1151 1140 virgis
1181 1085 1342 1125 cwsus
1381 1084 1524 1132 sum,
1570 1068 1727 1121 semel
1767 1052 2029 1137 lapidatus

431 1177 562 1227 sitm,
596 1172 675 1216 ter
699 1161 1039 1232 naufragium
1061 1160 1160 1231 feci
1182 1158 1255 1229 (ΙΙ
1284 1157 1404 1213 Cor.
1431 1175 1504 1224 x1,
1530 1156 1619 1221 2|,
1641 1156 1853 1228 23-25).
1886 1156 2030 1212 Sane

431 1254 535 1310 etsi
564 1254 635 1309 de
662 1253 878 1309 caeteris
904 1268 1040 1322 quas
1067 1251 1202 1307 dixit
1232 1252 1517 1307 virtutibus
1546 1250 1859 1320 apostolicis
1895 1250 2027 1304 nihil

420 1344 679 1411 facimus,
706 1345 763 1400 in
789 1344 892 1400 hoc
923 1352 1101 1399 tamen
1120 1358 1252 1411 uno,
1274 1343 1366 1398 ubi
1388 1341 1676 1413 Apostolus
1697 1350 1779 1396 ter
1806 1342 2057 1419 naufrag

430 1452 590 1508 gasse
614 1453 674 1494 se
701 1437 849 1503 dicit,
873 1438 1036 1493 etiam
1057 1438 1276 1493 vincere
1300 1452 1598 1508 possumus.
1624 1436 1743 1491 Non
1771 1436 1916 1491 enim
1946 1444 2030 1491 ter

396 1586 403 1593 ,
430 1530 807 1585 tantummodo
830 1528 1281 1598 naufragavimus,
1307 1545 1537 1599 quorum
1556 1543 1696 1599 pene
1716 1528 1894 1583 omnia
1915 1529 2027 1582 vita

432 1620 771 1692 naufragium
801 1630 903 1677 est.
930 1620 990 1675 In
1011 1628 1221 1676 tantum
1241 1621 1442 1692 quippe
1460 1622 1653 1676 vitiose
1681 1621 1749 1676 ab
1778 1618 2027 1676 omnibus

430 1713 650 1779 vivitur,
695 1722 755 1769 ut
794 1729 967 1785 prope
1016 1714 1190 1769 nullus
1218 1712 1647 1769 Christianorum
1696 1713 1767 1769 sit
1792 1712 1886 1782 qui
1912 1728 2025 1769 non

429 1805 629 1876 jugiter
655 1806 977 1876 naufragare
1004 1805 1267 1871 videatur.

502 1899 568 1953 ν.
598 1898 705 1956 Sed
732 1898 861 1954 dicit
880 1899 1110 1954 fortasse
1138 1897 1333 1968 aliquis
1358 1912 1464 1952 non
1495 1896 1549 1953 id
1568 1913 1712 1954 nunc
1737 1911 1857 1952 esse
1881 1905 2020 1952 tem-

430 1991 582 2062 poris
608 1999 667 2046 ut
694 2006 793 2061 pro
821 1989 1036 2046 Christo
1069 1976 1170 2045 nos
1208 1976 1543 2060 perferamus
1571 2003 1689 2058 quae
1718 1996 1845 2043 tunc
1888 2003 2024 2058 apo-

434 2082 563 2143 stoli
580 2082 930 2152 pertulerunt.
955 2081 1157 2137 Verum
1180 2089 1282 2137 est.
1305 2080 1426 2136 Non
1448 2082 1590 2135 enim
1612 2089 1737 2136 sunt
1756 2082 2026 2152 principes

432 2176 650 2247 pagani,
668 2191 775 2231 non
795 2175 1003 2249 tyranni
1024 2183 1429 2247 persecutores;
1455 2191 1562 2230 non
1583 2175 1801 2244 sanguis
1815 2181 2028 2230 sancto-

430 2280 553 2322 rum
581 2258 832 2332 funditur,
864 2281 966 2322 nec
994 2265 1129 2322 ﬁdes
1156 2265 1433 2337 suppliciis
1455 2265 1860 2336 comprobatur.
1889 2263 2027 2320 Con-

429 2364 609 2413 tentus
633 2363 715 2413 est
735 2357 875 2414 Deus
898 2366 1084 2415 noster
1102 2366 1161 2413 ut
1181 2357 1230 2413 ei
1250 2372 1358 2428 pax
1380 2365 1567 2427 nostra
1589 2357 1804 2423 serviat,
1829 2364 1889 2410 ut
1908 2355 2023 2411 sola

427 2448 479 2505 ei
517 2449 982 2505 immaculatorum
1011 2458 1230 2506 actuum
1263 2449 1501 2520 puritate
1531 2455 1586 2504 et
1612 2448 1739 2502 Vitae
1774 2448 2022 2503 inconta-

425 2539 693 2595 minabilis
721 2541 1008 2596 sanctitate
1050 2540 1377 2611 placeamus.
1411 2539 1531 2607 Quo
1560 2539 1681 2610 plus
1720 2539 1771 2593 ei
1801 2536 1934 2593 fides
1970 2544 2026 2592 et

425 2631 642 2689 devotio
664 2641 850 2689 nostra
870 2632 1062 2698 debet;
1094 2632 1197 2703 47
1227 2632 1351 2702 quia
1372 2631 1583 2686 minora
1604 2647 1636 2685 a
1658 2630 1815 2685 nobis
1832 2628 2022 2698 exigit,

424 2731 479 2779 et
505 2724 711 2795 majora
760 2725 1050 2781 concessit.
1082 2723 1148 2778 Et
1176 2724 1297 2779 ideo
1340 2740 1460 2780 cum
1489 2732 1545 2778 et
1568 2724 1839 2793 principes
1864 2721 2023 2777 Chri-

422 2816 587 2871 stiani
613 2818 755 2882 sint,
786 2825 843 2872 et
869 2815 1175 2887 persecutio
1204 2816 1349 2869 nulla
1374 2815 1476 2879 sit,
1500 2821 1556 2869 et
1582 2815 1771 2884 religio
1800 2829 1907 2869 non
1936 2814 2020 2868 in-

424 2908 721 2977 quietetur,
750 2909 844 2978 qui
874 2906 1303 2976 adprobandum
1331 2905 1491 2961 fidem
1521 2904 1900 2974 experimentis
1927 2906 2024 2960 du-

430 3000 667 3055 rioribus
694 3016 802 3056 non
831 2999 1221 3070 compellimur,
1255 2999 1591 3056 inferioribus
1620 3000 1809 3054 saltem
1839 2998 2025 3056 ofﬁciis

429 3088 665 3148 Domino
687 3091 809 3163 plus
834 3093 1048 3163 placere
1075 3092 1350 3148 debemus.
1376 3091 1575 3149 Probat
1602 3094 1744 3151 enim
1774 3094 1934 3149 etiam
1964 3094 2020 3150 in

2140 516 2293 572 deste
2317 518 2618 588 praebeant,
2652 520 2738 575 vel
2766 529 2942 587 certe,
2975 523 3135 577 etiam
3166 524 3209 580 si
3239 523 3293 579 id
3320 524 3498 581 facere
3536 527 3724 584 viden-

2139 613 2246 672 tur,
2279 608 2470 663 animis
2498 608 2875 678 acquiescant?
2904 610 3008 666 Aut
3034 621 3232 682 quotus
3259 616 3486 685 quisque
3523 625 3606 673 est
3631 621 3723 689 qui

2138 700 2184 754 si
2213 701 2375 757 ictum
2396 718 2560 778 unum
2582 704 2868 775 acceperit,
2894 720 3001 761 non
3030 707 3228 763 multos
3247 723 3346 778 pro
3365 724 3474 764 uno
3502 710 3724 767 reddat?

2140 790 2368 848 Tantum
2397 776 2474 848 ab.
2494 793 2587 849 illo
2634 795 2787 850 abest
2816 804 2874 851 ut
2900 797 3124 852 audenti
3170 776 3442 854 maxillam
3487 803 3725 872 prmbeat

2140 883 2384 951 alteram,
2416 892 2475 939 ut
2504 894 2616 940 tum
2644 901 2703 942 se
2730 887 2946 942 vincere
2972 896 3140 958 putet,
3165 905 3273 945 non
3298 891 3513 959 quando
3533 893 3723 949 adver-

2135 980 2336 1034 sarium
2364 979 2684 1051 vapulando,
2717 980 2811 1035 sed
2839 982 3055 1050 quando
3075 981 3331 1038 caedendo
3358 985 3714 1053 superaverit.

2138 1070 2266 1137 Qua:
2300 1074 2480 1138 vultis,
2506 1074 2678 1142 inquit
2704 1072 2970 1137 Salvator,
3001 1084 3058 1127 ut
3083 1078 3282 1146 faciant
3299 1076 3438 1132 vobis
3466 1078 3717 1146 homines,

2088 1216 2099 1223 .
2134 1165 2314 1219 eadem
2333 1175 2383 1218 et
2401 1182 2487 1219 vos
2508 1166 2663 1235 facite
2681 1165 2788 1219 illis
2808 1165 3272 1237 similiter(Mattb.
3296 1184 3385 1233 vn,
3410 1168 3520 1238 12).
3546 1168 3717 1241 Hujus

2133 1256 2414 1310 sententia:
2463 1263 2677 1325 partem
2724 1263 2832 1309 tam
2880 1255 3019 1310 bene
3065 1255 3308 1311 novimus
3347 1266 3406 1311 ut
3443 1276 3717 1330 nunquam

2141 1356 2542 1418 praetereamus,
2576 1354 2783 1418 partem
2805 1347 2881 1403 sic
2908 1347 3371 1418 praetenuittimus
3397 1352 3548 1418 quasi
3567 1353 3718 1422 peni-

2133 1448 2222 1495 tus
2249 1440 2570 1495 nesciamus.
2597 1438 2731 1494 Nam
2754 1438 2881 1508 quid
2911 1439 2978 1493 ab
2999 1439 3117 1493 aliis
3137 1438 3376 1509 pnestari
3406 1441 3560 1496 nobis
3582 1442 3717 1497 veli-

2131 1549 2269 1599 mus,
2296 1533 2498 1603 optime
2519 1531 2783 1596 novimus,
2809 1531 2936 1600 quid
2956 1526 3135 1585 autem
3164 1530 3264 1601 ipsi
3289 1530 3406 1586 aliis
3432 1531 3718 1597 debeamus

2132 1634 2411 1697 praestare,
2438 1624 2723 1681 nescimus.
2745 1622 2919 1693 Atque
2939 1624 3143 1679 utinam
3166 1623 3524 1679 nesciremus!
3548 1624 3718 1682 Minor

2132 1726 2276 1773 esset
2305 1717 2620 1787 ignorantia:
2650 1725 2849 1783 reatus,
2884 1716 3180 1772 secundum
3223 1716 3389 1772 illud:
3416 1714 3517 1782 Qui
3557 1722 3718 1775 nescit

2052 1802 2102 1863 Β
2129 1813 2441 1867 uoluntatem
2464 1811 2661 1864 domini
2680 1813 2778 1877 sui,
2796 1809 3057 1882 vapulabit
3075 1811 3272 1883 paucis.
3293 1809 3393 1875 Qui
3413 1821 3582 1869 autem
3602 1816 3716 1880 scit,

2128 1913 2180 1958 et
2208 1920 2312 1957 non
2343 1904 2470 1975 facit
2497 1919 2638 1968 eam,
2671 1902 2933 1974 vapulabit
2959 1903 3134 1956 multis
3164 1900 3322 1975 (Luc.
3352 1919 3443 1969 xu,
3476 1903 3566 1973 47,
3593 1903 3715 1977 48).

2131 1994 2284 2049 Nunc
2313 2000 2493 2048 autem
2519 1993 2695 2063 major
2720 1993 2772 2048 in
2820 1994 2924 2051 hoc
2969 1993 3169 2049 offensa
3198 2001 3297 2050 .est
3323 1995 3468 2065 quod
3508 2005 3715 2067 partem

2130 2084 2411 2141 sententiae
2433 2098 2599 2140 sacrm
2620 2099 2718 2154 pro
2738 2084 3143 2141 commodorum
3162 2095 3467 2145 nostrorum
3488 2086 3718 2153 utilitate

2130 2174 2419 2244 diligimus,
2449 2183 2657 2244 partem
2687 2188 2785 2244 pro
2814 2173 2911 2229 Dei
2938 2173 3132 2243 injuria
3161 2175 3513 2245 prteterimus.
3540 2174 3716 2245 Exag-

2130 2273 2284 2335 gerat
2311 2270 2527 2335 quoque
2555 2265 2660 2321 hoc
2688 2265 2785 2320 Dei
2827 2265 3052 2321 verbum
3100 2264 3278 2322 ofﬁcio
3323 2266 3716 2338 praedicationis

2131 2374 2243 2415 suae
2274 2358 2550 2429 apostolus
2580 2355 2777 2413 Paulus
2803 2357 2987 2413 dicens
3017 2375 3031 2411 :
3074 2355 3243 2412 Nemo
3288 2358 3426 2431 quod
3470 2375 3617 2413 suum
3641 2359 3717 2414 est

2129 2458 2360 2522 quierat,
2405 2448 2499 2504 sed
2520 2448 2657 2523 quod
2684 2448 2898 2504 alterius
2930 2448 2984 2519 (l
3005 2448 3124 2503 Cor.
3156 2466 3221 2514 x,
3245 2448 3357 2520 24).
3387 2449 3455 2504 Ει
3478 2450 3673 2507 iterum
3698 2452 3711 2504 ':

2130 2539 2256 2596 Non
2277 2557 2391 2614 quae
2409 2557 2503 2596 sua
2523 2550 2662 2607 sunt,
2677 2541 2867 2613 inquit,
2884 2541 3075 2615 singuli
3094 2544 3397 2614 cogitantes,
3413 2543 3506 2597 sed
3523 2559 3583 2597 ea
3602 2554 3714 2616 qua

2127 2633 2348 2688 aliorum
2380 2631 2644 2705 (Philipp.
2689 2649 2757 2698 η,
2805 2631 2882 2703 4).
2915 2632 3077 2689 Vides
3104 2647 3265 2702 quam
3306 2630 3536 2688 fideliter
3574 2649 3713 2703 pra:-

2126 2732 2341 2794 ceptum
2368 2722 2569 2781 Christi
2596 2722 2759 2779 fuerit
2780 2733 3084 2789 exsecutus,
3108 2724 3199 2779 ubi
3220 2735 3341 2780 cum
3369 2723 3621 2780 Salvator
3638 2726 3715 2783 sic

2126 2831 2227 2871 nos
2255 2826 2355 2886 pro
2384 2814 2503 2870 aliis
2531 2815 2670 2871 sicut
2692 2830 2793 2886 pro
2841 2814 2996 2870 nobis
3040 2813 3260 2885 jusserit
3307 2814 3575 2882 cogitare,
3625 2815 3714 2873 ille

2125 2907 2248 2978 plus
2285 2906 2515 2962 aliorum
2558 2921 2660 2961 nos
2702 2906 3001 2977 commodis
3040 2906 3203 2976 jussit
3244 2906 3526 2963 consulere
3553 2922 3712 2978 quam

2124 2999 2353 3066 nostris;
2383 2999 2511 3054 boni
2531 2998 2738 3055 scilicet
2756 2998 2959 3055 domini
2980 2998 3156 3055 bonus
3184 2998 3434 3065 famulus,
3460 3007 3516 3055 et
3535 3000 3712 3070 singu-

2124 3090 2256 3146 laris
2300 3090 2543 3161 magistri
2586 3090 2876 3163 przeclarus
2924 3090 3183 3154 imitator,
3233 3090 3325 3160 qui
3372 3089 3425 3145 in
3475 3089 3712 3160 vestigii!

426 3184 739 3255 majoribus,
765 3185 810 3240 si
831 3201 918 3239 res
938 3185 1135 3257 exigat,
1154 3192 1526 3261 exsecutorem
1546 3201 1605 3241 se
1626 3185 1876 3243 idoneum
1900 3187 2015 3244 fore
2041 3180 2087 3244 C
2120 3181 2325 3239 domini
2372 3181 2454 3237 sui
2503 3181 2808 3248 ambulans,
2859 3181 3164 3254 patentiora
3210 3180 3610 3251 quodammodo
3656 3188 3711 3238 et

422 3291 451 3331 a
482 3290 592 3345 quo
616 3276 826 3332 minora
846 3276 1205 3346 complentur.

490 3366 579 3422 VI.
608 3364 931 3422 Omittamus
959 3381 1088 3436 ergo
1139 3365 1228 3421 illa
1272 3381 1390 3436 qua:
1435 3367 1778 3433 beatissimus
1817 3364 2018 3422 Paulus

427 3458 665 3529 pertulit,
695 3459 861 3513 immo
890 3473 1008 3529 qum
1030 3457 1083 3512 in
1112 3457 1263 3512 libris
1287 3466 1477 3529 postea
1506 3457 1573 3513 de
1595 3458 1856 3527 religione
1884 3474 2017 3514 con-

427 3548 639 3621 scriptis
667 3564 855 3605 omnes
883 3549 1171 3604 admodum
1201 3549 1534 3604 Christianos
1563 3549 1789 3618 legimus
1824 3559 2013 3621 pertu-

424 3636 571 3706 lisse,
593 3640 683 3710 qui
704 3641 770 3695 ad
791 3641 1026 3697 cmlestis
1045 3641 1206 3709 regiae
1222 3640 1441 3711 januam
1462 3640 1713 3711 gradibus
1733 3656 2013 3715 poenarum

420 3750 632 3788 suarum
687 3733 1039 3789 ascendentes
1063 3775 1078 3799 ,
1128 3734 1302 3789 scalas
1355 3733 1456 3788 sibi
1504 3734 1901 3804 quodammodo
1946 3718 2014 3789 de
2064 3762 2067 3766 ι

421 3826 658 3894 equuleis
703 3827 1032 3896 catastisque
1085 3824 1342 3881 fecerunt.
1378 3825 1668 3882 Videamus
1713 3828 1758 3882 si
1809 3828 1861 3882 in
1908 3826 2013 3883 illis

424 3916 609 3970 saltem
636 3918 900 3986 religiosa:
927 3916 1233 3972 devotionis
1279 3917 1580 3987 obsequiis,
1628 3932 1750 3987 qua:
1799 3919 2010 3973 minora

427 4013 586 4074 atque
614 4009 912 4073 communia
942 4008 995 4061 in
1024 4023 1231 4063 summa
1272 4008 1453 4078 quiete
1492 4016 1547 4063 et
1573 4010 1722 4064 omni
1766 4019 2010 4080 tempore

428 4113 617 4155 omnes
645 4097 928 4155 Christiani
957 4101 1109 4156 obire
1151 4114 1438 4171 pOSSumus
1458 4140 1473 4166 ,
1501 4102 1785 4172 praeceptis
1823 4101 2009 4156 Domi-

423 4191 557 4246 nicis
582 4191 911 4262 respondere
940 4179 1227 4255 tentalnus.
1261 4192 1421 4255 lubet
1456 4179 1703 4247 Christus
1734 4209 1801 4259 ne
1828 4193 2007 4261 litige-

416 4299 557 4339 mus.
582 4283 715 4350 Quis
737 4284 944 4353 jubenti
975 4285 1348 4355 obtemperat?
1377 4283 1486 4338 Nec
1514 4284 1689 4338 solum
1712 4283 1884 4353 jubet,
1917 4285 2011 4341 sed

418 4375 473 4430 in
502 4382 711 4429 tantum
740 4375 843 4429 hoc
865 4375 1037 4445 jubet,
1070 4384 1126 4430 ut
1154 4390 1216 4430 ea
1247 4376 1363 4444 ipsa
1395 4388 1494 4439 nos
1519 4373 1587 4427 de
1615 4374 1808 4442 quibus
1837 4374 1902 4430 lis
1928 4386 2011 4432 est

419 4468 719 4537 relinquere
741 4467 950 4538 jubeat,
977 4468 1270 4525 dummodo
1293 4467 1476 4525 litibus
1497 4481 1777 4521 exuamur.
1812 4466 1871 4521 Si
1894 4471 2008 4540 quis

2127 3275 2468 3343 expressiora
2485 3272 2711 3345 pedibus
2729 3272 2840 3328 suis
2856 3271 2981 3330 fecit
2999 3273 3204 3329 domini
3223 3272 3307 3328 sui
3326 3270 3445 3329 Esse
3463 3273 3708 3344 vestigia;

2121 3364 2261 3431 Quid
2288 3378 2418 3435 ergo
2438 3366 2638 3421 ‘horum
2668 3365 2891 3421 facimus
2923 3364 3241 3431 Christiani,
3267 3364 3414 3435 quod
3443 3363 3708 3432 Christus,

2121 3472 2191 3511 an
2211 3455 2356 3529 quod
2378 3457 2669 3527 Apostolus
2686 3456 2873 3526 jubet?
2895 3455 3031 3513 Puto
3045 3457 3264 3513 omnino
3278 3455 3423 3528 quod
3438 3465 3706 3513 neutrum.
3753 3450 3766 3464 '

2118 3547 2253 3602 Nam
2286 3536 2488 3602 tantum
2514 3548 2665 3604 abest
2704 3555 2763 3601 ut
2801 3548 3030 3603 aliorum
3056 3547 3350 3604 commodis
3378 3547 3487 3623 49
3511 3549 3710 3621 aliquid

2117 3654 2239 3694 cum
2264 3639 2479 3708 propria
2510 3637 2951 3693 incommoditate
2973 3647 3306 3709 praestemus,
3332 3646 3392 3693 ut
3411 3654 3599 3693 omnes
3624 3641 3709 3696 vel

2117 3729 2351 3783 maxime
2379 3728 2579 3783 nostris
2607 3726 2905 3782 commodis
2932 3742 3054 3782 cum
3095 3727 3324 3782 aliorum
3366 3726 3708 3786 incommodo

2115 3821 2480 3876 consulamus.

2185 3912 2293 3968 Vll.
2327 3911 2433 3968 Sed
2461 3911 2659 3981 eligere
2688 3909 2910 3967 forsitan
2956 3907 3163 3979 majora
3206 3922 3434 3981 qumque
3460 3908 3706 3966 videmur

2114 4021 2232 4079 qua:
2252 4006 2428 4062 nullus
2446 4005 2685 4076 impleat,
2709 4011 2784 4069 et,
2808 4010 2867 4059 ut
2887 4002 2988 4074 ipsi
3008 4009 3218 4073 putant,
3241 4001 3466 4074 implere
3485 3995 3705 4060 omnino

2114 4116 2223 4157 non
2253 4107 2481 4171 possunt
2509 4106 2563 4154 et
2589 4099 2867 4171 prmterire
2896 4098 2999 4159 alia
3029 4112 3149 4170 quae
3171 4106 3225 4153 et
3250 4096 3475 4169 implere
3500 4103 3703 4168 queant

2114 4201 2171 4259 et
2196 4192 2263 4247 ab
2292 4191 2543 4247 omnibus
2572 4190 2915 4261 impleantur.
2948 4188 3055 4244 Sed
3083 4190 3316 4261 primum
3355 4190 3484 4246 illud
3527 4189 3704 4247 consi-

2113 4284 2410 4341 derandum
2437 4291 2547 4347 est,
2577 4284 2701 4354 quia
2726 4282 2857 4337 nulli
2894 4296 3173 4336 servorum
3215 4280 3342 4337 licet
3368 4296 3438 4336 ex
3474 4283 3559 4337 his
3585 4298 3704 4354 qua:

2112 4374 2362 4430 dominus
2390 4387 2519 4428 suus
2536 4344 2795 4443 imperat,
2819 4368 3017 4438 eligere
3045 4383 3144 4440 pro
3167 4369 3389 4424 arbitrio
3418 4369 3546 4441 quid
3573 4344 3704 4426 velit

2115 4466 2325 4534 facere,
2358 4465 2487 4538 quid
2516 4463 2682 4531 nolit,
2710 4471 2764 4519 et
2792 4461 3208 4529 insolentissima
3252 4462 3511 4519 abusione
3556 4464 3700 4535 quod

415 4563 570 4627 sitim,
602 4561 791 4630 inquit,
822 4561 1038 4615 voluerit
1066 4568 1231 4614 tecum
1250 4560 1450 4633 judicio
1471 4557 1779 4612 contendere
1796 4569 1846 4613 et
1867 4562 2005 4614 luni-
2034 4563 2086 4624 Β
2110 4560 2375 4631 placuerit
2432 4571 2706 4614 assumere
2729 4595 2745 4621 ,
2802 4555 2946 4627 quod
3001 4554 3333 4626 displicuerit
3386 4555 3696 4628 repudiare;

414 4669 526 4707 cam
555 4662 696 4706 tuam
728 4651 923 4717 tollere,
947 4652 1177 4724 relinque
1196 4651 1243 4705 ei
1263 4659 1312 4704 et
1332 4648 1549 4721 pallium
1575 4645 1789 4719 (Matth.
1813 4665 1865 4715 ν,
1891 4647 2002 4719 40).

412 4742 689 4812 interrogo
709 4744 801 4812 qui
822 4744 931 4797 sint
949 4743 1041 4813 qui
1064 4742 1420 4812 spoliantibus
1445 4740 1764 4796 adversariis
1790 4740 2001 4809 cedant,

412 4816 577 4891 inimo
605 4835 697 4905 qui
736 4835 849 4889 sint
872 4835 965 4904 qui
993 4834 1332 4889 adversarios
1357 4849 1483 4889 suos
1512 4848 1623 4891 non
1651 4830 1882 4904 spoliare
1911 4850 2005 4889 co-

411 4930 646 4983 nentur?
674 4926 807 4983 Tam
836 4928 1023 4999 procul
1044 4929 1188 4983 enim
1212 4929 1363 4983 abest
1389 4934 1448 4981 ut
1467 4943 1588 4982 cum
1619 4927 1813 4981 tunicis
1839 4928 2003 4981 etiam

414 5018 519 5071 alia
538 5019 920 5088 relinquamus,
952 5027 1032 5083 ut,
1054 5020 1100 5074 si
1125 5033 1233 5089 quo
1259 5018 1422 5073 modo
1450 5033 1753 5087 possumus,
1780 5018 2000 5089 pallium

413 5107 573 5165 simul
604 5110 904 5177 adversarii
948 5113 1264 5182 tunicasque
1310 5112 1580 5167 tollamus.
1625 5110 1755 5165 Tam
1807 5112 2001 5168 devote

415 5202 560 5257 enim
588 5204 853 5265 mandatis
882 5205 1174 5262 Dominicis
1202 5204 1511 5268 obedimus,
1543 5212 1601 5258 ut
1628 5219 1736 5258 non
1773 5203 2001 5259 sufficiat

318 5324 329 5333 -
411 5294 571 5350 nobis
598 5296 744 5366 quod
772 5297 1095 5353 adversariis
1132 5296 1330 5352 nostris
1375 5297 1536 5351 etiam
1584 5295 1802 5349 minima
1832 5295 1998 5350 vesti-

407 5394 718 5453 mentorum
764 5398 1071 5446 nostrorum
1115 5399 1269 5462 parte
1311 5405 1419 5445 non
1462 5388 1718 5454 cedimus,
1752 5388 1852 5444 nisi
1899 5389 1996 5455 eis,

406 5487 665 5547 quantum
696 5481 749 5535 in
793 5481 946 5537 nobis
967 5490 1069 5549 est,
1100 5483 1147 5537 si
1176 5498 1261 5538 res
1287 5483 1447 5547 sinat,
1478 5488 1669 5537 cuncta
1704 5482 1995 5552 rapiamus.

404 5569 658 5640 Jungitur
686 5583 865 5629 autem
887 5584 1158 5645 praecepto
1186 5575 1310 5630 huic
1330 5590 1428 5645 par
1455 5584 1511 5630 et
1538 5574 1814 5631 consimile
1843 5589 1996 5628 man-

404 5663 617 5729 datum,
648 5680 757 5734 quo
788 5668 864 5721 ait
892 5668 1153 5723 Dominus
1178 5686 1188 5719 :
1218 5665 1318 5730 Qui
1339 5670 1645 5738 percusserit
1669 5676 1715 5721 te
1742 5668 1795 5720 in
1817 5666 1995 5720 dexte-

407 5758 858 5833 rammamillam,
889 5757 1067 5826 prwbe
1094 5761 1139 5815 ei
1167 5768 1216 5812 et
1243 5759 1461 5813 alteram
1493 5757 1688 5829 (Ibid.,
1719 5757 1843 5829 59).
1886 5756 1997 5828 ιε

2109 4651 2343 4706 maxime
2370 4665 2492 4707 cum
2521 4661 2577 4704 et
2612 4657 2899 4705 terrestres
2931 4647 3136 4704 domini
3163 4663 3502 4721 nequaquam
3543 4665 3696 4720 (equo

2109 4743 2289 4799 animo
2318 4741 2654 4797 tolerandum
2696 4747 2890 4812 putent
2928 4740 2973 4797 si
2996 4739 3269 4811 jussiones
3308 4758 3433 4799 suas
3461 4742 3603 4799 servi
3631 4757 3697 4797 ex

2107 4841 2261 4904 parte
2289 4831 2508 4888 audiant
2536 4841 2592 4887 et
2618 4847 2686 4887 ex
2713 4841 2870 4902 parte
2890 4839 3258 4899 contemnant,
3282 4841 3339 4889 et
3357 4848 3457 4902 pro
3477 4832 3697 4886 libidine

2107 4942 2204 4983 sua
2231 4941 2350 4996 quae
2378 4925 2687 4996 putaverint
2715 4923 2958 4981 facienda
2984 4924 3212 4992 faciant,
3242 4940 3362 4994 quae
3390 4921 3697 4993 putaverint

2108 5018 2472 5075 conculcanda
2500 5019 2840 5075 conculcent.
2884 5016 2943 5075 Si
2970 5017 3131 5095 enim
3177 5032 3277 5087 pro
3329 5012 3550 5068 arbitrio
3596 5029 3695 5069 suo

2108 5112 2250 5168 servi
2271 5110 2503 5166 dominis
2530 5111 2936 5183 obtemperant,
2975 5125 3043 5163 ne
3070 5109 3125 5163 in
3153 5108 3217 5162 iis
3243 5104 3457 5175 quidem
3487 5103 3541 5159 in
3570 5105 3693 5176 qui-

2098 5204 2208 5259 bus
2234 5203 2726 5275 obtemperaveriut
2747 5204 3135 5270 obsequuntur.
3159 5194 3381 5275 Quando
3407 5196 3554 5252 enim
3578 5213 3715 5254 ser--

2105 5310 2205 5350 vus
2233 5309 2300 5349 ex
2327 5294 2531 5350 domini
2559 5295 2641 5349 sui
2676 5292 2839 5364 jussis
2884 5303 2949 5342 ea
2986 5284 3117 5341 facit
3156 5288 3532 5344 tantummodo
3572 5305 3693 5361 qua:

2103 5386 2218 5443 vult
2247 5386 2443 5452 facere,
2469 5385 2578 5456 jam
2609 5399 2715 5440 non
2752 5378 3076 5459 dominicam
3103 5378 3438 5435 voluntatem
3480 5382 3687 5453 implet,

2104 5479 2199 5535 sed
2218 5496 2388 5535 suam.
2414 5479 2469 5533 Si
2490 5490 2618 5543 ergo
2639 5489 2737 5528 nos
2756 5471 2847 5541 qui
2876 5472 3185 5528 homunculi
3212 5472 3460 5530 imbecilli
3482 5490 3684 5539 sumus,
3702 5486 3711 5499 η’

2100 5569 2371 5625 contemni
2418 5576 2596 5620 tamen
2626 5578 2656 5618 a
2697 5555 2868 5620 servis
2914 5566 3113 5621 nostris
3154 5568 3375 5622 omnino
3414 5565 3682 5629 nolumus,

2098 5678 2235 5734 quos
2253 5662 2355 5716 etsi
2373 5657 2530 5713 nobis
2556 5658 2831 5716 servitutis
2857 5659 3094 5717 conditio
3123 5660 3424 5724 inferiores,
3450 5658 3683 5712 humana

2100 5764 2280 5811 tamen
2307 5765 2428 5808 sors
2458 5749 2637 5809 reddit
2662 5755 2919 5827 :equales,
2949 5765 3111 5825 quam
3137 5752 3323 5824 iniquo
3357 5749 3546 5821 utiun
3565 5762 3683 5808 οω-

3572 5888 3601 5909 ο
