4234 6262
532 261 607 324 η
1477 253 1534 310 S.
1577 253 1894 311 SALVIANI
1933 253 2393 311 MASSILIENSIS
2431 253 2857 312 PRESBYTERI
3625 321 3630 328 ,
3745 265 3818 322 δι

537 374 726 431 lestem
745 369 1030 426 Domimun
1056 368 1469 437 contemnimus,
1492 369 1584 439 qui
1609 384 1730 424 cum
1751 331 2000 423 homines
2019 367 2120 437 ipsi
2147 373 2196 428 Α
2227 367 2388 437 plane
2402 367 2528 422 mali
2551 369 2705 424 istius
2727 367 3008 424 retributio
3029 377 3131 436 est,
3148 384 3268 440 quae
3289 373 3462 429 solum
3483 376 3819 446 persequitur

536 466 718 528 simus,
741 460 1166 518 contemnendos
1187 468 1364 515 tamen
1395 477 1494 516 nos
1513 476 1544 515 a
1575 470 1771 517 nostrae
1798 461 2124 515 conditionis

535 554 839 612 hominibus
866 569 976 608 non
1005 562 1276 625 putamus.
1317 554 1426 608 Nisi
1467 555 1601 607 tanti
1646 554 1872 607 fortasse
1913 553 2124 608 consilii

533 665 597 705 ac
624 656 735 704 tam
757 648 1040 721 profundae
1069 648 1430 718 intelligentiae
1453 662 1653 712 smnus,
1685 655 1742 700 ut
1761 647 1852 715 qui
1873 647 1983 717 pati
2003 662 2120 702 ser-

535 758 727 799 vorum
768 742 991 812 injurias
1020 744 1299 808 nolumus,
1349 739 1618 794 subditum
1665 738 1873 808 injuriis
1919 739 2121 795 nostris

535 835 706 890 Deum
732 850 852 890 esse
879 835 1128 901 velimus,
1162 841 1216 888 et
1243 848 1362 903 qua:
1387 831 1487 902 ipsi
1515 832 1745 886 toleratu
1770 832 2005 888 humano
2034 832 2120 886 in-

535 928 694 998 digna
721 928 1019 995 credimus,
1053 929 1222 982 Deum
1260 941 1290 979 a
1319 925 1474 980 nobis
1521 924 1678 994 digne
1723 926 1839 981 haec
1887 926 2120 981 tolerare

534 1023 832 1081 credamus.
867 1023 943 1078 Ac
967 1037 1064 1092 per
1090 1021 1194 1074 hoc
1223 1019 1268 1073 si
1296 1018 1387 1087 qui
1435 1027 1589 1083 sunt,
1637 1025 1695 1072 ut
1731 1018 1799 1072 ad
1839 1019 2121 1090 superiora

534 1116 834 1182 redeamus,
857 1114 948 1182 qui
977 1112 1045 1166 de
1073 1111 1367 1178 majoribus
1389 1126 1488 1166 nos
1509 1111 1603 1166 Dei
1632 1112 1916 1181 praeceptis
1941 1112 2122 1167 dicere

534 1208 839 1265 existiment
859 1213 914 1258 et
940 1205 1150 1256 minora
1171 1203 1278 1274 50
1296 1203 1544 1268 reticere,
1572 1201 1841 1273 superflue
1867 1204 2020 1272 queri
2041 1204 2123 1257 in-

535 1295 805 1366 telligendi
850 1302 994 1348 sunt.
1046 1292 1229 1362 Neque
1276 1293 1418 1348 enim
1454 1293 1596 1363 justa
1645 1295 1885 1350 causatio
1915 1304 1998 1350 est
2024 1311 2123 1352 cur

532 1387 885 1459 praeferantur
912 1384 1122 1453 aliqua.
1168 1385 1258 1440 ubi
1304 1384 1548 1440 iacienda
1587 1394 1711 1440 sunt
1739 1385 1937 1441 omnia.
1971 1385 2123 1442 Sicut

531 1479 674 1534 enim
718 1477 1058 1532 dominorum
1105 1477 1403 1532 carnalium
1444 1477 1613 1532 servis
1659 1479 1885 1548 eligere,
1926 1486 1985 1534 ut
2007 1478 2120 1548 jam

532 1569 674 1631 dixi,
715 1567 936 1623 omnino
966 1583 1073 1623 non
1102 1568 1227 1623 licet
1269 1584 1386 1639 quae
1425 1584 1492 1624 ex
1520 1571 1800 1641 praeceptis
1840 1571 2121 1627 servilibus

531 1657 760 1723 faciant,
792 1673 912 1727 qua:
939 1674 1048 1713 non
1079 1658 1307 1725 faciant,
1350 1661 1429 1714 sic
1475 1676 1575 1716 nos
1603 1661 1693 1731 qui
1735 1662 1875 1716 servi
1907 1661 2120 1717 Domini

2227 470 2522 517 auctorem.
2551 462 2631 516 llli
2661 464 2804 517 enim
2835 463 2966 517 nihil
2987 474 3149 518 nocet
3175 467 3389 534 penitus
3428 469 3515 524 cui
3541 469 3814 526 detrahit:

2225 552 2598 608 tantummodo
2626 553 2774 607 illum
2804 554 2958 623 punit
2993 569 3025 608 e
3064 553 3216 623 cujus
3265 571 3360 611 ore
3405 559 3668 628 procedit.
3710 561 3818 618 Sed

2224 641 2487 707 delirare,
2521 643 2732 713 opinor,
2765 643 3008 698 videmur
3036 643 3138 698 ista
3176 647 3503 714 repetendo,
3535 657 3590 704 et
3616 649 3732 706 fero
3761 663 3820 707 ut

2226 751 2326 791 nos
2352 735 2582 792 delirare
2631 737 2928 792 videamur.
2961 738 3210 808 Nunquid
3251 738 3499 796 deliravit
3538 743 3817 812 Dominus.

2223 827 2312 896 qui
2336 829 2612 898 praecepit:
2634 827 2816 883 Omnis
2835 830 2992 893 enim,
3013 830 3184 900 inquit
3197 845 3296 900 per
3309 835 3617 901 apostolum
3636 851 3818 903 suum,

2224 919 2422 973 clamor
2453 922 2724 992 auferatur
2745 939 2776 974 α
2805 920 2946 976 vobis
2977 938 3090 976 cum
3118 924 3259 976 omni
3278 924 3479 977 malitia
3501 925 3716 997 (Ephes.
3743 945 3818 995 tv.

2226 1010 2342 1079 3i).
2377 1009 2672 1082 Utrumque
2699 1011 2916 1081 quidem
2945 1012 3050 1067 huc
3079 1013 3132 1066 in
3155 1013 3309 1068 nobis
3327 1013 3528 1084 jugiter
3554 1031 3817 1086 perseve-

2221 1113 2326 1170 rat,
2359 1105 2454 1160 sed
2483 1107 2650 1176 magis
2682 1115 2864 1161 tamen
2892 1105 3094 1160 malitia
3135 1122 3297 1176 quam
3339 1108 3564 1164 clamor.
3595 1108 3819 1166 Clamor
3861 1099 3866 1176 ξ

2221 1195 2423 1266 quippe
2458 1211 2566 1251 non
2594 1211 2809 1267 semper
2837 1203 2919 1251 est
2947 1195 3002 1250 in
3033 1196 3217 1252 oribus
3242 1197 3461 1265 nostris,
3492 1199 3696 1254 malitia
3719 1216 3817 1255 au-

2221 1296 2332 1341 tem
2361 1301 2574 1358 semper
2601 1295 2684 1343 est
2711 1288 2765 1342 in
2794 1287 3046 1343 cordibus
3075 1289 3303 1354 nostris;
3343 1287 3410 1344 ac
3434 1305 3538 1360 per
3558 1291 3661 1346 hoc
3681 1301 3818 1363 puto

2183 1388 2192 1397 '
2222 1379 2368 1448 quod
2397 1381 2560 1435 etiam
2585 1380 2631 1434 si
2660 1380 2714 1434 in
2745 1379 2900 1435 nobis
2943 1380 3147 1435 clamor
3173 1380 3463 1446 desineret,
3496 1387 3677 1437 tamen
3702 1399 3817 1439 ma-

2222 1471 2337 1526 litia
2363 1479 2724 1542 permaneret.
2757 1471 2886 1532 Sine
2913 1471 3335 1526 murmuratione
3356 1487 3574 1542 quoque
3601 1480 3656 1528 et
3679 1488 3814 1543 que-

2221 1565 2334 1620 rela
2357 1580 2455 1620 nos
2478 1565 2617 1620 Deus
2637 1572 2820 1620 noster
2840 1579 2960 1619 esse
2974 1564 3228 1634 pnecepit
3245 1563 3498 1636 (Philipp.
3518 1581 3574 1632 ιι,
3595 1564 3680 1632 14,
3701 1566 3811 1636 l5).

2223 1657 2448 1724 Quando
2469 1658 2584 1713 haec
2607 1658 2661 1712 in
2685 1659 2921 1713 humano
2941 1671 3140 1726 genere
3169 1673 3276 1712 non
3299 1657 3548 1712 fuerunt?
3575 1657 3630 1713 Si
3653 1667 3812 1715 aestus

531 1750 700 1806 nostri
721 1765 922 1815 sumus,
955 1749 1218 1805 inlicitum
1247 1752 1468 1806 omnino
1498 1752 1806 1808 existimare
1834 1753 2114 1820 debemus,
2153 1739 2197 1800 Β
2225 1755 2325 1813 est.
2359 1749 2426 1804 de
2456 1748 2706 1804 ariditate
2735 1763 3049 1812 causamur;
3081 1749 3125 1802 si
3155 1748 3353 1818 pluvia.
3377 1748 3445 1804 de
3466 1749 3815 1806 inundatione

425 1894 434 1900 .
531 1843 684 1897 utvel
700 1842 788 1896 illa
799 1857 919 1912 qua:
930 1842 1144 1912 placent
1157 1841 1433 1913 pro'animi
1448 1845 1810 1900 oblectatione
1821 1863 2113 1915 sumamus,

531 1936 614 1990 vel
628 1935 717 1990 illa
733 1950 852 2004 qutc
865 1935 1149 2006 displicent
1161 1951 1260 2006 pro
1274 1938 1538 2007 superbia:
1554 1938 1811 1995 abusione
1825 1941 2113 1998 calcemus.

600 2027 731 2081 VIII.
765 2025 872 2082 Sed
895 2014 1297 2096 acquiescamus
1319 2035 1502 2084 tamen
1529 2030 1612 2084 his
1630 2031 1722 2101 qui
1748 2047 1813 2086 ex
1836 2034 2119 2103 praeceptis

530 2114 822 2173 Dominicis
849 2117 1048 2173 idcirco
1077 2117 1303 2173 forsitan
1330 2134 1430 2174 nos
1458 2120 1647 2174 nolunt
1682 2121 1888 2190 majora
1916 2122 2114 2190 dicere,

530 2209 656 2278 quia
683 2224 742 2264 se
762 2217 955 2280 putant
980 2209 1189 2264 minora
1211 2210 1502 2280 complere,
1529 2225 1636 2266 non
1657 2213 1782 2282 quia
1803 2213 2032 2270 sufficiat
2051 2215 2121 2270 ad

531 2303 776 2367 salutem,
800 2301 845 2356 si
866 2300 1163 2370 majoribus
1183 2302 1378 2372 spretis
1399 2303 1608 2358 minora
1628 2305 1905 2374 faciamus,
1929 2323 2120 2362 secun-

532 2392 658 2449 dum
690 2392 820 2448 illud
854 2411 866 2446 :
893 2391 1193 2466 Quicunque
1213 2403 1373 2448 totam
1393 2395 1552 2466 legem
1583 2400 1876 2464 servaverit,
1904 2400 2122 2468 oﬂ’endit

532 2497 704 2543 autem
731 2489 787 2542 in
815 2505 938 2553 uno,
963 2489 1131 2560 factus
1159 2497 1235 2542 est
1257 2489 1484 2543 omnium
1511 2507 1626 2545 reus
1651 2491 1788 2563 (Jac.
1815 2508 1850 2547 ιι
1869 2534 1883 2558 ,
1911 2492 2017 2563 10).
2043 2494 2122 2550 Ac

531 2594 628 2650 per
651 2579 788 2642 hoc,
832 2578 959 2633 licet
1004 2578 1159 2634 nobis
1206 2595 1315 2635 non
1361 2578 1590 2636 sufﬁciat
1616 2597 1780 2652 parva
1811 2599 1874 2638 ac
1900 2585 2120 2640 minima

530 2687 756 2743 quaeque
782 2671 988 2737 facere,
1021 2673 1302 2742 acquiesco
1340 2682 1519 2729 tamen
1548 2689 1650 2744 ego
1678 2676 1888 2732 minora
1917 2678 2118 2746 dicere,

531 2755 590 2820 ut
607 2761 887 2820 ostendam
907 2764 1193 2818 maximam
1208 2763 1634 2822 Christianorum
1653 2769 1890 2823 omnium
1912 2779 2121 2840 partem

531 2870 633 2911 nec
659 2857 851 2922 exigua
879 2855 1071 2910 saltem
1099 2871 1163 2911 ac
1190 2856 1410 2911 minima
1439 2856 1647 2914 fecisse.
1678 2859 1843 2916 Jussit
1870 2859 2122 2918 Salvator

532 2951 717 3000 uoster
742 2951 802 2999 ut
825 2942 1114 3000 Christiani
1143 2947 1391 3003 homines
1420 2964 1528 3003 non
1551 2950 1800 3018 jurarent
1822 2951 2040 3024 (Matth.
2063 2971 2114 3020 v,

530 3032 646 3107 54).
689 3033 878 3092 Plures
904 3035 1148 3092 invenias
1173 3039 1263 3106 qui
1297 3041 1490 3110 sacpius
1532 3039 1777 3110 pejerent
1820 3058 1981 3112 quam
2026 3045 2117 3113 qui

2221 1841 2641 1911 conquerimur:
2673 1841 2719 1897 si
2760 1839 3097 1896 infecundior
3142 1856 3313 1896 annus
3357 1849 3469 1908 est,
3503 1858 3814 1899 accusamus

2221 1932 2586 1998 sterilitatem;
2632 1933 2679 1987 si
2721 1932 3014 1997 fecundior,
3059 1931 3334 1987 vilitatem.
3371 1933 3608 2004 Adipisci
3646 1935 3812 1990 abun-

2221 2023 2458 2078 dantiam
2479 2025 2742 2094 cupimus,
2768 2030 2824 2079 et
2851 2024 3098 2079 eamdem
3118 2024 3298 2095 adepti
3320 2041 3653 2081 accusamus.
3677 2027 3813 2094 Quid

2220 2116 2326 2171 dici
2345 2117 2447 2171 hac
2467 2132 2526 2172 re
2547 2117 2860 2188 improbius,
2878 2117 3005 2187 quid
3026 2117 3468 2173 contumeliosius
3481 2120 3587 2192 52
3600 2122 3813 2189 potest?

2221 2207 2399 2264 Etiam
2423 2210 2476 2264 in
2505 2211 2609 2265 hoc
2635 2209 2702 2265 de
2729 2209 3096 2266 misericordia
3118 2210 3214 2266 Dei
3241 2211 3538 2280 querimur,
3561 2213 3688 2282 quia
3718 2213 3812 2269 tri-

2222 2303 2516 2373 buatfquod
2544 2319 2814 2374 rogamus.
2847 2304 3050 2359 Abesse
3075 2320 3106 2358 a
3136 2305 3307 2360 servis
3325 2305 3435 2360 suis
3455 2321 3614 2361 omne
3639 2308 3814 2362 omni-

2225 2410 2325 2459 no,
2359 2395 2522 2449 etiam
2569 2393 2847 2450 oculorum
2867 2436 2881 2460 ,
2913 2395 3221 2450 scandalum
3262 2396 3401 2450 Deus
3446 2399 3719 2467 prmcepit.
3747 2397 3813 2452 Et

2227 2486 2348 2541 ideo
2371 2488 2417 2540 si
2446 2488 2558 2558 quis
2575 2526 2589 2550 ,
2624 2486 2824 2555 inquit,
2856 2486 3038 2540 viderit
3059 2487 3326 2542 mulierem
3354 2488 3425 2540 ad
3451 2490 3814 2560 concupiscen-

2225 2576 2375 2641 dum,
2399 2579 2515 2648 jam
2553 2577 2834 2632 mmchatus
2875 2586 2952 2631 est
2980 2594 3094 2631 eam
3122 2580 3176 2631 in
3206 2578 3361 2633 corde
3387 2595 3480 2634 suo
3508 2579 3733 2650 (Matth.
3759 2598 3811 2647 ν,

2222 2667 2315 2739 28)
2368 2667 2505 2723 Hinc
2526 2669 2823 2737 intelligere
2846 2669 3007 2739 plene
3026 2685 3312 2740 possumus
3333 2686 3496 2740 quam
3517 2681 3695 2728 castos
3715 2689 3815 2729 nos

2223 2775 2343 2815 esse
2371 2759 2618 2815 Salvator
2651 2759 2893 2829 jusserit,
2939 2760 3031 2830 qui
3078 2761 3242 2815 etiam
3293 2760 3562 2816 licentiam
3593 2763 3815 2820 visionis

2225 2852 2470 2908 abscidit.
2521 2851 2710 2908 Sciens
2753 2853 2897 2907 enim
2944 2851 3208 2908 fenestras
3253 2852 3653 2922 quodammodo
3695 2871 3814 2912 esse

2224 2951 2528 2999 nostrarum
2573 2944 2833 2999 mentium
2863 2945 3042 2999 lumen
3087 2944 3387 3009 oculorum,
3419 2953 3474 2998 et
3501 2961 3690 3000 omnes
3710 2947 3813 3000 im-

2223 3035 2419 3105 probas
2446 3035 2767 3104 cupiditates
2800 3036 2854 3090 in
2875 3051 2972 3089 cor
2998 3051 3095 3105 per
3114 3036 3318 3101 oculos,
3351 3037 3502 3104 quasi
3535 3051 3632 3105 per
3653 3044 3815 3091 natu-

531 3125 752 3183 omniuo
782 3143 889 3183 non
905 3125 1106 3196 jurent.
1141 3127 1306 3183 Jussit
1339 3144 1554 3198 quoque
1597 3139 1655 3184 ut
1697 3111 1856 3187 nemo
1895 3111 2120 3190 malem-
2147 3111 2194 3176 C
2224 3126 2367 3181 rales
2386 3125 2682 3188 cuniculos,
2709 3126 2952 3191 introire,
2979 3127 3320 3195 exstinguere
3340 3142 3432 3182 eas
3451 3127 3664 3198 penitus
3683 3125 3815 3183 foris

529 3225 697 3276 ceret.
727 3217 910 3289 Cujus
928 3234 1038 3274 non
1065 3234 1244 3273 sermo
1273 3220 1580 3274 maledictio
1622 3225 1738 3276 est?
1768 3221 1946 3278 Prima
1975 3225 2118 3280 enim

529 3326 745 3382 semper
772 3311 972 3365 irarum
1010 3310 1118 3365 tela
1147 3309 1429 3365 maledicta
1465 3319 1607 3376 sunt,
1641 3321 1696 3367 et
1722 3313 1980 3384 quidquid
2007 3331 2117 3371 non

472 3424 483 3437 ο
529 3415 816 3472 possumus
843 3401 1125 3467 imbecilli,
1171 3408 1419 3470 optamus
1466 3401 1616 3465 irati;
1668 3418 1732 3457 ac
1779 3403 1940 3460 sicin
1971 3408 2120 3463 omni
2169 3448 2174 3449 κ

529 3495 831 3546 animorum
866 3491 1254 3561 indignantium
1285 3500 1454 3559 motu,
1480 3493 1620 3549 votis
1645 3495 1799 3550 malis
1826 3512 1925 3567 pro
1953 3500 2118 3554 armis

529 3583 747 3639 utimur.
783 3579 936 3638 Unde
983 3583 1348 3653 unusquisque
1395 3585 1670 3641 hominum
1718 3587 2119 3646 evidentissime

527 3676 738 3747 probat,
764 3674 1025 3745 quidquid
1049 3675 1163 3731 fieri
1187 3675 1509 3733 adversariis
1530 3679 1641 3734 suis
1662 3687 1832 3752 optat,
1860 3689 2029 3737 totum
2059 3699 2118 3739 se

527 3767 704 3825 facere
731 3770 901 3835 velle,
933 3769 978 3824 si
1006 3769 1196 3839 possit.
1229 3768 1337 3825 Sed
1362 3771 1614 3828 videlicet
1641 3775 1765 3843 quia
1807 3792 1993 3830 omnes
2017 3777 2118 3832 hac

525 3860 867 3931 improbitate
889 3861 1187 3930 linguarum
1215 3861 1372 3917 facile
1397 3864 1612 3930 utimur,
1634 3866 1724 3934 qui
1747 3868 1908 3935 jussis
1933 3867 2116 3921 Domi-

524 3951 660 4008 nicis
687 3967 796 4007 non
824 3951 1295 4020 obtemperamus,
1332 3951 1530 4006 idcirco
1568 3954 1730 4007 etiam
1779 3954 1920 4022 apud
1945 3953 2114 4006 Deum

528 4042 686 4098 facile
713 4042 818 4096 hoc
842 4049 1092 4110 putamus
1138 4057 1256 4097 esse
1302 4041 1392 4110 qui
1416 4041 1593 4110 jussit.
1623 4042 1897 4107 Maledici',
1944 4043 2115 4111 inquit

524 4147 706 4187 sermo
727 4131 956 4196 divinus,
984 4143 1192 4201 regnum
1216 4131 1314 4188 Dei
1335 4149 1440 4187 non
1460 4131 1792 4203 possidebunt
1813 4135 1831 4205 (
1845 4133 1865 4187 Ι
1889 4133 2007 4189 Cor.
2036 4154 2108 4201 v1,

523 4222 633 4292 10).
653 4219 790 4276 Hinc
810 4236 939 4292 ergo
968 4223 1267 4293 intelligere
1289 4239 1570 4295 possumus
1589 4239 1750 4292 quam
1770 4227 1948 4295 gravis
1969 4228 2038 4283 sit
2057 4236 2112 4285 et

522 4317 823 4390 perniciosa
852 4316 955 4389 51
987 4317 1321 4383 maledictio,
1353 4316 1568 4386 quando
1598 4311 1808 4372 etiamsi
1837 4321 1940 4375 alia
1969 4323 2108 4378 bona

520 4408 810 4470 adfuerint,
834 4409 949 4462 sola
978 4407 1215 4462 excludit
1238 4422 1268 4460 a
1291 4408 1447 4461 caelo.
1475 4408 1730 4463 Invidiam
1761 4413 1948 4479 procul
1988 4429 2108 4488 esse

2223 3220 2427 3284 voluit,
2459 3236 2526 3275 ne
2564 3220 2705 3275 intus
2734 3219 3023 3281 orirentur,
3067 3227 3124 3273 et
3152 3219 3424 3276 lethaliter
3449 3222 3811 3277 crescentibus

2223 3313 2370 3368 ﬁbris
2397 3314 2836 3368 convalescerent
2864 3310 3092 3367 fortasse
3120 3313 3173 3366 in
3205 3313 3406 3380 animo,
3439 3315 3483 3369 si
3511 3315 3810 3383 germinas-

2221 3411 2340 3459 sent
2370 3404 2423 3458 in
2451 3404 2585 3459 visu.
2609 3404 2815 3460 Idcirco
2843 3404 3024 3472 itaque
3053 3404 3128 3458 ait
3158 3404 3416 3460 Dominus
3441 3407 3685 3476 petulcos
3706 3408 3810 3462 im-

2221 3495 2538 3567 pudicorum
2589 3496 2865 3550 hominum
2915 3495 3139 3550 intuitus
3187 3512 3326 3551 noxa
3389 3497 3637 3554 adulterii
3702 3516 3811 3557 non

2223 3602 2429 3650 carere,
2464 3587 2672 3643 scilicet
2700 3595 2759 3642 ut
2797 3586 2889 3656 qui
2919 3587 3061 3642 bona
3092 3586 3194 3642 fide
3218 3586 3428 3656 fugeret
3467 3590 3807 3657 adulterium,

2220 3680 2514 3735 custodiret
2534 3689 2829 3750 aspectum.
2853 3677 3112 3734 Perfecta:
3133 3679 3396 3748 siquidem
3428 3696 3490 3736 ac
3514 3682 3810 3738 sincerissi«

2219 3787 2320 3826 mae
2349 3773 2649 3828 sanctitatis
2677 3773 2864 3826 volens
2890 3771 3124 3825 cultores
3165 3786 3290 3824 suos
3319 3769 3495 3826 facere
3537 3772 3805 3842 Salvator,

2212 3861 2372 3929 jussit
2401 3863 2467 3916 ab
2496 3863 2580 3916 his
2609 3853 2916 3916 cautissime
2955 3861 3116 3914 etiam
3148 3859 3365 3916 minima
3399 3861 3573 3929 vitari,
3606 3867 3808 3923 scilicet
3897 3930 3906 3937 ο

2219 3960 2277 4004 ut
2304 3966 2466 4019 quam
2495 3966 2627 4020 pura
2657 3959 2739 4004 est
2759 3950 2958 4020 pupilla
2983 3950 3154 4013 oculi,
3182 3957 3292 4004 tam
3320 3965 3451 4020 pura
3480 3963 3623 4009 esset
3648 3956 3807 4014 Chri-

2216 4041 2374 4095 stiani
2395 4042 2626 4096 hominis
2645 4042 2774 4107 vita,
2799 4049 2853 4096 et
2872 4041 3008 4095 sicut
3029 4041 3176 4095 salva
3198 4042 3807 4107 intuitusincolumitate

2216 4133 2449 4205 pulveris
2478 4133 2654 4187 labem
2699 4134 2750 4188 in
2793 4149 2852 4189 se
2897 4134 3085 4189 oculus
3116 4150 3222 4191 non
3251 4137 3544 4209 reciperet,
3588 4141 3664 4194 sic
3694 4141 3802 4197 vita

2215 4233 2399 4280 nostra
2428 4225 2603 4280 labem
2633 4226 2685 4280 in
2715 4242 2773 4282 se
2797 4227 3010 4299 penitus
3035 4227 3381 4300 impudicitia:
3409 4246 3515 4285 non
3555 4229 3798 4308 haberet.

2215 4319 2366 4376 Unde
2386 4328 2469 4376 est
2489 4321 2617 4376 illud
2638 4321 2797 4377 etiam
2819 4321 2964 4392 quod
2985 4320 3039 4376 in
3060 4324 3408 4392 sequentibus
3423 4323 3497 4377 ait
3511 4321 3795 4377 Dominus:

2215 4412 2274 4467 Si
2304 4413 2629 4467 scandalizat
2653 4423 2699 4468 te
2719 4414 2894 4468 oculus
2931 4424 3066 4477 tuus,
3095 4431 3215 4467 erue
3241 4431 3377 4469 eum.
3401 4414 3472 4468 Et
3499 4418 3544 4470 si
3572 4417 3798 4471 scanda-

520 4498 675 4569 jussit
694 4496 936 4551 Christus
973 4511 1005 4549 a
1035 4496 1208 4550 nobis.
1234 4495 1303 4548 At
1325 4510 1425 4550 nos
1452 4506 1638 4551 contra
1662 4537 1676 4562 ,
1703 4515 1812 4554 non
1834 4507 2107 4560 extraneis
2132 4489 2182 4549 D
2210 4502 2334 4554 lizat
2363 4513 2408 4555 te
2426 4520 2607 4556 manus
2630 4512 2738 4568 tua,
2763 4503 3008 4556 abscinde
3031 4520 3162 4556 eam.
3187 4501 3412 4574 Expedit
3435 4505 3524 4560 tibi
3545 4518 3600 4562 ut
3625 4518 3801 4579 pereat

521 4597 748 4654 tantum,
795 4587 891 4642 sed
932 4589 1094 4643 etiam
1133 4586 1394 4658 proximis
1431 4588 1758 4658 invidemus;
1804 4609 1904 4648 nec
1931 4596 2104 4651 solum

521 4680 799 4746 inimicos,
841 4678 934 4735 sed
963 4679 1124 4736 etiam
1162 4679 1363 4734 amicos
1389 4690 1602 4740 nostros
1631 4685 1799 4742 livore
1826 4686 2102 4757 perfundi-

518 4789 660 4830 mus.
678 4772 828 4829 Adeo
849 4788 1015 4844 prope
1037 4773 1088 4826 in
1105 4771 1340 4827 omnium
1361 4789 1524 4830 sensu
1545 4777 1650 4832 hoc
1671 4779 1867 4834 malum
1891 4791 2099 4850 regnat;

518 4868 656 4924 adeo
700 4865 968 4924 esuriendi
1012 4864 1175 4919 libido
1223 4866 1511 4922 terminum
1556 4869 1738 4935 habet,
1784 4871 2101 4930 detrahendi

518 4959 681 5016 libido
722 4959 1012 5015 terminum
1058 4972 1166 5012 non
1203 4955 1382 5010 habet.
1410 4955 1542 5012 Nam
1572 4969 1786 5030 semper
1813 4961 2100 5019 admodum

517 5055 666 5120 cibo,
699 5067 972 5122 nunquam
1000 5049 1334 5106 detractione
1355 5057 1677 5107 saturamur.
1703 5052 1808 5109 Sed
1837 5056 1969 5111 levis
1997 5057 2106 5112 for-

517 5144 655 5201 sitan
675 5160 832 5214 pmna
857 5145 1008 5200 istius
1028 5142 1164 5198 labis
1184 5149 1283 5197 est.
1305 5139 1613 5209 Detrahens,
1634 5145 1807 5215 inquit
1827 5147 2104 5216 Scriptura

517 5251 687 5298 sacra,
717 5236 1084 5292 eradicabitur.
1114 5235 1304 5293 Gravis
1331 5235 1574 5307 profecto
1601 5245 1656 5293 et
1686 5239 1959 5294 tremenda
1990 5241 2105 5294 ani-

517 5327 841 5390 madversio,
857 5327 952 5381 sed
968 5336 1148 5383 tamen
1169 5329 1314 5385 nulla
1333 5329 1617 5385 correctio.
1636 5329 1937 5385 Dummodo
1960 5332 2102 5385 enim

519 5416 880 5487 unusquisque
906 5419 1183 5474 hominum
1225 5421 1386 5477 alium
1427 5423 1668 5478 lacerare
1712 5438 1819 5477 non
1865 5421 2095 5487 desinat,

2209 4609 2368 4647 unum
2406 4594 2746 4649 membrorum
2800 4603 2998 4646 tuorum
3045 4609 3196 4663 quam
3228 4603 3385 4648 totum
3432 4613 3615 4668 corpus
3658 4608 3797 4655 tuum

2209 4689 2440 4741 mittatur
2468 4689 2522 4741 in
2561 4687 2845 4757 gehennam
2869 4683 3062 4755 (Ibid.,
3092 4683 3181 4750 29,
3216 4685 3337 4752 50).
3371 4685 3430 4740 Si
3458 4687 3618 4756 igitur
3641 4691 3796 4759 juxta

2210 4780 2306 4836 Dei
2347 4780 2569 4833 verbum
2615 4778 2669 4832 in
2717 4777 3014 4845 gehennam
3043 4777 3310 4833 scandulis
3337 4778 3616 4846 trahimur,
3648 4792 3797 4838 recte

2208 4869 2472 4941 profecto,
2505 4877 2563 4923 ut
2590 4869 2890 4938 gehennam
2911 4869 3080 4923 vitare
3108 4848 3397 4939 possimus,
3427 4869 3588 4922 etiam
3617 4873 3794 4926 mani-

2209 4963 2309 5018 bus
2337 4960 2535 5015 nostris
2565 4975 2664 5015 nos
2695 4961 2970 5029 oculisque
2994 4961 3310 5015 multamus:
3331 4975 3436 5014 non
3458 4961 3605 5029 quod
3624 4978 3795 5019 mem-

2209 5055 2320 5110 bris
2348 5054 2461 5108 suis
2485 5053 2606 5123 quis
2633 5053 2845 5124 privare
2873 5068 2932 5107 se
2958 5052 3168 5116 debeat,
3198 5053 3292 5107 sed
3319 5052 3443 5121 quia
3465 5059 3575 5108 tam
3606 5071 3794 5113 neces-

2207 5147 2363 5201 sariae
2385 5146 2540 5202 nobis
2560 5153 2685 5201 sunt
2705 5143 2946 5214 quzedam
2972 5143 3386 5199 domesticorum
3409 5147 3790 5218 obsequiorum
3833 5211 3844 5233 ‘

2208 5238 2646 5304 necessitudines,
2699 5246 2756 5292 ut
2802 5237 2884 5291 his
2928 5235 3082 5305 quasi
3129 5236 3233 5308 53
3281 5238 3470 5304 oculis,
3521 5240 3788 5297 interdum

2207 5339 2387 5386 autem
2407 5332 2560 5402 quasi
2581 5330 2826 5385 manibus
2846 5336 3076 5394 utamur,
3100 5337 3248 5384 recte
3269 5331 3426 5387 nobis
3447 5333 3785 5402 praesentium

2206 5424 2624 5479 ministeriorum
2653 5423 2826 5478 cilicia
2866 5421 3253 5490 subtrahimus,
3285 5440 3354 5481 ne
3384 5433 3408 5461 ει
3437 5426 3623 5480 aeterni
3651 5425 3785 5494 ignis
3843 5418 3847 5420 ’

518 5510 653 5567 tanti
680 5515 832 5581 putat
856 5516 915 5562 ut
942 5509 1103 5590 etiam
1132 5510 1234 5564 sibi
1261 5511 1376 5580 ipse
1416 5529 1524 5569 non
1563 5521 1770 5584 parcat.
1802 5513 1909 5568 Sed
1938 5513 2098 5584 digna
2203 5522 2471 5570 tormenta
2497 5515 2780 5585 patiamur.
2817 5511 2917 5568 Ubi
2946 5515 3089 5571 enim
3114 5515 3182 5571 de
3210 5516 3504 5572 ministerio
3533 5517 3709 5586 agitur
3730 5524 3786 5574 et

1703 5615 2038 5680 STEPHANI
2076 5624 2343 5682 BALU'LII
2382 5624 2606 5681 NOTAE.

585 5727 611 5757 ι
631 5714 706 5774 lie
733 5711 834 5779 fuit
855 5718 1098 5772 veterum
1141 5711 1440 5784 persuasiO.
1477 5722 1538 5770 ut
1563 5717 1936 5780 existimarent
1973 5734 2094 5782 esse
2199 5725 2458 5781 aeternum
2487 5721 2663 5788 ignem
2691 5719 2830 5790 apud
2865 5720 3065 5779 inferos
3090 5735 3198 5790 quo
3224 5719 3462 5782 damnati
3496 5735 3781 5780 exureren-
