4234 6262
424 285 496 342 05
1516 281 1600 336 ue
1637 266 2168 339 GUBERNA'I‘IONE
2208 279 2320 335 DEI
2359 278 2484 334 LIB.
2528 268 2613 333 ut.
3642 276 3712 343 ω

421 400 555 466 vita,
586 397 793 454 rectius
811 395 1052 470 profecto
1070 385 1378 452 Christiano
1406 405 1489 454 est
1509 397 1809 476 ministerio
1829 411 2017 452 carere
2043 401 2096 462 Α
2121 396 2167 450 si
2194 409 2304 450 non
2333 394 2529 450 faciant
2552 392 2698 464 quod
2731 391 3008 463 jubentur.
3032 387 3204 450 Porro
3226 402 3406 449 autem
3445 410 3544 451 nos
3566 401 3716 492 omni

421 505 591 561 quam
619 491 756 546 vita.

490 582 588 639 IX.
630 582 816 652 Itaque
842 597 964 637 cum
1002 583 1058 636 in
1097 581 1347 637 omnibus
1373 581 1457 637 his
1495 597 1616 652 quae
1643 580 1877 636 diximus
1901 581 2026 636 obe-

419 654 540 731 dire
568 689 670 730 nos
715 673 815 728 sibi
843 673 1100 728 Daminus
1127 681 1314 728 noster
1350 671 1604 742 jusserit,
1646 671 1737 726 ubi
1775 677 1900 726 sunt
1928 670 2023 740 qui

419 777 516 824 aut
545 769 600 822 in
629 766 892 821 universis
918 765 1190 822 mandatis
1218 766 1351 830 Deo,
1385 773 1478 820 aut
1498 771 1648 820 certe
1674 765 1759 819 vel
1800 765 1854 818 in
1882 779 2019 834 pau—

419 859 650 916 cissimis
695 858 1108 928 obsequantur?
1132 857 1235 914 Ubi
1282 867 1410 914 sunt
1453 859 1544 928 qui
1593 865 1688 911 aut
1716 867 1742 894 ι
1774 856 2021 911 inimicos

358 943 368 954 ’
417 950 661 1018 diligant,
690 957 784 1004 aut
829 951 1280 1021 persequentibus
1326 950 1690 1013 benefaciant,
1720 958 1814 1003 aut
1848 949 2020 1003 malos

419 1043 474 1096 in
503 1043 645 1097 bono
670 1043 892 1098 vincant
909 1083 924 1108 ,
953 1044 1045 1114 qui
1083 1043 1332 1098 maxillas
1355 1042 1686 1098 caedentibus
1713 1041 2015 1112 praebeant,

421 1134 511 1202 qui
539 1135 898 1205 spoliantibus
936 1152 1026 1191 res
1065 1151 1192 1191 suas
1230 1137 1348 1191 sine
1385 1137 1480 1191 lite
1508 1135 1850 1190 concedant?
1889 1133 2019 1200 Quis

415 1234 500 1282 est
519 1227 668 1297 apud
694 1243 858 1298 quem
879 1228 907 1268 ι’
937 1229 1286 1285 delectationi
1311 1229 1529 1299 penitus
1558 1227 1690 1282 nihil
1716 1213 1902 1294 liceat,
1925 1230 2018 1296 qui

412 1321 666 1376 convicio
693 1337 793 1376 suo
821 1323 1094 1377 neminem
1144 1321 1325 1387 laedat,
1356 1322 1449 1391 qui
1494 1321 1710 1376 silentio
1755 1337 1817 1376 os
1859 1335 2016 1375 coer-

412 1419 556 1478 ceat,
607 1427 680 1468 ne
725 1413 780 1467 in
827 1412 1243 1468 amaritudinem
1292 1412 1684 1468 maledictionis
1732 1412 2018 1480 erumpat?

334 1521 339 1528 '
413 1499 544 1570 Quis
571 1511 656 1559 est
676 1504 769 1574 qui
793 1502 955 1559 faciat
982 1504 1098 1559 hare
1127 1504 1385 1558 minima?
1412 1511 1472 1557 ut
1499 1519 1608 1558 non
1635 1502 1808 1557 dicam
1831 1501 1920 1556 illa
1949 1501 2018 1556 de

413 1596 610 1664 quibus
655 1596 890 1652 diximus
937 1596 1099 1667 paulo
1147 1603 1293 1660 ante,
1326 1595 1551 1664 majora.
1593 1593 1725 1661 Quae
1772 1609 1896 1649 cum
1941 1593 2016 1647 ita

418 1685 549 1752 sint,
580 1694 636 1741 et
676 1701 801 1742 cum
828 1702 861 1741 a
888 1687 1047 1742 nobis
1076 1687 1150 1741 nil
1178 1687 1395 1758 penitus
1423 1687 1718 1742 Dominicze
1755 1685 2017 1755 jussionis

2125 485 2325 553 studio,
2355 486 2502 541 omni
2521 485 2661 552 nisu,
2694 500 2802 540 non
2831 486 3006 542 solum
3029 485 3177 556 jussa
3207 502 3316 542 non
3342 484 3592 553 facimus,
3623 484 3721 546 εδει

2125 587 2314 635 contra
2343 577 2397 633 id
2420 578 2646 633 facimus
2665 577 2810 648 quod
2829 577 3107 646 jubemur.
3135 576 3296 634 Jubet
3324 579 3471 641 enim
3495 578 3640 636 Deus
3661 588 3724 636 ut

2124 684 2314 726 omnes
2337 668 2493 724 nobis
2520 668 2751 723 invicem
2781 668 2930 723 chari
2957 669 3124 725 simus
3149 688 3161 724 :
3195 686 3384 726 omnes
3412 680 3593 728 autem
3618 688 3721 729 nos

2123 768 2311 816 mutua
2340 758 2685 815 infestatione
2725 759 3042 816 laceramus.
3071 759 3231 816 Jubet
3276 761 3420 818 Deus
3455 773 3515 818 ut
3540 764 3720 820 cuncti

2123 854 2406 923 egentibus
2445 868 2540 909 sua
2567 852 2838 919 tribuant;
2870 854 3049 909 cuncti
3074 853 3363 910 admodum
3391 856 3568 912 aliena
3594 872 3719 928 per-

2122 944 2345 999 vadunt.
2394 943 2552 1000 lubet
2600 944 2741 1000 Deus
2789 953 2848 998 ut
2887 947 3061 1000 omnis
3103 947 3196 1017 qui
3238 945 3572 1003 Christianus
3611 957 3715 1016 est,

2124 1045 2287 1100 etiam
2318 1044 2507 1099 oculos
2543 1050 2726 1098 castos
2755 1043 2986 1109 habeat;
3015 1052 3214 1112 quotus
3253 1044 3480 1114 quisque
3515 1054 3598 1100 est
3624 1046 3716 1114 qui

2124 1131 2232 1191 non
2263 1152 2322 1191 se
2369 1137 2483 1192 luto
2533 1135 2906 1191 fornicationis
2952 1129 3225 1190 involvat?
3252 1135 3320 1189 Et
3358 1135 3487 1205 quid
3529 1137 3719 1206 plura?

2123 1227 2302 1283 Grave
2327 1235 2382 1282 et
2410 1227 2712 1283 luctuosum
2741 1235 2825 1282 est
2851 1225 2994 1294 quod
3025 1224 3265 1281 dicturus
3303 1242 3440 1280 sum.
3467 1225 3585 1297 Ipsa
3616 1225 3717 1281 Ec-

2122 1320 2288 1376 clesia
2317 1319 2432 1386 Dei,
2460 1334 2580 1388 quae
2609 1320 2662 1373 in
2685 1317 2936 1373 omnibus
2963 1332 3081 1374 esse
3111 1317 3273 1373 debet
3299 1317 3561 1387 placatrix
3599 1317 3716 1384 Dei,

2121 1411 2253 1480 quid
2281 1419 2366 1466 est
2393 1411 2537 1465 aliud
2581 1425 2743 1479 quam
2790 1410 3164 1465 exacerbatrix
3213 1409 3344 1464 Dei?
3386 1417 3479 1463 aut
3523 1417 3717 1480 prmter

2121 1500 2477 1570 paucissimos
2503 1499 2765 1570 quosdam
2786 1500 2876 1569 qui
2897 1501 3037 1554 mala
3059 1500 3286 1570 fugiunt,
3309 1500 3437 1570 quid
3467 1509 3549 1556 est
3576 1500 3716 1556 aliud

2122 1607 2264 1664 pene
2291 1593 2468 1647 omnis
2515 1601 2688 1648 coetus
2731 1591 3162 1648 Christianorum
3192 1608 3351 1664 quam
3406 1594 3614 1649 sentina
3639 1594 3716 1647 vi-

2120 1685 2368 1740 tiorum?
2395 1683 2631 1750 Quotum
2661 1685 2804 1739 enim
2836 1699 3106 1756 quemque
3134 1684 3374 1740 invenies
3396 1685 3450 1739 in
3478 1684 3715 1741 Ecclesia

415 1777 528 1846 ﬁat,
560 1779 689 1850 quid
707 1789 791 1836 est
817 1780 961 1852 quod
985 1795 1086 1836 nos
1112 1795 1402 1851 queramur
1430 1779 1498 1834 de
1526 1780 1660 1842 Deo,
1692 1795 1815 1835 cum
1855 1779 2009 1848 queri
2041 1777 2091 1838 B
2118 1793 2229 1832 non
2277 1784 2372 1831 aut
2409 1776 2701 1840 ebriosum,
2733 1785 2828 1831 aut
2873 1776 3203 1842 helluouem,
3248 1784 3345 1831 aut
3388 1776 3714 1843 adulterum,

412 1869 583 1939 magis
619 1870 760 1926 Deus
783 1870 850 1927 de
876 1870 1034 1927 nobis
1078 1871 1330 1927 omnibus
1355 1871 1560 1941 possit?
1589 1869 1718 1937 Qua:
1759 1871 1897 1926 ratio
1927 1878 2010 1925 est

419 1967 483 2014 ut
510 1959 788 2016 doleamus
813 1977 914 2017 nos
941 1977 1051 2017 non
1079 1961 1247 2017 audiri
1291 1978 1322 2016 a
1369 1963 1502 2027 Deo,
1537 1977 1660 2017 cum
1699 1961 1802 2033 ipsi
1839 1961 2010 2017 Deum

420 2064 530 2103 non
559 2050 833 2106 audiamus
859 2060 915 2106 et
943 2067 1283 2107 susurremus
1319 2067 1426 2108 non
1453 2051 1651 2122 respici
1693 2067 1725 2106 a
1753 2051 1868 2107 Deo
1897 2060 2008 2107 ter-

418 2161 532 2212 ras,
563 2163 684 2203 cum
713 2148 815 2218 ipsi
857 2163 967 2203 non
1009 2151 1359 2220 respiciamus
1379 2149 1452 2206 ad
1490 2151 1719 2217 caelum;
1763 2159 1823 2205 ut
1849 2151 2013 2207 mole-

416 2245 562 2292 stum
608 2239 678 2293 sit
709 2249 732 2278 ο
764 2239 963 2310 despici
1011 2256 1042 2295 a
1092 2240 1555 2312 Domino'preces
1597 2250 1837 2308 nostras,
1890 2258 2011 2298 cum

414 2336 682 2398 praecepta
711 2327 827 2398 ejus
872 2329 1238 2400 despiciantur
1277 2347 1309 2385 a
1347 2332 1541 2388 nobis?
1569 2331 1678 2388 Fac
1713 2348 1815 2388 nos
1853 2348 2012 2404 pares

412 2415 640 2474 Domino
659 2429 846 2476 nostro
867 2437 1006 2477 esse.
1035 2421 1166 2489 Quis
1181 2421 1341 2492 justa:
1360 2423 1716 2493 querimoniae
1731 2424 1884 2480 locus
1903 2431 2008 2492 est,

411 2508 515 2566 hoc
541 2512 653 2582 pati
680 2528 948 2584 quemque
974 2513 1119 2584 quod
1157 2515 1388 2571 fecerit?
1415 2515 1579 2572 Salvo
1608 2532 1676 2572 eo
1699 2516 1845 2586 quod
1879 2533 2010 2586 pro-

392 2600 541 2658 bare
581 2601 736 2659 facile
781 2621 1021 2676 possum,
1073 2620 1415 2675 nequaquam
1460 2622 1563 2661 nos
1602 2606 1718 2675 pati
1758 2593 1849 2662 illa
1890 2621 2012 2677 qua:

409 2690 653 2759 facimus,
685 2703 740 2750 et
766 2697 949 2751 mitius
975 2696 1147 2750 multo
1173 2696 1455 2752 nobiscum
1475 2697 1648 2752 Deum
1668 2711 1827 2766 agere
1846 2712 2009 2768 quam

409 2801 509 2840 nos
535 2801 660 2842 cum
696 2787 828 2842 Deo.
869 2786 980 2843 Sed
1019 2788 1234 2842 interim
1264 2795 1448 2842 tamen
1491 2788 1594 2842 hac
1629 2802 1850 2857 agamus
1889 2789 2009 2858 lege

408 2891 517 2945 qua
556 2877 837 2946 coepimus.
875 2877 968 2932 Sic
995 2878 1140 2931 enim
1169 2877 1285 2945 ipse
1325 2877 1490 2932 etiam
1538 2877 1798 2932 Dominus
1825 2878 1955 2933 dicit
1989 2898 2001 2932 :

412 2965 646 3021 Clamavi
675 2967 744 3019 ad
770 2983 875 3032 vos,
908 2977 959 3020 et
994 2983 1099 3021 non
1137 2967 1357 3021 audistis
1385 2985 1493 3033 me;
1523 2978 1572 3022 et
1599 2984 1686 3022 vos
1715 2968 2004 3023 clamabitis

413 3058 484 3112 ad
504 3075 602 3124 me,
635 3067 815 3113 etnon
842 3058 1118 3113 exaudiam
1146 3076 1233 3113 vos
1259 3058 1392 3131 (Jer.
1436 3077 1506 3124 χι,
1541 3059 1598 3112 II
1625 3078 1638 3126 ;
1692 3060 1855 3116 Zach.
1905 3079 1994 3128 vn,

2117 1876 2214 1924 aut
2240 1867 2647 1932 fomicatorem,
2675 1876 2769 1922 aut
2815 1877 3110 1938 raptorem,
3141 1874 3233 1922 aut
3272 1880 3592 1936 ganeonem,
3623 1874 3715 1922 aut

2117 1961 2412 2022 latronem,
2439 1967 2535 2014 aut
2553 1959 2913 2015 homicidam?
2937 1967 2993 2014 et
3020 1959 3165 2030 quod
3186 1960 3268 2014 his
3287 1959 3536 2015 omnibus
3562 1959 3714 2030 pejus

2117 2061 2223 2117 est,
2271 2068 2441 2123 prope
2492 2053 2606 2107 haac
2656 2061 2850 2108 cuncta
2895 2052 3014 2108 sine
3061 2050 3187 2107 ﬁne.
3242 2051 3523 2122 Interrogo
3571 2051 3714 2106 enim

2119 2141 2551 2197 Christianorum
2597 2143 2843 2220 omnium
2888 2143 3273 2198 conscientiam
3326 2162 3339 2195 :
3391 2157 3457 2198 ex
3497 2143 3584 2198 his
3629 2141 3714 2198 vel

2118 2234 2337 2303 ﬂagitiis
2385 2234 2470 2289 vel
2519 2234 2810 2290 sceleribus
2863 2249 2984 2304 quae
3027 2251 3172 2290 nunc
3217 2234 3477 2302 diximus,
3517 2241 3713 2305 quotus

2119 2323 2350 2393 quisque
2376 2324 2656 2379 hominum
2683 2340 2792 2380 non
2821 2325 3021 2395 aliquid
3041 2333 3125 2381 est
3153 2326 3364 2391 horum,
3398 2333 3491 2380 aut
3515 2331 3713 2394 qualus

2119 2418 2350 2486 quisque
2379 2433 2486 2474 non
2517 2419 2725 2473 totum?
2754 2417 2986 2474 Facilius
3009 2419 3206 2490 quippe
3240 2418 3485 2473 invenias
3510 2417 3605 2487 qui
3627 2426 3713 2470 to-

2121 2519 2238 2565 tum
2264 2511 2334 2566 sit
2360 2525 2521 2580 quam
2547 2511 2639 2580 qui
2667 2512 2817 2566 nihil.
2842 2511 2910 2566 Et
2935 2512 3080 2582 quod
3106 2511 3338 2567 diximus
3376 2511 3529 2577 nihil,
3555 2511 3713 2564 nimis

2117 2602 2344 2659 forsitan
2395 2605 2572 2673 gravis
2615 2604 2860 2660 videatur
2901 2620 3020 2661 esse
3065 2619 3322 2660 censurae.
3368 2602 3495 2657 Plus
3543 2605 3712 2657 multo

2116 2694 2317 2751 dicam.
2348 2694 2580 2752 Facilius
2601 2697 2841 2753 invenias
2860 2711 2984 2752 reos
3004 2695 3267 2749 malorum
3288 2693 3525 2748 omnium
3547 2707 3709 2761 quam

2117 2800 2228 2839 non
2263 2787 2536 2853 omnium;
2567 2786 2776 2843 facilius
2802 2786 3068 2855 majorum
3104 2785 3386 2840 criminum
3416 2798 3576 2853 quam
3606 2784 3709 2839 mi-

2114 2891 2311 2932 norum
2358 2896 2370 2929 :
2405 2877 2510 2948 55
2551 2878 2605 2932 id
2653 2887 2754 2942 est,
2785 2877 2991 2932 facilius
3017 2877 3109 2946 qui
3156 2885 3211 2931 et
3237 2873 3442 2944 majora
3487 2875 3709 2932 crimina

2113 2985 2238 3024 cum
2266 2969 2584 3036 minoribus,
2607 2984 2768 3038 quam
2797 2969 2888 3039 qui
2919 2969 3126 3024 minora
3156 2975 3365 3023 tantum
3393 2968 3511 3023 sine
3535 2967 3706 3038 majo-

2113 3061 2262 3117 ribus
2289 3061 2670 3132 perpetrarint.
2701 3061 2759 3115 In
2788 3062 2929 3117 hanc
2958 3061 3100 3117 enim
3132 3076 3344 3116 morum
3378 3061 3709 3132 probrosita-

409 3147 522 3220 15).
553 3149 692 3216 Quid
719 3151 860 3205 enim
885 3150 1127 3218 dignius,
1157 3158 1249 3204 aut
1273 3149 1401 3219 quid
1423 3149 1657 3219 justius?
1683 3151 1802 3206 Non
1844 3152 1994 3208 audi-
2027 3142 2081 3206 C
2113 3159 2227 3206 tem
2255 3166 2425 3239 prope
2453 3151 2629 3207 omnis
2667 3151 3032 3207 ecclesiastica
3068 3152 3220 3224 plebs
3262 3150 3477 3207 redacta
3506 3159 3618 3217 est,
3650 3159 3708 3206 ut

404 3241 598 3307 vimus,
631 3255 740 3296 non
785 3241 1033 3296 audimur
1059 3259 1072 3293 :
1097 3240 1205 3312 54
1230 3257 1343 3298 non
1382 3244 1741 3313 respeximus,
1772 3260 1881 3299 non
1909 3261 2000 3300 re-

402 3335 675 3406 spicimur.
705 3333 856 3401 Quis,
887 3348 1042 3403 rogo,
1073 3348 1141 3388 ex
1168 3335 1472 3390 carnalibus
1497 3334 1737 3391 dominis
1755 3336 1857 3392 hac
1877 3352 2001 3392 cum

401 3430 513 3486 suis
534 3430 653 3499 lege
680 3442 841 3497 agere
867 3437 1155 3484 contentus
1182 3437 1296 3496 est,
1328 3437 1388 3484 ut
1415 3439 1729 3486 contemnat
1756 3439 2000 3488 tantum-

403 3520 565 3575 modo
593 3535 780 3575 servos
798 3535 945 3586 suos,
963 3520 1090 3590 quia
1109 3519 1268 3574 fuerit
1291 3519 1358 3575 ab
1379 3522 1458 3576 eis
1477 3521 1593 3590 ipse
1617 3530 1960 3594 contemptus
1976 3524 2002 3578 ?
2073 3581 2080 3588 ,

403 3611 722 3682 Quanquam
748 3626 849 3667 nos
876 3626 986 3666 non
1015 3611 1119 3666 hac
1145 3611 1320 3666 solum
1348 3612 1545 3680 injuria
1589 3622 2003 3670 contemnamus

401 3703 592 3773 Deum,
619 3721 726 3776 qua
751 3704 1026 3761 contemni
1055 3719 1086 3758 a
1110 3704 1280 3760 servis
1302 3704 1414 3760 suis
1440 3702 1469 3742 τι
1508 3705 1712 3762 domini
1753 3707 2000 3763 carnales

399 3797 594 3863 solent,
620 3797 748 3867 quia
770 3811 1051 3853 servorum
1091 3797 1180 3853 hic
1217 3803 1559 3869 contemptus
1598 3808 1682 3855 est
1701 3802 1990 3868 maximus,

2117 3244 2173 3298 in
2228 3251 2422 3299 cuncto
2471 3245 2672 3315 populo
2731 3243 3038 3301 Christiano
3095 3259 3263 3314 genus
3307 3245 3707 3316 quodammodo

2111 3335 2416 3391 sanctitatis
2442 3336 2545 3400 sit,
2582 3347 2606 3375 ο
2637 3337 2815 3392 minus
2843 3353 2964 3394 esse
2991 3337 3264 3393 vitiosum.
3295 3335 3481 3406 Itaque
3529 3336 3705 3392 eccle-

2110 3427 2222 3482 sias
2249 3428 2335 3484 vel
2365 3429 2542 3500 potius
2572 3431 2773 3500 templa
2803 3439 2982 3500 atque.
3000 3430 3192 3486 altaria
3240 3431 3335 3486 Dei
3363 3431 3588 3486 minoris
3615 3445 3705 3502 re-

2110 3520 2368 3575 verentia:
2404 3521 2624 3591 quidam
2660 3521 2861 3576 habent
2887 3536 3048 3590 quam
3087 3520 3372 3590 cujuslibet
3399 3521 3604 3576 minimi
3643 3535 3706 3576 ac

2090 3617 2452 3687 municipalis
2486 3617 2682 3686 judicis
2727 3617 2964 3672 domum.
3017 3616 3291 3684 Siquidem
3332 3617 3471 3670 intra
3512 3615 3706 3684 januas

2109 3722 2221 3761 non
2250 3707 2412 3762 modo
2443 3705 2461 3745 ί
2495 3707 2800 3763 inlustrium
2823 3713 3179 3776 potestatum,
3212 3705 3308 3761 sed
3337 3705 3499 3762 etiam
3521 3706 3706 3786 praesi-

2109 3798 2238 3853 dum
2279 3813 2342 3853 ac
2392 3797 2832 3868 pnepositorum,
2882 3811 2993 3853 non
3033 3810 3222 3854 omnes
3262 3795 3462 3866 passim
3501 3796 3703 3854 intrare

1585 3890 1927 3947 STEPHANI
1965 3888 2245 3948 BALUZII
2280 3888 2509 3946 ΝΟΤᾸΞ.

407 3985 512 4052 tur.
561 3977 790 4052 Elegans
825 3988 917 4052 est
943 3979 1096 4052 locus
1132 3978 1315 4052 Fausti
1358 3982 1598 4052 episcopi
1647 3983 1896 4040 Reiensis
1942 3986 1997 4040 in

405 4047 646 4123 epistola
677 4055 829 4123 sexta
857 4050 936 4123 ad
962 4049 1242 4123 Ruricium,
1261 4047 1592 4123 episcOpuin
1636 4053 1996 4111 Lemovieen-

403 4117 519 4173 scin
553 4136 564 4170 :
597 4117 752 4198 _Unde
774 4121 900 4198 ipse,
926 4121 1114 4190 inquit,
1141 4117 1520 4198 facile_terrena
1544 4122 1785 4198 despicis,
1821 4127 1898 4180 vel
1919 4129 1996 4198 fe-

401 4191 633 4243 nerantis
663 4205 806 4244 more
826 4189 1111 4268 dispensas,
1141 4189 1266 4268 dum
1290 4192 1420 4246 illud
1449 4189 1645 4264 cogitas
1675 4189 1880 4268 tempus
1893 4189 1992 4268 q'uo

398 4267 681 4337 durentur
697 4270 993 4331 peccatores
1016 4262 1148 4337 sicut
1168 4263 1360 4337 fenum,
1386 4280 1483 4334 quo
1506 4262 1786 4337 ivstuantis'
1799 4262 1993 4337 gehen-

399 4345 484 4383 πω
513 4331 689 4402 furore
733 4339 995 4402 perpetuo,
1042 4331 1189 4402 cujus
1229 4331 1408 4402 fumus
1441 4333 1675 4387 ascendit
1711 4336 1767 4388 in
1798 4331 1992 4391 imula

400 4398 807 4489 {celantia
825 4398 924 4489 ’τινί
953 4398 1297 4489 ,ηεθιξεξεπεηι
1319 4400 1514 4489 σηπία»
1535 4405 1650 4489 ,ιαιί
1692 4417 1854 4489 certe
1887 4425 1990 4489 ρυ-

399 4471 624 4542 nientur,
655 4479 712 4542 ut
732 4472 806 4524 eis
832 4471 965 4526 mori
983 4471 1043 4526 in
1060 4472 1238 4528 dolore
1265 4489 1370 4527 non
1395 4474 1566 4538 liceat,
1589 4477 1828 4531 morituri
1851 4471 1987 4542 vitta,

396 4548 450 4593 et
468 4541 620 4594 morti
653 4540 766 4595 sine
792 4542 899 4611 ﬁne
910 4544 1110 4614 victuri.
1141 4542 1276 4614 Item
1305 4543 1358 4598 in
1385 4543 1613 4614 epistola
1643 4546 1848 4614 prima:
1877 4540 1994 4603 Ha-

394 4626 480 4693 nio
499 4627 620 4693 ergo
647 4627 741 4693 pro
761 4611 1070 4693 mortalibus
1089 4613 1245 4693 ιῃςξζὶε
1272 4611 1553 4669 moriturus
1581 4611 1816 4693 est_Deo,
1847 4628 1897 4693 ct
1917 4621 1994 4693 ci-

2107 4001 2230 4049 uor,
2253 3985 2384 4054 quia
2412 3993 2733 4057 senescente
2765 3983 3026 4053 Ecclesia,
3069 3999 3283 4057 semper
3308 3983 3609 4057 recedimus
3633 3986 3702 4041 ab

2106 4057 2317 4126 origine
2344 4057 2575 4125 pietatis.
2609 4055 2838 4113 Videant
2865 4057 3059 4126 quibus
3087 4054 3255 4112 moris
3298 4065 3382 4112 est
3421 4054 3618 4112 Christi
3647 4064 3703 4112 et

2106 4125 2363 4181 Ecclesia:
2393 4128 2538 4195 leges
2566 4142 2717 4197 .inaso
2765 4125 3095 4197 suspendere
3140 4129 3224 4183 vel
3273 4127 3496 4184 ridicula
3544 4129 3704 4184 inter-

2105 4198 2412 4266 pretatione
2459 4196 2691 4263 mollire,
2739 4196 3037 4266 cujusmodi
3087 4199 3308 4252 nimium
3359 4200 3512 4254 multi
3553 4207 3698 4265 sunt,

2101 4275 2283 4336 utrum
2331 4281 2520 4335 magna
2549 4266 2719 4322 virtus
2762 4267 2831 4323 sit
2885 4268 3132 4322 inimicos
3169 4267 3412 4335 diligere,
3454 4269 3544 4336 qui
3602 4286 3701 4325 nec

2103 4335 2350 4459 fortassslis
2403 4338 2605 4391 amicos
2652 4352 2780 4392 suos
2835 4345 3056 4402 amant,
3118 4345 3178 4391 ut
3223 4337 3359 4392 dixit
3417 4335 3702 4393 salvianus

2103 4420 2228 4459 naa.
2335 4448 2347 4459 .

2102 4420 2513 4534 ΙἈξῖιῗιιίιιιιιιεε
2539 4477 2820 4534 editiones.
2845 4475 3050 4545 Quibus
3072 4479 3342 4536 consentit
3368 4479 3539 4536 codex
3567 4479 3692 4537 Cor-

2101 4548 2358 4604 beiensis.
2392 4547 2506 4620 Ego
2537 4557 2718 4620 tamen
2754 4547 3001 4604 lubenter
3040 4551 3273 4620 legerem
3318 4551 3697 4617 detrectationi,

2099 4625 2284 4694 tamen
2314 4621 2415 4674 etsi
2450 4619 2563 4675 vox
2601 4619 2931 4675 delectationi
2975 4619 3190 4677 sensum
3240 4636 3458 4694 quoque
3496 4623 3697 4680 bonum

392 4681 568 4735 cturus
587 4681 813 4767 inferno.
839 4681 971 4767 licet:
994 4684 1104 4767 erit.
1113 4683 1260 4767 illius
1279 4693 1518 4767 πασῃ-και
1545 4687 1680 4767 gnari
1698 4689 1826 4767 σέβη
1845 4689 1995 4767 dolo-
2018 4705 2076 4767 1)
2100 4689 2313 4767 reddat.

391 4767 451 4805 re
477 4767 584 4823 non
623 4750 795 4823 liceat.
839 4750 1028 4823 Neque
1055 4753 1213 4823 aliter
1237 4755 1406 4809 sensit
1433 4753 1699 4812 Pacianus
1725 4757 1988 4814 Barcino-

392 4822 574 4897 n_ens_is
602 4821 908 4897 episcopus,
938 4821 1079 4897 apud
1107 4838 1269 4897 quem
1297 4825 1376 4880 sic
1402 4824 1627 4894 legimus
1656 4827 1710 4880 in
1739 4844 1987 4897 parame-

389 4894 435 4948 si
467 4892 534 4946 ad
559 4891 932 4981 paenitentiam
947 4891 988 4975 ἐ’
1011 4891 1132 4976 Ipse
1159 4892 1256 4981 sibi
1291 4891 1563 4981 materiam
1594 4891 1986 4981 retreicentium

389 4977 668 5084 ῗρνροηιηι
706 4971 917 5042 reparat
941 4962 1077 5088 ignis
1107 4972 1348 5046 ceternus.
1376 4962 1445 5018 Et
1472 4962 1868 5051 Prospernsive
1892 4969 1987 5025 Ju-

395 5029 894 5112 ἰξιιιιιειᾼΡοιιιεξιιιιεξἓ
997 5075 1009 5086 .
1039 5049 1116 5112 ιιι,
1144 5033 1212 5089 de
1238 5033 1362 5112 Vita
1384 5033 1840 5112 Contemplativa,
1859 5055 1980 5110 cap.

387 5099 478 5164 12,
513 5100 654 5156 inter
679 5099 1019 5158 infelicitates
1041 5103 1418 5159 damnatorum
1444 5099 1689 5162 numerat
1711 5099 1842 5163 mori
1868 5099 1985 5165 υἱὶω

389 5168 557 5248 beatae
602 5179 652 5224 et
678 5174 831 5226 morti
870 5174 1033 5248 vicere
1077 5175 1420 5248 sempiterna.
1457 5175 1628 5231 Atrox
1664 5178 1985 5248 supplicium

385 5239 535 5320 quod
557 5256 776 5323 semper
801 5244 1008 5300 cruciat
1033 5239 1280 5323 miseros,
1307 5260 1410 5300 nec
1439 5253 1615 5323 tamen
1653 5239 1887 5323 perimit.
1920 5249 1988 5304 Et

387 5313 770 5387 misericordiae
785 5328 966 5387 genus
990 5323 1092 5382 est,
1122 5323 1186 5387 ut
1211 5314 1415 5372 Seneca
1444 5313 1671 5387 ait,‘cito
1695 5318 1983 5387 occidere;

385 5379 740 5462 crudelitatis,
760 5461 765 5462 γ
785 5379 949 5462 [ungo
988 5379 1231 5462 cruciatu
1257 5400 1473 5442 vexare.
1523 5379 1631 5442 Sed
1679 5387 1767 5443 hic
1795 5379 1984 5445 memil

385 5451 549 5525 nisse_
557 5460 776 5524 oportet
794 5451 1057 5525 Origenis.

423 5532 486 5604 ..ξ
516 5520 853 5604 Praeceptum
881 5520 1103 5604 _Christi
1147 5536 1249 5593 est,
1298 5543 1407 5598 quo
1452 5528 1705 5604 iubemur
1731 5531 1978 5604 inimicos

381 5591 640 5671 diligere.
660 5591 840 5671 Atque
878 5597 987 5671 _ho_c
1014 5591 1386 5671 argumentum
1428 5591 1586 5671 valde
1614 5609 1770 5671 urget
1795 5599 1976 5656 Caesa-

379 5662 498 5718 rius
517 5662 849 5721 Arelatensis
876 5667 930 5721 in
959 5662 1195 5723 hom'iliis
1216 5667 1284 5722 de
1298 5667 1586 5724 dilectione
1613 5662 1973 5726 ini'micorum.

380 5729 559 5794 Hodie
584 5741 770 5795 tamen
796 5737 1024 5796 multum
1051 5737 1322 5800 receditur
1341 5741 1411 5794 ab
1439 5740 1543 5796 hoc
1561 5740 1833 5808 mandato,
1859 5742 1978 5811 opi-

2179 4770 2201 4832 f
2227 4759 2412 4832 Cum,
2445 4761 2639 4832 despici
2670 4777 2702 4814 a
2726 4759 2858 4816 Deo.

2172 4826 2196 4866 ἀ
2227 4827 2505 4886 Editiones
2530 4826 2546 4884 ἑ
2577 4830 2847 4886 Contemni
2877 4848 2909 4884 a
2945 4834 3106 4887 servis
3131 4834 3238 4888 suis
3267 4833 3488 4889 curiales
3507 4837 3688 4888 solent.

2098 4896 2159 4954 In
2185 4915 2285 4974 _ora
2315 4899 2885 4974 Bitlimanmeditionis
2911 4903 3172 4974 scriptum
3193 4911 3274 4958 est
3305 4904 3557 4974 carnales.
3589 4901 3694 4956 Sed

2098 4970 2272 5025 codex
2317 4968 2657 5028 Corbeiensis
2719 4973 2884 5028 habet
2939 4968 3152 5028 Domini
3193 4973 3467 5035 carnales;
3525 4979 3693 5026 recte.

2097 5038 2235 5094 Nam
2281 5041 2442 5110 paulo
2481 5051 2608 5098 ante
2646 5042 2858 5099 dixerat
2885 5041 3166 5097 Salvianus
3199 5059 3212 5091 :
3257 5039 3402 5110 Quis,
3429 5056 3582 5110 rogo,
3627 5048 3706 5094 ea:-

2095 5107 2394 5180 carnalibus
2415 5111 2642 5168 dominis
2657 5114 2756 5168 hac
2777 5130 2891 5168 cum
2913 5113 3022 5165 suis
3036 5112 3161 5180 lege,
3181 5115 3286 5180 etc.
3311 5107 3693 5180 Agobai'dusin

2097 5178 2238 5254 libro
2267 5182 2333 5236 de
2358 5182 2632 5253 Baptismo
2669 5183 3009 5254 Judaicorltm
3050 5177 3440 5248 ιὴεηοίρὶοηιω
3473 5197 3485 5233 ³
3525 5179 3693 5254 Περα-

2100 5249 2305 5323 diantus
2332 5249 2540 5323 propter
2566 5255 2802 5308 carnales
2822 5250 3074 5323 dominos.

2176 5280 2305 5306 nunc
2332 5280 2425 5323 μΪυ
2465 5280 2540 5307 ισϊ
2566 5280 2801 5308 caritates
2822 5280 3074 5304 υυυιιηυοο
3442 5280 3449 5287 ”

2176 5332 2200 5358 ο
2231 5280 2502 5378 VidenJI’Is
2543 5325 2762 5378 omnino
2811 5318 3076 5372 Caesarius
3102 5316 3156 5372 in
3184 5317 3405 5376 homilia
3435 5322 3692 5382 adversus

2096 5405 2194 5446 eos
2222 5393 2311 5461 qui
2341 5401 2546 5462 putant
2575 5391 2720 5460 quod
2749 5389 2853 5444 illis
2877 5386 2947 5462 ad
2974 5388 3141 5462 vitam
3169 5397 3426 5448 aeternam
3462 5393 3691 5450 sufﬁciat

2095 5462 2144 5544 si
2187 5458 2478 5544 male'non
2525 5458 2770 5525 fecerint,
2819 5458 3030 5517 etiamsi
3067 5460 3210 5517 bona
3257 5463 3552 5535 adimplere
3581 5477 3684 5517 no-

2187 5533 2229 5584 ri
2272 5540 2311 5585 t.
3402 5530 3420 5535 ”

2093 5530 2190 5639 hei
2222 5550 2278 5675 ὣ
2307 5601 2685 5675 esu-virorum
2723 5601 3228 5675 illustrissimorum,
3257 5606 3351 5675 qui
3377 5601 3686 5675 pr_ovincias

2090 5672 2350 5742 regebant
2374 5670 2490 5725 vice
2517 5670 2795 5744 principis.
2830 5675 2962 5735 Vide
2987 5691 3150 5747 supra
3178 5670 3247 5731 ad
3423 5671 3478 5755 ‘7-
3521 5710 3528 5715 -

2281 5880 2422 5894 *ῆι-ο·
2439 5888 2445 5894 ι
