4234 6262
530 239 598 297 67
716 248 719 251 ·
1528 224 1586 281 s.
1627 221 1943 281 SALVIANI
1981 193 2443 277 MASSILIENSIS
2481 209 2887 273 PRESBITERI

530 353 875 424 praesumunt,
907 338 1009 400 nisi
1034 356 1172 415 quos
1213 349 1307 397 aut
1326 338 1495 411 judex
1532 343 1807 397 vocaverit
1834 346 1927 393 aut
1955 352 2119 407 nego—
2148 338 2197 398 Α
2226 333 2390 390 etiam
2417 334 2484 388 de
2529 334 2772 403 personis
2816 333 2970 388 istius
2995 332 3139 388 modi
3183 332 3310 389 ferri
3359 333 3548 404 possit.
3584 330 3684 389 Hic
3732 338 3838 388 est

529 440 665 498 tium
702 436 923 493 traxerit
955 443 1046 491 aut
1090 436 1205 507 ipsa
1252 434 1476 490 honoris
1521 433 1727 505 proprii
1767 426 1997 501 dignitas
2038 430 2120 484 in-

526 530 694 586 troire
722 528 1061 601 permiserit;
1092 528 1165 582 ita
1196 534 1256 583 ut
1282 526 1328 582 si
1355 525 1622 596 quispiam
1644 524 1808 583 fuerit
1827 518 2122 579 insolenter

526 616 822 687 ingressus;
859 625 952 673 aut
995 618 1251 686 credatur,
1282 623 1376 671 aut
1414 614 1766 687 propellatur,
1809 620 1902 669 aut
1942 612 2121 683 aliqua

526 702 853 767 verecundia
892 716 1054 780 atque
1081 706 1495 764 existimationis
1532 720 1643 761 suae
1682 704 1804 759 labe
1840 702 2116 759 multetur.

525 794 586 859 in
614 798 817 873 templa
846 806 1026 857 autem
1053 798 1141 857 Vel
1171 800 1349 871 potius
1370 798 1425 853 in
1454 796 1643 851 altaria
1674 802 1837 865 atque
1866 794 1920 850 in
1948 804 2123 851 sacra-

526 890 608 950 ria
644 894 740 950 Dei
781 894 981 964 passim
1010 906 1198 949 omnes
1238 886 1440 946 sordidi
1469 903 1533 945 ac
1571 884 1818 957 dagitiosi
1859 886 1976 943 sine
2014 878 2123 941 ulla

527 986 742 1057 penitus
768 984 1070 1042 reverentia
1090 982 1229 1037 sacri
1250 980 1474 1035 honoris
1494 980 1806 1048 inrumpunt
1831 996 1843 1030 :
1870 992 1977 1033 non
1998 978 2122 1046 quia

530 1095 640 1136 non
664 1090 852 1135 omnes
890 1076 958 1131 ad
1003 1072 1339 1130 exorandum
1384 1069 1555 1126 Deum
1602 1082 1821 1126 currere
1868 1070 2122 1147 debeant,

528 1170 625 1227 sed
670 1169 795 1239 quia
843 1166 935 1237 qui
981 1162 1283 1232 ingreditur
1325 1161 1392 1217 ad
1437 1160 1779 1232 placandum,
1828 1174 1938 1216 non
1965 1161 2127 1217 debet

532 1262 712 1333 egredi
737 1261 806 1315 ad
834 1255 1284 1314 exaeerbandum.
1317 1254 1502 1324 Neque
1527 1254 1675 1310 enim
1701 1253 1941 1323 ejusdem
1962 1252 2127 1310 cilicii

526 1356 613 1411 est
648 1348 1032 1419 indulgentiam
1076 1360 1304 1419 poscere
1331 1352 1388 1403 et
1426 1346 1755 1403 iracundiam
1804 1356 2121 1417 provocare.

528 1438 734 1500 Navum
781 1440 1046 1512 siquidem
1088 1437 1320 1495 monstri
1363 1450 1534 1508 genus
1584 1444 1671 1492 est
1703 1454 1715 1489 :
1749 1436 1940 1491 eadem
1988 1449 2129 1505 pene

528 1546 717 1591 omnes
740 1530 942 1602 jugiter
986 1529 1190 1586 iaciunt
1235 1542 1355 1599 qua:
1400 1526 1591 1584 fecisse
1618 1540 1678 1582 se
1709 1534 1735 1565 ι
1762 1527 2041 1597 plangunt,
2072 1535 2130 1581 et

532 1627 622 1700 qui
650 1626 855 1681 intrant
898 1622 1317 1679 ecclesiasticam
1363 1620 1581 1676 domum
1621 1626 1683 1674 ut
1728 1619 1868 1673 mala
1910 1618 2129 1689 antiqua

2226 429 2391 495 enim,
2419 428 2615 499 inquis,
2643 442 2832 484 eorum
2863 432 3013 482 actus
3041 443 3160 496 qua:
3188 434 3243 482 et
3271 419 3574 497 professio;
3625 441 3690 483 ac
3714 438 3839 498 per

2227 524 2332 579 hoc
2357 523 2489 579 nihil
2519 524 2714 577 mirum
2743 522 2891 577 estsi
2923 527 3088 588 agunt
3110 519 3253 589 quod
3284 518 3627 588 proﬁtentur.
3651 517 3836 587 Quasi

2226 626 2358 671 vero
2387 622 2480 669 aut
2508 626 2668 683 agere
2697 613 2861 668 ullum
2892 612 3034 667 Deus
3063 620 3149 666 res
3177 610 3345 665 malas
3374 612 3504 666 velit
3530 618 3623 667 aut
3648 609 3839 683 prpﬁ-

2227 706 2351 771 teri,
2383 713 2475 760 aut
2502 704 2648 759 nulla
2669 704 2741 759 sit
2766 704 2980 781 penitus
3008 716 3173 757 sacra:
3200 701 3498 771 majestatis
3518 698 3748 769 odensa,
3779 701 3838 758 si

2228 799 2519 854 maximum
2548 796 2724 854 scelus
2743 792 2981 852 minores
3010 795 3292 851 videantur
3330 804 3490 864 agere
3523 800 3781 864 persona:
3817 811 3837 848 :

2231 890 2529 962 praesertim
2573 903 2695 944 cum
2738 888 2792 943 in
2839 887 2941 943 hac
2970 887 3243 943 hominum
3271 884 3611 941 multitudine
3643 886 3843 958 major
3898 948 3905 955 ε

2230 978 2402 1038 multo
2425 982 2497 1038 sit
2518 994 2645 1053 pars
2681 981 2894 1051 generis
2923 980 3171 1047 humani,
3224 984 3281 1035 et
3307 979 3509 1048 absque
3534 980 3700 1036 dubio
3725 979 3841 1036 ubi

2230 1073 2407 1144 major
2447 1078 2531 1129 est
2581 1073 2921 1144 peccantium
2968 1073 3155 1137 turba,
3206 1070 3379 1139 major
3405 1074 3488 1125 est
3516 1066 3843 1127 Divinitatis

2232 1164 2449 1237 injuria.
2489 1164 2597 1221 Sed
2608 1167 2814 1242 omnis,
2840 1165 3032 1235 inquis,
3056 1164 3310 1220 nobilitas
3331 1162 3397 1218 ab
3417 1162 3501 1219 his
3527 1163 3838 1220 sceleribus

2234 1258 2486 1314 immunis
2525 1262 2629 1314 est.
2680 1256 2876 1313 Parum
2914 1265 2999 1313 est
3026 1256 3079 1311 id
3106 1254 3349 1326 quidem,
3389 1255 3515 1324 quia
3541 1268 3649 1309 non
3678 1253 3839 1309 aliud

2233 1349 2446 1405 videtur
2492 1348 2745 1405 nobilitas
2786 1349 2840 1403 in
2887 1348 3033 1404 omni
3076 1346 3277 1402 mundo
3305 1358 3467 1416 quam
3494 1328 3632 1401 unus
3658 1343 3838 1399 homo

2235 1441 2291 1495 in
2336 1438 2521 1509 grandi
2572 1439 2790 1511 populo.
2850 1440 2957 1496 Sed
3003 1438 3279 1495 videamus
3325 1442 3505 1492 tamen
3551 1436 3598 1491 si
3644 1433 3732 1490 vel
3771 1434 3839 1490 id

2238 1532 2409 1601 ipsum
2439 1546 2629 1601 parum
2656 1532 2727 1585 sit
2756 1545 2949 1586 carens
2978 1530 3221 1586 crimine.
3278 1528 3355 1585 Ac
3381 1530 3614 1599 primum
3642 1525 3837 1582 consi-

2235 1624 2486 1679 deremus
2525 1623 2655 1693 quid
2696 1622 2764 1679 de
2799 1622 3107 1692 huiusmodi
3146 1621 3453 1677 hominibus
3477 1620 3620 1676 dicat
3646 1632 3837 1676 sermo

532 1716 786 1785 deﬂeant,
814 1716 844 1757 δ
873 1723 1102 1784 eXeunt;
1151 1718 1207 1772 et
1249 1713 1380 1786 quid
1427 1712 1569 1779 dico,
1621 1716 1843 1777 exeunt,
1898 1713 1950 1765 in
1984 1711 2130 1781 ipsis
2162 1725 2211 1783 Β
2234 1713 2465 1771 divinus.
2508 1714 2753 1784 Arguens
2779 1715 2979 1785 quippe
3008 1713 3298 1785 Apostolus
3327 1708 3422 1767 Dei
3449 1711 3728 1784 populum,
3750 1711 3837 1767 sic

530 1818 672 1884 pene
693 1810 805 1866 hoc
853 1808 1189 1866 orationibus
1233 1806 1346 1863 suis
1393 1821 1456 1862 ac
1497 1803 1980 1875 supplicationibus
2008 1818 2128 1859 mo-

550 1902 752 1957 itintur.
806 1898 965 1956 Aliud
1008 1900 1211 1971 quippe
1263 1910 1359 1954 ora
1406 1896 1708 1962 hominum,
1766 1894 1911 1950 aliud
1962 1894 2127 1950 corda

534 2001 720 2063 agunt,
744 1999 799 2047 et
825 1990 952 2047 dum
982 1990 1160 2047 verbis
1187 1989 1460 2062 praeterita
1488 1987 1626 2043 maia
1655 1987 1935 2058 plangunt,
1967 2000 2130 2040 sensu

531 2078 714 2140 futura
739 2082 1098 2153 meditantur;
1129 2096 1194 2138 ac
1220 2083 1301 2139 sic
1326 2082 1505 2137 oratio
1534 2092 1723 2136 eorum
1754 2090 1776 2119 ι’
1812 2079 2021 2135 auctrix
2049 2086 2133 2134 est

535 2176 708 2244 magis
732 2173 1019 2230 criminum
1046 2184 1211 2243 quam
1241 2172 1518 2228 exoratrix
1552 2189 1564 2225 :
1598 2179 1657 2231 ut
1684 2182 1812 2226 vere
1853 2169 1942 2223 illa
1971 2169 2025 2223 in
2054 2170 2134 2224 eis

536 2259 834 2346 Scriptura:
860 2264 1171 2322 maledictio
1206 2265 1545 2335 compleatur
1586 2261 1759 2336 (Paul.
1792 2279 1935 2326 cvm,
1971 2260 2045 2334 7),
2076 2270 2136 2317 ut

538 2338 602 2414 de
628 2338 877 2413 aratione
932 2354 1048 2428 ipsa
1085 2360 1283 2413 exeant
1334 2354 1707 2422 condemnati,
1739 2361 1796 2410 et
1824 2353 1998 2410 oratio
2030 2350 2137 2426 56

539 2454 726 2506 torum
772 2446 866 2504 liat
913 2450 969 2504 in
1018 2456 1321 2520 peccatum.
1366 2446 1609 2517 Denique
1636 2448 1684 2503 si
1712 2446 1825 2501 vult
1869 2446 2136 2517 quispiam

538 2541 683 2597 Scire
708 2540 840 2611 quid
860 2540 915 2595 in
933 2539 1138 2611 templo
1161 2532 1469 2610 huiusmodi
1494 2538 1744 2595 homines
1761 2536 2137 2605 cogitaverim,

534 2628 723 2689 videat
748 2632 880 2702 quid
908 2636 1184 2703 sequatur.
1217 2630 1492 2701 Siquidem
1523 2631 1912 2688 consummatis
1939 2630 2140 2686 solem-

536 2720 697 2779 Iibus
722 2722 912 2789 sacris,
939 2722 1122 2777 statim
1150 2720 1217 2776 ad
1244 2721 1718 2777 consuetudinaria
1746 2735 1936 2777 omnes
1963 2718 2138 2776 studia

541 2812 869 2879 discurrunt,
902 2813 994 2868 alii
1021 2813 1227 2869 scilicet
1263 2820 1323 2867 ut
1359 2812 1624 2878 furentur,
1657 2812 1748 2867 alii
1775 2818 1837 2866 ut
1864 2811 2139 2867 inebrien-

542 2904 668 2959 tur:
703 2911 764 2956 ut
790 2902 1072 2959 evidenter
1098 2910 1361 2974 appareat
1405 2903 1512 2959 hoc
1550 2918 1646 2959 eos
1671 2917 1791 2960 esse
1830 2902 2138 2969 meditatos,

541 2992 670 3049 iam
698 2992 842 3047 intra
863 2993 1121 3063 templum
1148 3001 1292 3060 sunt,
1322 2995 1470 3064 quod
1496 3002 1785 3067 postquam
1806 2995 2009 3064 egressi
2028 2993 2146 3049 fue-

547 3084 660 3141 rint
684 3092 1075 3153 exsequuntur.

618 3173 687 3230 Χ.
718 3172 827 3230 Sed
853 3174 1105 3231 videlicet
1131 3182 1327 3230 cuncta
1354 3174 1472 3229 hac
1498 3177 1641 3230 mala
1668 3184 1727 3231 et
1747 3188 1965 3245 omnem
1991 3176 2144 3231 vitio-

549 3276 674 3325 rum
700 3265 1123 3337 probmsitatem
1148 3276 1310 3334 quam
1339 3278 1500 3334 supra
1527 3264 1658 3330 dixi,
1689 3265 1760 3319 ad
1805 3276 1991 3321 servos
2034 3267 2145 3321 for—

548 3366 695 3418 tasse
740 3356 960 3428 quidam
1013 3363 1106 3411 aut
1157 3353 1554 3424 abiectissimus
1604 3370 1847 3425 quosque
1899 3357 2145 3413 homines

547 3448 888 3507 referendam
914 3452 1144 3520 putant;
1172 3454 1431 3507 caeterum
1472 3458 1670 3501 nomen
1718 3447 2005 3517 ingenuum
2045 3450 2147 3505 hac

548 3540 876 3613 ﬂagitiorum
923 3539 1045 3595 labe
1090 3554 1201 3596 non
1247 3537 1434 3613 pollui.
1465 3535 1607 3605 Quid
1653 3546 1833 3595 autem
1880 3540 2025 3597 aliud
2065 3552 2148 3599 est

548 3642 871 3693 cunctamini
900 3635 1292 3706 negotiantium
1320 3633 1428 3689 vita
1455 3647 1616 3704 quam
1640 3633 1788 3692 fraus
1823 3643 1987 3708 atque
2024 3652 2148 3709 per-

550 3727 768 3799 iurium,
798 3729 929 3799 quid
972 3728 1117 3784 aliud
1163 3727 1445 3785 curialium
1490 3742 1654 3800 quam
1700 3730 1975 3801 iniquitas,
2021 3731 2148 3803 quid

549 3818 697 3876 aliud
737 3818 1048 3877 omcialium
1090 3832 1255 3892 quam
1299 3821 1591 3889 calumnia,
1634 3823 1763 3893 quid
1788 3823 1932 3879 aliud
1960 3822 1987 3862 (ι
2017 3824 2151 3879 mili-

2236 1809 2349 1863 ait:
2385 1800 2489 1879 5‘]
2522 1808 2729 1874 Audite,
2763 1808 2953 1879 fratres
2974 1807 3073 1860 mei
3094 1804 3437 1860 dilectissimi.
3474 1801 3666 1858 Nonne
3687 1801 3836 1857 Deus

2235 1896 2388 1971 elegit
2436 1912 2683 1972 pauperes
2712 1899 2766 1953 in
2791 1899 2887 1953 hoc
2914 1897 3134 1963 mundo,
3168 1896 3348 1950 divites
3376 1896 3429 1949 in
3458 1893 3563 1966 ﬁde
3589 1903 3638 1948 et
3667 1894 3834 1947 luera-

2237 1992 2328 2047 des
2351 1992 2495 2063 regni
2529 1990 2666 2064 quod
2690 1992 2997 2062 repromisit
3036 1988 3175 2044 Deus
3216 1986 3544 2059 diligentibus
3588 1986 3678 2040 se?
3726 1984 3834 2042 Vos

2236 2092 2409 2139 autem
2437 2080 2802 2138 exhonorastis
2841 2096 3136 2154 pauperem.
3191 2078 3384 2135 Nonne
3423 2079 3602 2133 divites
3622 2093 3714 2148 per
3736 2093 3830 2149 po-

2240 2177 2454 2231 tentiam
2493 2177 2793 2247 opprimunt
2821 2177 2944 2230 vos?
2972 2173 3164 2229 Nonne
3196 2175 3297 2245 ipsi
3345 2171 3704 2243 blasphemant
3740 2168 3830 2225 bo-

2237 2282 2363 2321 num
2392 2282 2575 2321 nomen
2604 2266 2741 2339 quod
2770 2252 3061 2320 invocatum
3094 2274 3171 2319 est
3210 2278 3362 2333 super
3391 2277 3477 2316 vos
3511 2260 3649 2333 (lae.
3682 2272 3737 2325 ιι,
3772 2256 3835 2311 5ο

2242 2356 2336 2427 7)?
2371 2355 2548 2412 Grave
2585 2358 2691 2413 hoc
2731 2355 2978 2428 Apostoli
3009 2354 3373 2412 testimonium
3403 2356 3524 2408 est:
3559 2351 3661 2407 nisi
3693 2350 3834 2405 forte

2242 2449 2508 2504 itumunes
2547 2464 2607 2504 se
2648 2448 2716 2504 ab
2745 2464 2812 2505 eo
2841 2448 3050 2504 nobiles
3077 2452 3285 2518 putent,
3317 2445 3441 2515 quia
3470 2452 3596 2500 sunt
3623 2443 3725 2499 soli
3752 2442 3835 2498 di-

2242 2543 2382 2598 vites
2423 2542 2703 2598 nominati.
2763 2541 2872 2598 Sed
2921 2549 3013 2596 aut
3060 2539 3222 2595 iidem
3271 2546 3397 2593 sunt
3425 2536 3632 2593 nobiles
3665 2536 3757 2607 qui
3786 2544 3837 2595 ei

2244 2628 2469 2703 divites;
2501 2640 2593 2690 aut
2621 2636 2667 2691 si
2694 2644 2821 2691 sunt
2848 2633 3041 2690 divites
3070 2641 3271 2705 praeter
3294 2631 3521 2697 nobiles,
3553 2634 3608 2686 et
3637 2628 3739 2700 ipsi
3767 2635 3840 2683 ta~

2245 2740 2372 2795 men
2390 2728 2505 2797 jam
2531 2727 2684 2798 quasi
2711 2724 2919 2783 nobiles
2945 2745 2958 2780 :
3002 2726 3129 2797 quia
3157 2732 3304 2779 tanta
3334 2730 3417 2780 est
3442 2721 3658 2777 miseria
3687 2718 3844 2790 hujus

2252 2823 2534 2895 temporis,
2565 2830 2626 2878 ut
2652 2821 2830 2878 nullus
2853 2814 3117 2876 habeatur
3144 2817 3314 2887 magis
3344 2815 3537 2872 nobilis
3564 2828 3723 2883 quam
3751 2812 3843 2882 qui

2252 2924 2339 2973 est
2382 2917 2675 2989 plurimum
2700 2916 2868 2973 dives.
2911 2913 3019 2970 Sed
3057 2913 3170 2969 sive
3212 2910 3280 2966 de
3323 2909 3596 2965 alterutris
3639 2906 3753 2962 sive
3777 2900 3842 2961 de

2252 3008 2505 3077 utrisque
2551 3007 2840 3077 Apostolus
2886 3005 3118 3071 dixerit,
3173 2998 3329 3059 facile
3368 2998 3435 3057 de
3462 2994 3567 3055 hoc
3594 2996 3843 3069 componi

2175 3086 2223 3148 C
2249 3104 2447 3171 potest.
2490 3096 2609 3152 Non
2639 3100 2794 3159 enim
2840 3100 3066 3153 interest
3111 3096 3179 3153 de
3225 3110 3330 3166 qua
3377 3091 3481 3149 hoc
3507 3091 3843 3163 potissimum

2252 3198 2408 3263 parte
2435 3184 2640 3246 dictum
2668 3190 2755 3253 sit,
2788 3188 2935 3258 quod
2962 3187 3177 3257 utrique
3198 3188 3404 3243 certmn
3425 3188 3509 3239 est
3536 3179 3841 3237 convenire.

2253 3279 2389 3349 Quis
2418 3281 2562 3336 enim
2589 3287 2672 3335 est
2698 3279 2781 3333 vel
2812 3278 3070 3333 nobilium
3099 3279 3322 3333 omnino
3351 3274 3435 3331 vel
3464 3273 3686 3328 divitum
3714 3271 3841 3325 hor-

2254 3382 2382 3426 rens
2410 3370 2671 3426 crimina?
2699 3368 2953 3436 Quamvis
2973 3368 3027 3423 in
3057 3367 3162 3423 hoc
3182 3367 3459 3423 fefellerim
3484 3383 3496 3420 :
3528 3362 3684 3420 multi
3702 3360 3843 3417 enim

2252 3464 2502 3529 horrent,
2533 3462 2628 3519 sed
2650 3461 2963 3533 paucissimi
2999 3461 3225 3515 evitant.
3261 3459 3320 3514 in
3350 3459 3468 3515 aliis
3495 3458 3695 3528 quippe
3720 3455 3837 3511 hor-

2255 3564 2380 3612 rent
2400 3552 2545 3627 quod
2569 3555 2623 3611 in
2652 3570 2711 3610 se
2734 3568 2949 3625 semper
2977 3550 3292 3618 admittunt,
3324 3552 3522 3606 mirum
3550 3548 3605 3604 in
3630 3547 3843 3603 modum

2256 3654 2313 3703 et
2341 3654 2682 3705 accusatores
2723 3642 3033 3702 eorumdem
3072 3641 3355 3698 criminum
3394 3650 3449 3696 et
3476 3646 3843 3697 excusatores.

2259 3738 2622 3798 Exsecrantur
2649 3738 2861 3809 publice
2888 3732 3035 3806 quod
3065 3734 3275 3789 occulte
3300 3740 3465 3802 agunt
3481 3774 3495 3797 ,
3529 3749 3594 3789 ac
3620 3746 3718 3804 per
3744 3731 3845 3785 hoc

2252 3828 2383 3886 dum
2430 3832 2689 3885 damnare
2741 3843 2801 3882 se
2845 3833 3070 3881 caeteros
3117 3828 3334 3894 putant,
3386 3822 3534 3891 ipsos
3576 3836 3635 3878 se
3679 3821 3846 3892 magis

557 3911 784 3967 tantium
811 3926 976 3980 quam
1016 3912 1250 3980 rapina?
1278 3911 1385 3965 Sed
1413 3920 1572 3978 putas
1613 3912 1836 3966 forsitan
1866 3914 2010 3991 quod
2047 3915 2151 3970 hoc
2255 3921 2474 3989 propria
2518 3918 2985 3974 animadversione
3025 3915 3419 3991 condemnant.
3444 3912 3847 3987 Sed‘relinqua-

1734 4034 2080 4098 STEPHANI
2118 4043 2395 4106 BALUle
2430 4049 2661 4107 NOTAE.
3823 3999 3830 4007 ι

624 4176 653 4245 ξ
680 4164 739 4229 id
749 4179 875 4245 _e_st,
899 4170 1103 4227 dolent.
1123 4170 1143 4236 ι
1165 4168 1280 4226 nira
1298 4160 1392 4245 lib.
1413 4189 1457 4245 _i_
1476 4167 1746 4245 Adversus
1773 4170 2064 4245 Avaritiam
2087 4190 2142 4245 p.

555 4238 664 4316 an
694 4263 707 4299 :
740 4234 1108 4316 Plangereeos
1124 4234 1382 4316 principis,
1405 4234 1463 4297 id
1484 4242 1585 4307 est,
1615 4239 1800 4309 lugere
1824 4258 1888 4298 ac
1911 4234 2144 4316 plorare.

554 4304 763 4393 ibidem
783 4304 907 4393 pag:
919 4310 1022 4369 220
1043 4304 1176 4393 aliti
1190 4304 1443 4393 plangunt
1457 4304 1725 4393 postquam
1753 4304 2043 4393 acceperint
2061 4334 2149 4393 sa:-

560 4378 801 4469 uitatent."
814 4378 881 4439 Εῐ
894 4399 1018 4455 pag.
1043 4378 1148 4469 225
1167 4378 1469 4469 {Plangen‘s'
1487 4384 1545 4437 id
1564 4378 1731 4465 ipsum
1754 4378 1888 4469 quod
1910 4386 2054 4468 tarde
2074 4384 2150 4469 of.

554 4461 682 4582 ιω,
700 4453 1033 4552 plangens_ae
1046 4457 1294 4577 Eumaeus
1310 4453 1446 4525 quod
1456 4469 1563 4536 non
1585 4453 1753 4524 prius.
1767 4453 2078 4530 yprianus
2095 4453 2147 4511 i'n

564 4524 702 4605 Δξζηό
716 4518 995 4605 delapsis
1016 4541 1173 4605 .munt
1201 4518 1562 4605 plangentibus
1583 4522 1798 4605 plango,
1829 4541 1944 4578 cum
1970 4526 2149 4605 doleri.

560 4585 900 4665 tibusdoleo.’
912 4590 1004 4649 Sic
1028 4585 1229 4662 Eiigius
1254 4585 1630 4649 Novvioniensis
1658 4585 1944 4665 episcopus
1972 4595 2147 4651 homi-
2179 4595 2229 4655 D

560 4664 631 4721 lia
662 4658 722 4717 ll
760 4682 772 4716 :
804 4658 1168 4737 Paenitentiam
1187 4664 1371 4735 quippe
1391 4680 1541 4737 agere
1575 4673 1650 4719 est
1671 4658 1963 4737 perpetrata
2003 4667 2145 4722 mala

564 4737 807 4809 plangere
827 4744 875 4788 et
894 4732 1315 4815 plangenda'non
1339 4732 1651 4859 perpetrare.
1672 4732 1943 4805 Plangere
1966 4748 2147 4793 autem

563 4804 885 4885 estpulsge
911 4802 1291 4885 ξεᾳροιιιὰεςθ
1317 4820 1426 4885 quo
1450 4804 1558 4885 ibet
1586 4803 1765 4885 modo.
1790 4804 2065 4885 Luctatius
2092 4809 2146 4885 i_n

562 4866 1101 4960 fextumjbebaidos
1133 4892 1160 4955 ε.
1184 4866 1443 4960 Plaudit}:
1466 4876 1604 4956 enim
1632 4872 1821 4960 dicitur
1847 4878 2016 4959 omnis
2043 4880 2150 4960 99l—

562 4945 676 5069 ἒὶεἱο
698 4987 727 5029 ,⁸
771 4936 1023 5002 Varronis
1074 4943 1339 5016 opinione.
1385 4940 1591 5000 Statius
1637 4946 1693 5000 in
1738 4944 1989 5020 lacrymis
2043 4946 2149 5003 He-

585 5032 729 5075 l'tlSCl
762 5035 776 5070 :

468 5292 476 5303 ·
564 5266 631 5324 Et
657 5272 801 5342 apud
828 5273 1116 5345 Catullum,
1143 5276 1213 5333 de
1237 5273 1626 5334 bacchantibus
1656 5291 1670 5329 :

688 5384 1000 5451 Fingebat
1018 5390 1101 5441 alii
1122 5393 1345 5455 proceris
1366 5399 1589 5456 mas

561 5483 725 5565 Quod
749 5486 903 5565 enim
937 5488 1029 5565 hic
1066 5488 1343 5565 planctum
1371 5496 1502 5557 dicit
1535 5490 1796 5561 Catillus,
1829 5490 1920 5547 alii
1940 5488 2151 5562 pulsum

570 5560 841 5633 dixerunt.
868 5560 1089 5619 Ovidius
1111 5565 1205 5620 lib.
1230 5581 1283 5620 ιν
1312 5565 1525 5624 Metam.
1554 5567 1660 5623 lab.
1694 5583 1711 5621 l
1742 5586 1756 5619 :

695 5672 957 5773 νει-ωε.
970 5678 1472 5743 mammae
1491 5674 1710 5745 unis-n-
1725 5678 1899 5744 ρει-ι

2251 4178 2457 4238 Auctor
2470 4181 2728 4239 carminis
2746 4180 2816 4237 26
2843 4181 3241 4240 Catalectorum
3267 4199 3280 4235 :
3311 4218 3319 4244 ι

2375 4292 2438 4347 Et
2459 4293 2661 4347 adducta
2680 4304 2903 4361 tympana
2927 4294 3064 4361 pulsa
3089 4304 3251 4347 manu.

2250 4400 2452 4457 Statius
2480 4401 2574 4458 lib.
2609 4416 2626 4458 ι
2654 4401 2980 4458 Acbiileldos
3014 4420 3026 4454 :

2377 4514 2684 4578 tantumque
2706 4518 2925 4565 exercita
2960 4513 3100 4578 pulsu

2375 4572 2489 4625 Atra
2520 4572 2700 4627 tacent.

2252 4679 2495 4736 Valerius
2535 4678 2760 4735 Flaccus
2807 4678 2899 4733 lib.
2943 4694 2996 4733 vi
3035 4676 3436 4746 Argonauticon
3468 4696 3482 4731 :
3526 4677 3646 4735 Illis
3677 4695 3845 4737 onum

2250 4749 2417 4820 adhuc
2446 4758 2673 4820 ueterani
2707 4758 2851 4820 tenor
2888 4760 2937 4803 et
2963 4765 3111 4803 sacer
3138 4750 3259 4803 w'ris
3296 4747 3493 4819 pulsus.
3525 4747 3680 4806 Unde
3704 4749 3848 4820 apud

2252 4818 2561 4875 Petronium
2588 4838 2599 4871 ε
2624 4815 2891 4901 «datum
2934 4826 3109 4891 peetus
3133 4820 3188 4900 in
3223 4815 3498 4901 eonspeetu
3525 4815 3847 4944 .mqueutia

2253 4891 2514 4944 nlanaere.
2537 4887 2829 4944 Christiani
2850 4897 3030 4944 autem
3052 4904 3201 4944 vocis
3221 4896 3375 4944 istius
3400 4902 3539 4944 sum
3645 4900 3847 4944 tionem

2252 4891 2514 4961 plangere.
2537 4887 2829 4961 Christiani
2850 4887 3030 4961 autem
3052 4889 3201 4945 vocis
3221 4887 3375 4961 istius
3400 4887 3847 4961 signiﬁcationem

2252 4958 2642 5086 gulustulerunt
2686 4959 2757 5016 ad
2798 4960 3041 5018 dolorem
3080 4975 3148 5017 ex
3172 4958 3488 5029 pauitantia
3514 4958 3847 5016 descenden-

2330 5068 2548 5185 i"diceat
2576 5102 2662 5158 hic
2701 5102 2903 5172 aliquid
2942 5101 3087 5170 quod
3115 5100 3491 5172 supplendum
3528 5108 3618 5158 est
3654 5114 3723 5156 ex
3762 5113 3849 5156 se-

2259 5173 2667 5326 Ἲυῗῗίξὲδὲι
2712 5241 3074 5326 “WE”?
3104 5240 3211 5298 Ρτθ
3238 5222 3349 5326 Ἱέο
3376 5241 3850 5326 θάίίίαδὲἒξμφζ

2260 5312 2365 5368 dex
2393 5311 2735 5397 Colbertinns
2764 5312 2964 5397 habent
3174 5309 3848 5397 pallescunt

2262 5380 3729 5510 223132}.iiii":oi£"ai°i~°mi2iiﬁ.Eaiiﬂn‘ii‘iimM‘
3746 5377 3852 5505 δέ

2332 5519 2357 5559 ιι
2385 5520 2558 5577 Antea
2602 5523 2898 5590 legebatur,
2948 5524 3175 5580 omnium
3219 5523 3591 5588 militantium;
3616 5520 3714 5581 sed
3752 5533 3855 5575 nos

2261 5591 2402 5648 hanc
2445 5607 2654 5658 vocem,
2683 5600 2805 5661 qua:
2834 5608 2940 5648 non
2967 5601 3143 5651 exstat
3180 5595 3236 5651 in
3282 5592 3475 5651 codice
3514 5590 3861 5657 (Ἀσὼρ-ϋηο.

2263 5660 2577 5721 mtulimns
2600 5671 2665 5720 ut
2680 5660 2946 5720 inutilem.
