4234 6250
315 365 406 424 ,9
1429 355 1520 411 DE
1557 353 2085 415 GUBEBNATIONE
2121 356 2232 415 DEI
2271 356 2397 416 LIB.
2437 360 2524 416 IV.
3361 425 3367 432 .
3523 371 3598 431 70

336 493 454 533 unus
499 475 637 529 istos
683 488 786 542 qui
834 473 1001 542 inagis
1048 473 1125 526 rei
1177 479 1321 526 sunt.
1380 468 1512 537 Quis
1557 479 1640 526 est
1668 471 1752 526 vel
1781 471 1930 527 dives
1958 479 2006 538 Α
2035 489 2140 535 xlv,
2175 466 2258 538 14,
2292 473 2401 544 i6).
2443 473 2716 530 Neminem
2747 485 2924 531 tamen
2953 489 3079 532 reor
3103 485 3213 532 tam
3240 481 3605 551 impudentem

337 569 561 626 omnino
593 567 678 621 vel
726 554 925 633 habilis
969 574 1061 619 aut
1103 564 1463 618 innowntiam
1509 578 1728 618 servans
1775 573 1868 618 aut
1896 580 1927 618 a

269 645 277 652 ’
334 660 552 716 cunctis
585 642 884 728 sceleribus
922 671 1112 710 manus
1151 655 1464 710 abstinens?
1500 653 1816 723 Quanquam
1843 671 1932 709 su-

338 750 551 822 perﬂue
599 764 629 803 a
673 731 884 804 eductis
932 747 1195 802 dixerim:
1250 746 1456 800 utinam
1491 746 1634 801 vela
1663 746 1930 812 maximis,

343 843 474 914 quia
502 841 685 896 volunt
735 839 838 894 sibi
887 840 943 894 id
987 839 1126 895 forte
1169 835 1402 906 majores
1429 838 1580 906 quasi
1611 832 1636 874 ἀ
1669 837 1930 906 privilegii

321 934 646 994 vindicare,
693 939 761 1000 ut
803 930 927 1000 jure
960 945 1061 986 suo
1087 931 1312 985 crimina
1335 929 1420 984 vel
1450 930 1659 984 minora
1686 929 1931 984 commit-

349 1026 492 1081 tant!
524 1015 709 1092 itaque
755 1023 825 1079 de
871 1024 1105 1094 peccatis
1151 1023 1478 1078 facilioribus
1505 1021 1635 1076 nihil
1660 1021 1800 1076 dico.
1841 1020 1931 1074 Vi-

349 1117 566 1171 deamus
591 1115 636 1169 si
665 1114 756 1169 vel
784 1129 816 1168 a
843 1114 1053 1170 duobus
1098 1114 1202 1169 illis
1241 1114 1393 1182 quasi
1434 1112 1750 1182 capitalibus
1777 1112 1931 1166 malis

350 1207 486 1262 ullus
533 1206 794 1260 immunis
839 1212 956 1269 est,
986 1205 1039 1260 id
1065 1213 1147 1259 est
1167 1241 1182 1268 ,
1223 1204 1309 1259 vel
1336 1203 1404 1258 ab
1432 1201 1755 1265 homicidio,
1788 1201 1870 1256 vel
1899 1216 1930 1255 a

347 1305 556 1368 stupro.
618 1295 752 1362 Quis
799 1297 940 1349 enim
989 1304 1071 1351 est
1116 1304 1209 1350 aut
1255 1296 1493 1350 humano
1534 1293 1794 1362 sanguine
1822 1307 1931 1349 non

346 1396 606 1444 cruentus
629 1421 645 1450 ,
679 1392 773 1441 aut
799 1401 1014 1442 cmnosa
1041 1386 1150 1457 53
1178 1386 1485 1456 impuritate
1510 1401 1620 1441 non
1648 1384 1932 1440 sordidus?

352 1478 526 1535 Unum
571 1477 792 1551 quidem
835 1493 902 1534 ex
947 1478 1032 1534 his
1058 1478 1126 1533 ad
1165 1493 1379 1548 pmnam
1423 1486 1681 1534 aeternam
1709 1475 1930 1542 suilicit;

345 1572 443 1628 sed
471 1586 644 1643 prope
672 1571 847 1626 nullus
874 1570 1096 1626 divitum
1125 1586 1232 1625 non
1261 1577 1547 1638 utrumque
1573 1567 1859 1624 commisit.

422 1664 512 1719 XI.
553 1665 664 1720 Sed
690 1665 895 1734 cogitat
919 1663 1059 1720 forte
1078 1663 1268 1733 aliquis
1292 1663 1362 1718 de
1389 1663 1495 1718 hoc
1521 1676 1748 1717 numero
1775 1678 1788 1713 :
1819 1658 1933 1742 Ego

348 1755 462 1824 jam
492 1755 594 1809 ista
623 1769 733 1809 non
759 1753 918 1809 facio.
977 1751 1192 1819 Laudo,
1224 1753 1271 1807 si
1293 1767 1403 1806 non
1429 1751 1600 1816 iacis;
1630 1749 1724 1805 sed
1754 1757 1934 1803 tamen

2035 564 2150 621 fore
2177 567 2267 634 qui
2297 581 2355 620 se
2392 567 2475 620 his
2504 568 2695 622 talibus
2724 569 2850 623 viris
2890 569 3084 625 audeat
3110 584 3450 641 comparare,
3480 576 3606 644 quia

2031 656 2276 724 quamvis
2302 657 2516 725 placere
2543 673 2684 713 nunc
2704 659 2896 727 aliquis
2916 659 3026 715 Deo
3049 660 3280 729 studeat,
3311 662 3417 718 hoc
3430 665 3604 734 ipsum

2031 756 2210 804 tamen
2255 763 2424 820 genus
2469 753 2714 806 maxima:
2763 752 3033 820 iniustitiae
3079 762 3162 809 est
3205 755 3253 810 si
3298 769 3358 810 se
3402 756 3607 825 justum

2030 851 2344 910 praesumat;
2387 858 2451 898 ac
2489 859 2587 912 per
2626 845 2729 898 hoc
2768 844 2976 898 sublata
3003 852 3088 899 est
3112 846 3288 900 omnis
3310 859 3436 916 spes
3463 847 3607 903 falsae

2031 933 2318 1002 opinionis,
2350 948 2455 1003 qua
2483 933 2764 988 credamus
2793 935 3125 989 innumeram
3150 935 3484 1004 perditorum
3515 937 3607 994 ho-

2029 1022 2230 1076 minum
2251 1022 2642 1077 multitudinem
2669 1032 2691 1060 c
2711 1021 2961 1090 suifragio
2980 1032 3274 1091 paucorum
3293 1026 3555 1081 bonon
3575 1041 3608 1081 a

2030 1113 2384 1183 praesentibus
2424 1112 2578 1166 malis
2618 1126 2776 1181 posse
2807 1110 3041 1167 defendi.
3099 1112 3235 1168 Cum
3261 1116 3404 1169 enim
3432 1116 3609 1170 nullus

2031 1202 2136 1257 illis
2165 1218 2303 1272 quos
2328 1218 2490 1272 supra
2519 1201 2768 1266 diximus,
2798 1216 2896 1271 par
2921 1203 3010 1267 sit,
3041 1217 3160 1271 quae
3189 1217 3308 1258 esse
3334 1219 3457 1274 spes
3483 1205 3606 1260 ullis

2033 1301 2214 1364 potest
2241 1292 2386 1361 quod
2415 1292 2630 1347 liberari
2658 1299 2713 1347 et
2753 1293 2994 1346 extranei
3030 1302 3085 1346 et
3114 1293 3376 1348 innumeri
3403 1304 3460 1350 et
3481 1296 3608 1352 mali

2033 1399 2065 1438 a
2093 1383 2428 1454 paucissimis
2455 1382 2615 1437 bonis
2661 1383 2894 1452 possint,
2943 1399 3066 1437 cum
3112 1384 3187 1438 illi
3215 1383 3608 1440 familiarissii

2034 1472 2147 1528 Deo
2175 1474 2348 1527 sancti
2373 1487 2442 1528 ne
2483 1473 2588 1528 hoc
2615 1473 2831 1542 quidem
2870 1488 2899 1526 a
2930 1473 3156 1528 Domino
3185 1476 3599 1542 promerueriut,

2034 1570 2096 1616 ut
2121 1564 2175 1616 in
2200 1562 2321 1618 ﬁliis
2359 1563 2471 1617 suis
2498 1554 2585 1616 vel
2611 1577 2707 1616 sua
2743 1564 2979 1617 membra
3006 1564 3310 1618 solverent?
3339 1562 3406 1619 Et
3436 1573 3602 1621 recte.

2037 1654 2143 1727 59
2172 1654 2304 1708 Nam
2333 1653 2458 1709 licet
2495 1667 2684 1708 omnes
2722 1653 3003 1707 admodum
3043 1653 3134 1706 lilii
3162 1655 3400 1710 membra
3429 1669 3609 1724 paren-

2038 1754 2152 1800 tum
2180 1760 2299 1800 esse
2323 1744 2624 1810 videantur,
2675 1758 2782 1798 non
2828 1743 3047 1813 putandi
3087 1752 3211 1798 sunt
3240 1752 3416 1798 tamen
3445 1756 3609 1806 mem-

352 1843 490 1900 fonte
533 1854 661 1899 ante
703 1843 902 1907 fecisti,
951 1853 1008 1899 et
1033 1859 1140 1898 non
1177 1851 1261 1899 est
1298 1857 1570 1911 nunquam
1599 1841 1817 1896 omnino
1847 1838 1927 1894 fe—
1961 1849 2008 1910 Β
2030 1835 2127 1890 bra
2155 1850 2341 1890 eorum
2371 1849 2487 1888 esse
2507 1850 2540 1888 a
2566 1833 2756 1902 quibus
2777 1832 2967 1888 aiiectu
2991 1835 3250 1903 coeperint
3276 1833 3606 1904 discrepare:

354 1936 514 2000 cisse,
542 1934 719 1991 facere
747 1949 1009 1990 cessasse.
1049 1934 1205 2000 Quod
1232 1935 1278 1990 si
1306 1935 1379 1988 ita
1407 1942 1570 1998 esset,
1602 1931 1728 2000 quid
1754 1931 1780 1968 ιτ
1810 1945 1937 2000 pro-

356 2026 512 2081 derat
557 2036 732 2082 tamen
779 2041 945 2080 unum
984 2041 1016 2080 a
1057 2025 1262 2082 scelere
1286 2024 1552 2080 desistere
1579 2032 1635 2078 et
1657 2023 1856 2077 multos
1882 2023 1936 2076 in

359 2117 649 2172 sceleribus
691 2119 1044 2188 permanere?
1085 2116 1205 2171 Non
1250 2125 1406 2172 sanat
1453 2116 1611 2170 unius
1655 2114 1938 2170 conversio

362 2207 585 2262 crimina
647 2209 1020 2278 plurimorum;
1088 2223 1190 2263 nec
1252 2206 1448 2263 sufﬁcit
1493 2206 1559 2261 ad
1615 2204 1938 2276 placandum

360 2297 528 2353 Mum
569 2300 707 2368 quod
751 2316 882 2356 unus
920 2309 1140 2371 peccata
1169 2300 1395 2365 deserit,
1429 2314 1589 2369 quem
1618 2297 1939 2352 universitas

358 2389 522 2444 totius
561 2389 776 2457 humani
820 2391 1033 2461 generis
1079 2389 1335 2456 oii‘endit;
1386 2391 1684 2460 praasertim
1730 2403 1852 2442 cum
1892 2388 1938 2444 is

353 2479 442 2548 qui
471 2483 804 2536 convertitur
843 2491 902 2536 ut
943 2491 1172 2538 mortem
1199 2491 1458 2538 aeternam
1487 2481 1657 2550 possit
1683 2478 1935 2542 evadere,

353 2585 572 2641 magnos
601 2573 849 2643 profecto
877 2575 1247 2630 conversionis
1275 2590 1386 2629 suae
1415 2573 1617 2628 fructus
1652 2571 1861 2641 capiat,
1891 2569 1938 2623 si

351 2661 577 2729 evadat,
628 2663 827 2720 nedum
869 2666 1183 2733 contingere
1214 2667 1264 2720 ei
1293 2665 1465 2735 possit
1492 2670 1551 2716 ut
1579 2662 1647 2716 ab
1675 2661 1798 2714 aliis
1824 2675 1938 2729 pm-

353 2768 471 2808 nam
517 2755 885 2812 damnationis
933 2763 1180 2811 vertat:
1223 2757 1351 2825 quia
1376 2765 1432 2809 et
1457 2756 1562 2809 hoc
1589 2752 1938 2808 intolerabilis

352 2846 614 2915 superbia:
661 2856 828 2916 atque
874 2847 1121 2902 immanis
1165 2846 1362 2916 piaculi
1391 2846 1594 2900 crimen
1623 2852 1722 2910 est,
1754 2843 1800 2897 si
1829 2851 1936 2896 tam

355 2936 558 2991 bonum
585 2952 648 2992 se
685 2937 882 3005 aliquis
909 2950 1029 2991 esse
1054 2937 1261 3002 credat,
1288 2944 1349 2990 ut
1375 2936 1537 2990 etiam
1565 2934 1735 2988 malos
1764 2933 1941 2987 existi-

354 3033 464 3079 met
491 3041 588 3094 per
629 3041 690 3080 se
737 3041 899 3094 posse
938 3026 1153 3080 salvari.
1215 3025 1463 3092 Loquens
1508 3024 1646 3080 Deus
1691 3023 1759 3077 de
1798 3031 1936 3079 terra

358 3112 590 3181 quadam
619 3115 703 3169 vel
731 3114 799 3168 de
827 3115 1025 3184 populo
1054 3122 1338 3184 peccatore
1357 3114 1433 3169 sic
1459 3113 1620 3168 dicit:
1653 3113 1714 3167 Si
1743 3114 1937 3183 fuerint

2041 1926 2168 1995 quia
2197 1940 2403 1980 morum
2443 1911 3170 1994 degenerantium'pravitatc
3197 1935 3428 1994 pereunt
3450 1926 3503 1979 in
3533 1933 3609 1980 ta-

2040 2018 2179 2072 libus
2224 2017 2484 2071 beneiicia
2531 2025 2751 2072 naturae.
2809 2017 2927 2082 Quo
2972 2015 3031 2070 iit
3078 2027 3136 2072 ut
3172 2018 3332 2072 etiam
3360 2016 3486 2083 nos',
3516 2018 3607 2086 qui

2041 2105 2066 2144 ά
2099 2105 2388 2162 Christiani
2416 2120 2534 2162 esse
2576 2105 2821 2173 dicimur,
2871 2105 3155 2176 perdamus
3200 2108 3306 2162 vim
3354 2108 3488 2162 tanti
3515 2104 3610 2162 no4

2039 2198 2200 2251 minis
2223 2237 2238 2263 ,
2289 2197 2420 2252 vitio
2460 2196 2756 2266 pravitatis.
2809 2197 2949 2252 Nihil
2977 2199 3120 2254 enim
3147 2199 3367 2253 omnino
3395 2197 3612 2268 prodest

2044 2298 2067 2326 ο
2097 2295 2293 2344 nomen
2339 2295 2584 2343 sanctum
2628 2288 2828 2343 habere
2853 2289 2967 2344 sine
2995 2290 3263 2355 moribus,
3292 2290 3417 2359 quia
3445 2291 3554 2344 vita
3581 2306 3611 2344 a

2039 2379 2372 2451 professione
2400 2377 2712 2434 discordans
2759 2379 2981 2447 abrogat
3021 2380 3258 2436 inlustris
3287 2380 3423 2452 tituli
3445 2380 3612 2435 hono-

2038 2485 2154 2525 rem
2199 2484 2296 2538 per
2339 2467 2679 2536 indignorum
2725 2476 2939 2525 actuum
2982 2460 3268 2525 vilitatem.
3315 2469 3464 2525 Unde
3493 2485 3612 2526 cum

2037 2577 2176 2634 pene
2227 2561 2428 2616 nullam
2475 2558 2900 2616 Christianorum
2943 2562 3182 2617 omnium
3210 2569 3445 2633 partem,
3477 2577 3612 2632 pene

2039 2657 2246 2713 nullum
2277 2656 2638 2714 Ecclesiarum
2676 2659 2914 2712 omnium
2962 2657 3211 2724 angulum
3252 2672 3360 2711 non
3397 2643 3620 2725 plenum

2036 2748 2184 2804 omni
2209 2748 2503 2804 offensione
2531 2755 2587 2803 et
2612 2748 2757 2803 omni
2799 2747 3072 2802 lethaiium
3111 2755 3452 2817 peccatorum
3491 2746 3611 2802 labe

2035 2839 2312 2895 videamus
2333 2880 2348 2904 ,
2401 2839 2528 2908 quid
2577 2845 2660 2893 est
2703 2837 2756 2892 in
2781 2836 2888 2907 duo
2917 2837 3072 2892 nobis
3099 2837 3166 2892 de
3185 2835 3488 2899 Christiano
3515 2851 3612 2892 no-

2034 2928 2181 2985 mine
2224 2928 2578 2995 blandiamur,
2627 2943 2747 2982 cum
2793 2928 2980 2997 utique
3025 2928 3130 2983 hoc
3178 2928 3296 2997 ipso
3325 2926 3493 2996 magis
3517 2940 3614 2996 per

2035 3034 2232 3075 nomen
2280 3018 2701 3074 sacratissimum
2731 3019 2808 3074 rei
2835 3019 3005 3074 simus
3026 3059 3040 3084 ,
3085 3019 3208 3088 quia
3238 3034 3268 3074 a
3296 3026 3484 3074 sancto
3511 3033 3610 3072 no-

2034 3111 2180 3165 mine
2227 3109 2628 3180 discrepamus?
2668 3108 2802 3164 Nam
2842 3116 2897 3164 et
2925 3109 3046 3164 ideo
3074 3109 3192 3180 plus
3218 3109 3317 3164 sub
3343 3097 3612 3178 religionis

357 3210 462 3256 tres
489 3204 585 3257 viri
609 3206 665 3257 in
704 3203 872 3258 medio
899 3205 1040 3275 ejus,
1091 3203 1230 3270 Noe,
1274 3212 1328 3258 et
1373 3203 1588 3268 Daniel,
1619 3202 1804 3268 etlob,
1833 3219 1936 3257 non
1961 3209 2011 3276 ρ
2040 3201 2196 3256 titulo
2225 3201 2395 3258 Deum
2443 3201 2681 3258 labdimus
2703 3241 2722 3269 ,
2769 3202 2891 3272 quia
2927 3202 3086 3272 positi
3123 3200 3177 3257 in
3204 3201 3460 3286 religione
3489 3215 3611 3272 pec-

354 3289 639 3358 ‘ihembunt
662 3295 805 3364 ﬁlios
836 3303 889 3348 et
903 3295 1064 3364 ﬁlias.
1108 3293 1222 3364 Ipsi
1246 3294 1344 3349 soli
1375 3294 1503 3348 salvi
1522 3303 1671 3348 erunt
1710 3293 1926 3366 (Ezech.

2035 3309 2239 3350 camus.

1510 3449 1850 3506 STEPHANI
1886 3447 2153 3505 BALUZI]
2192 3447 2420 3506 NO'NE.

423 3595 446 3656 ε
474 3584 646 3640 Antea
694 3584 1032 3656 edideramus
1069 3586 1416 3656 priuilegiim,
1437 3585 1607 3641 secuti
1636 3584 1927 3656 editionem

353 3653 702 3724 Qithmanam.
734 3653 885 3710 Nunc
910 3671 1040 3724 vero
1069 3651 1218 3724 sequi
1249 3651 1449 3724 placuit
1469 3655 1784 3724 scripturam
1813 3651 1931 3724 libri

393 3724 706 3787 orbeiensis,
738 3725 792 3779 in
831 3728 939 3794 quo
965 3723 1195 3780 habetur
1216 3723 1291 3779 uti
1321 3739 1419 3778 nos
1457 3723 1810 3794 repdsuimus.
1842 3723 1931 3778 Sic

353 3795 510 3851 ctiam
535 3795 794 3864 scriptum
821 3795 984 3850 fuisse
1010 3796 1064 3849 in
1095 3795 1386 3864 archetypo
1425 3808 1494 3849 ex
1514 3808 1622 3863 quo
1648 3809 1930 3864 expressus

352 3865 629 3946 estcodeg
652 3881 761 3946 quo
790 3864 1161 3946 Brassitanus‘
1181 3865 1448 3946 utebatur,
1481 3865 1815 3946 hincncolligi
1827 3879 1930 3945 Ρο-

355 3935 626 4005 testquod
670 3925 761 3990 ille
799 3935 968 4005 edidit
997 3925 1330 4005 Privilegiym
1369 3925 1560 4005 dicere.
1604 3935 1721 4001 Quo
1753 3925 1928 4005 veti'am

358 3992 518 4056 modo
538 3993 702 4059 habet
748 4004 910 4060 editio
939 3992 1502 4059 RomanavGalesinii.
1537 3992 1696 4059 Atwin
1743 4003 1930 4059 codice

355 4070 666 4146 colligi-tino
687 4073 876 4146 legitur
901 4075 1219 4146 privilegium
1247 4075 1427 4128 ditare.

429 4140 458 4182 δ
657 4141 842 4211 codex,
871 4140 1148 4215 producit.

2109 3595 2132 3625 ο
2155 3584 2272 3640 Νοιι
2301 3584 2639 3641 existimabat
2665 3598 2793 3655 ergo
2821 3583 3100 3655 Salvianus
3113 3584 3455 3655 innumeram
3482 3601 3608 3655 pro-

2037 3653 2269 3735 ditorum
2309 3655 2582 3708 hominum
2600 3648 3012 3735 multitudinem
3039 3648 3288 3735 suifragio
3300 3648 3605 3735 _paucoruni

2032 3723 2299 3791 bonorum
2330 3738 2360 3775 a
2387 3724 2737 3791 praesentibus
2763 3721 2916 3791 malis
2944 3719 3355 3791 posscdel'cndi.

2107 3790 2134 3830 ἀ
2163 3785 2440 3844 Editiones
2467 3791 2764 3844 Brassicani
2792 3795 2848 3842 et
2873 3785 3126 3842 Ga'lesinii
3154 3805 3165 3839 :
3201 3785 3300 3850 Qui
3339 3801 3431 3841 nos
3457 3789 3607 3843 Chri-

2033 3864 2229 3917 uianos
2255 3875 2366 3914 esse
2393 3861 2635 3915 diximus.
2659 3855 2899 3913 Pithoeus
2917 3873 2980 3913 ex
3002 3871 3101 3912 suo
3120 3856 3306 3912 codice
3339 3874 3351 3908 :
3383 3856 3486 3920 Qui
3514 3876 3607 3913 nos

2035 3931 2354 3986 Christianos
2382 3948 2490 3985 esse
2511 3929 2744 3984 dicimus.
2968 3997 2981 4000 ᾼ
3299 3995 3302 4000 ,

2109 4013 2133 4041 ε
2157 3999 2292 4071 Hinc
2337 4001 2602 4071 colligitur
2628 3997 3033 4071 adhucsaaculo
3051 3997 3140 4053 illo
3168 3997 3409 4071 sanctum
3447 3997 3607 4071 [uisse

2035 4074 2208 4127 visum
2231 4061 2521 4128 Christiaﬁi
2552 4085 2762 4127 nomen.
2798 4069 2925 4124 Vide
2952 4067 3107 4135 inira,
3131 4071 3252 4140 pag.
3287 4065 3354 4121 59
3373 4076 3430 4122 et
3453 4061 3538 4139 79_.

469 4249 474 4254 .
3259 4253 3274 4256 ..
3393 4253 3594 4279 ...,,,.,.

1322 4363 1796 4473 LIBER
1881 4361 2660 4518 QUARTUS.

427 4635 606 4724 59f].
646 4637 946 4696 Disceditur
981 4641 1165 4709 itaque
1201 4639 1267 4694 ab
1296 4637 1384 4693 illa
1413 4645 1576 4708 quam
1605 4653 1767 4709 supra
1795 4635 1934 4692 dixi-
1964 4637 2015 4699 D
2038 4637 2272 4692 hominis
2316 4635 2604 4691 Christiani
2654 4633 2782 4693 lides
2803 4681 2817 4705 ,
2870 4631 3096 4696 ﬁdeliter
3135 4649 3161 4681 ι
3189 4641 3458 4700 Christum
3505 4659 3616 4701 cre-

358 4740 472 4818 mus
517 4727 808 4788 Christiani
856 4732 1088 4786 nominis
1135 4731 1484 4802 praerogativa
1511 4771 1526 4796 ,
1575 4737 1635 4784 ut
1661 4738 1929 4800 putemus,

357 4817 478 4891 quia
505 4821 676 4878 simus
703 4823 908 4906 cunctis
935 4819 1181 4906 gentibus
1201 4817 1578 4890 reiigiosiores,
1611 4819 1808 4877 debere
1837 4835 1935 4876 nos

357 4917 474 4968 Esse
500 4911 665 4969 etiam
689 4905 964 4969 fortiores.
1023 4905 1156 4966 Nam
1185 4915 1305 4967 cum
1323 4951 1338 4977 ,
1364 4916 1426 4966 ’ut
1450 4905 1705 4976 diximus,
1737 4923 1840 4966 hoc
1867 4911 1936 4966 sit

2039 4725 2168 4783 dere
2191 4767 2206 4787 .
2257 4733 2312 4781 et
2356 4725 2460 4781 hoc
2502 4727 2569 4781 sit
2595 4727 2864 4782 Christum
2895 4727 3121 4787 ﬁdeliter
3148 4735 3388 4802 credere,
3418 4733 3617 4792 Christi

2040 4815 2289 4871 mandata
2317 4825 2560 4882 scrvare,
2598 4816 2656 4871 lit
2683 4817 2884 4888 absque
2911 4815 3072 4878 dubio
3107 4831 3162 4877 'ut
3203 4840 3302 4882 nec
3332 4823 3488 4882 [idem
3517 4828 3617 4880 ha-

2041 4910 2169 4966 beat
2195 4912 2284 4979 qui
2315 4903 2541 4968 inﬁdelis
2569 4919 2681 4978 est,
2713 4927 2813 4969 nec
2839 4912 3106 4971 Christum
3134 4917 3317 4973 credat
3345 4919 3437 4986 qui
3463 4915 3616 4970 Chri«

1542 5068 1879 5127 STEPHAN!
1915 5068 2186 5126 BALUZII
2224 5067 2449 5127 ΝΟΤλΕ.

433 5201 462 5242 δ
485 5191 548 5257 In
571 5194 808 5261 'aiitione
820 5193 1103 5261 Pithdaan’a
1126 5197 1320 5275 legitur
1353 5223 1364 5257 :
1398 5193 1539 5258 Nam
1568 5222 1701 5270 cum,
1729 5213 1786 5275 ut
1803 5205 1939 5259 dixi-

359 5291 496 5340 mus,
523 5275 618 5329 hoc
657 5277 723 5328 sit
745 5277 966 5331 hominis
996 5274 1273 5330 Christiani
1302 5275 1452 5345 ﬁdes,
1486 5276 1709 5344 ﬁdeliter
1749 5274 1940 5331 Christi

357 5345 605 5400 mandata
631 5361 853 5412 servare,
877 5355 980 5401 etc.
1009 5345 1116 5400 Sed
1155 5346 1324 5400 codex
1371 5345 1708 5400 Corbeiensis
1737 5345 1898 5400 habet
1922 5365 1933 5398 :

358 5412 513 5471 Nam
532 5431 664 5480 cum,
696 5425 752 5468 ut
785 5411 1008 5484 ditium:
1025 5455 1040 5482 ,
1071 5415 1122 5469 h.
1147 5433 1192 5470 δ.
1216 5415 1267 5468 Ιι.
1293 5431 1338 5469 c.
1367 5411 1514 5484 fides,
1546 5413 1769 5484 ﬁdeliter
1790 5412 1940 5484 Chri-

353 5489 494 5553 stum
531 5484 754 5553 credere,
802 5496 851 5541 et
891 5481 989 5539 hoc’
1028 5481 1097 5539 sit
1133 5481 1393 5540 Christum
1439 5481 1661 5553 ﬁdeliter
1709 5483 1934 5552 credere,

357 5551 548 5608 Christi
571 5551 818 5626 mapdotg
847 5573 1075 5626 servare,
1095 5564 1197 5626 etc.
1227 5555 1410 5610 Recte.
1439 5551 1659 5626 Dixerat
1680 5555 1822 5611 enim
1849 5573 1938 5611 su-

351 5627 622 5700 ῬηξΡθεο
771 5623 982 5700 ᾐορὶιεοτ
1003 5623 1223 5700 ﬁdeliter
1244 5627 1497 5700 hominem
1518 5625 1720 5700 Christo
1754 5627 1932 5682 crede-

351 5637 622 5748 mﬁag.
647 5637 716 5700 η
742 5645 754 5678 :
781 5637 982 5697 UpinOr
1003 5637 1223 5696 ﬁdenter
1244 5637 1497 5680 hominem
1518 5637 1720 5711 Christo
1747 5637 1932 5712 crede-

347 5701 433 5760 re,
535 5704 634 5761 est,
658 5695 863 5766 ﬁdam
889 5695 998 5749 Deo
1026 5707 1136 5750 esse
1179 5695 1272 5749 hoc
1298 5707 1394 5764 est,
1419 5695 1637 5766 ﬁdeliter
1664 5697 1760 5752 Det
1787 5713 1935 5751 man-

353 5757 488 5820 ϋηο
517 5769 751 5821 ter-rure.
779 5763 1036 5825 Etherius
1055 5773 1119 5822 et
1140 5738 1335 5822 beatus
1363 5765 1453 5821 lib.
1484 5785 1502 5821 ι
1543 5769 1795 5824 adversus
1820 5764 1933 5820 Eii—

1410 5915 1476 5924 ..n.
1519 5894 1542 5908 .¹
1582 5912 1584 5914 τ
1645 5892 2021 5922 γ-*ετῖρ--οα-

2041 5201 2278 5277 pandum
2310 5225 2322 5258 :
2369 5203 2495 5277 Non
2532 5218 2608 5262 est
2639 5205 2967 5277 Christianus
3013 5210 3096 5277 qui
3121 5214 3267 5277 recte
3312 5220 3414 5260 non
3457 5207 3614 5262 credit

2042 5272 2321 5332 Christum.
2349 5276 2672 5333 Athanasius
2699 5280 2752 5332 in
2781 5276 3007 5346 epistola
3025 5272 3097 5346 ad
3121 5272 3419 5346 Epictetum
3448 5277 3615 5334 relata

2043 5349 2097 5401 in
2145 5349 2365 5418 antiqua
2415 5349 2661 5418 versione
2699 5341 2917 5418 concilii
2967 5341 3238 5418 Epltesini,
3273 5361 3411 5418 pag.
3460 5347 3614 5402 466:

2041 5419 2142 5471 Aut
2166 5413 2415 5485 quor—nodo
2438 5435 2548 5473 esse
2587 5413 2866 5485 Clttisliqrti
2893 5420 3104 5485 possunt
3133 5415 3218 5485 qui
3248 5413 3419 5472 dicuht
3455 5419 3614 5474 alium

2041 5501 2158 5562 esse
2178 5475 2374 5562 Filium
2401 5496 2449 5541 ct
2472 5487 2629 5562 alium
2653 5475 2754 5562 ὲξ)έεὶ
2789 5475 3026 5562 Veritum.
3063 5475 3383 5562 Augustinus
3411 5499 3617 5562 sermo:

2042 5573 2110 5612 ne
2131 5556 2164 5609 9
2187 5557 2254 5613 de
2280 5559 2461 5613 decem
2489 5551 2715 5607 Chordis
2742 5563 2858 5619 cap.
2889 5549 2940 5615 4,
2976 5551 3026 5605 in
3060 5549 3192 5608 nova
3230 5556 3492 5613 editione:
3515 5553 3615 5618 Qui

2039 5629 2177 5681 enim
2201 5644 2302 5681 non
2331 5627 2392 5677 de
2413 5627 2583 5698 [alitro
2612 5619 3030 5698 saeculoncogitat,
3063 5641 3156 5678 nec
3180 5637 3446 5698 propterea
3463 5624 3617 5698 βίη-ες

2040 5699 2239 5750 stianus
2273 5685 2425 5766 estsi
2450 5691 2504 5766 id
2531 5685 2666 5759 quod
2693 5690 2746 5742 in
2774 5685 3047 5761 fi‘ne'Deus
3086 5685 3338 5766 pra'mit'tit
3367 5695 3616 5764 accipiat,

2041 5766 2268 5821 nondum
2291 5761 2620 5816 Christianus
2643 5769 2741 5814 est.
