4234 6250
646 353 710 418 Ὴ
857 423 862 426 ,
1627 359 1682 413 S.
1723 355 2039 413 SALVIANI
2076 353 2538 412 MASSILIENSIS
2577 354 3005 412 PRESBYTER!
3832 361 3909 423 19

648 477 714 532 sti
741 474 994 533 mandata
1041 472 1348 536 conculcat;
1399 484 1462 525 ac
1508 485 1606 540 per
1644 472 1748 526 hoc
1779 480 1950 526 totum
1977 473 2032 526 in
2059 471 2112 526 id
2143 486 2230 527 re-
2256 475 2310 532 Α
2332 471 2449 525 sine
2477 471 2728 541 operibus
2753 472 2913 526 bonis
2939 486 3098 542 posse
3125 471 3398 540 prodesse.
3436 472 3503 528 Et
3529 475 3713 545 utique
3739 475 3909 533 multo

635 567 897 630 volvitur,
948 573 1007 619 ut
1049 564 1142 632 qui
1181 561 1472 617 Christiani
1518 563 1628 632 60
1675 564 1908 618 nominis
1955 579 2092 634 Opus
2118 579 2228 619 non
2273 599 2277 602 -

647 660 791 728 agit,
839 655 1175 712 Christianus
1221 669 1330 710 non
1377 669 1497 710 esse
1539 654 1800 710 videatur.
1850 657 2057 712 Nomen
2085 657 2228 713 enim

645 751 761 806 sine
807 759 928 804 actu
974 758 1137 817 atque
1183 747 1362 804 ofﬁcio
1390 763 1517 815 suo,
1544 750 1677 804 nihil
1703 759 1803 805 est.
1845 750 1998 816 Nam,
2033 763 2056 790 ε
2089 754 2230 807 sicut

645 843 721 897 ait
746 841 963 910 quidam
991 839 1020 879 ι’
1051 839 1106 894 in
1153 841 1366 910 scriptis
1411 842 1552 908 suis,
1593 841 1722 911 quid
1749 850 1832 898 est
1861 843 2002 898 aliud
2030 845 2218 914 princi-

645 941 801 1004 patus
825 932 942 986 sine
987 931 1305 986 meritorum
1332 932 1678 996 sublimitate,
1729 934 1830 988 nisi
1859 935 2078 989 honoris
2108 936 2229 989 titu-

644 1023 726 1078 lus
752 1023 869 1077 sine
896 1022 1142 1087 homine;
1191 1031 1283 1077 aut
1328 1022 1454 1092 quid
1501 1032 1582 1077 est
1627 1024 1859 1092 dignitas
1904 1026 1957 1078 in
1987 1026 2223 1094 indigno,

643 1113 747 1168 nisi
792 1121 1168 1167 ornamentum
1213 1112 1267 1166 in
1316 1112 1468 1167 luto?
1505 1113 1689 1182 Itaque
1736 1123 1795 1168 ut
1834 1115 2023 1170 iisdem
2050 1117 2227 1170 verbis

641 1203 804 1259 etiam
834 1219 932 1258 nos
958 1211 1196 1270 utamur,
1248 1204 1378 1272 quid
1423 1213 1508 1258 est
1548 1205 1688 1260 aliud
1717 1214 1962 1262 sanctum
1994 1208 2226 1262 voeabu-

641 1295 752 1351 lum
794 1297 912 1352 sine
953 1297 1167 1360 merito,
1220 1295 1323 1351 nisi
1372 1305 1748 1352 ornamentum
1791 1298 1844 1352 in
1892 1299 2040 1354 luto?
2087 1301 2227 1355 sicut

639 1388 807 1443 etiam
834 1403 933 1458 per
959 1387 1166 1443 divinas
1208 1387 1416 1442 litteras
1461 1403 1616 1443 sacer
1661 1383 1852 1444 sermd
1887 1397 2116 1445 testatus
2143 1398 2226 1445 est

641 1480 827 1560 dicens
855 1499 867 1534 :
899 1481 1132 1535 Circulus
1173 1497 1356 1536 aureus
1395 1483 1451 1535 in
1479 1481 1687 1536 naribus
1726 1484 1833 1536 suis
1856 1521 1871 1546 ,
1903 1483 2084 1536 mulier
2110 1485 2226 1554 pul-

642 1572 768 1626 chra
795 1581 846 1626 et
865 1573 1010 1644 fatua
1041 1571 1218 1643 (Prov.
1253 1588 1326 1638 ιι,
1357 1571 1469 1642 22).
1513 1571 1579 1626 Ει
1605 1573 1660 1626 in
1687 1573 1844 1628 nobis
1863 1574 2043 1643 itaque
2069 1572 2224 1630 Chri-

639 1665 873 1722 stianum
900 1665 1216 1720 vocabulum
1257 1664 1411 1732 quasi
1454 1679 1677 1719 aureum
1703 1664 1870 1724 decus
1886 1673 1978 1720 est
2002 1685 2014 1719 :
2043 1682 2152 1735 quo
2179 1667 2224 1721 si

641 1755 861 1824 indigne
890 1755 1122 1820 utimur,
1153 1754 1212 1809 ﬁt
1248 1766 1307 1809 ut
1334 1770 1458 1810 sues
1485 1771 1605 1810 cum
1635 1764 1954 1812 ornamento
1991 1771 2110 1811 esse
2152 1757 2224 1811 vi-

2332 565 2454 635 plus
2482 573 2565 620 est
2589 565 2744 619 ﬁdem
2775 565 2976 620 habere
3003 580 3165 635 quam
3192 582 3390 622 nomen
3415 586 3426 620 :
3459 569 3585 638 quia
3609 584 3806 623 nomen
3827 578 3906 624 est

2330 655 2648 711 vocabulum
2675 657 2939 722 hominis,
2985 657 3113 712 ﬁdes
3139 667 3317 712 autem
3346 657 3548 714 fructus
3576 669 3658 716 est
3687 663 3902 716 mentis.

2330 747 2398 804 Et
2442 759 2621 805 tamen
2670 750 2812 806 hunc
2857 751 3030 822 ipsum
3077 751 3199 806 ﬁdei
3241 750 3470 807 fructum
3522 753 3905 831 infructuosum

2329 840 2619 910 Apostolus
2655 841 2771 896 sine
2807 841 3058 912 Operibus
3099 841 3254 897 bonis
3281 858 3400 897 esse
3430 851 3657 899 testatur
3682 845 3902 900 dicens:

2330 932 2491 987 Fides
2529 935 2640 986 sine
2681 933 2918 1003 operibus
2964 945 3166 989 mortua
3203 946 3278 989 est
3303 935 3439 1006 (Jac.
3465 952 3522 1002 ιι,
3550 937 3660 1006 17).
3711 936 3779 992 Ει
3805 938 3904 993 itc-

2329 1040 2446 1078 rum
2473 1043 2486 1076 :
2520 1023 2668 1078 Sicut
2687 1027 2822 1079 enim
2845 1043 3029 1096 corpus
3048 1028 3159 1080 sine
3177 1028 3378 1097 spiritu,
3409 1029 3484 1082 sic
3510 1029 3640 1099 ﬁdes
3661 1032 3773 1084 sine
3795 1047 3902 1100 ope-

2328 1114 2468 1170 ribus
2496 1126 2702 1170 mortua
2727 1126 2802 1170 est
2833 1116 3018 1187 (Ibid.,
3048 1117 3160 1188 26).
3203 1118 3363 1174 Addit
3379 1135 3594 1190 quoque
3629 1121 3901 1191 asperiora

2328 1206 2572 1276 quaedam
2602 1207 2669 1260 ad
2695 1207 3105 1264 confundendos
3126 1224 3222 1266 eos
3246 1212 3338 1281 qui
3366 1211 3466 1266 sibi
3489 1214 3904 1283 praesumptione

2328 1297 2647 1354 Christianae
2676 1299 2799 1354 lidei
2827 1300 3192 1356 blandiuntur.

2399 1390 2462 1444 ΙΙ.
2505 1389 2612 1445 Sed
2639 1391 2773 1445 dicet
2801 1391 2988 1464 aliquis
3017 1409 3034 1445 :
3067 1391 3142 1446 Tu
3170 1393 3323 1464 ﬁdem
3353 1393 3527 1460 habes,
3557 1404 3609 1449 et
3629 1411 3722 1467 ego
3749 1411 3904 1467 opera

2328 1483 2510 1536 habeo.
2544 1481 2770 1537 Ostende
2796 1484 2922 1536 mihi
2947 1485 3059 1538 sine
3085 1483 3321 1554 operibus
3355 1485 3513 1556 ﬁdem
3542 1495 3698 1552 tuam,
3725 1496 3777 1540 et
3811 1502 3904 1558 ego

2327 1575 2596 1631 ostendam
2639 1574 2729 1630 tibi
2765 1592 2831 1630 ea:
2879 1577 3114 1646 operibus
3158 1577 3316 1648 ﬁdem
3355 1595 3524 1633 meam
3559 1577 3744 1652 (Ibid.,
3791 1577 3902 1649 l8).

2329 1666 2447 1732 Quo
2476 1667 2661 1736 utique
2681 1667 2784 1721 hoc
2812 1667 3030 1733 indicat,
3055 1676 3206 1723 actus
3239 1667 3413 1723 bonos
3441 1667 3757 1726 Christianae
3785 1669 3903 1726 ﬁdei

2327 1756 2479 1826 quasi
2509 1765 2675 1812 testes
2714 1771 2873 1812 esse:
2905 1758 3029 1826 quia
3058 1757 3392 1813 Christianus
3436 1760 3537 1815 nisi
3576 1775 3739 1831 opera
3764 1761 3902 1817 bona

637 1846 879 1903 deamur.
943 1847 1183 1924 Denique
1241 1847 1333 1916 qui
1381 1847 1496 1902 vult
1539 1847 1733 1917 plenus
1777 1848 1917 1904 scire
1958 1849 2220 1905 voeabula
2251 1844 2298 1905 B
2324 1840 2529 1912 fecerit:
2568 1846 2725 1923 ﬁdem
2752 1862 2906 1904 suam
2927 1849 3138 1918 penitus
3158 1850 3460 1919 approbare
3486 1867 3593 1906 non
3622 1853 3810 1921 possit,
3843 1867 3903 1906 ac

638 1941 770 1995 nihil
800 1942 922 1996 Esse
967 1941 1091 1995 sine'
1129 1941 1311 2004 rebus,
1344 1941 1594 2010 respiciat
1621 1942 1894 2010 quomodo
1916 1943 2223 1998 innumera-

636 2030 774 2086 biles
800 2031 983 2101 populi
1009 2071 1024 2096 ,
1055 2031 1388 2086 cessantibus
1414 2031 1647 2098 meritis,
1679 2033 1842 2088 etiam
1862 2033 2078 2087 nomina
2111 2049 2221 2104 per-

637 2121 908 2176 diderunt.
951 2120 1240 2176 Duodecim
1278 2121 1624 2177 Hebraeorum
1662 2123 1855 2188 tribus,
1887 2139 2010 2178 cum
2039 2124 2222 2179 electae

639 2211 911 2282 quondam
940 2228 970 2265 a
1000 2212 1111 2267 Deo
1140 2221 1341 2279 essent,
1373 2213 1482 2268 duo
1510 2214 1729 2268 nomina
1755 2225 2097 2271 sacrosancta
2127 2232 2219 2271 ac-

639 2297 922 2372 ceperunt.
996 2301 1230 2373 Populus
1287 2304 1430 2359 enim
1490 2303 1584 2359 Dei
1632 2314 1687 2359 et
1733 2305 1896 2360 Israel
1941 2307 2221 2377 appellatae

638 2403 780 2449 sunt.
822 2393 910 2449 Sic
937 2395 1134 2465 quippe
1179 2395 1446 2463 legimus:
1496 2397 1662 2462 Audi,
1712 2397 1929 2469 populus
1970 2416 2130 2466 meus,
2172 2410 2221 2454 et

637 2483 850 2555 loquar;
883 2483 1068 2551 Israel,
1099 2495 1148 2539 et
1179 2486 1492 2556 testiﬁcabor
1511 2486 1599 2542 tibi
1622 2487 1792 2559 (Psal.
1821 2505 1982 2556 Lxxx,
2014 2488 2090 2560 9).
2117 2489 2217 2546 Er-

545 2567 568 2585 ’
637 2589 706 2646 go
731 2575 900 2632 Judaei
928 2577 1214 2648 aliquando
1240 2587 1557 2650 utrumque,
1602 2596 1746 2636 nunc
1778 2591 2046 2636 neutrum.
2086 2583 2218 2639 Nam

637 2681 739 2723 nec
767 2667 861 2724 Dei
889 2669 1119 2739 populus
1145 2668 1251 2725 dici
1279 2679 1460 2741 potest
1487 2672 1578 2742 qui
1607 2673 1806 2727 cultum
1836 2673 1934 2728 Dei
1955 2675 2068 2743 jam
2089 2675 2216 2728 olim

635 2759 878 2831 reliquit,
909 2776 1010 2817 nec
1037 2761 1225 2818 videns
1253 2762 1433 2839 Deum
1452 2764 1544 2834 qui
1571 2763 1665 2818 Dei
1694 2763 1886 2819 Filium
1913 2765 2215 2834 denegavit,

633 2853 771 2909 sicut
798 2849 1057 2924 scriptum
1097 2862 1210 2910 est:
1245 2852 1414 2909 Israel
1457 2872 1571 2910 vero
1604 2873 1683 2910 me
1729 2873 1834 2913 non
1875 2859 2138 2929 cognouit,
2171 2867 2221 2911 et

635 2942 855 3013 populus
883 2960 1025 2999 meus
1073 2961 1155 2999 me
1194 2962 1299 3000 non
1326 2946 1577 3002 intellexit
1615 2946 1769 3020 (Isai.
1804 2965 1841 3012 ι,
1873 2948 1950 3019 5).
1992 2948 2220 3020 Propter

635 3034 780 3107 quod
829 3036 992 3093 etiam
1037 3037 1161 3093 alibi
1191 3037 1331 3094 Deus
1375 3049 1560 3096 noster
1600 3039 1667 3095 de
1711 3039 2016 3096 Iudaeorum
2062 3042 2218 3111 plebe

635 3127 874 3199 loquitur
900 3130 966 3186 ad
1021 3133 1340 3202 prophetam
1386 3133 1608 3190 dicens:
1672 3133 1812 3188 Voca
1859 3151 2044 3189 nomen
2082 3137 2212 3206 ejus,

2321 1955 2419 2011 per
2464 1941 2569 1994 hoc
2620 1941 2765 2009 quod
2810 1941 3043 2010 probare
3088 1957 3193 1997 non
3240 1942 3413 1996 valeat
3459 1942 3584 2012 quia
3640 1945 3745 2010 sit,
3819 1943 3903 1999 'sic

2321 2032 2542 2087 omnino
2575 2031 2878 2086 habendum
2927 2048 3044 2089 esse
3097 2033 3252 2102 quasi
3291 2049 3399 2089 non
3427 2035 3513 2088 sit.
3559 2033 3690 2088 Nam
3742 2049 3903 2103 quam

2321 2140 2422 2196 pro
2450 2125 2597 2179 nullo
2625 2125 2729 2179 hoc
2755 2125 3057 2182 habendum
3083 2127 3436 2192 existimaret,
3459 2126 3511 2179 in
3537 2127 3760 2181 subditis
3787 2135 3902 2180 sta-

2321 2217 2415 2271 tim
2439 2217 2552 2286 ipse
2581 2216 2918 2272 demonstrat
2943 2218 3128 2273 dicens
3149 2217 3217 2272 ad
3236 2215 3598 2272 Christianum
3627 2236 3638 2270 :
3675 2217 3750 2270 Tu
3796 2234 3902 2270 cre-

2322 2308 2400 2362 dis
2429 2309 2548 2379 quia
2591 2308 2700 2378 62
2744 2323 2880 2361 unus
2919 2316 2995 2362 est
3021 2306 3182 2362 Deus.
3213 2307 3350 2361 Bene
3370 2309 3519 2379 facis.
3551 2305 3620 2360 Et
3647 2307 3899 2361 daemones

2297 2399 2557 2462 -credunt,
2591 2408 2640 2452 et
2685 2399 3082 2453 contremiscunt
3128 2396 3316 2468 (Ibid.,
3349 2395 3458 2465 i9).
3489 2394 3901 2449 Consideremus

2319 2491 2446 2560 quid
2467 2490 2698 2544 voluerit
2725 2491 2828 2544 hoc
2855 2490 2976 2544 loco
3003 2489 3292 2558 Apostolus
3326 2487 3536 2552 dicere;
3569 2501 3669 2541 nec
3715 2486 3903 2539 irasca-

2318 2597 2440 2636 mur
2466 2580 2658 2634 divinis
2683 2580 3021 2643 testimoniis,
3046 2579 3142 2646 sed
3165 2579 3598 2648 acquiescamus;
3642 2593 3740 2632 nec
3769 2591 3903 2631 eon-

2318 2673 2664 2737 tradicamus,
2723 2671 2818 2726 sed
2870 2669 3230 2742 proﬁciamus.
3282 2669 3356 2722 Tu
3397 2670 3583 2734 credis,
3627 2669 3799 2738 inquit
3839 2667 3902 2722 ad

2319 2764 2681 2821 Christianum
2700 2778 2879 2818 sermo
2903 2762 3132 2828 divinus,
3163 2762 3299 2834 quod
3319 2761 3459 2816 Deus
3480 2777 3611 2814 unus
3633 2770 3728 2814 est.
3761 2759 3901 2814 Bene

2321 2857 2472 2928 facis.
2505 2853 2576 2909 Et
2623 2854 2880 2910 daemones
2916 2853 3147 2918 credunt,
3197 2863 3248 2906 et
3297 2853 3712 2908 contremiscunt.
3757 2849 3902 2903 Nun-

2320 2948 2449 3018 quid
2493 2947 2694 3003 erravit
2721 2947 3028 3018 Apostolus,
3059 2953 3119 3001 ut
3163 2946 3396 3001 hominis
3415 2945 3705 2999 Christiani
3746 2941 3901 2996 ﬁdem

2323 3038 2554 3093 daemoni
2615 3039 3000 3108 compararet?
3074 3036 3191 3092 Non
3262 3037 3465 3106 utique.
3539 3033 3646 3089 Sed
3720 3041 3898 3087 osten-

2322 3129 2448 3185 dere
2501 3128 2628 3182 illud
2679 3130 2865 3184 volens
2909 3127 3054 3198 quod
3089 3144 3247 3198 supra
3275 3128 3473 3182 dictum
3495 3134 3594 3192 est,
3619 3126 3743 3194 quia
3789 3125 3902 3179 sine

635 3219 761 3277 Non
789 3222 974 3278 dilecta
1019 3223 1165 3296 (Ose.
1197 3241 1235 3288 ι,
1267 3223 1332 3290 9;
1380 3223 1531 3279 Rom.
1567 3242 1639 3290 ix,
1671 3224 1787 3295 25).
1829 3225 1896 3280 Et
1925 3227 2119 3280 iterum
2148 3226 2215 3280 ad
2243 3206 2290 3270 C
2320 3221 2574 3291 operibus
2619 3219 2776 3274 bonis
2829 3220 2959 3273 nihil
2999 3219 3097 3273 sibi
3123 3234 3221 3288 per
3249 3219 3371 3273 ﬁdei
3399 3218 3741 3286 supercilium
3759 3233 3901 3272 usur-

631 3311 844 3370 Judmos
870 3315 1015 3385 ipsos
1041 3333 1053 3368 :
1096 3315 1198 3370 Vos
1217 3332 1320 3370 non
1348 3317 1472 3370 estis
1496 3317 1712 3386 papulas
1740 3333 1902 3380 meus,
1933 3327 1983 3371 et
2000 3334 2092 3388 ego
2113 3333 2216 3371 non

633 3421 747 3460 sum
775 3405 916 3461 Deus
936 3415 1098 3462 vester
1119 3405 1304 3478 (Ibid.,
1337 3405 1408 3478 9).
1441 3405 1551 3462 Cur
1588 3415 1766 3462 autem
1795 3409 1900 3462 hoc
1938 3407 2006 3463 de
2029 3409 2108 3462 eis
2135 3409 2216 3464 di-

632 3506 797 3563 ceret,
829 3499 943 3568 ipse
971 3499 1095 3554 alibi
1124 3498 1403 3554 evidenter
1448 3498 1700 3554 ostendit.
1759 3498 1850 3554 Sic
1877 3500 2074 3570 quippe
2100 3500 2212 3554 ait:

631 3587 1026 3662 Dereliquerunt
1062 3609 1243 3647 venam
1280 3609 1529 3663 aquarum
1584 3594 1885 3656 viventium,
1938 3592 2215 3647 Dominum

631 3681 765 3753 (Jer.
800 3699 928 3750 xvn,
961 3683 1075 3756 15).
1115 3683 1182 3740 Ει
1211 3686 1443 3741 iterum:
1485 3685 1734 3753 Verbum,
1768 3687 1970 3758 inquit,
2003 3686 2216 3742 Domini

627 3772 972 3842 proiecerunt,
1012 3782 1062 3827 et
1101 3777 1356 3846 sapientia
1389 3776 1532 3830 nulla
1560 3787 1635 3831 est
1673 3779 1726 3832 in
1755 3777 1877 3832 illis.
1913 3776 2067 3844 Quod
2096 3778 2217 3847 qui-

625 3857 752 3916 dem
780 3864 945 3920 timeo
971 3865 1078 3936 οι
1108 3881 1177 3920 ne
1225 3883 1334 3923 non
1381 3867 1552 3936 magis
1600 3877 1728 3924 tunc
1771 3869 1839 3924 de
1884 3870 1963 3924 eis
1991 3869 2094 3924 dici
2123 3886 2215 3939 po-

626 3953 832 4020 tuerit,
882 3969 1043 4024 quam
1089 3954 1156 4009 de
1203 3957 1360 4010 nobis
1406 3972 1548 4010 nunc
1588 3957 1692 4012 dici
1721 3960 1926 4027 possit:
1959 3960 2084 4028 quia
2112 3976 2212 4014 nec

627 4045 807 4099 verbis
834 4043 1128 4098 Dominicis
1173 4045 1607 4114 obtemperamus
1631 4088 1644 4113 ,
1694 4057 1747 4101 et
1775 4050 1866 4117 qui
1897 4050 2073 4105 verbis
2101 4051 2210 4106 Do-

627 4133 759 4187 mini
786 4149 896 4189 non
924 4135 1288 4204 obsequimur,
1338 4138 1654 4208 sapientiam
1697 4139 1937 4210 profecto
1967 4143 2019 4197 in
2057 4145 2212 4200 nobis

627 4225 843 4298 penitus
866 4243 976 4282 non
1004 4226 1284 4284 habemus.
1325 4229 1436 4286 Nisi
1465 4229 1692 4288 fortasse
1715 4234 1980 4290 credimus
2006 4238 2214 4306 sapien-

627 4328 712 4378 ter
740 4335 840 4376 nos
878 4319 1048 4375 Deum
1094 4335 1380 4392 spernere,
1430 4336 1486 4378 et
1512 4324 1616 4380 hoc
1643 4325 1815 4396 ipsum
1840 4327 1984 4397 quod
2012 4326 2211 4384 Christi

627 4413 879 4470 mandata
907 4415 1318 4483 contemnimus,
1351 4433 1611 4473 summam
1641 4410 1978 4489 prudentiam
1997 4420 2210 4489 judica-

629 4521 771 4561 mus.
812 4505 908 4562 Est
935 4508 1151 4578 quidem
1199 4524 1358 4564 causa
1401 4527 1497 4565 cur
1524 4511 1627 4566 hoc
1653 4512 1725 4566 ita
1753 4514 2059 4570 existimare
2087 4531 2208 4570 ere-

2323 3329 2450 3383 pare
2477 3313 2720 3376 deberet,
2756 3322 2777 3349 ο
2803 3309 3002 3365 idcirco
3049 3309 3124 3362 ait
3176 3317 3230 3362 et
3276 3324 3305 3361 a
3360 3308 3692 3362 daemonibus
3734 3309 3900 3364 Deum

2319 3404 2466 3460 credi
2492 3423 2504 3456 :
2529 3403 2734 3460 scilicet
2762 3410 2820 3456 ut
2846 3402 2984 3456 sicut
3004 3401 3292 3466 daemones,
3322 3416 3444 3456 cum
3465 3400 3632 3455 Deum
3661 3400 3901 3465 credant,

2319 3509 2499 3554 tamen
2523 3499 2576 3553 in
2605 3496 2956 3568 perversitate
2982 3493 3291 3565 perdurant,
3325 3494 3398 3548 ita
3423 3502 3476 3548 et
3505 3493 3767 3562 quosdam
3799 3495 3899 3548 ho-

2317 3591 2490 3646 mines
2542 3589 2696 3660 quasi
2740 3587 3108 3643 credulitatem
3138 3585 3521 3640 daemoniacam
3543 3585 3761 3648 habere,
3811 3585 3900 3652 qui

2318 3699 2440 3739 cum
2468 3698 2527 3738 se
2566 3681 2738 3737 Deum
2763 3679 2984 3736 credere
3015 3685 3280 3743 asserant,
3307 3685 3488 3732 tamen
3509 3693 3540 3732 a
3568 3677 3710 3731 malo
3740 3691 3901 3748 opere

2319 3792 2426 3831 non
2474 3783 2705 3831 cessant.
2757 3772 3039 3842 Subjungit
3078 3779 3258 3826 autem
3304 3769 3371 3825 ad
3397 3771 3657 3840 pudorem
3687 3779 3741 3825 et
3767 3786 3898 3826 con-

2317 3866 2717 3921 demnationem
2745 3864 3022 3918 hominum
3050 3870 3415 3932 peccatorum,
3440 3877 3550 3916 non
3574 3862 3794 3918 credere
3819 3877 3899 3915 so-

2318 3957 2426 4011 lum
2457 3956 2729 4011 daemones
2749 3954 2845 4010 Dei
2875 3969 3094 4020 nomen,
3124 3952 3219 4008 sed
3244 3953 3405 4008 etiam
3429 3953 3619 4007 timere
3665 3960 3720 4006 et
3767 3968 3896 4007 con-

2318 4047 2664 4102 tremiscere:
2721 4046 2825 4101 hoc
2865 4053 2948 4100 est
2993 4045 3215 4099 dicere:
3246 4042 3384 4110 Quid
3436 4043 3532 4098 tibi
3556 4043 3832 4108 blandiris,
3862 4059 3895 4097 o

2317 4139 2498 4203 homo,
2529 4137 2770 4206 quisquis
2799 4152 2876 4202 es,
2905 4135 3240 4201 credulitate,
3258 4149 3380 4204 quae
3399 4134 3516 4188 sine
3538 4135 3898 4210 timor-eatque

2317 4229 2578 4298 obsequio
2600 4229 2694 4283 Dei
2724 4227 2870 4283 nulla
2891 4229 3012 4282 est?
3042 4225 3241 4296 aliquid
3255 4226 3372 4296 plus
3385 4224 3654 4278 daemones
3678 4223 3899 4277 habent.

2319 4322 2400 4376 Tu
2427 4322 2570 4376 enim
2591 4336 2752 4376 unam
2782 4335 2895 4375 rem
2915 4319 3084 4374 habes
3108 4314 3496 4380 tantummodo,
3526 4314 3602 4369 illi
3631 4313 3783 4368 duas.
3817 4312 3899 4368 Tu

2317 4413 2683 4470 credulitatem
2712 4413 2898 4476 babes,
2930 4427 3037 4467 non
3061 4411 3226 4466 habes
3261 4409 3537 4474 timorem;
3567 4406 3642 4461 illi
3667 4405 3898 4461 creduli-

2317 4515 2482 4562 tatem
2525 4507 2727 4562 habent
2756 4505 2959 4575 pariter
2986 4512 3040 4558 et
3068 4503 3333 4557 timorem.
3365 4497 3506 4566 Quid
3532 4497 3743 4554 miraris
3770 4512 3900 4568 ergo

625 4593 837 4650 damur.
897 4595 1029 4651 Nam
1057 4603 1220 4654 tanto
1253 4615 1520 4656 consensu
1567 4617 1757 4657 omnes
1785 4612 2005 4672 peccata
2033 4607 2215 4676 sequi-
2239 4581 2362 4654 D'si
2391 4597 2681 4655 caedimur?
2702 4595 2840 4662 Quid
2860 4595 3072 4651 miraris
3099 4595 3143 4649 si
3177 4593 3520 4660 castigamur,
3551 4590 3598 4644 si
3619 4591 3672 4646 in
3697 4589 3783 4660 jus
3802 4589 3900 4644 ἰδο-

628 4698 765 4753 mur,
805 4687 956 4757 quasi
997 4688 1189 4745 summi
1231 4689 1438 4745 consilii
1478 4691 1877 4762 conspiratione
1904 4709 2207 4764 peccemus.

628 4769 757 4840 Quae
803 4791 924 4831 cum
965 4776 1034 4831 ita
1083 4777 1222 4846 sint,
1271 4797 1390 4852 qua:
1435 4782 1576 4838 ratio
1622 4791 1704 4837 est
1731 4792 1790 4838 ut
1826 4785 1925 4854 ipsi
1950 4802 2053 4850 nos
2076 4786 2211 4843 falsa

606 4865 881 4952 .opinione
930 4867 1206 4936 fallamus,
1256 4872 1625 4929 existimantes
1663 4875 1873 4931 scilicet
1899 4880 2025 4949 quia
2052 4877 2212 4936 Chri-

627 4959 788 5016 stiani
816 4976 933 5016 esse
961 4961 1218 5029 dicamur,
1262 4965 1406 5034 quod
1447 4965 1699 5037 opitulari
1723 4969 1878 5024 nobis
1906 4971 2048 5028 inter
2072 4975 2211 5029 mala

627 5063 746 5119 quae
775 5051 980 5119 agimus
1007 5067 1204 5109 nomen
1231 5054 1430 5110 bonum
1459 5051 1644 5128 poSsit,
1676 5075 1797 5117 cum
1825 5061 2054 5132 Spiritus
2081 5065 2212 5121 san-
2249 5137 2254 5142 ἢ

628 5149 746 5196 ctus
788 5157 887 5198 nec
938 5142 1096 5199 ﬁdem
1139 5145 1356 5214 quidem
1396 5146 1539 5203 dicat
1566 5148 1871 5206 hominibus
1898 5150 2214 5211 Christianis

2317 4694 2480 4748 stium
2505 4691 2788 4753 tradimur,
2819 4688 2865 4743 si
2885 4688 3209 4743 iulirmiores
3238 4686 3486 4742 omnibus
3513 4684 3732 4740 sumus?
3777 4681 3900 4737 Sive

2318 4787 2545 4842 miseriae
2583 4791 2799 4848 nostrae,
2855 4783 2970 4837 sive
3014 4780 3371 4843 inﬁrmitates,
3419 4778 3534 4834 sive
3573 4775 3896 4837 eversiones,

2317 4880 2431 4934 sive
2471 4876 2808 4947 captivitates
2856 4883 2912 4930 et
2938 4889 3076 4945 pene
3105 4872 3362 4943 improba:
3408 4870 3717 4935 servitutes,
3749 4867 3900 4921 testi-

2321 4968 2502 5024 monia
2524 4975 2648 5022 sunt
2669 4966 2794 5020 mali
2816 4967 2956 5021 servi
2977 4974 3031 5022 et
3058 4965 3185 5020 boni
3209 4963 3432 5019 domini.
3470 4959 3751 5028 Quomodo
3773 4959 3896 5013 mali

2320 5061 2500 5116 servi?
2542 5060 2667 5130 quia
2713 5059 2908 5130 patior,
2951 5058 3156 5114 scilicet
3189 5057 3272 5110 vel
3301 5071 3369 5109 ex
3396 5063 3570 5124 parte,
3599 5053 3744 5122 quod
3788 5067 3900 5105 me—

2319 5169 2462 5211 reor.
2493 5153 2777 5220 Quomodo
2805 5153 2934 5209 boni
2962 5150 3202 5207 domini?
3227 5148 3350 5218 quia
3379 5147 3611 5203 ostendit
3638 5143 3767 5216 quid
3788 5157 3901 5197 me-

1814 5246 2150 5323 STEPHANI
2189 5270 2458 5327 BALUZII
2495 5268 2722 5326 ΝΟΤᾸΞ.

705 5375 731 5402 ⁸
761 5365 933 5422 Locus
961 5378 1042 5425 est
1060 5368 1296 5426 Salviani
1321 5387 1389 5428 ex
1417 5372 1507 5428 lib.
1536 5390 1572 5428 ιι
1601 5372 1870 5429 Adversus
1892 5373 2202 5433 Avaritiam.

633 5434 788 5501 Quod
817 5446 993 5493 autem
1021 5440 1162 5496 hunc
1206 5441 1594 5499 locum’laudst
1621 5444 1900 5499 Salvianus
1929 5445 1994 5499 iis
2033 5450 2212 5503 verbis

633 5519 752 5575 quae
783 5506 1017 5583 indicare
1046 5510 1330 5583 videantur
1361 5513 1580 5569 alterius
1621 5514 1768 5568 illum
1797 5515 2072 5583 scriptoris
2095 5533 2212 5573 esse

677 5591 795 5628 nam
852 5575 1106 5654 Salviani,
1145 5579 1267 5654 hinc
1305 5579 1500 5638 factum
1557 5593 1616 5639 ut
1652 5575 2078 5654 pronuntiaverit
2124 5586 2212 5641 Pi-

660 5646 811 5727 liceus
838 5646 1509 5727 dubiMri_rLori_immerito
1527 5646 1706 5727 posse
1746 5670 1814 5708 an
1841 5654 2076 5727 Salviani
2107 5658 2213 5711 siut

637 5715 758 5800 libri
781 5726 1014 5800 quatuor
1031 5717 1098 5800 ad
1119 5717 1411 5800 Ecclesiam
1437 5715 1756 5800 catliolicam
1786 5726 2094 5800 scriptisub
2116 5744 2213 5782 no-

637 5786 784 5845 mine
822 5786 1105 5846 Timothei.
1162 5788 1276 5856 Qua
1300 5791 1368 5846 de
1408 5808 1468 5850 re
1488 5794 1608 5849 vide
1652 5810 1772 5865 quae
1801 5786 1937 5854 infra
1964 5797 2217 5854 dicuntur

2316 5382 2370 5436 in
2401 5380 2713 5462 praefatione
2740 5387 2924 5460 nostra
2953 5377 3020 5430 ad
3041 5376 3204 5460 libros
3233 5376 3372 5460 illos.
3594 5444 3606 5457 .
3821 5446 3834 5458 ο

2387 5451 2415 5488 ι)
2445 5452 2680 5504 Salvian.
2731 5448 2822 5501 lib.
2875 5464 2911 5502 ιι
2955 5445 3021 5501 ad
3067 5447 3363 5503 Lcclestam
3410 5445 3758 5511 catholicam,
3790 5459 3904 5502 sive

2318 5520 2586 5574 Adversus
2615 5517 2927 5584 Avaritiam,
2961 5532 3078 5588 pag.
3107 5517 3231 5573 252.

2392 5601 2413 5627 ο
2447 5588 2570 5642 Haec
2599 5597 2683 5644 est
2703 5588 2861 5643 lectio
2889 5586 3086 5644 codicis
3105 5587 3464 5645 Corbeiensis.
3499 5586 3633 5642 Nam
3661 5586 3903 5641 Pithmus

2317 5658 2549 5714 habebat
2582 5678 2593 5712 :
2626 5658 2888 5727 Usurpare
2926 5659 3142 5713 deberet.
3178 5658 3384 5713 Idcirco
3415 5667 3583 5711 autem
3611 5673 3644 5710 a
3676 5658 3900 5710 daemon.

2319 5727 2616 5800 Nemeum:
2648 5728 2808 5800 videt,
2833 5730 3044 5800 opinor,
3067 5731 3340 5787 saniorem
3359 5743 3478 5784 esse
3498 5727 3785 5786 lcetionem
3805 5739 3906 5790 cc-

2281 5829 2286 5834 -
2319 5798 2454 5855 dicis
2482 5798 2845 5856 Corbciensis.
