4234 6250
323 353 398 410 π,
1401 339 1488 402 ne
1523 346 1946 406 cnnamum

2025 351 2049 406 Ξ
2086 349 2199 406 DEI
2235 349 2360 405 LIB.
2403 349 2489 404 lV.
3529 347 3595 405 74

325 479 568 529 reamur,
589 462 692 517 etsi
721 477 828 517 non
855 462 1065 530 inrogat
1083 474 1201 530 qua:
1220 475 1542 516 mereamur.
1596 459 1914 517 Clementis-
1941 469 1994 528 Α
2018 464 2251 517 animam
2296 477 2466 528 suam,
2522 476 2586 515 ac
2630 476 2728 531 per
2769 461 2873 516 hoc
2919 476 3025 515 non
3052 457 3183 516 satis
3211 478 3241 517 a
3262 464 3417 518 nobis
3445 477 3600 519 accu-

326 560 469 614 sima
499 555 645 608 enim
690 569 754 610 ac
798 553 1176 621 benignissima
1203 553 1554 621 castigatione
1581 555 1786 609 mavult
1806 555 1912 625 63

331 667 436 706 nos
464 648 732 716 corrigere
756 662 916 716 quam
934 647 1132 716 perire.
1157 645 1266 700 Nos
1314 646 1596 715 siquidem,
1655 654 1914 717 quantum

334 742 404 796 ad
427 741 648 796 crimina
676 745 854 794 nostra
883 738 1137 806 pertinet,
1164 737 1450 792 lethalibus
1471 736 1746 807 suppliciis
1771 736 1915 804 digni

336 847 541 887 sumus.
573 829 673 884 Sed
703 828 791 882 ille
818 829 940 898 plus
962 828 1343 883 misericordia:
1372 829 1608 882 tribuens
1635 843 1795 896 quam
1827 843 1915 883 se-

335 923 569 988 veritati,
594 922 792 975 mavult
817 937 918 975 nos
929 922 1210 976 clementis
1231 936 1472 975 censurae
1493 927 1917 989 temperamento

339 1017 641 1085 emendare,
672 1030 834 1084 quam
853 1015 1008 1084 plaga
1033 1015 1193 1083 justas
1225 1023 1249 1052 ι
1279 1014 1620 1069 coercitiouis
1650 1012 1914 1067 occidere.

339 1108 606 1176 ingratum
626 1107 782 1162 nobis
804 1121 923 1161 esse
951 1105 1095 1174 quod
1117 1103 1389 1170 caedimur,
1421 1105 1552 1158 satis
1577 1112 1758 1159 certus
1777 1118 1914 1168 sum;

337 1197 430 1253 sed
476 1196 602 1268 quid
648 1196 909 1249 miramur
936 1195 981 1249 si
1027 1203 1313 1267 peccantes
1355 1210 1454 1249 nos
1481 1194 1622 1248 Deus
1652 1193 1913 1255 verberat,

334 1304 454 1344 cum
485 1287 588 1356 ipsi
622 1293 907 1356 peccantes
930 1286 1171 1340 servulos
1197 1286 1571 1340 verberemus?
1596 1283 1781 1353 lnjusti
1827 1283 1917 1351 ju-

335 1378 482 1433 dices
504 1393 692 1432 sumus
715 1394 728 1428 :
759 1376 1115 1430 bomunculos
1134 1391 1234 1429 nos
1260 1373 1516 1444 flagellari
1551 1390 1580 1427 a
1603 1373 1713 1427 Deo
1766 1373 1920 1426 nolu-

335 1485 474 1536 mus,
492 1483 618 1522 cum
641 1467 742 1537 ipsi
756 1466 1078 1522 conditionis
1100 1474 1294 1520 nostra:
1313 1466 1556 1519 homines
1570 1462 1915 1532 ﬂagellemus.

337 1562 445 1618 Sed
476 1576 579 1615 nec
606 1560 774 1614 miror
792 1558 935 1628 quod
965 1567 1072 1613 tam
1098 1557 1265 1626 iniqui
1287 1558 1338 1610 in
1362 1557 1463 1611 hac
1487 1572 1547 1610 re
1578 1571 1777 1609 sumus.
1811 1553 1919 1607 Na-

340 1662 463 1707 tura
492 1653 546 1706 in
566 1651 720 1707 nobis
740 1659 796 1704 et
822 1649 1059 1718 nequitia
1084 1649 1293 1703 servilis
1324 1655 1424 1702 est.
1458 1646 1716 1702 Volumus
1755 1645 1921 1719 delin-

340 1761 527 1816 quere,
553 1753 608 1799 et
627 1743 881 1798 nolumus
901 1741 1190 1795 verberari.
1223 1739 1330 1810 ipsi
1353 1740 1409 1792 in
1430 1738 1584 1793 nobis
1602 1751 1780 1792 mores
1799 1743 1922 1790 sunt

2019 554 2172 610 sandi
2200 562 2323 610 sunt
2343 554 2435 622 qui
2457 553 2639 607 divino
2662 568 2910 608 sermone
2935 563 3276 609 excusantur.
3309 554 3462 623 Quod
3503 571 3599 612 au-

2016 651 2128 698 tem
2155 644 2224 698 de
2255 643 2410 698 furtis
2431 658 2709 698 servorum
2731 642 2975 709 dicimus,
3005 643 3109 698 hoc
3137 645 3298 698 etiam
3325 645 3393 700 de
3437 645 3595 715 fuga;

2017 734 2180 788 immo
2210 732 2312 789 hoc
2333 733 2530 799 rectius
2558 732 2626 786 de
2647 731 2791 801 fuga,
2823 735 2949 801 quia
2972 732 3040 786 ad
3070 731 3247 805 fugam
3276 749 3462 789 servos
3489 750 3598 790 non

2017 824 2243 878 miserize
2301 830 2527 888 tantum,
2585 821 2680 876 sed
2728 823 2888 875 etiam
2942 821 3203 891 supplicia
3249 824 3596 892 compellunt.

2019 912 2220 968 Pavent
2247 914 2446 983 quippe
2475 920 2705 977 actores,
2737 919 2935 981 pavent
2967 921 2990 948 ο
3021 912 3364 976 silentiarios,
3405 922 3603 983 pavent

2017 1017 2432 1076 procuratores:
2461 1021 2631 1075 prope
2653 1012 2710 1058 ut
2739 1006 2878 1059 inter
2927 1005 3060 1060 istos
3101 1022 3289 1061 omnes
3335 1008 3603 1063 nullorum

2019 1095 2196 1150 minus
2216 1096 2357 1149 servi
2386 1095 2494 1148 sint
2520 1109 2680 1163 quam
2709 1094 3049 1148 dominorum
3077 1112 3297 1151 suorum
3328 1116 3338 1149 :
3373 1098 3440 1152 ab
3481 1114 3600 1152 om-

1989 1186 1994 1192 ’
2020 1186 2177 1240 nibus
2205 1186 2500 1251 caeduntur,
2527 1187 2593 1240 ab
2621 1187 2870 1241 omnibus
2895 1196 3266 1242 conteruntur.
3321 1189 3459 1256 Quid
3489 1206 3604 1245 am-

2020 1277 2160 1346 plius
2188 1277 2293 1332 dici
2313 1278 2524 1346 potest?
2551 1277 2702 1331 Multi
2731 1293 3009 1332 servorum
3042 1277 3061 1315 ί
3095 1277 3163 1332 ad
3202 1279 3448 1335 dominos
3476 1297 3604 1337 suos

2022 1367 2353 1436 confugiunt,
2386 1364 2513 1422 dum
2531 1385 2822 1424 conservos
2846 1370 3053 1423 timent.
3091 1367 3240 1424 Unde
3281 1370 3493 1425 illorum
3521 1371 3605 1427 fu-

2021 1473 2144 1526 gam
2199 1474 2307 1514 non
2355 1467 2464 1512 tam
2514 1459 2582 1512 ad
2620 1475 2714 1514 eos
2741 1459 3000 1514 debemus
3023 1460 3226 1515 referre
3255 1461 3346 1530 qui
3373 1460 3601 1531 fugiunt,

2022 1563 2184 1617 quam
2226 1548 2294 1602 ad
2321 1564 2416 1603 eos
2459 1550 2551 1618 qui
2579 1549 2762 1618 fugere
2791 1551 3139 1622 compellunt.
3181 1551 3301 1606 Vim
3330 1553 3608 1621 patiuntur

2024 1639 2392 1697 infelicissimi.
2428 1641 2697 1697 Famulari
2738 1651 2950 1713 optant,
3010 1652 3066 1699 et
3110 1643 3293 1712 fugere
3323 1654 3604 1714 coguntur.

2025 1731 2313 1788 Discedere
2342 1749 2372 1787 a
2401 1734 2625 1790 servitio
2647 1734 2986 1791 dominorum
3015 1752 3234 1792 suorum
3260 1739 3480 1794 omnino
3508 1754 3608 1794 no-

343 1837 508 1908 quiin
537 1834 765 1890 servulis
791 1833 1026 1888 nostris:
1059 1846 1246 1886 omnes
1264 1831 1513 1885 volumus
1536 1830 1752 1898 impune
1797 1842 1926 1897 pec-
1952 1824 2001 1885 B
2027 1822 2163 1888 lunt,
2221 1831 2276 1878 et
2325 1840 2709 1880 conservorum
2762 1843 2980 1882 suorum
3009 1829 3322 1885 crudelitate
3350 1847 3456 1886 non
3483 1847 3608 1902 per-

346 1941 487 1980 care.
539 1925 797 1992 Denique,
851 1923 897 1976 si
942 1922 1193 1986 mentior,
1251 1928 1474 1975 cunctos
1507 1918 1747 1974 consulo.
1777 1917 1925 1985 Nego

345 2017 509 2071 ullum
531 2030 668 2081 esse,
694 2012 988 2083 quamlibet
1027 2011 1206 2080 magni
1234 2011 1470 2066 criminis
1513 2025 1685 2072 reum,
1731 2009 1823 2077 qui
1868 2023 1927 2063 se

352 2107 654 2173 acquiescat
681 2104 873 2158 debere
901 2103 1158 2171 torqueri.
1187 2101 1320 2156 Hinc
1369 2115 1497 2169 ergo
1526 2099 1778 2169 cognosci
1829 2114 1928 2168 po-

354 2204 462 2249 test
487 2211 647 2264 quam
671 2195 844 2262 inique
871 2209 936 2248 ac
957 2192 1270 2263 pravissime
1312 2191 1432 2245 aliis
1471 2190 1794 2246 severissimi
1840 2205 1929 2242 su-

352 2302 494 2352 mus,
513 2286 668 2340 nobis
686 2284 1148 2353 indulgentissimi;
1172 2282 1290 2337 aliis
1309 2282 1505 2353 asperi,
1529 2281 1684 2335 nobis
1698 2280 1924 2334 remissi.

350 2377 411 2433 ln
467 2376 654 2432 eodem
706 2377 927 2432 crimine
977 2375 1228 2446 punimus
1273 2373 1426 2439 alios,
1464 2387 1563 2426 nos
1583 2370 1924 2425 absolvimus.

348 2467 697 2523 intolerabilis
709 2483 933 2538 prorsus
954 2474 1008 2520 et
1027 2464 1378 2526 contumacia:
1401 2471 1456 2518 et
1479 2460 1924 2533 presumptionis.

349 2558 456 2615 Nec
485 2574 778 2628 agnoscere
803 2558 1047 2614 volumus
1075 2559 1130 2611 in
1153 2557 1308 2611 nobis
1333 2564 1558 2621 reatum,
1591 2562 1647 2610 et
1672 2553 1931 2608 audemus

347 2649 552 2704 de-aliis
581 2663 841 2719 usurpare
874 2646 1152 2716 judicium.
1186 2645 1324 2713 Quid
1351 2661 1473 2701 esse
1501 2644 1748 2713 injustius
1777 2643 1932 2696 nobis

347 2749 437 2794 aut
455 2741 586 2810 quid
613 2741 921 2812 perversius
945 2741 1161 2809 potest?
1190 2739 1247 2793 ld
1276 2740 1450 2808 ipsum
1479 2735 1654 2794 sc'elus
1693 2739 1746 2792 in
1776 2738 1932 2792 nobis

347 2832 629 2902 probabile
654 2846 774 2886 esse
789 2830 1051 2893 ducimus,
1075 2826 1220 2897 quod
1248 2829 1302 2882 in
1324 2828 1442 2880 aliis
1461 2827 1797 2882 severissime
1815 2827 1934 2881 vin-

347 2922 609 2978 dicamus.
656 2921 725 2974 Et
761 2921 884 2975 ideo
937 2935 1048 2973 non
1103 2919 1220 2972 sine
1246 2933 1409 2972 causa
1431 2917 1498 2970 ad
1526 2932 1622 2970 nos
1649 2915 1936 2984 Apostolus

348 3014 589 3067 clamat:
620 3010 843 3079 Propter
870 3009 1005 3080 quod
1031 3005 1400 3061 inexcusabilis
1427 3024 1500 3070 es,
1531 3023 1560 3060 ο
1589 3007 1738 3059 homo
1773 3009 1935 3060 omnis

355 3106 443 3176 qui
458 3102 689 3173 judicas.
707 3099 772 3154 In
796 3117 894 3171 quo
923 3102 1058 3154 enim
1083 3099 1243 3153 alium
1263 3100 1490 3172 judicas,
1519 3108 1566 3152 te
1591 3101 1757 3170 ipsum
1773 3098 1799 3136 δ
1815 3115 1936 3152 eon-

2027 1915 2312 1970 mittuntur
2331 1925 2390 1971 ut
2409 1918 2664 1974 serviant.
2715 1919 3000 1976 Mendaces
3027 1937 3241 1992 quoque
3269 1940 3388 1980 esse
3431 1925 3611 1981 dicun-

2026 2013 2133 2061 tur.
2166 2006 2246 2061 Ad
2273 2007 2609 2064 mendacium
2648 2011 2995 2068 nihilominus
3018 2017 3124 2086 65
3153 2017 3437 2072 atrocitate
3481 2033 3612 2086 prte-

2029 2099 2198 2151 sentis
2225 2099 2472 2169 supplicii
2500 2107 2858 2156 coarctantur.
2891 2101 3163 2171 Siquidem
3185 2104 3311 2159 dum
3331 2109 3612 2161 tumentis

2030 2205 2089 2245 se
2117 2191 2305 2245 volunt
2331 2192 2591 2258 eximere,
2622 2195 2975 2249 mentiuntur.
3007 2194 3145 2262 Quid
3195 2206 3374 2252 autem
3419 2199 3612 2256 mirum

2031 2289 2114 2336 est
2167 2283 2212 2336 si
2261 2283 2474 2352 positus
2513 2285 2568 2337 in
2596 2294 2744 2340 metu
2782 2301 2968 2342 servus
2988 2289 3202 2343 mentiri
3231 2291 3435 2346 mavult
3453 2306 3613 2360 quam

2031 2372 2322 2442 flagellari?
2365 2374 2702 2432 Accusantur
2753 2381 2915 2433 etiam
2957 2381 3091 2448 gulae
3139 2390 3194 2436 et
3221 2383 3424 2438 ventris
3451 2383 3613 2438 avidi.

2031 2467 2142 2522 Nec
2169 2468 2274 2522 boc
2302 2483 2500 2522 novum
2527 2478 2627 2524 est.
2662 2469 2830 2540 Magis
2854 2472 3121 2528 desiderat
3144 2476 3498 2540 saturitatem,
3524 2477 3614 2544 qui

2030 2561 2228 2616 famem
2252 2577 2392 2632 saepe
2411 2563 2678 2617 toleravit.
2711 2562 2818 2619 Sed
2846 2574 2983 2631 esto,
3016 2582 3125 2621 non
3154 2567 3390 2636 perferat
3418 2568 3614 2622 famem

2031 2654 2205 2724 panis,
2236 2653 2432 2709 famem
2458 2663 2604 2710 certe
2626 2655 2826 2725 perfert
2852 2657 3194 2724 deliciarum;
3227 2667 3282 2713 et
3310 2660 3431 2714 ideo
3465 2661 3616 2728 igno—

2033 2744 2288 2798 scendum
2317 2745 2462 2799 estsi
2491 2745 2700 2800 avidius
2728 2749 2931 2815 expetit
2955 2748 3098 2815 quod
3127 2749 3178 2802 ei
3193 2748 3393 2817 jugiter
3440 2751 3612 2805 deest.

2034 2833 2116 2887 Tu
2136 2849 2265 2889 vero
2292 2835 2507 2900 nobilis,
2533 2843 2592 2890 tu
2613 2851 2743 2891 vero
2770 2837 2938 2902 dives,
2961 2839 3053 2906 qui
3076 2847 3101 2886 8
3126 2839 3445 2894 immanibus
3458 2841 3618 2896 bonis

2034 2925 2226 2991 allluis,
2259 2929 2349 2996 qui
2379 2929 2482 2984 hoc
2510 2929 2626 2999 ipso
2649 2929 2813 2983 Deum
2835 2931 3033 2985 sanctis
3067 2933 3318 3002 operibus
3347 2935 3616 2990 honorare

2033 3018 2154 3087 plus
2179 3019 2342 3074 debes
2361 3020 2507 3088 quod
2534 3018 2809 3078 beneﬁciis
2829 3022 2970 3076 illius
2990 3024 3106 3078 sine
3146 3026 3446 3082 cessatione
3499 3042 3618 3098 per-

2038 3107 2265 3175 frueris;
2296 3111 2573 3167 videamus
2591 3113 2637 3166 si
2666 3118 2835 3179 actus,
2868 3130 2974 3169 non
3006 3114 3126 3170 dico
3155 3125 3390 3185 sanctos,
3413 3119 3511 3174 sed
3535 3122 3620 3176 vel

357 3194 608 3258 demum;
649 3192 825 3245 eadem
863 3192 1000 3245 enim
1031 3193 1146 3262 agis
1179 3207 1292 3262 qua?
1319 3190 1529 3261 judicas
1568 3188 1742 3261 (Rom.
1775 3207 1830 3254 ιι,
1861 3189 1936 3260 1).
1966 3187 2012 3250 C
2045 3199 2293 3256 innoxios
2339 3203 2524 3258 habes.
2565 3202 2635 3257 Et
2686 3205 2826 3273 quis,
2859 3211 2918 3260 ut
2943 3209 3188 3276 superius
3216 3209 3345 3276 dixi,
3376 3210 3618 3280 divitum,

423 3283 511 3337 111.
546 3282 650 3337 Sed
673 3298 780 3336 non
802 3281 1011 3347 eadem,
1034 3281 1206 3350 inquit
1234 3281 1424 3350 aliquis
1445 3297 1512 3335 ex
1532 3280 1801 3344 divitibus,
1825 3296 1935 3334 non

351 3374 539 3429 eadem
568 3389 667 3428 nos
695 3373 899 3441 agimus
919 3387 1037 3441 qua:
1060 3372 1216 3452 servi.
1232 3381 1414 3440 agunt.
1455 3371 1536 3425 Ex
1579 3373 1751 3426 servis
1793 3372 1936 3426 enim

351 3467 495 3524 fures
520 3483 584 3521 ac
610 3465 818 3534 fugitivi
845 3473 988 3528 sunt,
1021 3481 1089 3520 ex
1117 3465 1288 3520 servis
1315 3466 1450 3532 gulae
1477 3480 1541 3519 ac
1567 3466 1744 3520 ventri
1791 3464 1934 3533 jugi~

352 3568 435 3614 ter
459 3560 776 3614 servientes.
807 3558 1002 3612 Verum
1030 3565 1112 3612 est
1141 3573 1260 3612 esse
1285 3557 1400 3612 haec
1428 3557 1558 3611 vitia
1586 3557 1695 3629 64
1748 3572 1933 3611 servo-

355 3668 490 3707 rum.
523 3651 628 3706 Sed
668 3651 823 3721 plura
849 3658 1034 3704 tamen
1077 3658 1203 3704 sunt
1231 3665 1296 3703 ac
1339 3648 1542 3717 majora
1575 3647 1932 3713 dominorum,

355 3743 597 3812 quamvis
625 3758 736 3797 non
758 3742 1018 3796 omnium.
1042 3737 1355 3810 Excipiendi
1377 3741 1520 3794 enim
1548 3741 1760 3811 quidam
1790 3750 1933 3805 sunt,

356 3831 448 3889 sed
475 3831 784 3903 paucissimi
810 3849 823 3883 :
854 3846 991 3902 quos
1020 3830 1142 3885 ideo
1172 3846 1279 3884 non
1325 3831 1563 3894 nomino,
1597 3846 1663 3885 ne
1693 3847 1800 3885 non
1831 3839 1938 3884 tam

358 3938 452 3978 eos
496 3921 824 3978 nominando
858 3920 1098 3985 laudare,
1130 3937 1289 3990 quam
1320 3922 1452 3976 alios
1479 3937 1586 3976 non
1611 3922 1938 3976 nominando

361 4013 543 4068 videar
569 4016 857 4084 publicare.
908 4015 985 4069 Ac
1013 4015 1243 4084 primum
1279 4015 1438 4080 servi,
1464 4016 1508 4069 si
1530 4016 1672 4070 fures
1697 4023 1839 4077 sunt,
1873 4014 1940 4068 ad

362 4103 650 4158 furandum
694 4105 913 4159 forsitan
966 4112 1205 4173 egestate
1249 4114 1548 4174 coguntur:
1581 4107 1706 4174 quia
1729 4107 1940 4162 etiamsi

360 4195 442 4250 eis
469 4195 735 4265 stipendia
786 4197 977 4250 usitata
1020 4205 1358 4266 prtestentur,
1409 4199 1782 4253 consuetudini
1830 4200 1943 4253 haec

357 4289 531 4357 magis
551 4303 714 4358 quam
738 4287 1068 4345 sufﬁcientia:
1097 4291 1460 4356 satisfaciunt;
1493 4299 1548 4344 et
1577 4293 1647 4345 ita
1671 4304 1692 4330 ο
1718 4292 1944 4360 implent

356 4393 625 4434 canonem
667 4379 812 4448 quod
858 4396 967 4434 non
1014 4381 1229 4450 explent
1257 4383 1589 4446 satietatem;
1638 4397 1702 4436 ac
1722 4397 1817 4450 per
1842 4383 1946 4436 hoc

355 4469 573 4538 culpam
600 4470 769 4539 ipsam
793 4471 975 4541 inopia
995 4473 1171 4528 minus
1191 4473 1512 4542 culpabilem
1541 4471 1687 4537 facit,
1717 4473 1840 4540 quia
1858 4489 1945 4528 ex-

356 4537 767 4616 cusabilis—furti
787 4537 910 4617 reus
938 4572 1021 4619 est
1046 4566 1139 4633 qui
1165 4565 1231 4619 ad
1260 4537 1458 4618 furtum
1487 4566 1606 4634 cogi
1635 4537 1844 4620 videtur
1863 4567 1944 4620 in-
1973 4553 2026 4613 D
2049 4568 2103 4614 et
2140 4568 2196 4613 ιιι
2234 4560 2330 4613 lui.
2365 4558 2471 4614 Sed
2498 4560 2602 4624 hoc
2627 4537 3026 4629 culpabilior'tu
3049 4576 3208 4630 quam
3235 4562 3344 4627 ille,
3377 4563 3503 4632 quia
3537 4563 3629 4617 ille
3724 4537 3731 4544 ο

351 4652 524 4708 vitus.
549 4651 682 4707 Nam
703 4662 758 4708 et
784 4654 1058 4726 Scriptura
1079 4658 1437 4712 ecclesiastica
1475 4658 1628 4726 quasi
1677 4659 1943 4713 subexcu-

351 4733 483 4800 sare
507 4745 904 4814 quodammodo
933 4748 1251 4803 miserorum
1273 4750 1509 4804 omnium
1539 4765 1708 4804 noxas
1738 4749 1947 4804 videtur

352 4835 546 4891 dicens
590 4855 604 4889 :
657 4835 784 4890 Non
822 4838 1036 4908 grandis
1082 4847 1160 4892 est
1204 4841 1368 4910 culpa:
1422 4855 1536 4893 cum
1586 4843 1698 4911 quis
1747 4844 1946 4913 furatus

349 4928 566 4998 fuerit:
612 4929 818 4999 furatur
858 4931 991 4983 enim
1030 4939 1088 4983 ut
1132 4933 1436 4985 esurientem
1477 4933 1685 5001 impleat
1723 4935 1948 4986 animam

351 5010 549 5087 (Prov.
572 5034 646 5083 vi,
673 5018 787 5088 ὅθ).
818 5017 844 5057 ἀ
879 5020 938 5075 In
987 5020 1294 5076 Salomone.
1347 5021 1581 5076 Furatur
1631 5031 1689 5076 ut
1737 5025 1950 5092 expleat

2036 3297 2234 3358 przeter
2254 3306 2474 3360 paucos,
2512 3310 2619 3349 non
2648 3296 2856 3350 cunctis
2886 3297 3196 3354 criminibus
3225 3300 3451 3356 infectus
3504 3305 3622 3357 est?

2036 3377 2105 3433 Et
2131 3381 2273 3450 quod
2296 3398 2498 3452 paucos
2527 3386 2758 3455 excipio,
2781 3388 2985 3442 utinam
3014 3389 3193 3458 plures
3231 3399 3390 3460 atque
3437 3408 3621 3448 omnes

2037 3473 2211 3542 excipi
2251 3473 2454 3529 liceret.
2487 3474 2645 3530 Salus
2671 3484 2788 3531 erat
2817 3479 3075 3545 omnium,
3119 3482 3427 3536 innocentia
3454 3484 3622 3553 pluri-

2036 3575 2265 3615 morum.
2311 3562 2494 3632 Neque
2542 3580 2642 3633 ego
2681 3583 2823 3621 nunc
2859 3567 2928 3622 de
2966 3569 3076 3623 ullo
3116 3570 3258 3636 dico,
3305 3573 3407 3626 nisi
3446 3572 3514 3627 de
3554 3589 3621 3628 eo

2036 3658 2245 3705 tantum
2285 3654 2378 3720 qui
2416 3655 2469 3707 in
2511 3669 2569 3708 se
2617 3654 2670 3707 id
2719 3655 2863 3723 quod
2906 3655 3026 3710 dico
3073 3673 3192 3712 esse
3232 3662 3526 3727 cognoscit.
3561 3663 3617 3714 Si

2039 3745 2180 3796 enim
2201 3751 2352 3795 extra
2376 3744 2759 3797 conscientiam
2780 3760 2932 3798 suam
2957 3753 3088 3822 sunt.
3104 3762 3454 3815 quzecumque
3478 3749 3619 3816 dico,

2039 3847 2375 3902 nequaquam
2421 3833 2486 3887 ad
2528 3833 2777 3901 injuriam
2823 3834 2940 3903 ejus
2979 3844 3224 3906 spectant
3263 3846 3457 3892 cuncta
3504 3853 3622 3906 quae

2040 3924 2180 3979 dico.
2224 3923 2279 3977 Si
2309 3932 2485 3978 autem
2525 3925 2578 3978 in
2622 3939 2680 3978 se
2721 3939 2841 3980 esse
2878 3926 3026 3981 novit
3062 3941 3180 3994 qua:
3209 3926 3419 3996 loquor,
3453 3942 3560 3982 non
3591 3945 3623 3984 a

2040 4029 2160 4069 mea
2197 4015 2296 4070 sibi
2335 4015 2438 4069 hoc
2481 4015 2661 4082 lingua
2687 4015 2792 4071 dici
2830 4017 3079 4079 aestimet,
3111 4016 3205 4071 sed
3235 4032 3264 4070 a
3292 4018 3622 4072 conscientia

2043 4121 2157 4158 sua.
2181 4095 2258 4159 Ac
2287 4105 2517 4175 primum
2540 4113 2599 4159 ut
2625 4105 2692 4160 de
2718 4107 2860 4161 vitiis
2882 4107 3162 4162 servilibus
3190 4109 3383 4174 dicam,
3409 4110 3453 4164 si
3483 4109 3622 4178 fugi-

2043 4197 2182 4250 tivus
2203 4205 2285 4250 est
2305 4213 2510 4262 servus,
2535 4197 2787 4266 fugitivus
2809 4213 2867 4253 es
2888 4199 3051 4252 etiam
3074 4207 3130 4252 tu
3152 4200 3300 4255 dives
3321 4216 3384 4255 ac
3406 4202 3617 4257 nobilis.

2043 4283 2241 4340 Omnes
2267 4288 2410 4340 enim
2445 4288 2729 4342 Dominum
2759 4303 2913 4342 suum
2946 4288 3172 4357 fugiunt,
3204 4291 3294 4358 qui
3325 4291 3497 4357 legem
3519 4293 3625 4346 Do-

2045 4379 2176 4430 mini
2203 4378 2598 4446 derelinquunt.
2626 4378 2764 4444 Quid
2789 4391 2936 4445 ergo,
2963 4377 3127 4443 dives,
3154 4379 3339 4449 culpas
3359 4380 3413 4432 in
3433 4383 3625 4434 servo?

2045 4468 2149 4522 hoc
2175 4467 2307 4523 facis
2334 4468 2477 4537 quod
2511 4476 2566 4522 et
2600 4468 2706 4523 ille.
2757 4469 2850 4524 llle
2890 4467 3145 4539 fugitivus
3173 4479 3256 4526 est
3293 4471 3494 4526 domini
3521 4473 3621 4537 sui,

2049 4653 2182 4721 fugit
2204 4652 2424 4706 forsitan
2452 4653 2652 4706 malum
2687 4653 2984 4719 dominum,
3013 4663 3068 4709 et
3099 4664 3156 4709 tu
3180 4655 3400 4711 bonum.
3434 4655 3627 4712 [ncon-

2052 4746 2332 4798 tinentiam
2360 4760 2573 4812 quoque
2592 4745 2796 4798 ventris
2821 4746 2873 4798 in
2902 4760 3059 4800 servo
3078 4747 3276 4815 arguis.
3301 4746 3359 4800 In
3389 4748 3480 4802 illo
3507 4763 3628 4801 rara

2054 4847 2135 4893 est
2174 4853 2270 4908 per
2307 4837 2672 4904 indigentiam,
2719 4838 2774 4891 in
2815 4845 2868 4892 te
2911 4837 3222 4906 quotidiana
3265 4855 3362 4910 per
3396 4840 3625 4908 c0piam.

2058 4930 2216 4985 Vides
2236 4943 2364 4997 ergo
2384 4930 2678 4999 apostolica
2707 4930 2974 4985 sententia
2999 4938 3053 4984 te
3081 4931 3418 5000 potissimum
3441 4928 3630 4982 verbe-

2056 5022 2181 5087 rari,
2233 5022 2396 5075 immo
2444 5027 2498 5075 te
2543 5021 2735 5087 solum,
2779 5021 2906 5089 quia
2950 5022 3004 5074 in
3049 5035 3158 5089 quo
3204 5019 3364 5072 alium
3399 5016 3628 5083 iudicas,

1545 5136 1880 5193 STEPHANI
1918 5133 2187 5192 BALUZII
2223 5132 2448 5188 NOT/E.

442 5229 469 5293 fl
498 5219 682 5293 _Codex
708 5223 966 5293 Colbert.,
998 5230 1269 5282 coertiom’s
1298 5227 1540 5282 incidere.

435 5289 467 5328 ι)
493 5291 573 5345 ita
594 5307 814 5360 prorsus
865 5289 1040 5352 codex
1076 5297 1414 5354 Corbeiensis
1454 5306 1509 5351 et
1535 5298 1794 5360 Colbert.,
1824 5313 1945 5351 cum

345 5361 534 5439 Editio
572 5361 802 5439 Pithmi
830 5367 1055 5439 haberet
1091 5368 1319 5439 judieas.
1367 5367 1718 5439 Existimabat
1738 5376 1944 5439 Aautem

343 5434 756 5507 Rittershusius
790 5437 877 5491 hic
906 5434 1191 5507 legendum
1220 5454 1338 5493 esse
1370 5438 1699 5492 condemnas.
1735 5437 1949 5507 Repetit

346 5501 515 5576 infra
529 5501 808 5576 Salvianus
830 5501 1073 5576 pag.'65,
1107 5508 1192 5561 66.

442 5583 467 5648 ’ξ
491 5571 554 5648 id
581 5582 682 5648 est,
711 5571 1038 5648 stipendium
1062 5571 1206 5648 quod
1232 5579 1402 5633 servis
1435 5577 1549 5648 dari
1577 5579 1874 5634 consuevit.

432 5643 466 5678 α
491 5642 670 5698 Verba
690 5642 836 5719 _ba§c
865 5642 1113 5702 videntur
1154 5663 1271 5703 esse
1309 5647 1594 5717 superflua,
1640 5658 1695 5702 et
1741 5650 1952 5719 sapiunt

346 5716 654 5788 glossema.
685 5715 889 5788 Verum
920 5724 1134 5773 exstant
1173 5719 1225 5773 in
1264 5715 1510 5774 omnibus
1537 5719 1768 5788 antiquis
1803 5715 1953 5773 codi-

349 5785 522 5846 éibus
547 5792 604 5839 et
632 5785 1001 5841 editionibus..

662 5881 934 5940 ΡΑτῐιοι..
986 5881 1144 5942 LIII.

2125 5235 2147 5263 ο
2177 5223 2443 5300 Admonet
2488 5224 2876 5282 Rittershusius
2903 5225 3008 5278 hoc
3049 5219 3170 5275 loco
3184 5217 3508 5300 .Salvianum
3552 5221 3636 5300 i_n-

2053 5312 2220 5352 nuere
2258 5295 2526 5363 quoddam
2571 5309 2850 5352 servorum
2894 5306 3062 5363 genus
3107 5293 3198 5358 qui
3228 5293 3636 5363 compescenda

2052 5361 2435 5422 conservorum
2463 5382 2683 5421 suorum
2724 5361 3021 5431 garrulitati
3049 5361 3323 5431 praepositi
3352 5369 3528 5430 erant,
3559 5363 3631 5418 si-

2053 5437 2285 5491 lentiarii
2310 5436 2558 5490 videlicet
2583 5437 2653 5490 ob
2677 5430 2783 5487 huc
2807 5430 2932 5484 dicti
2957 5430 3102 5499 quod
3130 5430 3402 5488 silentium
3423 5434 3639 5489 caeteris

2055 5515 2400 5578 imperarent.

2131 5578 2151 5652 ξ
2182 5575 2397 5652 Juretus
2425 5575 2478 5627 in
2514 5569 2868 5652 Miscellaneis
2918 5570 2985 5626 ad
3036 5572 3415 5652 Symmachum
3456 5573 3550 5652 lib.
3579 5586 3636 5636 ι,

2059 5648 2217 5716 epist.
2249 5646 2332 5711 10,
2357 5643 2632 5716 contendit
2653 5641 2937 5716 legendum
2965 5641 3102 5716 esse,
3129 5661 3162 5698 a
3189 5641 3563 5716 dominantis.

2133 5727 2158 5765 ε
2188 5709 2420 5769 Ηωσθει
2466 5711 2624 5766 lectio
2653 5711 2775 5767 libri
2814 5710 3171 5771 Corbeiensis.
3221 5709 3558 5766 Colbertinus
3584 5714 3644 5763 et

2062 5787 2348 5848 editiones,
2377 5780 2631 5837 omnibus.
3651 5780 3662 5798 ‘
