4234 6262
609 333 680 393 75
1557 330 1613 386 S.
1652 327 1965 406 SALVIANI
2008 326 2466 384 MASSIUENSIS
2503 326 2926 386 PRESBYTERI
3812 328 3880 390 76

613 449 955 517 temetipsum
1005 443 1347 499 condemnas.
1379 444 1500 513 ‘66
1531 441 1731 497 Eadem
1761 444 1902 497 enim
1933 444 2046 512 agis
2077 458 2195 511 qua:
2224 448 2274 504 Α
2301 458 2364 497 ac
2383 451 2530 499 metu
2559 444 2780 508 mortis;
2805 443 2858 497 in
2887 442 3140 498 divitibus
3161 444 3396 511 assidua,
3427 459 3526 515 spe
3554 455 3619 501 ac
3639 455 3665 488 ο
3685 446 3880 504 Mucia

607 539 816 610 judicas
860 558 870 590 :
914 529 1088 590 immo
1124 551 1229 590 non
1283 535 1488 600 eadem,
1535 535 1629 590 sed
1673 535 1880 605 majora
1921 535 2091 589 multo
2133 549 2197 589 ac

609 616 888 700 nequiora.
922 626 979 680 In
1014 627 1105 680 illo
1133 627 1331 696 quippe
1360 627 1520 680 etiam
1562 626 1955 695 infrequentem
1991 627 2196 680 ventris

609 717 1072 789 intemperantiam
1101 717 1275 787 punis,
1297 725 1351 771 et
1375 725 1431 771 tu
1456 715 1669 772 assidua
1699 716 1966 773 cruditate
1994 716 2197 772 disten-

608 811 772 868 deris.
790 810 1012 865 Furtum
1035 823 1271 878 quoque,
1298 818 1550 880 utputas,
1576 810 1771 866 servile
1786 809 1968 865 vitium
2000 819 2099 865 est.
2131 809 2196 863 Et

608 909 669 962 tu
680 901 897 968 furtum,
917 901 1084 967 dives,
1099 899 1250 966 facis,
1269 901 1485 970 quando
1502 916 1531 954 a
1561 901 1673 956 Deo
1697 903 1863 957 vetita
1883 902 2193 971 praesumis:

608 1009 797 1050 omnes
816 993 1078 1062 siquidem
1094 991 1233 1048 furta
1255 991 1474 1056 faciunt,
1491 993 1582 1060 qui
1599 993 1809 1047 inlicita
1831 995 2192 1048 committunt.

675 1085 766 1148 IV.
806 1087 914 1144 Sed
938 1087 1066 1158 quid
1090 1101 1191 1154 ego
1228 1094 1336 1138 tam
1370 1085 1575 1138 minute
1620 1093 1676 1139 et
1715 1087 1870 1155 quasi
1910 1087 2197 1155 allegorice

609 1176 678 1236 de
697 1177 804 1234 hoc
821 1177 1033 1246 loquor,
1059 1191 1182 1230 cum
1203 1174 1533 1229 facinoribus
1555 1176 1910 1244 apertissimis
1930 1193 2036 1232 non
2059 1176 2196 1232 furta

607 1276 814 1324 tantum
847 1267 1089 1329 divitum,
1122 1266 1216 1319 sed
1243 1266 1524 1320 latrocinia
1565 1267 2021 1336 comprobentur?
2053 1269 2198 1334 Quo-

608 1369 697 1414 tus
716 1359 943 1428 quisque
966 1358 1106 1410 enim
1131 1357 1284 1424 juxta
1308 1358 1526 1413 divitem
1557 1374 1665 1415 non
1689 1374 1894 1429 pauper
1915 1370 1938 1397 οι
1963 1369 2054 1415 aut
2074 1370 2197 1417 actu

609 1459 702 1508 aut
730 1459 871 1506 statu
914 1451 1031 1504 est?
1064 1450 1336 1520 Siquidem
1371 1452 1779 1520 pervasionibus
1808 1460 2198 1522 pnrpotentum

609 1550 703 1597 aut
739 1557 833 1596 sua
873 1542 1118 1596 homines
1162 1542 1433 1609 imbecilli,
1475 1550 1568 1597 aut
1603 1545 1766 1598 etiam
1805 1560 1863 1599 se
1901 1546 2047 1613 ipsos
2072 1562 2195 1600 cum

609 1634 720 1689 suis
745 1635 947 1704 pariter
981 1635 1252 1688 amittunt.
1291 1631 1360 1689 Ut
1389 1650 1496 1689 non
1525 1635 1794 1690 immerito
1825 1635 1891 1690 de
1918 1637 2197 1705 utriusque

608 1724 856 1795 personis
897 1740 1048 1778 sacer
1089 1739 1266 1779 sermo
1307 1733 1541 1778 testatus
1592 1726 1662 1780 sit
1709 1725 1892 1781 dicens
1927 1745 1938 1778 :
1981 1727 2196 1782 Venatio

2298 535 2650 606 impunitatis.
2683 536 2792 590 Nisi
2825 536 2962 591 forte
2983 537 3150 605 iniqui
3169 552 3372 604 sumus,
3396 533 3502 593 hec
3519 539 3666 607 quod
3685 540 3879 597 divites

2296 623 2499 682 faciunt
2526 627 2594 681 ad
2621 635 2902 696 peccatum
2930 625 3232 693 referendo,
3262 629 3387 698 quia
3419 628 3497 684 illi
3525 644 3648 685 cum
3677 629 3700 670 ί
3732 633 3880 688 oeci-

2299 719 2433 774 dunt
2460 720 2704 776 servulos
2726 735 2873 785 suos,
2901 720 2990 789 jus
3008 729 3200 788 putant
3224 735 3363 785 esse,
3395 736 3505 776 non
3526 723 3750 781 crimen.
3775 722 3884 780 Nec

2296 811 2402 868 hoc
2430 811 2624 877 solum,
2657 811 2753 867 sed
2771 811 2963 867 eodem
2992 812 3273 881 privilegio
3298 812 3461 867 etiam
3489 813 3544 867 in
3572 814 3882 871 exercendo

2298 904 2644 975 impudicitia:
2673 901 2830 960 caeno
2877 905 3188 959 abutuntur.
3221 905 3430 971 Quotus
3468 907 3613 961 enim
3657 908 3885 977 quisque

2299 1004 2380 1056 est
2426 995 2650 1050 divitum
2679 996 2934 1052 connubii
2986 1004 3320 1050 sacramenta
3350 1011 3693 1063 conservans,
3725 1012 3885 1067 quem

2301 1105 2406 1142 non
2435 1088 2666 1143 libidinis
2693 1088 2843 1143 furor
2862 1089 3041 1157 rapiat
3065 1089 3118 1142 in
3139 1104 3398 1160 prznceps,
3424 1090 3509 1144 cui
3553 1105 3665 1146 non
3694 1091 3887 1147 domus

2299 1193 2364 1234 ac
2389 1175 2590 1232 familia
2611 1195 2708 1234 sua
2736 1185 2974 1235 scortum
3002 1179 3090 1244 sit,
3121 1189 3176 1244 et
3202 1179 3293 1247 qui
3316 1194 3443 1245 non,
3477 1180 3531 1233 in
3560 1195 3883 1249 quamcum-

2299 1283 2404 1338 que
2416 1285 2703 1339 personam
2719 1268 3022 1339 cupiditatis
3042 1270 3298 1340 improbae
3313 1270 3461 1325 calor
3472 1271 3718 1337 traxerit.
3743 1287 3888 1327 men-

2301 1360 2370 1416 tis
2395 1370 2654 1428 sequatur
2682 1361 2981 1415 insaniam?
3009 1361 3304 1416 secundum
3329 1361 3460 1416 illud
3487 1362 3692 1417 scilicet
3737 1363 3884 1431 quod

2301 1450 2370 1507 de
2416 1451 2613 1506 talibus
2655 1452 2784 1506 dicit
2827 1467 3004 1508 sermo
3033 1452 3282 1507 divinus:
3313 1449 3450 1523 Equi
3487 1453 3805 1508 insanientes
3829 1455 3888 1508 in

2301 1546 2525 1616 feminas
2565 1547 2689 1616 facti
2730 1556 2850 1599 sunt
2882 1544 3014 1615 (Jer.
3039 1561 3090 1608 v,
3124 1545 3204 1613 8).
3233 1543 3370 1610 Quid
3390 1545 3531 1600 enim
3555 1545 3700 1600 aliud
3726 1559 3887 1615 quam

2301 1633 2370 1690 de
2397 1650 2456 1712 se
2481 1634 2682 1690 dictum
2711 1635 2815 1690 hoc
2838 1636 3051 1703 probat,
3083 1634 3175 1702 qui
3205 1638 3380 1690 totum
3433 1633 3730 1703 pervadere
3776 1634 3889 1689 vult

2301 1726 2590 1781 concubitu
2636 1725 2894 1794 quidquid
2953 1725 3289 1794 concupierit
3342 1726 3596 1794 aspecta?
3635 1724 3768 1778 Nam
3819 1725 3888 1780 de

609 1815 793 1878 leonis,
821 1832 1012 1886 onager
1032 1816 1085 1867 in
1107 1831 1276 1869 eremo
1299 1833 1315 1866 :
1345 1817 1418 1869 sic
1449 1832 1641 1885 pascua
1668 1825 1786 1869 sunt
1817 1815 2030 1870 divitum
2061 1834 2193 1886 pau-
2230 1821 2276 1881 Β
2299 1817 2614 1887 concubinis
2634 1817 2909 1886 quippiam
2929 1816 3035 1872 dici
3056 1815 3277 1870 forsitan
3306 1817 3472 1871 etiam
3491 1817 3746 1886 injustam
3766 1831 3889 1873 esse

609 1921 753 1976 peres
785 1901 968 1974 (Eccli.
1005 1921 1116 1969 xm,
1147 1903 1258 1973 25).
1294 1904 1545 1971 Quamvis
1575 1907 1910 1977 tyrannidem
1928 1909 2066 1964 hanc
2086 1925 2194 1964 non

608 2009 874 2063 pauperes
917 2003 1144 2060 tantum,
1185 1996 1278 2049 sed
1315 2012 1452 2065 pene
1487 1998 1810 2052 universitas
1837 2001 2074 2068 patiatur
2103 2017 2197 2069 ge-

611 2084 754 2139 neris
781 2084 1016 2137 humani.
1043 2084 1180 2150 Quid
1203 2095 1282 2141 est
1302 2089 1444 2142 enim
1467 2088 1609 2142 aliud
1630 2089 1863 2157 dignitas
1888 2091 2194 2146 sublimium

609 2188 772 2244 quam
801 2175 1122 2244 proscriptio
1152 2177 1444 2244 civitatum,
1480 2191 1572 2234 aut
1600 2180 1728 2248 quid
1758 2181 1904 2235 aliud
1933 2198 2195 2250 quorum-

608 2265 732 2320 dam
764 2282 902 2335 quos
944 2276 1117 2333 taceo,
1150 2267 1176 2305 ι)
1218 2269 1532 2338 praefectura
1576 2287 1737 2340 quam
1783 2273 1995 2342 praeda?
2040 2274 2194 2329 Nulla

607 2359 870 2429 siquidem
938 2361 1110 2429 major
1167 2364 1618 2432 pauperculorum
1673 2373 1757 2420 est
1821 2366 2191 2436 depopulatio,

607 2465 775 2519 quam
805 2459 1065 2520 potestas.
1098 2452 1179 2510 Ad
1203 2453 1307 2508 hoc
1336 2455 1476 2508 enim
1510 2466 1531 2493 ο
1564 2456 1740 2510 honor
1769 2473 1798 2510 a
1829 2459 2014 2527 paucis
2059 2461 2196 2514 emi-

606 2547 713 2606 tur,
747 2549 806 2595 ut
831 2549 1146 2596 cunctorum
1177 2544 1478 2598 vastatione
1498 2545 1756 2600 solvatur.
1781 2546 1900 2613 Quo
1930 2547 2058 2616 quid
2078 2564 2198 2604 esse

605 2631 894 2700 indignius,
946 2632 1072 2701 quid
1102 2633 1333 2700 iniquius
1361 2636 1576 2704 potest?
1605 2635 1858 2691 Reddunt
1904 2638 2083 2691 miseri
2112 2639 2196 2691 di-

605 2722 869 2789 gnitatum
920 2723 1090 2790 pretia
1140 2739 1274 2790 quas
1304 2739 1411 2777 non
1437 2732 1641 2780 emunt.
1670 2726 2068 2781 Commercium
2097 2743 2195 2782 ne-

609 2811 804 2877 sciunt,
837 2819 891 2865 et
935 2811 1259 2866 solutionem
1289 2813 1481 2868 sciunt.
1531 2813 1600 2869 Ut
1640 2817 1798 2884 pauci
1843 2817 2195 2882 illustrentur,

607 2901 841 2956 mundus
869 2902 1145 2955 evertitur.
1185 2901 1348 2957 Unius
1377 2904 1571 2971 honor,
1605 2907 1752 2961 orbis
1796 2907 2063 2964 excidium
2092 2916 2193 2962 est.

608 2992 851 3059 Denique
891 2992 1067 3046 sciunt
1091 2994 1195 3047 hoc
1244 2993 1530 3064 Hispaniae,
1573 2998 1768 3066 quibus
1797 2999 1969 3054 solum
2001 3014 2196 3053 nomen

607 3082 853 3137 relictum
886 3092 986 3136 est.
1019 3081 1043 3119 ἀ
1080 3083 1268 3138 Sciunt
1308 3085 1517 3152 Africae,
1567 3077 1687 3156 qua:
1735 3089 1968 3144 fuerunt.
2012 3088 2199 3144 Sciunt

2301 1907 2568 1972 videatur,
2595 1908 2721 1977 quia
2749 1908 2854 1962 hoc
2882 1907 2936 1960 in
2984 1908 3390 1976 comparatione
3433 1923 3594 1977 supra
3616 1908 3886 1964 dictorum

2300 1999 2625 2067 flagitiorum
2653 1999 2808 2068 quasi
2833 2012 3004 2067 genus
3031 2007 3114 2053 est
3141 1998 3424 2064 castitatis,
3467 1998 3724 2054 uxoribus
3751 2014 3890 2069 pau-

2301 2090 2381 2145 cis
2408 2105 2527 2144 esse
2555 2097 2890 2154 contentum,
2922 2095 2977 2142 et
3004 2088 3144 2142 intra
3194 2097 3398 2143 certum
3452 2088 3738 2157 conjugum
3791 2103 3890 2143 nu-

2299 2196 2508 2236 merum
2554 2179 2738 2236 frenos
2789 2179 3068 2234 libidinum
3097 2181 3394 2234 continuere.
3426 2177 3728 2248 Conjugum
3756 2178 3887 2244 dixi,

2300 2273 2424 2341 quia
2472 2271 2538 2326 ad
2586 2277 2792 2325 tantam
2838 2285 2926 2325 res
2970 2269 3356 2340 impudentiam
3384 2269 3554 2334 venit,
3583 2274 3645 2323 ut
3673 2269 3890 2323 ancillas

2299 2378 2425 2419 suas
2453 2363 2608 2416 multi
2630 2377 2827 2416 uxores
2855 2369 3064 2431 putent.
3090 2361 3265 2429 Atque
3293 2361 3498 2413 utinam
3533 2360 3673 2413 sicut
3699 2367 3892 2429 putan-

2299 2464 2389 2509 tur
2416 2469 2534 2509 esse
2555 2455 2709 2523 quasi
2735 2455 3011 2522 conjuges,
3046 2453 3117 2505 ita
3147 2452 3276 2506 solae
3314 2451 3642 2507 haberentur
3663 2449 3888 2505 uxoresl

2299 2551 2412 2620 68
2436 2548 2568 2603 illud
2595 2548 2766 2615 magis
2793 2554 2990 2601 tetrum
3031 2559 3093 2601 ac
3138 2545 3475 2610 detestabile,
3505 2544 3649 2613 quod
3670 2545 3890 2613 quidam

2300 2641 2642 2694 matrimonia
2671 2639 2936 2694 honorata
2964 2637 3161 2702 sortiti,
3195 2637 3327 2690 alias
3375 2636 3476 2690 sibi
3521 2649 3734 2690 rursum
3773 2649 3890 2690 ser-

2300 2731 2422 2786 vilis
2443 2739 2616 2786 status
2642 2722 2897 2799 coniuges
2917 2736 3154 2794 sumunt,
3181 2725 3542 2783 deformantes
3569 2726 3738 2780 sancti
3758 2740 3892 2779 con-

2302 2823 2451 2878 nubii
2479 2823 2741 2877 honorem
2787 2835 2886 2890 per
2912 2819 3196 2888 degeneris
3243 2816 3577 2872 contubernii
3609 2815 3890 2880 vilitatem,

2305 2929 2414 2968 non
2433 2914 2814 2968 erubescentes
2842 2911 3065 2964 maritos
3087 2925 3144 2964 se
3171 2910 3286 2964 ﬁeri
3308 2908 3620 2962 ancillarum
3647 2921 3888 2972 suarum,

2302 3007 2701 3077 praecipitantes
2741 3004 2951 3072 fastigia
3004 3003 3260 3058 nobilium
3315 2999 3781 3055 matrimoniorum
3841 2998 3894 3054 in

2306 3099 2500 3154 cubilia
2549 3100 2782 3154 obscena
2837 3109 3113 3151 servm-um
3145 3094 3325 3162 :digni
3348 3107 3568 3163 prorsus
3594 3091 3757 3146 etiam
3785 3091 3895 3146 illa~

608 3171 794 3226 Galliae
822 3172 1130 3239 devastata},
1163 3175 1254 3228 sed
1298 3191 1405 3231 non
1451 3177 1518 3232 ab
1556 3180 1826 3244 erunibus,
1877 3188 1932 3233 et
1979 3179 2101 3234 ideo
2143 3181 2195 3233 in
2223 3187 2270 3254 ρ
2300 3206 2420 3244 rum
2459 3198 2623 3254 ειριυ,
2654 3204 2880 3260 quarum
2921 3202 2981 3242 se
3009 3193 3199 3256 putant
3218 3185 3407 3252 dignos
3437 3199 3562 3238 esse
3591 3183 3890 3237 consortio.

607 3263 943 3333 paucissimis
959 3263 1132 3318 adhuc
1145 3265 1351 3334 angulis
1364 3267 1450 3322 vel
1466 3274 1684 3322 tenuem
1699 3269 1944 3338 spiritum
1959 3278 2196 3338 agentes,

610 3354 736 3424 quia
773 3371 864 3409 eas
909 3355 1176 3409 interdum
1206 3372 1503 3426 paucorum
1549 3358 1832 3428 integritas
1881 3361 2030 3427 aluit,
2069 3376 2202 3430 quas

609 3449 897 3504 multorum
929 3451 1114 3520 rapina
1137 3451 1401 3506 vacuavit.
1957 3494 1962 3498 .

683 3536 747 3593 V.
800 3539 906 3594 Sed
954 3541 1163 3608 evagati
1202 3541 1415 3608 longius
1451 3557 1668 3612 sumus,
1698 3544 1802 3614 67
1834 3543 2022 3601 dolore
2047 3561 2200 3601 com-

613 3633 768 3703 pulsi.
813 3631 973 3701 Ergo,
1020 3642 1078 3686 ut
1116 3635 1184 3688 ad
1237 3634 1518 3704 superiora
1557 3635 1859 3699 redeamus,
1889 3636 2018 3706 quid
2044 3639 2200 3692 estin

614 3741 722 3794 quo
769 3741 878 3780 non
921 3725 1204 3781 servilibus
1256 3727 1400 3781 vitiis
1442 3728 1605 3782 etiam
1634 3729 1844 3784 nobiles
1870 3729 2197 3800 polluantur,

614 3821 718 3874 nisi
769 3820 908 3875 forte
956 3820 1077 3876 ideo
1126 3821 1250 3890 quia
1297 3821 1386 3875 illa
1431 3837 1550 3890 qua:
1575 3823 1631 3876 in
1657 3824 1826 3878 servis
1853 3833 2076 3893 peccata
2102 3841 2202 3893 pu-

612 3913 783 3980 niunt,
833 3914 934 3984 ipsi
963 3914 1115 3983 quasi
1143 3914 1290 3970 licita
1329 3915 1709 3970 committunt?
1733 3916 1974 3984 Denique
2003 3917 2070 3969 ad
2105 3917 2203 3971 bas

611 4008 975 4077 pervasiones,
1005 4021 1158 4074 quas,
1191 4016 1249 4060 ut
1277 4022 1440 4076 supra
1459 4007 1588 4071 dixi,
1631 4008 1840 4062 nobiles
1867 4015 2052 4073 agunt,
2085 4023 2201 4062 ser-

610 4113 710 4153 vus
738 4111 837 4150 nec
867 4095 1103 4164 aspirare
1127 4095 1473 4162 permittitur.
1504 4094 1762 4160 Quamvis
1785 4097 2036 4150 mentiar.
2069 4095 2203 4163 Qni-

612 4187 734 4239 dam
757 4184 898 4239 enim
919 4201 987 4239 ex
1006 4184 1174 4240 servis
1199 4184 1406 4239 nobiles
1425 4183 1571 4250 facti,
1597 4194 1691 4240 aut
1707 4187 1858 4256 paria
1883 4195 1976 4241 aut
1995 4189 2197 4257 majora

612 4276 872 4333 fecerunt.
906 4275 1012 4332 Sed
1039 4277 1143 4332 hoc
1171 4285 1348 4331 tamen
1379 4277 1631 4347 imputari
1660 4279 1830 4334 servis
1859 4293 2199 4350 nequaquam

613 4374 809 4438 potest,
831 4369 977 4437 quod
995 4369 1314 4438 quibusdam
1335 4370 1543 4425 servilis
1568 4369 1805 4425 conditio
1836 4378 1941 4424 tam
1973 4370 2202 4428 feliciter

613 4461 792 4516 cessit.
824 4461 1123 4516 Homicidia
1147 4477 1362 4531 quoque
1393 4463 1444 4516 in
1473 4464 1643 4518 servis
1669 4478 1790 4517 rara
1819 4471 1960 4529 sunt,
1995 4471 2202 4519 terrore

2374 3281 2459 3336 Vl.
2494 3281 2609 3336 Non
2629 3281 2814 3334 dubito
2834 3294 2904 3334 ex
2924 3280 2988 3333 iis
3007 3278 3265 3347 plurimos
3284 3277 3376 3345 qui
3397 3285 3489 3330 aut
3509 3285 3634 3330 sunt
3657 3275 3886 3338 nobiles,

2305 3379 2400 3426 aut
2425 3370 2594 3424 videri
2623 3368 2830 3423 nobiles
2857 3368 3064 3433 volunt,
3087 3367 3318 3436 superbe
3358 3374 3412 3419 et
3432 3373 3786 3436 aspernanter
3815 3379 3898 3420 ac-

2304 3464 2502 3533 cipere,
2534 3460 2677 3530 quod
2701 3460 2826 3513 dum
2855 3458 3258 3513 consideramus
3287 3457 3402 3512 haec
3430 3457 3553 3510 talia
3581 3470 3701 3524 quae
3727 3456 3898 3510 locuti

2303 3568 2505 3616 sumus,
2529 3551 2702 3604 minus
2721 3547 3012 3617 ﬂagitiosos
3031 3548 3262 3602 diximus
3284 3561 3470 3602 servos
3488 3549 3749 3615 quosdam
3772 3560 3901 3602 esse

2303 3660 2462 3714 quam
2480 3644 2743 3698 dominos.
2767 3641 2874 3696 Sed
2895 3657 3016 3696 cum
3044 3641 3150 3695 hoc
3164 3655 3266 3709 ego
3296 3655 3403 3693 non
3425 3639 3494 3692 de
3513 3638 3782 3702 omnibus,
3799 3637 3896 3693 sed

2304 3735 2372 3791 de
2398 3737 2480 3790 his
2498 3735 2591 3803 qui
2614 3735 2752 3788 tales
2779 3741 2903 3787 sunt
2928 3730 3348 3802 pnedicaverim,
3373 3729 3550 3783 nullus
3581 3729 3737 3784 irasci
3775 3743 3899 3784 om-

2305 3829 2434 3882 nino
2462 3826 2622 3880 debet
2657 3825 2749 3892 qui
2786 3837 3127 3890 nequaquam
3155 3837 3214 3876 se
3244 3821 3405 3874 talem
3435 3833 3553 3874 esse
3581 3821 3892 3889 cognoscit;

2307 3929 2332 3966 s
2353 3933 2423 3971 ne
2442 3917 2546 3971 hoc
2568 3917 2684 3984 ipso
2704 3915 2850 3982 quod
2870 3914 3136 3976 irascitur,
3163 3913 3230 3966 de
3253 3920 3394 3966 coetu
3417 3911 3653 3980 ipsorum
3677 3926 3794 3966 esse
3817 3911 3898 3965 vi-

2303 4008 2509 4062 deatur.
2543 4005 2679 4071 Quin
2703 4005 2882 4073 potius
2901 4004 3222 4071 quicumque
3235 4017 3302 4056 cx
3323 4001 3591 4056 nobilibus
3615 4001 3728 4056 haec
3751 4002 3896 4055 male

2303 4098 2545 4162 horrent,
2581 4094 2735 4149 irasci
2765 4093 2960 4147 talibus
2987 4093 3209 4157 debent,
3241 4091 3384 4160 quod
3410 4089 3732 4146 facinoribus
3770 4105 3894 4145 sor-

2305 4186 2594 4242 didissimis
2619 4184 2912 4238 nobilitatis
2949 4197 3147 4236 nomen
3189 4181 3448 4236 infament
3478 4199 3491 4234 :
3523 4182 3643 4252 quia
3685 4181 3812 4234 licet
3839 4181 3892 4234 hi

2305 4277 2397 4348 qui
2425 4277 2560 4332 tales
2582 4282 2705 4331 sunt
2726 4291 2940 4330 omnem
2968 4282 3192 4342 gravent
3217 4273 3472 4344 populum
3501 4271 3884 4336 Christianum,

2303 4370 2608 4441 specialiter
2641 4377 2818 4422 tamen
2857 4367 2977 4422 illos
3015 4367 3259 4422 sordibus
3297 4367 3408 4420 suis
3444 4365 3701 4436 polluant,
3743 4377 3886 4432 quo-

2304 4479 2422 4518 rum
2438 4478 2564 4532 pars
2591 4477 2709 4518 esse
2737 4461 3005 4516 dicuntur.
3023 4460 3263 4514 Diximus
3290 4461 3471 4528 itaque
3489 4458 3696 4514 nobiles
3724 4472 3888 4528 quos-

1787 4575 2128 4632 STEPHANI
2163 4578 2434 4633 BALUZII
2472 4575 2700 4632 ΝΟΤᾸΕ.
3204 4653 3211 4657 _
3899 4640 3902 4642 _

685 4681 724 4751 I_
741 4670 865 4751 Haec
892 4668 1051 4751 .ec‘tiO
1071 4667 1196 4751 visa
1223 4675 1308 4750 est
1341 4668 1525 4750 sanior
1549 4683 1711 4751 quam
1740 4665 2041 4751 Pithoeana,
2072 4686 2192 4740 quae
2221 4677 2268 4734 ι)
2293 4680 2445 4751 quant
2473 4667 2849 4741 quodammodo
2878 4665 3142 4721 violenter.
3191 4665 3325 4721 Vide
3362 4666 3466 4723 hoc
3508 4666 3630 4722 loco
3674 4665 3882 4723 Ritter-

616 4743 693 4797 sic
713 4741 873 4794 habet
906 4758 917 4790 :
945 4736 1140 4802 Quotus
1179 4740 1387 4811 quisque
1410 4740 1543 4811 enim
1580 4739 1737 4808 juxta
1756 4739 1970 4811 divitem
1999 4736 2099 4811 pati

617 4822 705 4865 aut
730 4813 952 4863 intactus
980 4818 1066 4860 aut
1097 4807 1228 4861 tutus
1270 4807 1378 4879 est?
1420 4807 1667 4864 Nostram
1707 4807 1923 4876 adjuvat
1966 4807 2114 4879 quod
2140 4811 2192 4866 in

617 4898 710 4936 ora
757 4879 1048 4934 Pithoeanac
1077 4877 1328 4948 editionis
1358 4886 1669 4933 annotatum
1702 4886 1784 4931 est
1805 4879 1929 4932 alibi
1961 4877 2082 4948 legi,
2108 4898 2188 4935 au-

614 4962 724 5005 ctus
753 4959 841 5003 aut
861 4958 1098 5002 statutus.
1122 4947 1250 5014 Qum
1277 4954 1360 5002 est
1388 4948 1548 5002 lectio
1578 4948 1778 5002 codicis
1807 4947 2120 5005 Colbert’ini.

689 5023 717 5062 ιι
740 5020 991 5076 Sidonius
1037 5020 1129 5074 lib.
1161 5036 1196 5083 ι,
1241 5019 1397 5088 epist.
1445 5019 1496 5084 7,
1537 5019 1604 5091 de
1632 5017 1882 5073 Arvando
1922 5019 2190 5091 loquens:

618 5093 992 5163 Prwfecturam
1037 5092 1257 5162 primam
1281 5089 1580 5160 gubernavit
1608 5105 1722 5163 eum
1763 5105 1956 5163 magna
1977 5089 2195 5163 popula-

618 5159 789 5235 ritate,
812 5159 1435 5235 consequentemquecmn
1476 5159 1705 5235 mamima
1727 5159 2074 5235 popularium}.
2106 5160 2198 5216 Vi-

617 5234 686 5286 de
714 5247 922 5286 rursum
949 5228 1196 5286 eumdem
1214 5228 1504 5283 Sidonium
1531 5228 1623 5282 lib.
1655 5245 1710 5293 rt,
1728 5228 1892 5298 epist.
1931 5230 1979 5282 i.

697 5313 718 5340 ο
750 5302 837 5354 Sic
860 5301 1199 5356 Innocentius
1221 5300 1310 5363 IV,
1340 5301 1392 5356 in
1414 5299 1640 5368 epistola
1669 5302 1866 5368 scripta
1894 5301 1960 5352 ad
1989 5302 2197 5358 archie-

622 5372 900 5451 piscopum
920 5369 1319 5451 Narbonensem
1340 5377 1394 5424 et
1414 5369 1478 5451 ad
1495 5371 1802 5451 episcepuin
1819 5369 2194 5451 Helenensem,

623 5437 744 5508 quin
761 5437 904 5492 edita
918 5445 1001 5492 est
1014 5441 1067 5492 in
1090 5439 1358 5494 additione
1375 5440 1442 5493 ad
1465 5437 1625 5508 caput
1646 5437 1710 5492 Π
1735 5439 1824 5492 lib.
1851 5455 1940 5494 vm
1961 5440 2027 5494 de
2049 5437 2196 5496 Con?-

622 5507 814 5583 cordia
828 5507 1110 5583 sacerdotii
1139 5516 1193 5562 et
1224 5509 1439 5583 imperii
1469 5529 1484 5562 :
1521 5509 1783 5583 Feruntur
1807 5511 1959 5564 etiam
1988 5512 2196 5583 quidam

622 5595 733 5653 esse
758 5575 980 5653 Bullini,
1017 5575 1390 5648 proposita—et
1427 5582 1667 5653 ofﬁciales
1706 5598 1878 5653 eorum
1915 5575 2197 5653 quibmulto

623 5649 830 5722 citatius
859 5647 1014 5722 solita
1040 5647 1134 5704 sua
1166 5658 1338 5722 emunt
1372 5647 1560 5718 cilicia,
1599 5669 1740 5722 spem
1772 5647 2082 5722 damnabilis
2121 5652 2196 5704 lu-

720 5720 1039 5793 an
1059 5719 1275 5772 servitiis
1302 5734 1392 5772 seu
1413 5719 1763 5776 exactionibus
1784 5739 1896 5793 quin
1935 5722 1997 5774 ab
2025 5721 2074 5775 Ε
2076 5722 2200 5776 cclc-

625 5788 741 5861 aiis,
763 5788 1052 5845 hominibus
1077 5805 1274 5856 earum,
1304 5797 1355 5842 et
1380 5793 1611 5859 personis
1655 5788 2008 5848 erdetiiastiris
2037 5805 2200 5850 extor-

2299 4743 2560 4797 Shusium.

2369 4808 2395 4848 ά
2427 4808 2579 4864 Haud
2605 4810 2715 4864 scio
2753 4823 2822 4862 an
2843 4806 3051 4864 usniam
3080 4806 3204 4862 alibi
3234 4806 3408 4862 Africa
3447 4806 3659 4864 dicatur
3694 4808 3751 4863 in
3778 4823 3880 4863 ms-

2300 4896 2449 4935 mero
2478 4879 2690 4959 plurali.
2721 4877 2824 4932 Sed
2849 4874 3170 4959 Salvianus,‘
3181 4877 3271 4959 qui
3297 4877 3500 4932 sciebat
3527 4893 3623 4959 sex
3639 4878 3706 4959 _in
3733 4875 3878 4933 Afri-

2301 4966 2363 5005 ca
2391 4946 2697 5031 provincias
2717 4963 2852 5030 esse,
2877 4946 3079 5031 plurali
3109 4946 3213 5002 sibi
3239 4962 3463 5004 numero
3493 4947 3752 5003 utendum
3776 4962 3879 5019 puo

2302 5018 2435 5074 tavit
2460 5027 2518 5073 ut
2545 5034 2733 5089 omnes
2755 5018 3098 5089 significaret.

2376 5100 2400 5128 ο
2431 5089 2612 5159 Lupus
2637 5086 2991 5144 Ferrariensis
3020 5088 3074 5141 in
3102 5088 3238 5159 libro
3265 5086 3332 5141 de
3357 5087 3528 5144 tribus
3554 5087 3878 5159 Questioni:

2299 5159 2402 5240 bus
2429 5154 2550 5240 pag.
2721 5177 2733 5210 :
2769 5159 2898 5230 Spes
2939 5157 3258 5240 impunitatis
3293 5173 3484 5240 magna
3521 5154 3599 5213 est
3633 5154 3878 5230 peccandi

2298 5228 2554 5285 illecebris.
2588 5229 2722 5284 Vide
2748 5228 2867 5285 oua:
2896 5244 2993 5283 nos
3021 5228 3127 5281 illic
3158 5228 3552 5283 annotavimus.

2375 5301 2395 5340 ί
2427 5301 2538 5356 Sibi
2569 5300 2711 5354 enim
2739 5296 2790 5354 id
2821 5300 2980 5353 licere
3005 5297 3206 5370 domini
3238 5298 3498 5370 putabant
3522 5306 3746 5370 propter
3769 5296 3876 5370 vim
3903 5354 3910 5366 ,

2297 5371 2580 5442 potestatis
2635 5370 2835 5442 herilis,
2888 5376 2945 5442 ut
2993 5366 3427 5442 pluribus_do_cet
3468 5366 3906 5442 Ritt_ershusius._

2300 5434 2470 5497 Aliter
2496 5439 2768 5505 Germani,
2801 5437 2939 5507 apud
2960 5434 3113 5505 quos,
3147 5445 3204 5490 ut
3233 5437 3446 5492 Tacitus
3467 5439 3674 5503 scribit,
3715 5434 3879 5493 verte-
3903 5437 3908 5452 "

2297 5530 2416 5566 rare
2465 5526 2664 5565 servum
2717 5526 2776 5562 ac
2832 5507 3046 5579 vinculis
3084 5517 3144 5579 et
3183 5525 3336 5579 opere
3389 5523 3648 5575 coercere,
3690 5515 3911 5562 ratum.‘

2308 5580 2552 5634 Occidere
2578 5581 2761 5643 solent,
2811 5595 2914 5632 non
2963 5578 3236 5648 disciplina
3264 5586 3313 5648 et
3341 5581 3626 5644 severitate,
3671 5579 3762 5633 sed
3785 5580 3880 5632 im-

2305 5659 2501 5722 petuiet
2528 5653 2628 5715 ira,
2651 5659 2708 5703 ut
2725 5650 3007 5722 inimicum,
3039 5646 3141 5703 nisi
3170 5646 3306 5719 quod
3330 5649 3555 5722 irnpnne.

2330 5761 2337 5767 .
2378 5731 2404 5765 κ
2433 5720 2647 5776 Tacitus
2679 5738 2698 5792 τί
2726 5717 2867 5773 Nam
2893 5733 3007 5792 qua
3053 5717 3226 5791 spreta
3252 5718 3569 5786 calescunt,
3603 5721 3664 5772 si”
3677 5720 3885 5773 irasca-

2306 5812 2381 5858 re,
2413 5796 2587 5860 agnita
2614 5791 2868 5847 videntur.

2898 5927 2909 5939 Ι
2931 5923 3012 5942 4.ιὶ
