4234 6262
409 365 481 425 ⁵1⁸1
1487 363 1571 419 DE
1607 362 1996 419 GUBERNATI

2070 365 2131 418 tE
2171 365 2281 418 DEI
2321 365 2444 418 LIB.
2482 354 2569 418 IV.
3597 369 3666 425 τε

405 479 532 536 dam
557 491 679 534 esse
706 477 871 532 servis
893 473 1200 530 deteriores.
1224 467 1462 530 Diximus
1491 475 1672 544 utique
1699 483 1754 531 et
1780 476 1983 546 impro-
2012 482 2064 541 Α
2088 476 2250 530 modo
2268 476 2393 529 mali
2423 489 2542 530 esse
2561 475 2845 543 coguntur,
2869 491 2937 529 ne
2959 475 3092 531 viles
3111 475 3431 532 habeantur.
3451 476 3520 532 Et
3547 479 3668 536 ideo

407 574 663 633 babiliter
699 573 939 637 diximus,
971 570 1071 626 nisi
1100 570 1244 640 quod
1289 569 1520 625 diximus
1546 571 1974 640 comprobamus.

408 663 554 720 Ecce
581 664 718 718 enim
745 664 811 716 ab
839 663 942 716 hoc
979 661 1184 718 scelere
1207 662 1293 716 vel
1335 662 1568 716 maximo
1613 676 1782 732 prope
1812 661 1985 715 omnis

410 770 687 814 servorum
729 769 979 811 numerus
1006 755 1254 809 immunis
1281 761 1380 810 est.
1412 753 1678 825 Numquid
1706 754 1850 808 enim
1889 753 1987 807 ali-

316 894 327 903 .
412 849 540 920 quid
565 863 629 902 ex
657 847 820 902 servis
847 847 1032 901 turbas
1059 846 1476 902 concubinarum
1520 847 1702 912 habet,
1731 844 1986 914 numquid

414 942 694 997 multarum
715 955 945 995 uxorum
967 940 1088 994 labe
1116 939 1389 1009 polluitur,
1423 947 1476 993 et
1503 954 1696 992 canum
1719 938 1805 992 vel
1834 953 1986 991 suum

415 1048 564 1088 more
592 1037 764 1086 tantas
783 1037 938 1101 putat
964 1029 1217 1098 conjuges
1239 1045 1362 1085 suas
1381 1045 1522 1094 esse,
1547 1037 1776 1098 quantas
1799 1036 1989 1098 potue-

413 1125 483 1180 rit
507 1123 708 1179 libﬂini
751 1123 1072 1192 subjugare?
1105 1132 1127 1158 ⁸
1169 1120 1272 1175 Sed
1310 1119 1621 1191 responderi
1651 1119 1898 1174 videlicet
1922 1120 1989 1174 ad

410 1215 520 1270 habe
556 1224 757 1286 potest,
795 1213 940 1284 quod
966 1214 1144 1268 facere
1167 1213 1335 1268 servis
1364 1213 1463 1267 ista
1512 1228 1619 1267 non
1647 1212 1824 1267 liceat.
1855 1211 1988 1266 Nam

407 1305 652 1377 profecto
672 1305 930 1368 facerent,
949 1305 994 1360 si
1014 1304 1217 1358 liceret.
1242 1301 1434 1358 Credo.
1464 1302 1568 1357 Sed
1597 1317 1715 1372 quae
1740 1302 1854 1356 ﬁeri
1884 1318 1989 1358 non

409 1396 590 1460 video,
620 1395 772 1466 quasi
799 1393 938 1449 facta
975 1395 1177 1450 habere
1205 1410 1311 1449 non
1359 1409 1594 1464 possum.
1631 1393 1658 1432 δ
1689 1394 1990 1459 Quamlibet

409 1486 554 1542 enim
575 1487 686 1556 69
712 1487 764 1539 in
791 1485 868 1540 eis
894 1484 1151 1555 improbae
1181 1492 1405 1547 mentes,
1422 1484 1712 1554 quamlibet
1741 1484 1879 1538 male
1899 1499 1991 1538 cu-

412 1577 622 1649 pidates
648 1577 772 1640 sint,
798 1576 971 1629 nullus
997 1591 1098 1644 pro
1127 1590 1193 1629 eo
1221 1575 1363 1643 quod
1397 1591 1503 1629 non
1535 1574 1766 1628 admittit
1790 1574 1992 1628 scelere

412 1667 649 1740 punitur.
674 1663 840 1722 Malos
861 1681 980 1721 esse
1000 1681 1184 1720 servos
1203 1680 1265 1719 ac
1279 1664 1620 1719 detestabiles
1639 1664 1768 1718 satis
1787 1672 1990 1718 certum

413 1767 513 1815 est.
547 1759 652 1814 Sed
688 1757 793 1814 hoc
820 1758 1000 1826 utique
1041 1756 1252 1825 ingenui
1281 1771 1343 1810 ac
1370 1755 1578 1810 nobiles
1623 1755 1790 1822 magis
1835 1769 1990 1808 exse-

2046 595 2050 600 -
2088 583 2196 622 non
2223 568 2338 622 sine
2358 582 2517 622 causa
2547 567 2837 644 Apostolus
2864 567 3061 621 clamat
3088 586 3099 620 :
3127 567 3387 623 Secutum
3416 578 3578 624 totum
3614 572 3669 624 in

2090 659 2226 713 malo
2251 661 2473 730 positum
2499 666 2577 711 est
2598 657 2639 728 (l
2659 656 2816 713 Joan.
2846 674 2899 721 v,
2924 656 3035 729 l9).
3062 657 3131 713 Et
3153 674 3336 714 verum
3356 669 3458 716 est.
3480 660 3671 718 Merito

2091 752 2232 806 enim
2262 758 2431 806 totum
2459 765 2579 806 esse
2606 750 2660 804 in
2688 751 2832 805 malo
2859 750 3074 817 dicitur,
3103 751 3191 806 ubi
3219 752 3346 808 boni
3367 753 3546 810 locum
3570 754 3671 810 ha-

2089 848 2219 903 bere
2259 863 2368 903 non
2411 854 2652 917 possunt.
2683 845 2958 914 Siquidem
2982 846 3054 900 ita
3094 854 3268 902 totum
3305 847 3670 918 iniquitatibus

2091 939 2309 1009 plenum
2333 946 2435 1003 est,
2478 944 2534 991 ut
2561 943 2654 991 aut
2679 936 2809 991 mali
2837 937 2945 991 sint
2967 937 3060 1006 qui
3087 943 3212 992 sunt
3235 937 3291 991 in
3319 937 3436 1004 illo,
3461 947 3556 993 aut
3579 939 3670 1008 qui

2093 1032 2221 1087 boni
2242 1038 2386 1095 sunt,
2410 1030 2700 1085 multorum
2718 1028 3097 1100 persecutione
3115 1030 3437 1085 crucientur.
3463 1029 3666 1100 Itaque,

2095 1131 2154 1178 ut
2179 1123 2426 1187 diximus,
2451 1122 2496 1176 si
2516 1121 2833 1178 honoratior
2851 1120 3118 1190 quispiam
3136 1120 3383 1188 religioni
3410 1136 3470 1176 se
3497 1121 3665 1191 appli—

2094 1216 2290 1280 cuerit,
2323 1215 2466 1270 illico
2494 1215 2790 1269 honoratus
2826 1228 2946 1269 esse
2990 1212 3220 1268 desistit.
3254 1210 3355 1268 Ubi
3378 1214 3523 1268 enim
3548 1214 3671 1282 quis

2099 1320 2119 1346 σ
2134 1308 2420 1363 mutaverit
2443 1315 2668 1372 vestem,
2680 1313 2852 1361 mutat
2871 1305 3119 1375 protinus
3137 1304 3482 1374 dignitatem;
3500 1305 3546 1358 si
3567 1305 3672 1360 fue-

2092 1401 2163 1455 rit
2183 1401 2443 1464 sublimis,
2468 1399 2526 1452 ﬁt
2552 1399 2922 1468 despicabilis;
2943 1399 2991 1454 si
3013 1399 3172 1453 fuerit
3191 1397 3668 1468 splendidissimus,

2096 1490 2154 1545 lit
2184 1491 2495 1556 vilissimus;
2523 1491 2566 1543 si
2589 1489 2749 1544 fuerit
2770 1498 2913 1544 totus
2930 1490 3170 1554 honoris,
3193 1489 3250 1542 lit
3279 1497 3424 1544 totus
3445 1488 3669 1558 injurias.

2093 1583 2160 1637 Et
2182 1584 2442 1643 mirantur
2470 1581 2723 1637 mundani
2741 1582 2958 1650 quidam
2984 1590 3039 1636 et
3059 1579 3319 1646 inﬁdeles,
3345 1581 3390 1635 si
3418 1580 3673 1637 oll‘ensam

2094 1677 2191 1731 Dei
2219 1684 2310 1730 aut
2354 1675 2682 1730 iracundiam
2710 1673 3004 1744 perferunt,
3033 1673 3123 1741 qui
3153 1673 3318 1728 Deum
3343 1672 3369 1710 ά
3400 1673 3455 1727 in
3476 1675 3676 1728 sanctis

2095 1768 2345 1823 omnibus
2367 1767 2796 1836 persequuntur?
2823 1764 3080 1820 Perversa
3107 1764 3252 1819 enim
3278 1771 3404 1818 sunt
3431 1772 3486 1818 et
3513 1765 3565 1818 in
3593 1764 3671 1818 di-

414 1849 619 1917 crandi,
650 1850 695 1904 si
737 1849 788 1903 in
827 1856 968 1903 statu
1007 1848 1316 1902 honestiore
1360 1845 1574 1915 pejores
1619 1852 1758 1899 sunt.
1793 1843 1910 1911 Quo
1937 1842 1998 1897 ﬁt
2029 1853 2074 1911 Β
2100 1875 2310 1915 versum
2331 1866 2523 1914 cuum
2550 1864 2776 1913 mutam,
2803 1855 2860 1912 Si
2891 1857 3064 1912 bonus
3087 1864 3170 1911 es;
3196 1857 3495 1926 quispiam,
3523 1857 3674 1925 quasi

418 1949 476 1996 tl
503 1940 571 1995 ad
614 1941 758 1994 illum
787 1939 1054 2009 perveniri
1087 1938 1286 1993 exitum
1315 1937 1394 1992 rei
1441 1935 1600 2004 hujus
1637 1949 1856 1990 necesse
1902 1934 1989 1999 sit,

419 2048 528 2088 non
556 2041 615 2086 ιι
632 2031 770 2086 servi
796 2031 902 2084 sint
928 2046 959 2083 a
981 2038 1133 2085 reatu
1151 2028 1399 2098 nequitia:
1417 2042 1528 2081 suae
1547 2024 1877 2089 absolvendi,
1900 2024 1993 2079 sed

425 2131 483 2176 tn
506 2122 718 2192 plurimi
744 2121 932 2175 divites
959 2120 1130 2188 magis
1160 2120 1266 2172 sint
1285 2133 1561 2173 servorum
1589 2116 1995 2186 comparatione

427 2210 728 2266 damnandi.
760 2210 890 2264 Nam
931 2210 1060 2264 illud
1096 2209 1432 2264 latrocinium
1459 2225 1522 2264 ac
1549 2209 1726 2264 scelus
1763 2209 1884 2277 quis
1910 2207 1993 2261 di-

424 2316 530 2372 gne
555 2302 732 2371 eloqui
759 2302 945 2371 possit,
976 2300 1116 2369 quod
1162 2316 1279 2355 cum
1309 2300 1549 2355 Romana
1577 2298 1878 2369 respublica
1910 2297 1996 2353 vel

416 2393 527 2464 jam
567 2399 797 2456 mortua,
827 2393 909 2447 vel
935 2400 1081 2447 certe
1103 2401 1400 2446 extremum
1427 2392 1674 2462 spiritum
1718 2405 1910 2459 agens,
1941 2390 1996 2443 in

415 2500 479 2540 ea
499 2492 654 2555 parte
680 2499 784 2552 qua
812 2484 986 2538 adhuc
1015 2483 1193 2539 vivere
1211 2482 1444 2547 videtur,
1469 2483 1790 2537 tributorum
1815 2481 1998 2535 vincu-

412 2574 479 2630 lis
505 2574 656 2644 quasi
699 2573 1004 2644 pnedonum
1051 2573 1298 2628 manibus
1343 2571 1673 2641 strangulata
1715 2570 1997 2634 moriatur,

414 2665 758 2722 inveniuntur
785 2674 963 2720 tamen
1009 2666 1227 2735 plurimi
1255 2665 1482 2720 divitum
1522 2679 1750 2732 quorum
1798 2663 1998 2717 tributa

413 2773 678 2830 pauperes
725 2757 941 2812 ferunt?
969 2757 1074 2812 hoc
1099 2765 1200 2822 est,
1251 2757 1596 2810 inveniuntur
1619 2755 1833 2824 plurimi
1864 2753 1999 2809 divi-

415 2859 528 2907 tum
564 2847 796 2920 qucrum
824 2849 1021 2903 tributa
1049 2862 1314 2917 pauperes
1339 2853 1554 2901 necant.
1582 2843 1650 2901 Et
1677 2845 1820 2914 quod
1846 2846 1989 2900 inve-

417 2941 520 2996 niri
547 2940 776 2994 dicimus
797 2937 1071 3006 plurimos,
1097 2938 1260 2991 timeo
1282 2951 1351 2990 ne
1371 2935 1548 2990 verius
1568 2935 1864 2991 diceremus
1883 2951 2000 2991 om-

422 3045 538 3084 nes.
571 3029 707 3082 Tam
735 3027 893 3096 pauci
920 3028 1064 3082 enim
1083 3026 1210 3080 mali
1236 3026 1394 3094 hujus
1411 3034 1654 3096 expertes
1682 3036 1821 3093 sunt,
1852 3027 1898 3080 si
1919 3033 2000 3080 ta-

425 3133 549 3174 men
582 3117 678 3172 ulli
718 3123 858 3180 sunt,
908 3123 965 3170 ut
992 3116 1044 3169 in
1087 3131 1148 3170 ea
1196 3123 1346 3185 parte
1373 3131 1474 3184 qua
1510 3116 1704 3170 multos
1745 3115 1992 3182 diximus,

2096 1951 2268 2006 malus
2297 1951 2597 2020 spernitur,
2630 1950 2676 2004 si
2697 1948 2870 2004 malus
2909 1956 3010 2013 est,
3049 1947 3204 2017 quasi
3247 1947 3420 2002 bonus
3446 1946 3674 2002 honora-

2094 2050 2198 2096 tur.
2224 2040 2367 2094 Nihil
2389 2042 2570 2110 itaque
2608 2040 2801 2094 mirum
2825 2047 2910 2094 est
2935 2039 2981 2093 si
3010 2039 3280 2093 deteriora
3309 2036 3549 2106 quotidie
3575 2051 3675 2107 pa-

2095 2133 2274 2197 timur,
2305 2133 2396 2200 qui
2422 2132 2719 2186 deteriores
2744 2131 2985 2200 quotidie
3011 2147 3214 2186 sumus.
3241 2130 3310 2184 Et
3353 2146 3490 2185 nova
3529 2130 3674 2184 enim

2091 2223 2334 2292 quotidie
2374 2222 2617 2277 homines
2661 2221 2800 2276 mala
2830 2221 3053 2286 faciunt,
3086 2227 3141 2276 et
3164 2229 3345 2277 vetera
3373 2235 3480 2275 non
3507 2219 3677 2274 relin-

2094 2321 2286 2383 quunt.
2310 2311 2548 2381 Surgunt
2574 2311 2813 2367 recentia
2831 2312 3075 2379 crimina,
3099 2327 3200 2367 nec
3215 2311 3566 2382 repudiantur
3583 2325 3673 2366 an-

2096 2403 2267 2471 tiqua.

2166 2489 2298 2543 Vill.
2330 2489 2459 2556 Quis
2484 2503 2612 2558 ergo
2654 2498 2737 2545 est
2782 2491 3106 2549 causationis
3153 2490 3346 2546 locus?
3373 2489 3678 2560 Quamlibet

2095 2596 2286 2652 aspera
2312 2589 2367 2636 et
2412 2582 2635 2637 adversa
2685 2583 2968 2652 patiamur,
2996 2583 3202 2638 minora
3241 2584 3474 2652 patimur
3509 2597 3673 2651 quam

2096 2685 2384 2725 meremur.
2409 2668 2546 2736 Quid
2578 2672 2852 2738 querimur
2890 2672 3034 2741 quod
3067 2671 3198 2725 dure
3234 2679 3358 2739 agat
3394 2671 3676 2725 nobiscum

2096 2759 2276 2814 Deus?
2297 2759 2464 2814 Multo
2489 2774 2588 2814 nos
2625 2775 2747 2815 cum
2774 2760 2887 2814 Deo
2914 2759 3098 2814 durius
3120 2759 3344 2826 agimus.
3376 2757 3677 2814 Exacerba-

2097 2865 2216 2906 mus
2243 2850 2442 2922 quippe
2464 2865 2587 2904 eum
2616 2848 3011 2919 impuritatibus
3038 2849 3254 2915 nostris,
3277 2856 3333 2903 et
3360 2848 3428 2903 ad
3448 2847 3678 2918 punien-

2099 2942 2200 2998 dos
2224 2957 2323 2996 nos
2362 2941 2621 2995 trahimus
2648 2939 2892 2993 invitum.
2920 2940 3022 3011 71
3048 2939 3288 3008 Cumque
3324 2939 3441 3009 ejus
3475 2945 3680 2998 natura

2097 3033 2169 3089 sit
2195 3047 2347 3088 mens
2367 3031 2462 3087 Dei
2491 3037 2653 3102 atque
2680 3029 2951 3100 majestas,
2985 3040 3044 3087 ut
3069 3031 3215 3088 nulla
3242 3031 3531 3087 iracundias
3555 3046 3681 3103 pas-

2098 3123 2252 3181 sione
2272 3130 2574 3189 moveatur,
2597 3129 2746 3177 tanta
2769 3130 2949 3178 tamen
2972 3123 3026 3177 in
3048 3123 3201 3178 nobis
3218 3130 3563 3193 peccatorum
3583 3137 3683 3181 ex-
3779 3113 3786 3122 ’

425 3223 613 3263 omnes
627 3222 766 3276 pene
778 3206 966 3261 divites
977 3207 1210 3276 reperire
1229 3207 1510 3276 possimus.
1529 3205 1668 3261 Ecce
1681 3207 1822 3261 enim
1833 3221 2002 3263 reme-
2029 3209 2075 3271 C
2103 3216 2374 3271 πει-Μιίο
2402 3223 2504 3281 est,
2535 3223 2594 3270 ut
2621 3230 2718 3286 per
2744 3230 2844 3271 nos
2871 3223 3090 3285 cogatur
3115 3215 3292 3272 irasci.
3320 3214 3473 3284 Vim,
3501 3222 3562 3272 ut
3607 3216 3682 3272 ita

419 3301 504 3356 tia
533 3301 737 3371 pridem
763 3299 1033 3354 nonnullis
1061 3299 1277 3353 urbibus
1296 3297 1419 3352 data
1449 3299 1573 3368 quid
1602 3299 1745 3354 aliud
1772 3307 1998 3369 egerunt

360 3442 374 3451 .
417 3407 577 3462 quam
609 3402 668 3445 ut
686 3391 876 3446 divites
902 3397 1122 3445 cunctos
1151 3391 1414 3444 immunes
1441 3389 1746 3455 redderent,
1769 3391 1995 3446 misero-

420 3498 537 3539 rum
563 3483 758 3537 trimta
788 3481 1147 3546 cumularent;
1179 3481 1280 3535 illis
1307 3489 1366 3535 ut
1393 3480 1736 3535 demerentur
1762 3481 1998 3548 vectiga—

421 3573 489 3628 lia
513 3583 716 3638 vetera,
749 3573 866 3627 istis
887 3580 943 3626 ut
971 3571 1294 3625 adderentur
1320 3585 1492 3636 nova;
1525 3572 1646 3626 illos
1676 3580 1732 3626 ut
1757 3571 1997 3628 decessio

421 3667 584 3722 etiam
612 3664 949 3718 minimarum
996 3661 1326 3716 functionum
1366 3659 1748 3730 locupletaret,
1782 3663 1912 3715 istos
1941 3668 1998 3715 ut

421 3757 658 3814 accessio
685 3756 1036 3810 maximarum
1065 3752 1349 3822 afﬂigeret;
1382 3753 1456 3806 illi
1478 3761 1534 3806 ut
1558 3769 1744 3807 eorum
1772 3768 1890 3821 quae
1917 3754 1997 3808 le-

421 3849 556 3904 viter
583 3847 826 3902 ferebant
854 3846 1225 3901 imminutione
1252 3845 1594 3911 ditescerent,
1610 3845 1697 3899 isti
1725 3853 1784 3898 ut
1811 3860 1997 3900 eorum

421 3953 541 4007 qua:
560 3938 666 4007 jam
691 3938 828 3994 ferre
850 3954 957 3992 non
979 3944 1228 4006 poterant
1256 3936 1695 4006 multiplicatione
1720 3951 1998 3990 moreren-

427 4035 540 4093 tur;
563 4043 626 4082 ac
649 4030 724 4082 sic
743 4029 1035 4083 remedium
1067 4027 1194 4082 illud
1225 4027 1358 4082 alios
1385 4025 1728 4096 injustissime
1749 4028 1996 4094 erigeret,

425 4117 561 4172 alios
583 4117 925 4186 injustissime
951 4127 1195 4183 necaret;
1228 4117 1344 4172 aliis
1371 4126 1511 4173 esset
1533 4118 1998 4172 sceleratissimum

425 4198 724 4281 prmmium,
738 4207 856 4261 aliis
867 4209 1331 4265 sceleratissimum
1343 4225 1626 4264 venenum.
1656 4207 1806 4263 Unde
1821 4208 2004 4262 adver-

426 4301 587 4356 timus
613 4301 755 4372 quod
787 4301 916 4354 nihil
959 4317 1075 4356 esse
1102 4311 1154 4356 et
1181 4302 1432 4356 divitibus
1460 4301 1774 4356 sceleratius
1803 4305 1998 4368 potest,

421 4393 515 4465 qui
545 4391 793 4446 remediis
819 4391 927 4446 suis
955 4406 1216 4460 pauperes
1241 4392 1530 4462 perinnmt,
1561 4397 1616 4443 et
1642 4389 1773 4442 nihil
1799 4403 2002 4457 paupe-

426 4474 574 4534 ribus
602 4479 859 4535 infelicius
895 4496 1031 4549 quos
1061 4481 1166 4550 70
1187 4481 1346 4535 etiam
1372 4479 1458 4532 illa
1498 4493 1616 4548 qua:
1644 4493 1741 4547 pro
1769 4476 2004 4532 remedio

425 4571 635 4628 cunctis
662 4571 854 4626 dantur
874 4572 1142 4627 occidunt.

500 4661 604 4719 νη.
629 4661 748 4718 Jam
775 4679 902 4718 vero
932 4661 1059 4718 illud
1085 4663 1263 4732 quale,
1294 4677 1453 4732 quam
1493 4670 1754 4726 sanctum,
1785 4661 1930 4729 quod
1958 4663 2001 4716 si

424 4756 544 4828 quis
569 4772 637 4812 ex
666 4756 933 4812 nobilibus
960 4756 1201 4812 converti
1247 4755 1312 4809 ad
1342 4755 1508 4810 Deum
1538 4755 1779 4824 coeperit,
1819 4755 2000 4809 statim

424 4846 687 4903 honorem
711 4846 1002 4902 nobilitatis
1023 4847 1252 4900 amittit?
1279 4844 1383 4899 Aut
1403 4854 1634 4913 quantus
1663 4846 1716 4898 in
1744 4844 2001 4899 Christia-

428 4954 498 5011 no
523 4939 725 5009 populo
749 4939 927 4993 honor
945 4935 1140 4993 Christi
1167 4945 1266 5003 est,
1291 4936 1380 4991 ubi
1400 4936 1586 5004 religio
1618 4937 1903 5003 ignobilem
1927 4935 2003 4990 fa-

427 5031 539 5086 cit?
561 5029 751 5084 Statim
767 5031 910 5086 enim
931 5038 989 5084 ut
1016 5029 1136 5098 quis
1163 5028 1352 5084 melior
1379 5043 1498 5082 esse
1528 5029 1831 5095 tentaverit,
1855 5027 2006 5083 dete—

400 5197 408 5206 '
429 5119 592 5175 rioris
621 5121 918 5189 abjeetione
937 5121 1196 5187 calcatur;
1221 5135 1284 5175 ac
1297 5134 1393 5191 per
1416 5120 1520 5175 hoc
1542 5133 1730 5174 omnes
1749 5117 2009 5188 quodam-

399 5211 411 5256 l

2097 3307 2340 3373 dixerim,
2369 3307 2593 3364 facimus
2611 3308 2799 3378 pietati
2825 3324 2953 3374 suae,
2980 3324 3044 3365 ac
3063 3324 3254 3364 manus
3281 3307 3681 3380 quodammodo

2097 3400 2368 3457 atl'erimus
2394 3401 2773 3458 misericordia:
2799 3417 2928 3458 sua).
2959 3401 3200 3471 Cumque
3227 3399 3342 3470 ejus
3377 3400 3682 3469 benignita-

2099 3493 2166 3547 tis
2207 3493 2362 3546 situt
2407 3493 2534 3548 velit
2563 3492 2717 3548 nobis
2758 3491 2958 3560 jugiter
2994 3505 3236 3561 parcere,
3280 3491 3488 3560 cogitur
3525 3489 3682 3544 malis

2099 3585 2294 3639 nostris
2332 3585 2534 3639 scelera
2564 3599 2683 3651 quae
2723 3582 3055 3637 admittimus
3101 3581 3391 3637 vindicare.
3422 3581 3499 3636 Ac
3541 3581 3680 3635 sicut

2099 3675 2175 3729 illi
2204 3675 2377 3729 solent
2411 3675 2502 3741 qui
2533 3673 2912 3727 munitissimus
2951 3673 3110 3727 urbes
3151 3671 3418 3736 obsident,
3447 3678 3540 3724 aut
3585 3669 3678 3724 tir-

2099 3763 2364 3816 missimas
2392 3777 2541 3817 arces
2568 3760 2778 3814 urbium
2807 3775 3002 3829 capere
3029 3768 3084 3814 et
3110 3759 3367 3815 subruere
3394 3766 3677 3825 conantur,

2101 3853 2347 3908 omnibus
2374 3852 2573 3920 absque
2598 3848 2760 3905 dubio
2788 3864 2881 3905 eas
2909 3857 2964 3903 et
2984 3849 3211 3904 telorum
3233 3856 3288 3902 et
3312 3848 3678 3904 machinarum

2101 3945 2384 4013 generibus
2414 3951 2744 4014 oppugnant,
2758 3943 2831 3998 ita
2861 3957 2960 3997 nos
2989 3941 3056 3997 ad
3084 3939 3492 4012 expugnandam
3520 3941 3681 3998 miseo

2102 4036 2384 4092 ricordiam
2431 4037 2525 4090 Dei
2555 4037 2700 4091 omni
2746 4043 3091 4106 peccatorum
3119 4034 3428 4089 immanium
3451 4033 3678 4100 scelere,

2103 4127 2254 4201 quasi
2271 4128 2413 4181 omni
2429 4128 2653 4182 telorum
2669 4141 2863 4196 genere
2874 4141 3171 4198 pugnamus
3180 4127 3558 4197 etinjuriosum
3577 4142 3679 4183 no-

2103 4219 2184 4274 bis
2205 4219 2372 4272 Deum
2393 4219 2774 4284 existimamus,
2799 4234 2921 4272 cum
2939 4218 3035 4287 ipsi
3065 4218 3455 4287 injuriosissimi
3473 4219 3586 4275 Deo
3615 4218 3680 4273 si-

2105 4325 2241 4363 mus.
2271 4306 2453 4362 Omnis
2498 4308 2757 4377 siquidem
2786 4307 3209 4361 Christianorum
3237 4307 3476 4361 omnium
3501 4309 3682 4377 culpa,

2107 4399 2399 4454 divinitatis
2444 4397 2638 4467 injuria
2691 4406 2790 4451 est.
2827 4396 2959 4450 Nam
3006 4412 3127 4450 cum
3172 4396 3261 4450 illa
3285 4410 3404 4465 quas
3449 4395 3626 4453 facere
3653 4412 3684 4452 tt

2108 4490 2218 4544 Deo
2245 4498 2485 4544 vetamur
2514 4487 2859 4554 admittimus,
2887 4486 3117 4542 vetantis
3133 4486 3279 4557 jussa
3300 4487 3599 4554 calcamus;
3621 4503 3686 4544 ac
3747 4525 3750 4530 -

2030 4579 2082 4638 D
2107 4596 2202 4651 per
2246 4582 2350 4636 hoc
2377 4581 2535 4651 impie
2565 4581 2618 4633 in
2667 4579 3058 4635 calamitatibus
3105 4580 3301 4635 nostris
3346 4581 3688 4636 severitatem

2111 4672 2344 4725 divinam
2372 4686 2703 4726 accusamus.
2734 4669 2842 4724 Nos
2871 4670 3070 4739 quippe
3109 4671 3261 4726 nobis
3289 4671 3573 4726 accusandi
3599 4686 3689 4727 su-

2109 4776 2246 4814 mus.
2277 4759 2408 4813 Nam
2449 4775 2570 4814 cum
2597 4774 2661 4813 ea
2698 4759 2890 4828 quibus
2933 4766 3279 4828 torqueantur
3325 4761 3686 4825 admittimus,

2111 4851 2212 4920 ipsi
2259 4859 2648 4904 tormentorum
2696 4858 3001 4905 nostrorum
3039 4862 3285 4907 auctores
3315 4866 3519 4905 sumus.
3551 4845 3688 4913 Quid

2109 4955 2237 5010 ergo
2265 4939 2332 4994 de
2368 4955 2646 5009 poenarum
2675 4941 2963 4996 acerbitate
2991 4941 3293 5011 querimur?
3318 4936 3689 5005 Unusquisque

2113 5039 2352 5086 nostrum
2393 5031 2506 5100 ipse
2535 5045 2592 5083 se
2621 5031 2792 5099 punit.
2822 5029 2889 5084 Et
2917 5030 3037 5084 ideo
3068 5030 3196 5084 illud
3225 5025 3591 5096 propheticum
3622 5020 3687 5074 ad

2115 5131 2214 5177 nos
2239 5121 2434 5177 dicitur
2475 5140 2486 5174 :
2518 5120 2652 5175 Ecce
2679 5139 2854 5177 omnes
2874 5138 2961 5177 vos
2988 5121 3154 5190 ignem
3201 5113 3497 5177 accenditis,
3527 5121 3576 5168 et
3613 5112 3688 5167 vi-

1613 5251 1949 5309 STEPBANI
1984 5247 2253 5311 BALUZII
2290 5253 2514 5311 NOTAE.

432 5373 550 5490 ml;
578 5361 761 5422 Codex
787 5363 1128 5423 Colbertinus
1161 5385 1174 5423 :
1204 5365 1312 5425 Sed
1351 5366 1420 5422 ad
1458 5367 1552 5422 hoc
1591 5365 1887 5438 responderi
1915 5387 2008 5440 po-

430 5503 701 5632 “;llgzgl
741 5507 915 5564 codex
959 5514 1014 5562 et
1057 5508 1145 5564 hic
1182 5515 1238 5564 et
1288 5509 1448 5579 paulo
1495 5513 1617 5579 post
1647 5507 1822 5564 habet
1847 5527 2012 5583 quan-

507 5655 530 5684 ο
561 5642 695 5722 Hinc
723 5647 813 5722 illa
862 5647 1144 5722 adversus_
1159 5645 1542 5722 Tertullianum
1592 5652 1831 5722 querela,
1860 5652 2011 5722 quia

431 5722 559 5800 luga
584 5716 655 5800 ad
680 5717 900 5800 pallium
925 5726 985 5799 et
1005 5716 1392 5800 (ut‘Salvianus
1418 5719 1491 5800 ait
1514 5716 1634 5800 pag.
1660 5721 1784 5800 Sil)
1800 5716 2012 5800 ad’phi:

433 5784 737 5861 metu
779 5784 1393 5860 ,κυϐίοιιίειηωίεηι
1447 5784 1555 5847 Se'd
1584 5784 1725 5872 ξιωά
1768 5784 1872 5848 sibi
1897 5784 2015 5845 vult

2115 5373 2241 5446 illud
2271 5373 2413 5444 quod
2451 5369 2731 5427 Salvianus
2758 5370 2850 5432 ait,
2883 5377 2975 5419 eos
3019 5365 3110 5446 qui
3137 5379 3209 5446 se“
3223 5363 3488 5446 Religioni
3516 5371 3692 5446 app“-

2114 5437 2327 5507 cabani,
2358 5450 2558 5497 vestem
2587 5447 2792 5492 mutare
2830 5437 3209 5507 consuevisse?
3239 5437 3319 5492 An
3347 5437 3605 5499 monachi
3626 5445 3693 5497 il-

2114 5512 2286 5567 lorum
2313 5504 2608 5580 temporum
2653 5507 2828 5586 aliqua
2848 5504 3114 5614 peculiari
3139 5517 3289 5564 veste
3315 5507 3692 5568 discerneban—

2117 5589 2201 5614 ιη.-
2227 5598 2251 5614 η
2286 5581 2486 5614 nmIm-ic
2531 5575 2833 5614 lxnnnnlhnq
2895 5573 3025 5614 νιιΙρ
3053 5578 3266 5614 ςαιυίηη
3331 5595 3434 5614 una
3507 5578 3606 5614 ΙΠΩ
3633 5585 3689 5614 ιιι

2117 5589 2201 5636 tur
2225 5598 2254 5634 a
2286 5573 2869 5663 cietcris‘homi‘nibus?
2895 5573 3288 5663 Vide_§alvian.
3331 5595 3453 5650 pag.
3507 5578 3606 5631 l08
3633 5585 3694 5631 et

2117 5666 2234 5720 qua:
2265 5655 2588 5704 annotantur
2614 5644 2746 5698 infra
2770 5645 2835 5699 ad
2865 5661 2987 5716 pag.
3016 5648 3119 5702 386
3139 5659 3192 5704 et
3220 5644 3350 5717 seq:
3407 5644 3427 5648 ⁷

2188 5717 2300 5796 d_ld
2329 5726 2429 5796 est,
2456 5714 2600 5796 inniis
2627 5715 2718 5785 qui
2745 5727 3128 5796 convertuntur
3158 5719 3226 5773 ad
3254 5720 3440 5778 Deum,
3471 5722 3530 5767 ut
3556 5713 3703 5770 dixit

2119 5787 2281 5857 paulo
2308 5795 2452 5841 ante.
2481 5784 2614 5843 Vide
2644 5783 2765 5856 pag.
2795 5783 2920 5841 {08.
