  <div class='ocr_page' id='page_1' title='image "/cluster/home/n/w/nwhite01/storage/ocr_20150623/53/hvd.32044073505232/046.png"; bbox 0 0 4234 6262; ppageno 0'>
   <div class='ocr_carea' id='block_1_1' title="bbox 418 369 3687 438">
    <p class='ocr_par' dir='ltr' id='par_1_1' title="bbox 418 369 3687 438">
     <span class='ocr_line' id='line_1_1' title="bbox 418 369 3687 438; baseline -0.003 -1"><span class='ocrx_word' id='word_1_1' title='bbox 418 381 481 438; x_wconf 81' lang='lat' dir='ltr'><strong>8i</strong></span> <span class='ocrx_word' id='word_1_2' title='bbox 1500 371 1590 427; x_wconf 83' lang='lat' dir='ltr'><strong>DE</strong></span> <span class='ocrx_word' id='word_1_3' title='bbox 1623 369 2156 429; x_wconf 75' lang='lat' dir='ltr'><strong>GUBERNATIONE</strong></span> <span class='ocrx_word' id='word_1_4' title='bbox 2194 370 2305 425; x_wconf 74' lang='lat' dir='ltr'><strong>DE!</strong></span> <span class='ocrx_word' id='word_1_5' title='bbox 2343 370 2470 425; x_wconf 87' lang='lat' dir='ltr'><strong>LIB.</strong></span> <span class='ocrx_word' id='word_1_6' title='bbox 2510 371 2595 425; x_wconf 78' lang='grc' dir='ltr'><strong>Π.</strong></span> <span class='ocrx_word' id='word_1_7' title='bbox 3614 371 3687 426; x_wconf 68' lang='lat'><strong>82</strong></span> 
     </span>
    </p>
   </div>
   <div class='ocr_carea' id='block_1_2' title="bbox 421 478 3686 564">
    <p class='ocr_par' dir='ltr' id='par_1_2' title="bbox 421 478 3686 564">
     <span class='ocr_line' id='line_1_2' title="bbox 421 478 3686 564; baseline -0.006 -10"><span class='ocrx_word' id='word_1_8' title='bbox 421 513 563 554; x_wconf 89' lang='lat' dir='ltr'><strong>mus.</strong></span> <span class='ocrx_word' id='word_1_9' title='bbox 595 495 766 551; x_wconf 87' lang='lat' dir='ltr'><strong>Totus</strong></span> <span class='ocrx_word' id='word_1_10' title='bbox 793 508 1021 564; x_wconf 85' lang='lat' dir='ltr'><strong>namque</strong></span> <span class='ocrx_word' id='word_1_11' title='bbox 1043 489 1273 546; x_wconf 84' lang='lat' dir='ltr'><strong>mundus</strong></span> <span class='ocrx_word' id='word_1_12' title='bbox 1295 495 1350 544; x_wconf 91' lang='lat' dir='ltr'><strong>et</strong></span> <span class='ocrx_word' id='word_1_13' title='bbox 1376 496 1547 544; x_wconf 92' lang='lat' dir='ltr'><strong>totum</strong></span> <span class='ocrx_word' id='word_1_14' title='bbox 1575 488 1865 542; x_wconf 89' lang='lat' dir='ltr'><strong>humanum</strong></span> <span class='ocrx_word' id='word_1_15' title='bbox 1905 499 2000 552; x_wconf 87' lang='lat' dir='ltr'><strong>ge-</strong></span> <span class='ocrx_word' id='word_1_16' title='bbox 2025 485 2080 546; x_wconf 74' lang='grc' dir='ltr'>Α</span> <span class='ocrx_word' id='word_1_17' title='bbox 2106 484 2247 538; x_wconf 85' lang='lat' dir='ltr'><strong>Deus</strong></span> <span class='ocrx_word' id='word_1_18' title='bbox 2285 488 2340 538; x_wconf 88' lang='lat' dir='ltr'><strong>in</strong></span> <span class='ocrx_word' id='word_1_19' title='bbox 2379 485 2544 539; x_wconf 86' lang='lat' dir='ltr'><strong>nobis.</strong></span> <span class='ocrx_word' id='word_1_20' title='bbox 2594 483 2877 549; x_wconf 84' lang='lat' dir='ltr'><strong>Quomodo</strong></span> <span class='ocrx_word' id='word_1_21' title='bbox 2909 481 3292 537; x_wconf 81' lang='lat' dir='ltr'><strong>commendat?</strong></span> <span class='ocrx_word' id='word_1_22' title='bbox 3319 478 3534 534; x_wconf 77' lang='lat' dir='ltr'><strong>Scilicet</strong></span> <span class='ocrx_word' id='word_1_23' title='bbox 3560 483 3686 549; x_wconf 79' lang='lat' dir='ltr'><strong>quia</strong></span> 
     </span>
    </p>
   </div>
   <div class='ocr_carea' id='block_1_3' title="bbox 423 576 2002 658">
    <p class='ocr_par' dir='ltr' id='par_1_3' title="bbox 423 576 2002 658">
     <span class='ocr_line' id='line_1_3' title="bbox 423 576 2002 658; baseline -0.009 -13"><span class='ocrx_word' id='word_1_24' title='bbox 423 605 527 645; x_wconf 90' lang='lat' dir='ltr'><strong>nus</strong></span> <span class='ocrx_word' id='word_1_25' title='bbox 550 588 742 658; x_wconf 84' lang='lat' dir='ltr'><strong>pignus</strong></span> <span class='ocrx_word' id='word_1_26' title='bbox 768 595 847 642; x_wconf 89' lang='lat' dir='ltr'><strong>est</strong></span> <span class='ocrx_word' id='word_1_27' title='bbox 873 581 1142 640; x_wconf 80' lang='lat' dir='ltr'><strong>Creatoris</strong></span> <span class='ocrx_word' id='word_1_28' title='bbox 1169 583 1271 637; x_wconf 88' lang='lat' dir='ltr'><strong>sui.</strong></span> <span class='ocrx_word' id='word_1_29' title='bbox 1304 581 1372 636; x_wconf 89' lang='lat' dir='ltr'><strong>Et</strong></span> <span class='ocrx_word' id='word_1_30' title='bbox 1398 581 1519 636; x_wconf 90' lang='lat' dir='ltr'><strong>ideo</strong></span> <span class='ocrx_word' id='word_1_31' title='bbox 1543 595 1611 635; x_wconf 91' lang='lat' dir='ltr'><strong>ex</strong></span> <span class='ocrx_word' id='word_1_32' title='bbox 1637 580 1743 634; x_wconf 90' lang='lat' dir='ltr'><strong>hoc</strong></span> <span class='ocrx_word' id='word_1_33' title='bbox 1781 579 1900 648; x_wconf 92' lang='lat' dir='ltr'><strong>ipso</strong></span> <span class='ocrx_word' id='word_1_34' title='bbox 1924 576 2002 630; x_wconf 83' lang='lat' dir='ltr'><strong>af-</strong></span> 
     </span>
    </p>
   </div>
   <div class='ocr_carea' id='block_1_4' title="bbox 423 669 2002 752">
    <p class='ocr_par' dir='ltr' id='par_1_4' title="bbox 423 669 2002 752">
     <span class='ocr_line' id='line_1_4' title="bbox 423 669 2002 752; baseline -0.006 -21"><span class='ocrx_word' id='word_1_35' title='bbox 423 678 568 733; x_wconf 77' lang='lat' dir='ltr'><strong>fectu</strong></span> <span class='ocrx_word' id='word_1_36' title='bbox 597 693 704 752; x_wconf 88' lang='lat' dir='ltr'><strong>quo</strong></span> <span class='ocrx_word' id='word_1_37' title='bbox 725 690 900 729; x_wconf 88' lang='lat' dir='ltr'><strong>amare</strong></span> <span class='ocrx_word' id='word_1_38' title='bbox 927 690 1025 728; x_wconf 91' lang='lat' dir='ltr'><strong>nos</strong></span> <span class='ocrx_word' id='word_1_39' title='bbox 1051 673 1179 728; x_wconf 80' lang='lat' dir='ltr'><strong>fecit</strong></span> <span class='ocrx_word' id='word_1_40' title='bbox 1207 672 1430 741; x_wconf 81' lang='lat' dir='ltr'><strong>pignora</strong></span> <span class='ocrx_word' id='word_1_41' title='bbox 1458 679 1641 726; x_wconf 89' lang='lat' dir='ltr'><strong>nostra</strong></span> <span class='ocrx_word' id='word_1_42' title='bbox 1659 711 1674 735; x_wconf 92' lang='lat'><strong>,</strong></span> <span class='ocrx_word' id='word_1_43' title='bbox 1707 669 2002 736; x_wconf 74' lang='lat' dir='ltr'><strong>intelligere</strong></span> 
     </span>
    </p>
   </div>
   <div class='ocr_carea' id='block_1_5' title="bbox 427 751 2001 835">
    <p class='ocr_par' dir='ltr' id='par_1_5' title="bbox 427 751 2001 835">
     <span class='ocr_line' id='line_1_5' title="bbox 427 751 2001 835; baseline -0.007 -11"><span class='ocrx_word' id='word_1_44' title='bbox 427 783 527 824; x_wconf 85' lang='lat' dir='ltr'><strong>nos</strong></span> <span class='ocrx_word' id='word_1_45' title='bbox 553 751 718 821; x_wconf 89' lang='lat' dir='ltr'><strong>voluit</strong></span> <span class='ocrx_word' id='word_1_46' title='bbox 759 773 1014 835; x_wconf 89' lang='lat' dir='ltr'><strong>quantum</strong></span> <span class='ocrx_word' id='word_1_47' title='bbox 1045 765 1160 834; x_wconf 90' lang='lat' dir='ltr'><strong>ipse</strong></span> <span class='ocrx_word' id='word_1_48' title='bbox 1187 771 1393 818; x_wconf 89' lang='lat' dir='ltr'><strong>amaret</strong></span> <span class='ocrx_word' id='word_1_49' title='bbox 1421 763 1642 833; x_wconf 75' lang='lat' dir='ltr'><strong>pignora</strong></span> <span class='ocrx_word' id='word_1_50' title='bbox 1693 777 1808 816; x_wconf 90' lang='lat' dir='ltr'><strong>sua.</strong></span> <span class='ocrx_word' id='word_1_51' title='bbox 1851 759 2001 815; x_wconf 91' lang='lat' dir='ltr'><strong>Sicut</strong></span> 
     </span>
    </p>
   </div>
   <div class='ocr_carea' id='block_1_6' title="bbox 425 854 2002 926">
    <p class='ocr_par' dir='ltr' id='par_1_6' title="bbox 425 854 2002 926">
     <span class='ocr_line' id='line_1_6' title="bbox 425 854 2002 926; baseline -0.008 -11"><span class='ocrx_word' id='word_1_52' title='bbox 425 861 586 923; x_wconf 91' lang='lat' dir='ltr'><strong>enim,</strong></span> <span class='ocrx_word' id='word_1_53' title='bbox 635 866 691 912; x_wconf 91' lang='lat' dir='ltr'><strong>ut</strong></span> <span class='ocrx_word' id='word_1_54' title='bbox 727 858 966 926; x_wconf 75' lang='lat' dir='ltr'><strong>legimus,</strong></span> <span class='ocrx_word' id='word_1_55' title='bbox 1007 855 1288 910; x_wconf 77' lang='lat' dir='ltr'><strong>invisibilia</strong></span> <span class='ocrx_word' id='word_1_56' title='bbox 1328 856 1438 926; x_wconf 85' lang='lat' dir='ltr'><strong>ejus</strong></span> <span class='ocrx_word' id='word_1_57' title='bbox 1483 871 1573 926; x_wconf 86' lang='lat' dir='ltr'><strong>per</strong></span> <span class='ocrx_word' id='word_1_58' title='bbox 1627 871 1689 908; x_wconf 88' lang='lat' dir='ltr'><strong>ea</strong></span> <span class='ocrx_word' id='word_1_59' title='bbox 1717 869 1830 925; x_wconf 65' lang='lat' dir='ltr'><strong>qua</strong></span> <span class='ocrx_word' id='word_1_60' title='bbox 1863 854 2002 923; x_wconf 74' lang='lat' dir='ltr'><strong>facta</strong></span> 
     </span>
    </p>
   </div>
   <div class='ocr_carea' id='block_1_7' title="bbox 425 944 2000 1019">
    <p class='ocr_par' dir='ltr' id='par_1_7' title="bbox 425 944 2000 1019">
     <span class='ocr_line' id='line_1_7' title="bbox 425 944 2000 1019; baseline -0.006 -14"><span class='ocrx_word' id='word_1_61' title='bbox 425 960 544 1005; x_wconf 84' lang='lat' dir='ltr'><strong>sunt</strong></span> <span class='ocrx_word' id='word_1_62' title='bbox 564 949 820 1004; x_wconf 80' lang='lat' dir='ltr'><strong>intellecta</strong></span> <span class='ocrx_word' id='word_1_63' title='bbox 840 949 1229 1019; x_wconf 86' lang='lat' dir='ltr'><strong>conspiciuntur</strong></span> <span class='ocrx_word' id='word_1_64' title='bbox 1251 945 1425 1018; x_wconf 88' lang='lat' dir='ltr'><strong>(Rom.</strong></span> <span class='ocrx_word' id='word_1_65' title='bbox 1450 962 1486 1010; x_wconf 79' lang='grc' dir='ltr'><strong>ι,</strong></span> <span class='ocrx_word' id='word_1_66' title='bbox 1517 945 1629 1013; x_wconf 69' lang='lat'><strong>20),</strong></span> <span class='ocrx_word' id='word_1_67' title='bbox 1663 944 1735 997; x_wconf 92' lang='lat' dir='ltr'><strong>ita</strong></span> <span class='ocrx_word' id='word_1_68' title='bbox 1763 958 2000 996; x_wconf 86' lang='lat' dir='ltr'><strong>amorem</strong></span> 
     </span>
    </p>
   </div>
   <div class='ocr_carea' id='block_1_8' title="bbox 425 1034 2004 1110">
    <p class='ocr_par' dir='ltr' id='par_1_8' title="bbox 425 1034 2004 1110">
     <span class='ocr_line' id='line_1_8' title="bbox 425 1034 2004 1110; baseline -0.004 -15"><span class='ocrx_word' id='word_1_69' title='bbox 425 1055 544 1110; x_wconf 88' lang='lat' dir='ltr'><strong>erga</strong></span> <span class='ocrx_word' id='word_1_70' title='bbox 567 1056 664 1095; x_wconf 91' lang='lat' dir='ltr'><strong>nos</strong></span> <span class='ocrx_word' id='word_1_71' title='bbox 689 1054 846 1094; x_wconf 92' lang='lat' dir='ltr'><strong>suum</strong></span> <span class='ocrx_word' id='word_1_72' title='bbox 869 1053 965 1108; x_wconf 90' lang='lat' dir='ltr'><strong>per</strong></span> <span class='ocrx_word' id='word_1_73' title='bbox 985 1053 1109 1094; x_wconf 91' lang='lat' dir='ltr'><strong>eum</strong></span> <span class='ocrx_word' id='word_1_74' title='bbox 1136 1053 1299 1107; x_wconf 85' lang='lat' dir='ltr'><strong>quem</strong></span> <span class='ocrx_word' id='word_1_75' title='bbox 1328 1037 1483 1091; x_wconf 89' lang='lat' dir='ltr'><strong>nobis</strong></span> <span class='ocrx_word' id='word_1_76' title='bbox 1509 1049 1636 1104; x_wconf 89' lang='lat' dir='ltr'><strong>erga</strong></span> <span class='ocrx_word' id='word_1_77' title='bbox 1667 1042 1881 1088; x_wconf 90' lang='lat' dir='ltr'><strong>nostros</strong></span> <span class='ocrx_word' id='word_1_78' title='bbox 1908 1034 2004 1088; x_wconf 91' lang='lat' dir='ltr'><strong>de-</strong></span> 
     </span>
    </p>
   </div>
   <div class='ocr_carea' id='block_1_9' title="bbox 419 1127 2002 1200">
    <p class='ocr_par' dir='ltr' id='par_1_9' title="bbox 419 1127 2002 1200">
     <span class='ocr_line' id='line_1_9' title="bbox 419 1127 2002 1200; baseline -0.006 -12"><span class='ocrx_word' id='word_1_79' title='bbox 419 1133 496 1188; x_wconf 82' lang='lat' dir='ltr'><strong>dit</strong></span> <span class='ocrx_word' id='word_1_80' title='bbox 515 1147 775 1198; x_wconf 87' lang='lat' dir='ltr'><strong>amorem,</strong></span> <span class='ocrx_word' id='word_1_81' title='bbox 801 1133 973 1188; x_wconf 90' lang='lat' dir='ltr'><strong>voluit</strong></span> <span class='ocrx_word' id='word_1_82' title='bbox 999 1131 1241 1200; x_wconf 74' lang='lat' dir='ltr'><strong>intelligi.</strong></span> <span class='ocrx_word' id='word_1_83' title='bbox 1272 1129 1340 1182; x_wconf 89' lang='lat' dir='ltr'><strong>Et</strong></span> <span class='ocrx_word' id='word_1_84' title='bbox 1364 1130 1501 1184; x_wconf 91' lang='lat' dir='ltr'><strong>sicut</strong></span> <span class='ocrx_word' id='word_1_85' title='bbox 1523 1143 1754 1192; x_wconf 85' lang='lat' dir='ltr'><strong>onmem,</strong></span> <span class='ocrx_word' id='word_1_86' title='bbox 1787 1137 1846 1180; x_wconf 93' lang='lat' dir='ltr'><strong>ut</strong></span> <span class='ocrx_word' id='word_1_87' title='bbox 1870 1127 2002 1181; x_wconf 88' lang='lat' dir='ltr'><strong>scri-</strong></span> 
     </span>
    </p>
   </div>
   <div class='ocr_carea' id='block_1_10' title="bbox 415 1217 1998 1292">
    <p class='ocr_par' dir='ltr' id='par_1_10' title="bbox 415 1217 1998 1292">
     <span class='ocr_line' id='line_1_10' title="bbox 415 1217 1998 1292; baseline -0.004 -15"><span class='ocrx_word' id='word_1_88' title='bbox 415 1230 562 1292; x_wconf 92' lang='lat' dir='ltr'><strong>ptum</strong></span> <span class='ocrx_word' id='word_1_89' title='bbox 592 1230 695 1288; x_wconf 87' lang='lat' dir='ltr'><strong>est,</strong></span> <span class='ocrx_word' id='word_1_90' title='bbox 724 1222 1107 1292; x_wconf 85' lang='lat' dir='ltr'><strong>paternitatem</strong></span> <span class='ocrx_word' id='word_1_91' title='bbox 1152 1221 1206 1274; x_wconf 91' lang='lat' dir='ltr'><strong>in</strong></span> <span class='ocrx_word' id='word_1_92' title='bbox 1236 1220 1375 1275; x_wconf 73' lang='lat' dir='ltr'><strong>caelo</strong></span> <span class='ocrx_word' id='word_1_93' title='bbox 1403 1229 1459 1273; x_wconf 91' lang='lat' dir='ltr'><strong>et</strong></span> <span class='ocrx_word' id='word_1_94' title='bbox 1487 1219 1540 1272; x_wconf 91' lang='lat' dir='ltr'><strong>in</strong></span> <span class='ocrx_word' id='word_1_95' title='bbox 1568 1229 1708 1273; x_wconf 88' lang='lat' dir='ltr'><strong>terra</strong></span> <span class='ocrx_word' id='word_1_96' title='bbox 1737 1233 1767 1271; x_wconf 88' lang='lat' dir='ltr'><strong>a</strong></span> <span class='ocrx_word' id='word_1_97' title='bbox 1796 1232 1854 1272; x_wconf 92' lang='lat' dir='ltr'><strong>se</strong></span> <span class='ocrx_word' id='word_1_98' title='bbox 1880 1217 1998 1286; x_wconf 88' lang='lat' dir='ltr'><strong>ipso</strong></span> 
     </span>
    </p>
   </div>
   <div class='ocr_carea' id='block_1_11' title="bbox 415 1307 1996 1386">
    <p class='ocr_par' dir='ltr' id='par_1_11' title="bbox 415 1307 1996 1386">
     <span class='ocr_line' id='line_1_11' title="bbox 415 1307 1996 1386; baseline -0.003 -22"><span class='ocrx_word' id='word_1_99' title='bbox 415 1314 520 1386; x_wconf 83' lang='lat'><strong><em>75</em></strong></span> <span class='ocrx_word' id='word_1_100' title='bbox 547 1312 720 1367; x_wconf 88' lang='lat' dir='ltr'><strong>voluit</strong></span> <span class='ocrx_word' id='word_1_101' title='bbox 748 1311 1020 1365; x_wconf 79' lang='lat' dir='ltr'><strong>nominari</strong></span> <span class='ocrx_word' id='word_1_102' title='bbox 1045 1309 1262 1381; x_wconf 86' lang='lat' dir='ltr'><strong>(Ephes.</strong></span> <span class='ocrx_word' id='word_1_103' title='bbox 1296 1326 1369 1373; x_wconf 79' lang='grc' dir='ltr'>ιιι,</span> <span class='ocrx_word' id='word_1_104' title='bbox 1413 1307 1522 1376; x_wconf 79' lang='grc'><strong>15),</strong></span> <span class='ocrx_word' id='word_1_105' title='bbox 1555 1309 1633 1362; x_wconf 91' lang='lat' dir='ltr'><strong>sic</strong></span> <span class='ocrx_word' id='word_1_106' title='bbox 1661 1324 1691 1361; x_wconf 88' lang='lat' dir='ltr'><strong>a</strong></span> <span class='ocrx_word' id='word_1_107' title='bbox 1722 1307 1873 1362; x_wconf 87' lang='lat' dir='ltr'><strong>nobis</strong></span> <span class='ocrx_word' id='word_1_108' title='bbox 1899 1322 1996 1376; x_wconf 90' lang='lat' dir='ltr'><strong>pa-</strong></span> 
     </span>
    </p>
   </div>
   <div class='ocr_carea' id='block_1_12' title="bbox 414 1399 1998 1469">
    <p class='ocr_par' dir='ltr' id='par_1_12' title="bbox 414 1399 1998 1469">
     <span class='ocr_line' id='line_1_12' title="bbox 414 1399 1998 1469; baseline -0.004 -11"><span class='ocrx_word' id='word_1_109' title='bbox 414 1404 511 1458; x_wconf 88' lang='lat' dir='ltr'><strong>tris</strong></span> <span class='ocrx_word' id='word_1_110' title='bbox 538 1404 593 1457; x_wconf 93' lang='lat' dir='ltr'><strong>in</strong></span> <span class='ocrx_word' id='word_1_111' title='bbox 623 1418 682 1457; x_wconf 91' lang='lat' dir='ltr'><strong>se</strong></span> <span class='ocrx_word' id='word_1_112' title='bbox 711 1401 961 1457; x_wconf 75' lang='lat' dir='ltr'><strong>aﬂ‘ectum</strong></span> <span class='ocrx_word' id='word_1_113' title='bbox 990 1402 1158 1456; x_wconf 90' lang='lat' dir='ltr'><strong>voluit</strong></span> <span class='ocrx_word' id='word_1_114' title='bbox 1187 1401 1424 1469; x_wconf 87' lang='lat' dir='ltr'><strong>agnosci.</strong></span> <span class='ocrx_word' id='word_1_115' title='bbox 1456 1399 1522 1453; x_wconf 88' lang='lat' dir='ltr'><strong>Et</strong></span> <span class='ocrx_word' id='word_1_116' title='bbox 1550 1400 1677 1469; x_wconf 90' lang='lat' dir='ltr'><strong>quid</strong></span> <span class='ocrx_word' id='word_1_117' title='bbox 1701 1400 1875 1454; x_wconf 89' lang='lat' dir='ltr'><strong>dicam</strong></span> <span class='ocrx_word' id='word_1_118' title='bbox 1903 1414 1998 1468; x_wconf 90' lang='lat' dir='ltr'><strong>pa-</strong></span> 
     </span>
    </p>
   </div>
   <div class='ocr_carea' id='block_1_13' title="bbox 416 1488 1996 1562">
    <p class='ocr_par' dir='ltr' id='par_1_13' title="bbox 416 1488 1996 1562">
     <span class='ocr_line' id='line_1_13' title="bbox 416 1488 1996 1562; baseline -0.004 -14"><span class='ocrx_word' id='word_1_119' title='bbox 416 1494 552 1548; x_wconf 88' lang='lat' dir='ltr'><strong>tris?</strong></span> <span class='ocrx_word' id='word_1_120' title='bbox 581 1493 746 1547; x_wconf 90' lang='lat' dir='ltr'><strong>immo</strong></span> <span class='ocrx_word' id='word_1_121' title='bbox 793 1492 970 1562; x_wconf 89' lang='lat' dir='ltr'><strong>potius</strong></span> <span class='ocrx_word' id='word_1_122' title='bbox 997 1492 1120 1561; x_wconf 89' lang='lat' dir='ltr'><strong>plus</strong></span> <span class='ocrx_word' id='word_1_123' title='bbox 1160 1506 1321 1560; x_wconf 89' lang='lat' dir='ltr'><strong>quam</strong></span> <span class='ocrx_word' id='word_1_124' title='bbox 1350 1490 1534 1560; x_wconf 83' lang='lat' dir='ltr'><strong>patris.</strong></span> <span class='ocrx_word' id='word_1_125' title='bbox 1579 1488 1775 1542; x_wconf 83' lang='lat' dir='ltr'><strong>Probat</strong></span> <span class='ocrx_word' id='word_1_126' title='bbox 1801 1489 1996 1558; x_wconf 92' lang='lat' dir='ltr'><strong>quippe</strong></span> 
     </span>
    </p>
   </div>
   <div class='ocr_carea' id='block_1_14' title="bbox 413 1579 1996 1649">
    <p class='ocr_par' dir='ltr' id='par_1_14' title="bbox 413 1579 1996 1649">
     <span class='ocr_line' id='line_1_14' title="bbox 413 1579 1996 1649; baseline -0.004 -11"><span class='ocrx_word' id='word_1_127' title='bbox 413 1584 520 1640; x_wconf 90' lang='lat' dir='ltr'><strong>hoc</strong></span> <span class='ocrx_word' id='word_1_128' title='bbox 544 1599 649 1638; x_wconf 85' lang='lat' dir='ltr'><strong>vox</strong></span> <span class='ocrx_word' id='word_1_129' title='bbox 675 1582 973 1637; x_wconf 87' lang='lat' dir='ltr'><strong>Salvatoris</strong></span> <span class='ocrx_word' id='word_1_130' title='bbox 1017 1583 1069 1636; x_wconf 93' lang='lat' dir='ltr'><strong>in</strong></span> <span class='ocrx_word' id='word_1_131' title='bbox 1098 1581 1391 1649; x_wconf 87' lang='lat' dir='ltr'><strong>Evangelio</strong></span> <span class='ocrx_word' id='word_1_132' title='bbox 1419 1581 1643 1636; x_wconf 90' lang='lat' dir='ltr'><strong>dicentis</strong></span> <span class='ocrx_word' id='word_1_133' title='bbox 1677 1598 1688 1630; x_wconf 89' lang='lat'><strong>:</strong></span> <span class='ocrx_word' id='word_1_134' title='bbox 1735 1579 1825 1634; x_wconf 85' lang='lat' dir='ltr'><strong>Sic</strong></span> <span class='ocrx_word' id='word_1_135' title='bbox 1861 1581 1996 1632; x_wconf 88' lang='lat' dir='ltr'><strong>enim</strong></span> 
     </span>
    </p>
   </div>
   <div class='ocr_carea' id='block_1_15' title="bbox 415 1669 1996 1734">
    <p class='ocr_par' dir='ltr' id='par_1_15' title="bbox 415 1669 1996 1734">
     <span class='ocr_line' id='line_1_15' title="bbox 415 1669 1996 1734; baseline -0.004 -7"><span class='ocrx_word' id='word_1_136' title='bbox 415 1672 595 1727; x_wconf 70' lang='lat' dir='ltr'><strong>dilexit</strong></span> <span class='ocrx_word' id='word_1_137' title='bbox 631 1671 772 1726; x_wconf 87' lang='lat' dir='ltr'><strong>Deus</strong></span> <span class='ocrx_word' id='word_1_138' title='bbox 805 1671 939 1724; x_wconf 83' lang='lat' dir='ltr'><strong>hunc</strong></span> <span class='ocrx_word' id='word_1_139' title='bbox 986 1671 1248 1734; x_wconf 87' lang='lat' dir='ltr'><strong>mundum,</strong></span> <span class='ocrx_word' id='word_1_140' title='bbox 1295 1680 1351 1722; x_wconf 91' lang='lat' dir='ltr'><strong>ut</strong></span> <span class='ocrx_word' id='word_1_141' title='bbox 1382 1669 1430 1722; x_wconf 86' lang='lat' dir='ltr'><em>F</em></span> <span class='ocrx_word' id='word_1_142' title='bbox 1434 1672 1579 1723; x_wconf 82' lang='lat' dir='ltr'><strong>ilium</strong></span> <span class='ocrx_word' id='word_1_143' title='bbox 1617 1685 1765 1722; x_wconf 88' lang='lat' dir='ltr'><strong>suum</strong></span> <span class='ocrx_word' id='word_1_144' title='bbox 1791 1669 1996 1721; x_wconf 89' lang='lat' dir='ltr'><strong>unicum</strong></span> 
     </span>
    </p>
   </div>
   <div class='ocr_carea' id='block_1_16' title="bbox 415 1759 1996 1833">
    <p class='ocr_par' dir='ltr' id='par_1_16' title="bbox 415 1759 1996 1833">
     <span class='ocr_line' id='line_1_16' title="bbox 415 1759 1996 1833; baseline -0.003 -17"><span class='ocrx_word' id='word_1_145' title='bbox 415 1763 560 1816; x_wconf 87' lang='lat' dir='ltr'><strong>daret</strong></span> <span class='ocrx_word' id='word_1_146' title='bbox 586 1779 680 1833; x_wconf 91' lang='lat' dir='ltr'><strong>pro</strong></span> <span class='ocrx_word' id='word_1_147' title='bbox 700 1761 878 1815; x_wconf 85' lang='lat' dir='ltr'><strong>mundi</strong></span> <span class='ocrx_word' id='word_1_148' title='bbox 906 1763 1008 1815; x_wconf 84' lang='lat' dir='ltr'><strong>uita</strong></span> <span class='ocrx_word' id='word_1_149' title='bbox 1033 1761 1211 1831; x_wconf 84' lang='lat' dir='ltr'><strong>(Joan.</strong></span> <span class='ocrx_word' id='word_1_150' title='bbox 1245 1777 1318 1825; x_wconf 83' lang='lat' dir='ltr'><strong>ut,</strong></span> <span class='ocrx_word' id='word_1_151' title='bbox 1353 1761 1460 1828; x_wconf 80' lang='grc'><strong>16).</strong></span> <span class='ocrx_word' id='word_1_152' title='bbox 1493 1759 1597 1814; x_wconf 88' lang='lat' dir='ltr'><strong>Sed</strong></span> <span class='ocrx_word' id='word_1_153' title='bbox 1625 1767 1679 1813; x_wconf 91' lang='lat' dir='ltr'><strong>et</strong></span> <span class='ocrx_word' id='word_1_154' title='bbox 1708 1759 1996 1829; x_wconf 86' lang='lat' dir='ltr'><strong>Apostolus</strong></span> 
     </span>
    </p>
   </div>
   <div class='ocr_carea' id='block_1_17' title="bbox 2105 571 3687 643">
    <p class='ocr_par' dir='ltr' id='par_1_17' title="bbox 2105 571 3687 643">
     <span class='ocr_line' id='line_1_17' title="bbox 2105 571 3687 643; baseline -0.004 -13"><span class='ocrx_word' id='word_1_155' title='bbox 2105 592 2212 630; x_wconf 94' lang='lat' dir='ltr'><strong>non</strong></span> <span class='ocrx_word' id='word_1_156' title='bbox 2240 577 2569 630; x_wconf 88' lang='lat' dir='ltr'><strong>merentibus</strong></span> <span class='ocrx_word' id='word_1_157' title='bbox 2597 577 2832 643; x_wconf 71' lang='lat' dir='ltr'><strong>praestat.</strong></span> <span class='ocrx_word' id='word_1_158' title='bbox 2862 572 2920 627; x_wconf 92' lang='lat' dir='ltr'><strong>Si</strong></span> <span class='ocrx_word' id='word_1_159' title='bbox 2939 572 3082 627; x_wconf 90' lang='lat' dir='ltr'><strong>enim</strong></span> <span class='ocrx_word' id='word_1_160' title='bbox 3108 572 3308 627; x_wconf 89' lang='lat' dir='ltr'><strong>sanctis</strong></span> <span class='ocrx_word' id='word_1_161' title='bbox 3327 579 3382 625; x_wconf 91' lang='lat' dir='ltr'><strong>et</strong></span> <span class='ocrx_word' id='word_1_162' title='bbox 3407 571 3545 625; x_wconf 90' lang='lat' dir='ltr'><strong>bene</strong></span> <span class='ocrx_word' id='word_1_163' title='bbox 3572 587 3687 624; x_wconf 88' lang='lat' dir='ltr'><strong>me-</strong></span> 
     </span>
    </p>
   </div>
   <div class='ocr_carea' id='block_1_18' title="bbox 2102 660 3687 734">
    <p class='ocr_par' dir='ltr' id='par_1_18' title="bbox 2102 660 3687 734">
     <span class='ocr_line' id='line_1_18' title="bbox 2102 660 3687 734; baseline -0.003 -16"><span class='ocrx_word' id='word_1_164' title='bbox 2102 667 2220 719; x_wconf 89' lang='lat' dir='ltr'><strong>ritis</strong></span> <span class='ocrx_word' id='word_1_165' title='bbox 2247 665 2603 734; x_wconf 59' lang='lat' dir='ltr'><strong>praestitisset,</strong></span> <span class='ocrx_word' id='word_1_166' title='bbox 2655 679 2762 717; x_wconf 87' lang='lat' dir='ltr'><strong>non</strong></span> <span class='ocrx_word' id='word_1_167' title='bbox 2809 662 3089 717; x_wconf 80' lang='lat' dir='ltr'><strong>videbatur</strong></span> <span class='ocrx_word' id='word_1_168' title='bbox 3127 677 3247 730; x_wconf 69' lang='lat' dir='ltr'><strong>qua:</strong></span> <span class='ocrx_word' id='word_1_169' title='bbox 3294 677 3401 714; x_wconf 91' lang='lat' dir='ltr'><strong>non</strong></span> <span class='ocrx_word' id='word_1_170' title='bbox 3429 660 3687 714; x_wconf 88' lang='lat' dir='ltr'><strong>debuerat</strong></span> 
     </span>
    </p>
   </div>
   <div class='ocr_carea' id='block_1_19' title="bbox 2104 749 3684 825">
    <p class='ocr_par' dir='ltr' id='par_1_19' title="bbox 2104 749 3684 825">
     <span class='ocr_line' id='line_1_19' title="bbox 2104 749 3684 825; baseline -0.004 -16"><span class='ocrx_word' id='word_1_171' title='bbox 2104 755 2433 825; x_wconf 75' lang='lat' dir='ltr'><strong>przestitisse,</strong></span> <span class='ocrx_word' id='word_1_172' title='bbox 2466 753 2561 807; x_wconf 92' lang='lat' dir='ltr'><strong>sed</strong></span> <span class='ocrx_word' id='word_1_173' title='bbox 2588 768 2705 822; x_wconf 67' lang='lat' dir='ltr'><strong>qua&quot;:</strong></span> <span class='ocrx_word' id='word_1_174' title='bbox 2732 752 2991 807; x_wconf 85' lang='lat' dir='ltr'><strong>debuerat</strong></span> <span class='ocrx_word' id='word_1_175' title='bbox 3032 751 3343 805; x_wconf 89' lang='lat' dir='ltr'><strong>reddidisse.</strong></span> <span class='ocrx_word' id='word_1_176' title='bbox 3387 749 3525 815; x_wconf 85' lang='lat' dir='ltr'><strong>Quid</strong></span> <span class='ocrx_word' id='word_1_177' title='bbox 3553 762 3684 816; x_wconf 85' lang='lat' dir='ltr'><strong>ergo</strong></span> 
     </span>
    </p>
   </div>
   <div class='ocr_carea' id='block_1_20' title="bbox 2103 839 3685 914">
    <p class='ocr_par' dir='ltr' id='par_1_20' title="bbox 2103 839 3685 914">
     <span class='ocr_line' id='line_1_20' title="bbox 2103 839 3685 914; baseline -0.004 -15"><span class='ocrx_word' id='word_1_178' title='bbox 2103 861 2203 899; x_wconf 90' lang='lat' dir='ltr'><strong>nos</strong></span> <span class='ocrx_word' id='word_1_179' title='bbox 2249 861 2347 914; x_wconf 88' lang='lat' dir='ltr'><strong>pro</strong></span> <span class='ocrx_word' id='word_1_180' title='bbox 2390 845 2474 898; x_wconf 91' lang='lat' dir='ltr'><strong>his</strong></span> <span class='ocrx_word' id='word_1_181' title='bbox 2522 844 2769 897; x_wconf 90' lang='lat' dir='ltr'><strong>omnibus</strong></span> <span class='ocrx_word' id='word_1_182' title='bbox 2807 843 3173 906; x_wconf 88' lang='lat' dir='ltr'><strong>retribuimus,</strong></span> <span class='ocrx_word' id='word_1_183' title='bbox 3208 841 3295 895; x_wconf 91' lang='lat' dir='ltr'><strong>vel</strong></span> <span class='ocrx_word' id='word_1_184' title='bbox 3335 841 3513 909; x_wconf 87' lang='lat' dir='ltr'><strong>potius</strong></span> <span class='ocrx_word' id='word_1_185' title='bbox 3556 839 3685 908; x_wconf 89' lang='lat' dir='ltr'><strong>quid</strong></span> 
     </span>
    </p>
   </div>
   <div class='ocr_carea' id='block_1_21' title="bbox 2101 929 3684 999">
    <p class='ocr_par' dir='ltr' id='par_1_21' title="bbox 2101 929 3684 999">
     <span class='ocr_line' id='line_1_21' title="bbox 2101 929 3684 999; baseline -0.004 -9"><span class='ocrx_word' id='word_1_186' title='bbox 2101 937 2400 991; x_wconf 89' lang='lat' dir='ltr'><strong>retribuere</strong></span> <span class='ocrx_word' id='word_1_187' title='bbox 2459 935 2762 989; x_wconf 84' lang='lat' dir='ltr'><strong>debemus?</strong></span> <span class='ocrx_word' id='word_1_188' title='bbox 2819 932 3053 987; x_wconf 85' lang='lat' dir='ltr'><strong>Primum</strong></span> <span class='ocrx_word' id='word_1_189' title='bbox 3112 933 3313 988; x_wconf 85' lang='lat' dir='ltr'><strong>scilicet</strong></span> <span class='ocrx_word' id='word_1_190' title='bbox 3365 931 3496 985; x_wconf 91' lang='lat' dir='ltr'><strong>illud</strong></span> <span class='ocrx_word' id='word_1_191' title='bbox 3537 929 3684 999; x_wconf 86' lang='lat' dir='ltr'><strong>quod</strong></span> 
     </span>
    </p>
   </div>
   <div class='ocr_carea' id='block_1_22' title="bbox 2101 1022 3686 1097">
    <p class='ocr_par' dir='ltr' id='par_1_22' title="bbox 2101 1022 3686 1097">
     <span class='ocr_line' id='line_1_22' title="bbox 2101 1022 3686 1097; baseline -0.008 -12"><span class='ocrx_word' id='word_1_192' title='bbox 2101 1029 2438 1084; x_wconf 87' lang='lat' dir='ltr'><strong>beatissimus</strong></span> <span class='ocrx_word' id='word_1_193' title='bbox 2467 1027 2727 1097; x_wconf 91' lang='lat' dir='ltr'><strong>propheta</strong></span> <span class='ocrx_word' id='word_1_194' title='bbox 2773 1026 2822 1080; x_wconf 90' lang='lat' dir='ltr'><strong>ei</strong></span> <span class='ocrx_word' id='word_1_195' title='bbox 2850 1025 3048 1079; x_wconf 84' lang='lat' dir='ltr'><strong>debere</strong></span> <span class='ocrx_word' id='word_1_196' title='bbox 3073 1039 3132 1077; x_wconf 91' lang='lat' dir='ltr'><strong>se</strong></span> <span class='ocrx_word' id='word_1_197' title='bbox 3159 1031 3213 1077; x_wconf 91' lang='lat' dir='ltr'><strong>et</strong></span> <span class='ocrx_word' id='word_1_198' title='bbox 3246 1022 3575 1076; x_wconf 88' lang='lat' dir='ltr'><strong>redditurum</strong></span> <span class='ocrx_word' id='word_1_199' title='bbox 3605 1036 3686 1074; x_wconf 86' lang='lat' dir='ltr'><strong>es-</strong></span> 
     </span>
    </p>
   </div>
   <div class='ocr_carea' id='block_1_23' title="bbox 2101 1114 3682 1183">
    <p class='ocr_par' dir='ltr' id='par_1_23' title="bbox 2101 1114 3682 1183">
     <span class='ocr_line' id='line_1_23' title="bbox 2101 1114 3682 1183; baseline -0.008 -7"><span class='ocrx_word' id='word_1_200' title='bbox 2101 1137 2159 1176; x_wconf 97' lang='lat' dir='ltr'><strong>se</strong></span> <span class='ocrx_word' id='word_1_201' title='bbox 2181 1129 2412 1175; x_wconf 85' lang='lat' dir='ltr'><strong>testatur</strong></span> <span class='ocrx_word' id='word_1_202' title='bbox 2440 1121 2624 1174; x_wconf 87' lang='lat' dir='ltr'><strong>dicens</strong></span> <span class='ocrx_word' id='word_1_203' title='bbox 2658 1137 2669 1170; x_wconf 94' lang='lat'>:</span> <span class='ocrx_word' id='word_1_204' title='bbox 2705 1116 2844 1181; x_wconf 82' lang='lat' dir='ltr'><strong>Quid</strong></span> <span class='ocrx_word' id='word_1_205' title='bbox 2872 1116 3151 1170; x_wconf 80' lang='lat' dir='ltr'><strong>retribuam</strong></span> <span class='ocrx_word' id='word_1_206' title='bbox 3188 1114 3410 1167; x_wconf 89' lang='lat' dir='ltr'><strong>Domino</strong></span> <span class='ocrx_word' id='word_1_207' title='bbox 3435 1130 3528 1183; x_wconf 86' lang='lat' dir='ltr'><strong>pro</strong></span> <span class='ocrx_word' id='word_1_208' title='bbox 3567 1129 3682 1165; x_wconf 85' lang='lat' dir='ltr'><strong>om-</strong></span> 
     </span>
    </p>
   </div>
   <div class='ocr_carea' id='block_1_24' title="bbox 2099 1206 3677 1282">
    <p class='ocr_par' dir='ltr' id='par_1_24' title="bbox 2099 1206 3677 1282">
     <span class='ocr_line' id='line_1_24' title="bbox 2099 1206 3677 1282; baseline -0.008 -15"><span class='ocrx_word' id='word_1_209' title='bbox 2099 1214 2247 1267; x_wconf 90' lang='lat' dir='ltr'><strong>nibus</strong></span> <span class='ocrx_word' id='word_1_210' title='bbox 2275 1229 2387 1282; x_wconf 68' lang='lat' dir='ltr'><strong>qua</strong></span> <span class='ocrx_word' id='word_1_211' title='bbox 2416 1211 2651 1266; x_wconf 78' lang='lat' dir='ltr'><strong>retribuit</strong></span> <span class='ocrx_word' id='word_1_212' title='bbox 2677 1210 2844 1264; x_wconf 85' lang='lat' dir='ltr'><strong>mihi?</strong></span> <span class='ocrx_word' id='word_1_213' title='bbox 2871 1207 3095 1262; x_wconf 76' lang='lat' dir='ltr'><strong>Calicem</strong></span> <span class='ocrx_word' id='word_1_214' title='bbox 3137 1207 3380 1259; x_wconf 84' lang='lat' dir='ltr'><strong>salutaris</strong></span> <span class='ocrx_word' id='word_1_215' title='bbox 3407 1206 3677 1274; x_wconf 87' lang='lat' dir='ltr'><strong>accipiam,</strong></span> 
     </span>
    </p>
   </div>
   <div class='ocr_carea' id='block_1_25' title="bbox 2097 1293 3679 1370">
    <p class='ocr_par' dir='ltr' id='par_1_25' title="bbox 2097 1293 3679 1370">
     <span class='ocr_line' id='line_1_25' title="bbox 2097 1293 3679 1370; baseline -0.007 -11"><span class='ocrx_word' id='word_1_216' title='bbox 2097 1318 2146 1359; x_wconf 88' lang='lat' dir='ltr'><strong>et</strong></span> <span class='ocrx_word' id='word_1_217' title='bbox 2173 1322 2355 1358; x_wconf 86' lang='lat' dir='ltr'><strong>nomen</strong></span> <span class='ocrx_word' id='word_1_218' title='bbox 2384 1303 2593 1357; x_wconf 85' lang='lat' dir='ltr'><strong>Domini</strong></span> <span class='ocrx_word' id='word_1_219' title='bbox 2618 1300 2860 1356; x_wconf 75' lang='lat' dir='ltr'><strong>invocabo</strong></span> <span class='ocrx_word' id='word_1_220' title='bbox 2889 1299 3059 1370; x_wconf 82' lang='lat' dir='ltr'><strong>(Psal.</strong></span> <span class='ocrx_word' id='word_1_221' title='bbox 3093 1314 3211 1362; x_wconf 90' lang='lat' dir='ltr'><strong>cxv,</strong></span> <span class='ocrx_word' id='word_1_222' title='bbox 3247 1295 3330 1359; x_wconf 71' lang='lat' dir='ltr'><strong>l2,</strong></span> <span class='ocrx_word' id='word_1_223' title='bbox 3361 1295 3470 1364; x_wconf 76' lang='grc'><strong>15).</strong></span> <span class='ocrx_word' id='word_1_224' title='bbox 3502 1293 3679 1349; x_wconf 85' lang='lat' dir='ltr'><strong>Prima</strong></span> 
     </span>
    </p>
   </div>
   <div class='ocr_carea' id='block_1_26' title="bbox 2098 1385 3678 1467">
    <p class='ocr_par' dir='ltr' id='par_1_26' title="bbox 2098 1385 3678 1467">
     <span class='ocr_line' id='line_1_26' title="bbox 2098 1385 3678 1467; baseline -0.009 -15"><span class='ocrx_word' id='word_1_225' title='bbox 2098 1413 2227 1467; x_wconf 88' lang='lat' dir='ltr'><strong>ergo</strong></span> <span class='ocrx_word' id='word_1_226' title='bbox 2256 1399 2368 1451; x_wconf 68' lang='lat' dir='ltr'><strong>haec</strong></span> <span class='ocrx_word' id='word_1_227' title='bbox 2395 1395 2682 1450; x_wconf 91' lang='lat' dir='ltr'><strong>retributio</strong></span> <span class='ocrx_word' id='word_1_228' title='bbox 2711 1401 2812 1458; x_wconf 91' lang='lat' dir='ltr'><strong>est,</strong></span> <span class='ocrx_word' id='word_1_229' title='bbox 2838 1401 2897 1445; x_wconf 89' lang='lat' dir='ltr'><strong>ut</strong></span> <span class='ocrx_word' id='word_1_230' title='bbox 2923 1399 3152 1444; x_wconf 88' lang='lat' dir='ltr'><strong>mortem</strong></span> <span class='ocrx_word' id='word_1_231' title='bbox 3173 1395 3346 1442; x_wconf 89' lang='lat' dir='ltr'><strong>morte</strong></span> <span class='ocrx_word' id='word_1_232' title='bbox 3375 1385 3678 1448; x_wconf 79' lang='lat' dir='ltr'><strong>reddamus,</strong></span> 
     </span>
    </p>
   </div>
   <div class='ocr_carea' id='block_1_27' title="bbox 2098 1477 3680 1558">
    <p class='ocr_par' dir='ltr' id='par_1_27' title="bbox 2098 1477 3680 1558">
     <span class='ocr_line' id='line_1_27' title="bbox 2098 1477 3680 1558; baseline -0.011 -14"><span class='ocrx_word' id='word_1_233' title='bbox 2098 1507 2162 1544; x_wconf 89' lang='lat' dir='ltr'><strong>ac</strong></span> <span class='ocrx_word' id='word_1_234' title='bbox 2192 1505 2289 1558; x_wconf 89' lang='lat' dir='ltr'><strong>pro</strong></span> <span class='ocrx_word' id='word_1_235' title='bbox 2319 1503 2386 1542; x_wconf 87' lang='lat' dir='ltr'><strong>eo</strong></span> <span class='ocrx_word' id='word_1_236' title='bbox 2415 1488 2506 1555; x_wconf 90' lang='lat' dir='ltr'><strong>qui</strong></span> <span class='ocrx_word' id='word_1_237' title='bbox 2535 1494 2780 1540; x_wconf 88' lang='lat' dir='ltr'><strong>mortuus</strong></span> <span class='ocrx_word' id='word_1_238' title='bbox 2820 1491 2903 1537; x_wconf 91' lang='lat' dir='ltr'><strong>est</strong></span> <span class='ocrx_word' id='word_1_239' title='bbox 2932 1497 3029 1552; x_wconf 89' lang='lat' dir='ltr'><strong>pro</strong></span> <span class='ocrx_word' id='word_1_240' title='bbox 3067 1480 3241 1543; x_wconf 91' lang='lat' dir='ltr'><strong>nobis,</strong></span> <span class='ocrx_word' id='word_1_241' title='bbox 3270 1494 3369 1531; x_wconf 92' lang='lat' dir='ltr'><strong>nos</strong></span> <span class='ocrx_word' id='word_1_242' title='bbox 3390 1477 3680 1530; x_wconf 86' lang='lat' dir='ltr'><strong>moriamur</strong></span> 
     </span>
    </p>
   </div>
   <div class='ocr_carea' id='block_1_28' title="bbox 2097 1572 3683 1647">
    <p class='ocr_par' dir='ltr' id='par_1_28' title="bbox 2097 1572 3683 1647">
     <span class='ocr_line' id='line_1_28' title="bbox 2097 1572 3683 1647; baseline -0.008 -14"><span class='ocrx_word' id='word_1_243' title='bbox 2097 1594 2313 1644; x_wconf 88' lang='lat' dir='ltr'><strong>omnes;</strong></span> <span class='ocrx_word' id='word_1_244' title='bbox 2345 1578 2558 1632; x_wconf 86' lang='lat' dir='ltr'><strong>tametsi</strong></span> <span class='ocrx_word' id='word_1_245' title='bbox 2588 1575 2811 1630; x_wconf 90' lang='lat' dir='ltr'><strong>minoris</strong></span> <span class='ocrx_word' id='word_1_246' title='bbox 2836 1574 3005 1628; x_wconf 90' lang='lat' dir='ltr'><strong>multo</strong></span> <span class='ocrx_word' id='word_1_247' title='bbox 3035 1572 3193 1642; x_wconf 90' lang='lat' dir='ltr'><strong>pretii</strong></span> <span class='ocrx_word' id='word_1_248' title='bbox 3222 1585 3368 1647; x_wconf 86' lang='lat' dir='ltr'><strong>mors</strong></span> <span class='ocrx_word' id='word_1_249' title='bbox 3396 1576 3576 1622; x_wconf 88' lang='lat' dir='ltr'><strong>nostra</strong></span> <span class='ocrx_word' id='word_1_250' title='bbox 3599 1574 3683 1621; x_wconf 89' lang='lat' dir='ltr'><strong>est</strong></span> 
     </span>
    </p>
   </div>
   <div class='ocr_carea' id='block_1_29' title="bbox 2097 1659 3678 1738">
    <p class='ocr_par' dir='ltr' id='par_1_29' title="bbox 2097 1659 3678 1738">
     <span class='ocr_line' id='line_1_29' title="bbox 2097 1659 3678 1738; baseline -0.007 -15"><span class='ocrx_word' id='word_1_251' title='bbox 2097 1685 2257 1738; x_wconf 87' lang='lat' dir='ltr'><strong>quam</strong></span> <span class='ocrx_word' id='word_1_252' title='bbox 2286 1684 2403 1723; x_wconf 89' lang='lat' dir='ltr'><strong>sua.</strong></span> <span class='ocrx_word' id='word_1_253' title='bbox 2436 1667 2554 1733; x_wconf 92' lang='lat' dir='ltr'><strong>Quo</strong></span> <span class='ocrx_word' id='word_1_254' title='bbox 2580 1666 2638 1720; x_wconf 92' lang='lat' dir='ltr'><strong>ﬁt</strong></span> <span class='ocrx_word' id='word_1_255' title='bbox 2660 1673 2720 1720; x_wconf 93' lang='lat' dir='ltr'><strong>ut</strong></span> <span class='ocrx_word' id='word_1_256' title='bbox 2759 1665 2932 1730; x_wconf 85' lang='lat' dir='ltr'><strong>etiam</strong></span> <span class='ocrx_word' id='word_1_257' title='bbox 2951 1665 2996 1718; x_wconf 91' lang='lat' dir='ltr'><strong>si</strong></span> <span class='ocrx_word' id='word_1_258' title='bbox 3038 1670 3266 1717; x_wconf 90' lang='lat' dir='ltr'><strong>mortem</strong></span> <span class='ocrx_word' id='word_1_259' title='bbox 3309 1659 3678 1728; x_wconf 85' lang='lat' dir='ltr'><strong>suscipiamus,</strong></span> 
     </span>
    </p>
   </div>
   <div class='ocr_carea' id='block_1_30' title="bbox 2097 1748 3681 1816">
    <p class='ocr_par' dir='ltr' id='par_1_30' title="bbox 2097 1748 3681 1816">
     <span class='ocr_line' id='line_1_30' title="bbox 2097 1748 3681 1816; baseline -0.008 -1"><span class='ocrx_word' id='word_1_260' title='bbox 2097 1762 2337 1816; x_wconf 89' lang='lat' dir='ltr'><strong>debitum</strong></span> <span class='ocrx_word' id='word_1_261' title='bbox 2381 1769 2560 1813; x_wconf 89' lang='lat' dir='ltr'><strong>tamen</strong></span> <span class='ocrx_word' id='word_1_262' title='bbox 2604 1773 2710 1812; x_wconf 91' lang='lat' dir='ltr'><strong>non</strong></span> <span class='ocrx_word' id='word_1_263' title='bbox 2759 1756 3116 1811; x_wconf 82' lang='lat' dir='ltr'><strong>exsolvamus.</strong></span> <span class='ocrx_word' id='word_1_264' title='bbox 3167 1751 3272 1806; x_wconf 87' lang='lat' dir='ltr'><strong>Sed</strong></span> <span class='ocrx_word' id='word_1_265' title='bbox 3327 1759 3507 1804; x_wconf 91' lang='lat' dir='ltr'><strong>tamen</strong></span> <span class='ocrx_word' id='word_1_266' title='bbox 3555 1748 3681 1816; x_wconf 79' lang='lat' dir='ltr'><strong>quia</strong></span> 
     </span>
    </p>
   </div>
   <div class='ocr_carea' id='block_1_31' title="bbox 415 1840 3676 1920">
    <p class='ocr_par' dir='ltr' id='par_1_31' title="bbox 415 1840 3676 1920">
     <span class='ocr_line' id='line_1_31' title="bbox 415 1840 3676 1920; baseline -0.007 -6"><span class='ocrx_word' id='word_1_267' title='bbox 415 1851 576 1907; x_wconf 60' lang='lat' dir='ltr'><strong>die&quot;:</strong></span> <span class='ocrx_word' id='word_1_268' title='bbox 607 1851 766 1916; x_wconf 68' lang='lat' dir='ltr'><strong>Deus.</strong></span> <span class='ocrx_word' id='word_1_269' title='bbox 800 1851 989 1920; x_wconf 79' lang='lat' dir='ltr'><strong>inquit.</strong></span> <span class='ocrx_word' id='word_1_270' title='bbox 1036 1849 1177 1904; x_wconf 71' lang='lat' dir='ltr'><strong>Filio</strong></span> <span class='ocrx_word' id='word_1_271' title='bbox 1216 1867 1308 1903; x_wconf 70' lang='lat' dir='ltr'><strong>suo</strong></span> <span class='ocrx_word' id='word_1_272' title='bbox 1348 1866 1452 1902; x_wconf 81' lang='grc' dir='ltr'><strong>ηοη</strong></span> <span class='ocrx_word' id='word_1_273' title='bbox 1493 1850 1737 1918; x_wconf 77' lang='grc' dir='ltr'><strong>ρερετσὶι.</strong></span> <span class='ocrx_word' id='word_1_274' title='bbox 1767 1847 1857 1900; x_wconf 67' lang='lat' dir='ltr'><strong>sed</strong></span> <span class='ocrx_word' id='word_1_275' title='bbox 1901 1864 1994 1917; x_wconf 79' lang='lat' dir='ltr'><strong>pro</strong></span> <span class='ocrx_word' id='word_1_276' title='bbox 2026 1848 2075 1908; x_wconf 90' lang='lat' dir='ltr'><strong><em>B</em></strong></span> <span class='ocrx_word' id='word_1_277' title='bbox 2101 1852 2274 1919; x_wconf 87' lang='lat' dir='ltr'><strong>majus</strong></span> <span class='ocrx_word' id='word_1_278' title='bbox 2288 1852 2489 1906; x_wconf 83' lang='lat' dir='ltr'><strong>referre</strong></span> <span class='ocrx_word' id='word_1_279' title='bbox 2510 1866 2618 1904; x_wconf 92' lang='lat' dir='ltr'><strong>non</strong></span> <span class='ocrx_word' id='word_1_280' title='bbox 2649 1862 2949 1919; x_wconf 89' lang='lat' dir='ltr'><strong>possumus,</strong></span> <span class='ocrx_word' id='word_1_281' title='bbox 2973 1854 3146 1900; x_wconf 88' lang='lat' dir='ltr'><strong>totum</strong></span> <span class='ocrx_word' id='word_1_282' title='bbox 3166 1842 3388 1897; x_wconf 88' lang='lat' dir='ltr'><strong>reddere</strong></span> <span class='ocrx_word' id='word_1_283' title='bbox 3415 1840 3676 1904; x_wconf 87' lang='lat' dir='ltr'><strong>videmur,</strong></span> 
     </span>
    </p>
   </div>
   <div class='ocr_carea' id='block_1_32' title="bbox 416 1938 1997 2004">
    <p class='ocr_par' dir='ltr' id='par_1_32' title="bbox 416 1938 1997 2004">
     <span class='ocr_line' id='line_1_32' title="bbox 416 1938 1997 2004; baseline -0.004 -8"><span class='ocrx_word' id='word_1_284' title='bbox 416 1942 560 1996; x_wconf 86' lang='lat' dir='ltr'><strong>nobis</strong></span> <span class='ocrx_word' id='word_1_285' title='bbox 581 1941 811 1996; x_wconf 88' lang='lat' dir='ltr'><strong>omnibus</strong></span> <span class='ocrx_word' id='word_1_286' title='bbox 835 1941 1046 1995; x_wconf 81' lang='lat' dir='ltr'><strong>tradidit</strong></span> <span class='ocrx_word' id='word_1_287' title='bbox 1072 1941 1240 1994; x_wconf 84' lang='lat' dir='ltr'><strong>illum.</strong></span> <span class='ocrx_word' id='word_1_288' title='bbox 1266 1938 1536 2004; x_wconf 83' lang='lat' dir='ltr'><strong>Quomodo</strong></span> <span class='ocrx_word' id='word_1_289' title='bbox 1567 1955 1670 1992; x_wconf 89' lang='lat' dir='ltr'><strong>non</strong></span> <span class='ocrx_word' id='word_1_290' title='bbox 1699 1939 1854 1991; x_wconf 88' lang='lat' dir='ltr'><strong>etiam</strong></span> <span class='ocrx_word' id='word_1_291' title='bbox 1882 1954 1997 1991; x_wconf 85' lang='lat' dir='ltr'><strong>cum</strong></span> 
     </span>
    </p>
   </div>
   <div class='ocr_carea' id='block_1_33' title="bbox 415 2030 1644 2103">
    <p class='ocr_par' dir='ltr' id='par_1_33' title="bbox 415 2030 1644 2103">
     <span class='ocr_line' id='line_1_33' title="bbox 415 2030 1644 2103; baseline -0.003 -17"><span class='ocrx_word' id='word_1_292' title='bbox 415 2033 507 2088; x_wconf 76' lang='lat' dir='ltr'><strong>illo</strong></span> <span class='ocrx_word' id='word_1_293' title='bbox 533 2032 678 2087; x_wconf 83' lang='lat' dir='ltr'><strong>nobis</strong></span> <span class='ocrx_word' id='word_1_294' title='bbox 707 2035 876 2087; x_wconf 88' lang='lat' dir='ltr'><strong>omnia</strong></span> <span class='ocrx_word' id='word_1_295' title='bbox 909 2033 1116 2087; x_wconf 80' lang='lat' dir='ltr'><strong>donavit</strong></span> <span class='ocrx_word' id='word_1_296' title='bbox 1147 2031 1330 2103; x_wconf 85' lang='lat' dir='ltr'><strong>(Rom.</strong></span> <span class='ocrx_word' id='word_1_297' title='bbox 1363 2048 1472 2096; x_wconf 85' lang='lat' dir='ltr'><strong>vm,</strong></span> <span class='ocrx_word' id='word_1_298' title='bbox 1505 2030 1644 2101; x_wconf 70' lang='lat'><strong>52)?</strong></span> 
     </span>
    </p>
   </div>
   <div class='ocr_carea' id='block_1_34' title="bbox 490 2119 1998 2191">
    <p class='ocr_par' dir='ltr' id='par_1_34' title="bbox 490 2119 1998 2191">
     <span class='ocr_line' id='line_1_34' title="bbox 490 2119 1998 2191; baseline -0.001 -15"><span class='ocrx_word' id='word_1_299' title='bbox 490 2122 558 2176; x_wconf 75' lang='grc' dir='ltr'><strong>Χ.</strong></span> <span class='ocrx_word' id='word_1_300' title='bbox 590 2122 704 2177; x_wconf 79' lang='lat' dir='ltr'><strong>Hoc</strong></span> <span class='ocrx_word' id='word_1_301' title='bbox 731 2130 813 2176; x_wconf 87' lang='lat' dir='ltr'><strong>est</strong></span> <span class='ocrx_word' id='word_1_302' title='bbox 857 2138 984 2191; x_wconf 85' lang='lat' dir='ltr'><strong>ergo</strong></span> <span class='ocrx_word' id='word_1_303' title='bbox 1024 2122 1155 2176; x_wconf 89' lang='lat' dir='ltr'><strong>illud</strong></span> <span class='ocrx_word' id='word_1_304' title='bbox 1183 2122 1327 2190; x_wconf 91' lang='lat' dir='ltr'><strong>quod</strong></span> <span class='ocrx_word' id='word_1_305' title='bbox 1355 2137 1516 2190; x_wconf 88' lang='lat' dir='ltr'><strong>supra</strong></span> <span class='ocrx_word' id='word_1_306' title='bbox 1547 2121 1675 2185; x_wconf 83' lang='lat' dir='ltr'><strong>dixi,</strong></span> <span class='ocrx_word' id='word_1_307' title='bbox 1727 2121 1851 2189; x_wconf 91' lang='lat' dir='ltr'><strong>quia</strong></span> <span class='ocrx_word' id='word_1_308' title='bbox 1877 2119 1998 2188; x_wconf 90' lang='lat' dir='ltr'><strong>plus</strong></span> 
     </span>
    </p>
   </div>
   <div class='ocr_carea' id='block_1_35' title="bbox 426 2212 1997 2283">
    <p class='ocr_par' dir='ltr' id='par_1_35' title="bbox 426 2212 1997 2283">
     <span class='ocr_line' id='line_1_35' title="bbox 426 2212 1997 2283; baseline -0.004 -12"><span class='ocrx_word' id='word_1_309' title='bbox 426 2230 530 2271; x_wconf 90' lang='lat' dir='ltr'><strong>nos</strong></span> <span class='ocrx_word' id='word_1_310' title='bbox 557 2221 701 2268; x_wconf 90' lang='lat' dir='ltr'><strong>amat</strong></span> <span class='ocrx_word' id='word_1_311' title='bbox 750 2214 891 2268; x_wconf 89' lang='lat' dir='ltr'><strong>Deus</strong></span> <span class='ocrx_word' id='word_1_312' title='bbox 919 2229 1076 2283; x_wconf 92' lang='lat' dir='ltr'><strong>quam</strong></span> <span class='ocrx_word' id='word_1_313' title='bbox 1117 2213 1283 2268; x_wconf 90' lang='lat' dir='ltr'><strong>ﬁlium</strong></span> <span class='ocrx_word' id='word_1_314' title='bbox 1323 2222 1494 2283; x_wconf 83' lang='lat' dir='ltr'><strong>pater.</strong></span> <span class='ocrx_word' id='word_1_315' title='bbox 1543 2213 1776 2267; x_wconf 90' lang='lat' dir='ltr'><strong>Evidens</strong></span> <span class='ocrx_word' id='word_1_316' title='bbox 1799 2212 1997 2281; x_wconf 90' lang='lat' dir='ltr'><strong>quippe</strong></span> 
     </span>
    </p>
   </div>
   <div class='ocr_carea' id='block_1_36' title="bbox 419 2285 1993 2374">
    <p class='ocr_par' dir='ltr' id='par_1_36' title="bbox 419 2285 1993 2374">
     <span class='ocr_line' id='line_1_36' title="bbox 419 2285 1993 2374; baseline -0.004 -14"><span class='ocrx_word' id='word_1_317' title='bbox 419 2321 508 2360; x_wconf 87' lang='lat' dir='ltr'><strong>res</strong></span> <span class='ocrx_word' id='word_1_318' title='bbox 528 2312 611 2359; x_wconf 90' lang='lat' dir='ltr'><strong>est</strong></span> <span class='ocrx_word' id='word_1_319' title='bbox 637 2304 781 2373; x_wconf 91' lang='lat' dir='ltr'><strong>quod</strong></span> <span class='ocrx_word' id='word_1_320' title='bbox 804 2319 961 2374; x_wconf 89' lang='lat' dir='ltr'><strong>super</strong></span> <span class='ocrx_word' id='word_1_321' title='bbox 982 2302 1228 2359; x_wconf 80' lang='lat' dir='ltr'><strong>aﬁ&#39;ectum</strong></span> <span class='ocrx_word' id='word_1_322' title='bbox 1255 2303 1484 2358; x_wconf 90' lang='lat' dir='ltr'><strong>ﬁliorum</strong></span> <span class='ocrx_word' id='word_1_323' title='bbox 1511 2319 1612 2357; x_wconf 92' lang='lat' dir='ltr'><strong>nos</strong></span> <span class='ocrx_word' id='word_1_324' title='bbox 1639 2303 1781 2356; x_wconf 90' lang='lat' dir='ltr'><strong>Deus</strong></span> <span class='ocrx_word' id='word_1_325' title='bbox 1801 2285 1993 2368; x_wconf 88' lang='lat' dir='ltr'><strong>diligit,</strong></span> 
     </span>
    </p>
   </div>
   <div class='ocr_carea' id='block_1_37' title="bbox 414 2395 1994 2468">
    <p class='ocr_par' dir='ltr' id='par_1_37' title="bbox 414 2395 1994 2468">
     <span class='ocr_line' id='line_1_37' title="bbox 414 2395 1994 2468; baseline -0.001 -18"><span class='ocrx_word' id='word_1_326' title='bbox 414 2398 505 2466; x_wconf 91' lang='lat' dir='ltr'><strong>qui</strong></span> <span class='ocrx_word' id='word_1_327' title='bbox 533 2405 755 2467; x_wconf 90' lang='lat' dir='ltr'><strong>propter</strong></span> <span class='ocrx_word' id='word_1_328' title='bbox 780 2413 879 2452; x_wconf 88' lang='lat' dir='ltr'><strong>nos</strong></span> <span class='ocrx_word' id='word_1_329' title='bbox 900 2398 1007 2454; x_wconf 89' lang='lat' dir='ltr'><strong>ﬁlio</strong></span> <span class='ocrx_word' id='word_1_330' title='bbox 1036 2414 1134 2453; x_wconf 93' lang='lat' dir='ltr'><strong>suo</strong></span> <span class='ocrx_word' id='word_1_331' title='bbox 1162 2414 1267 2453; x_wconf 89' lang='lat' dir='ltr'><strong>non</strong></span> <span class='ocrx_word' id='word_1_332' title='bbox 1297 2399 1555 2468; x_wconf 87' lang='lat' dir='ltr'><strong>pepercit.</strong></span> <span class='ocrx_word' id='word_1_333' title='bbox 1585 2397 1651 2451; x_wconf 88' lang='lat' dir='ltr'><strong>Et</strong></span> <span class='ocrx_word' id='word_1_334' title='bbox 1676 2397 1805 2466; x_wconf 91' lang='lat' dir='ltr'><strong>quid</strong></span> <span class='ocrx_word' id='word_1_335' title='bbox 1831 2395 1994 2466; x_wconf 83' lang='lat' dir='ltr'><strong>plus?</strong></span> 
     </span>
    </p>
   </div>
   <div class='ocr_carea' id='block_1_38' title="bbox 411 2485 1995 2557">
    <p class='ocr_par' dir='ltr' id='par_1_38' title="bbox 411 2485 1995 2557">
     <span class='ocr_line' id='line_1_38' title="bbox 411 2485 1995 2557; baseline -0.001 -17"><span class='ocrx_word' id='word_1_336' title='bbox 411 2487 581 2553; x_wconf 78' lang='lat' dir='ltr'><strong>Addo,</strong></span> <span class='ocrx_word' id='word_1_337' title='bbox 614 2497 668 2542; x_wconf 92' lang='lat' dir='ltr'><strong>et</strong></span> <span class='ocrx_word' id='word_1_338' title='bbox 692 2488 796 2542; x_wconf 88' lang='lat' dir='ltr'><strong>hoc</strong></span> <span class='ocrx_word' id='word_1_339' title='bbox 816 2485 926 2543; x_wconf 86' lang='lat' dir='ltr'><strong>ﬁlio</strong></span> <span class='ocrx_word' id='word_1_340' title='bbox 943 2487 1109 2557; x_wconf 89' lang='lat' dir='ltr'><strong>justo,</strong></span> <span class='ocrx_word' id='word_1_341' title='bbox 1140 2497 1195 2543; x_wconf 90' lang='lat' dir='ltr'><strong>et</strong></span> <span class='ocrx_word' id='word_1_342' title='bbox 1223 2490 1326 2544; x_wconf 91' lang='lat' dir='ltr'><strong>hoc</strong></span> <span class='ocrx_word' id='word_1_343' title='bbox 1355 2489 1464 2550; x_wconf 87' lang='lat' dir='ltr'><strong>ﬁlio</strong></span> <span class='ocrx_word' id='word_1_344' title='bbox 1491 2489 1784 2557; x_wconf 89' lang='lat' dir='ltr'><strong>unigenito,</strong></span> <span class='ocrx_word' id='word_1_345' title='bbox 1808 2495 1864 2541; x_wconf 92' lang='lat' dir='ltr'><strong>et</strong></span> <span class='ocrx_word' id='word_1_346' title='bbox 1890 2486 1995 2539; x_wconf 92' lang='lat' dir='ltr'><strong>hoc</strong></span> 
     </span>
    </p>
   </div>
   <div class='ocr_carea' id='block_1_39' title="bbox 411 2577 1992 2651">
    <p class='ocr_par' dir='ltr' id='par_1_39' title="bbox 411 2577 1992 2651">
     <span class='ocr_line' id='line_1_39' title="bbox 411 2577 1992 2651; baseline -0.001 -17"><span class='ocrx_word' id='word_1_347' title='bbox 411 2577 519 2634; x_wconf 83' lang='lat' dir='ltr'><strong>ﬁlio</strong></span> <span class='ocrx_word' id='word_1_348' title='bbox 548 2579 679 2634; x_wconf 87' lang='lat' dir='ltr'><strong>Deo.</strong></span> <span class='ocrx_word' id='word_1_349' title='bbox 708 2579 775 2633; x_wconf 85' lang='lat' dir='ltr'><strong>Et</strong></span> <span class='ocrx_word' id='word_1_350' title='bbox 801 2580 927 2648; x_wconf 93' lang='lat' dir='ltr'><strong>quid</strong></span> <span class='ocrx_word' id='word_1_351' title='bbox 969 2581 1076 2635; x_wconf 92' lang='lat' dir='ltr'><strong>dici</strong></span> <span class='ocrx_word' id='word_1_352' title='bbox 1122 2581 1352 2651; x_wconf 89' lang='lat' dir='ltr'><strong>amplius</strong></span> <span class='ocrx_word' id='word_1_353' title='bbox 1376 2582 1602 2651; x_wconf 88' lang='lat' dir='ltr'><strong>potest?</strong></span> <span class='ocrx_word' id='word_1_354' title='bbox 1649 2579 1715 2632; x_wconf 85' lang='lat' dir='ltr'><strong>Et</strong></span> <span class='ocrx_word' id='word_1_355' title='bbox 1744 2580 1849 2633; x_wconf 91' lang='lat' dir='ltr'><strong>hoc</strong></span> <span class='ocrx_word' id='word_1_356' title='bbox 1891 2592 1992 2646; x_wconf 90' lang='lat' dir='ltr'><strong>pro</strong></span> 
     </span>
    </p>
   </div>
   <div class='ocr_carea' id='block_1_40' title="bbox 408 2669 1988 2742">
    <p class='ocr_par' dir='ltr' id='par_1_40' title="bbox 408 2669 1988 2742">
     <span class='ocr_line' id='line_1_40' title="bbox 408 2669 1988 2742; baseline -0.001 -18"><span class='ocrx_word' id='word_1_357' title='bbox 408 2671 579 2737; x_wconf 88' lang='lat' dir='ltr'><strong>nobis,</strong></span> <span class='ocrx_word' id='word_1_358' title='bbox 610 2672 662 2726; x_wconf 90' lang='lat' dir='ltr'><strong>id</strong></span> <span class='ocrx_word' id='word_1_359' title='bbox 689 2679 791 2736; x_wconf 90' lang='lat' dir='ltr'><strong>est,</strong></span> <span class='ocrx_word' id='word_1_360' title='bbox 820 2687 919 2741; x_wconf 92' lang='lat' dir='ltr'><strong>pro</strong></span> <span class='ocrx_word' id='word_1_361' title='bbox 939 2673 1115 2736; x_wconf 89' lang='lat' dir='ltr'><strong>malis,</strong></span> <span class='ocrx_word' id='word_1_362' title='bbox 1146 2688 1245 2742; x_wconf 91' lang='lat' dir='ltr'><strong>pro</strong></span> <span class='ocrx_word' id='word_1_363' title='bbox 1275 2674 1490 2741; x_wconf 90' lang='lat' dir='ltr'><strong>iniquis,</strong></span> <span class='ocrx_word' id='word_1_364' title='bbox 1521 2687 1620 2741; x_wconf 89' lang='lat' dir='ltr'><strong>pro</strong></span> <span class='ocrx_word' id='word_1_365' title='bbox 1643 2669 1988 2739; x_wconf 85' lang='lat' dir='ltr'><strong>impiissimis.</strong></span> 
     </span>
    </p>
   </div>
   <div class='ocr_carea' id='block_1_41' title="bbox 407 2760 1992 2832">
    <p class='ocr_par' dir='ltr' id='par_1_41' title="bbox 407 2760 1992 2832">
     <span class='ocr_line' id='line_1_41' title="bbox 407 2760 1992 2832; baseline -0.002 -16"><span class='ocrx_word' id='word_1_366' title='bbox 407 2760 537 2828; x_wconf 84' lang='lat' dir='ltr'><strong>Quis</strong></span> <span class='ocrx_word' id='word_1_367' title='bbox 562 2765 830 2818; x_wconf 76' lang='lat' dir='ltr'><strong>:estimare</strong></span> <span class='ocrx_word' id='word_1_368' title='bbox 855 2764 997 2818; x_wconf 91' lang='lat' dir='ltr'><strong>hunc</strong></span> <span class='ocrx_word' id='word_1_369' title='bbox 1023 2777 1152 2832; x_wconf 85' lang='lat' dir='ltr'><strong>erga</strong></span> <span class='ocrx_word' id='word_1_370' title='bbox 1181 2780 1281 2818; x_wconf 91' lang='lat' dir='ltr'><strong>nos</strong></span> <span class='ocrx_word' id='word_1_371' title='bbox 1301 2765 1397 2817; x_wconf 89' lang='lat' dir='ltr'><strong>Dei</strong></span> <span class='ocrx_word' id='word_1_372' title='bbox 1419 2778 1661 2817; x_wconf 89' lang='lat' dir='ltr'><strong>amorem</strong></span> <span class='ocrx_word' id='word_1_373' title='bbox 1686 2769 1866 2830; x_wconf 87' lang='lat' dir='ltr'><strong>queat,</strong></span> <span class='ocrx_word' id='word_1_374' title='bbox 1892 2760 1992 2814; x_wconf 91' lang='lat' dir='ltr'><strong>nisi</strong></span> 
     </span>
    </p>
   </div>
   <div class='ocr_carea' id='block_1_42' title="bbox 405 2853 1991 2922">
    <p class='ocr_par' dir='ltr' id='par_1_42' title="bbox 405 2853 1991 2922">
     <span class='ocr_line' id='line_1_42' title="bbox 405 2853 1991 2922; baseline -0.002 -14"><span class='ocrx_word' id='word_1_375' title='bbox 405 2854 550 2922; x_wconf 88' lang='lat' dir='ltr'><strong>quod</strong></span> <span class='ocrx_word' id='word_1_376' title='bbox 573 2854 780 2922; x_wconf 85' lang='lat' dir='ltr'><strong>justitia</strong></span> <span class='ocrx_word' id='word_1_377' title='bbox 800 2854 898 2908; x_wconf 89' lang='lat' dir='ltr'><strong>Dei</strong></span> <span class='ocrx_word' id='word_1_378' title='bbox 917 2861 1067 2908; x_wconf 89' lang='lat' dir='ltr'><strong>tanta</strong></span> <span class='ocrx_word' id='word_1_379' title='bbox 1090 2862 1192 2919; x_wconf 90' lang='lat' dir='ltr'><strong>est,</strong></span> <span class='ocrx_word' id='word_1_380' title='bbox 1215 2863 1276 2908; x_wconf 93' lang='lat' dir='ltr'><strong>ut</strong></span> <span class='ocrx_word' id='word_1_381' title='bbox 1295 2855 1349 2908; x_wconf 92' lang='lat' dir='ltr'><strong>in</strong></span> <span class='ocrx_word' id='word_1_382' title='bbox 1370 2869 1497 2908; x_wconf 87' lang='lat' dir='ltr'><strong>eum</strong></span> <span class='ocrx_word' id='word_1_383' title='bbox 1517 2853 1719 2922; x_wconf 89' lang='lat' dir='ltr'><strong>aliquid</strong></span> <span class='ocrx_word' id='word_1_384' title='bbox 1741 2853 1991 2920; x_wconf 81' lang='lat' dir='ltr'><strong>injustam</strong></span> 
     </span>
    </p>
   </div>
   <div class='ocr_carea' id='block_1_43' title="bbox 408 2939 1992 3012">
    <p class='ocr_par' dir='ltr' id='par_1_43' title="bbox 408 2939 1992 3012">
     <span class='ocr_line' id='line_1_43' title="bbox 408 2939 1992 3012; baseline -0.001 -16"><span class='ocrx_word' id='word_1_385' title='bbox 408 2942 603 2997; x_wconf 83' lang='lat' dir='ltr'><strong>cadere</strong></span> <span class='ocrx_word' id='word_1_386' title='bbox 642 2959 751 2998; x_wconf 90' lang='lat' dir='ltr'><strong>non</strong></span> <span class='ocrx_word' id='word_1_387' title='bbox 799 2944 1010 3011; x_wconf 84' lang='lat' dir='ltr'><strong>possit?</strong></span> <span class='ocrx_word' id='word_1_388' title='bbox 1052 2943 1187 2996; x_wconf 80' lang='lat' dir='ltr'><strong>Nam</strong></span> <span class='ocrx_word' id='word_1_389' title='bbox 1214 2953 1474 3012; x_wconf 90' lang='lat' dir='ltr'><strong>quantum</strong></span> <span class='ocrx_word' id='word_1_390' title='bbox 1515 2942 1583 2996; x_wconf 89' lang='lat' dir='ltr'><strong>ad</strong></span> <span class='ocrx_word' id='word_1_391' title='bbox 1610 2942 1869 2997; x_wconf 89' lang='lat' dir='ltr'><strong>rationem</strong></span> <span class='ocrx_word' id='word_1_392' title='bbox 1895 2939 1992 2994; x_wconf 66' lang='lat' dir='ltr'><strong>hui-</strong></span> 
     </span>
    </p>
   </div>
   <div class='ocr_carea' id='block_1_44' title="bbox 414 3031 1988 3101">
    <p class='ocr_par' dir='ltr' id='par_1_44' title="bbox 414 3031 1988 3101">
     <span class='ocr_line' id='line_1_44' title="bbox 414 3031 1988 3101; baseline 0.001 -16"><span class='ocrx_word' id='word_1_393' title='bbox 414 3047 630 3085; x_wconf 89' lang='lat' dir='ltr'><strong>manam</strong></span> <span class='ocrx_word' id='word_1_394' title='bbox 654 3033 908 3101; x_wconf 87' lang='lat' dir='ltr'><strong>pertinet,</strong></span> <span class='ocrx_word' id='word_1_395' title='bbox 957 3032 1208 3101; x_wconf 82' lang='lat' dir='ltr'><strong>injustam</strong></span> <span class='ocrx_word' id='word_1_396' title='bbox 1254 3047 1370 3086; x_wconf 87' lang='lat' dir='ltr'><strong>rem</strong></span> <span class='ocrx_word' id='word_1_397' title='bbox 1411 3033 1573 3087; x_wconf 90' lang='lat' dir='ltr'><strong>homo</strong></span> <span class='ocrx_word' id='word_1_398' title='bbox 1600 3033 1822 3100; x_wconf 88' lang='lat' dir='ltr'><strong>quilibet</strong></span> <span class='ocrx_word' id='word_1_399' title='bbox 1847 3031 1988 3086; x_wconf 76' lang='lat' dir='ltr'><strong>fece-</strong></span> 
     </span>
    </p>
   </div>
   <div class='ocr_carea' id='block_1_45' title="bbox 416 3121 1989 3193">
    <p class='ocr_par' dir='ltr' id='par_1_45' title="bbox 416 3121 1989 3193">
     <span class='ocr_line' id='line_1_45' title="bbox 416 3121 1989 3193; baseline 0.002 -18"><span class='ocrx_word' id='word_1_400' title='bbox 416 3131 519 3186; x_wconf 88' lang='lat' dir='ltr'><strong>rat,</strong></span> <span class='ocrx_word' id='word_1_401' title='bbox 551 3123 594 3177; x_wconf 91' lang='lat' dir='ltr'><strong>si</strong></span> <span class='ocrx_word' id='word_1_402' title='bbox 621 3138 721 3193; x_wconf 90' lang='lat' dir='ltr'><strong>pro</strong></span> <span class='ocrx_word' id='word_1_403' title='bbox 749 3123 994 3193; x_wconf 88' lang='lat' dir='ltr'><strong>pessimis</strong></span> <span class='ocrx_word' id='word_1_404' title='bbox 1021 3124 1188 3178; x_wconf 88' lang='lat' dir='ltr'><strong>servis</strong></span> <span class='ocrx_word' id='word_1_405' title='bbox 1209 3121 1372 3178; x_wconf 88' lang='lat' dir='ltr'><strong>ﬁlium</strong></span> <span class='ocrx_word' id='word_1_406' title='bbox 1394 3123 1593 3177; x_wconf 92' lang='lat' dir='ltr'><strong>bonum</strong></span> <span class='ocrx_word' id='word_1_407' title='bbox 1617 3132 1642 3160; x_wconf 80' lang='grc' dir='ltr'><strong>ι</strong></span> <span class='ocrx_word' id='word_1_408' title='bbox 1663 3121 1876 3178; x_wconf 77' lang='lat' dir='ltr'><strong>fecisset</strong></span> <span class='ocrx_word' id='word_1_409' title='bbox 1904 3137 1989 3178; x_wconf 87' lang='lat' dir='ltr'><strong>oe-</strong></span> 
     </span>
    </p>
   </div>
   <div class='ocr_carea' id='block_1_46' title="bbox 2099 1930 3682 2010">
    <p class='ocr_par' dir='ltr' id='par_1_46' title="bbox 2099 1930 3682 2010">
     <span class='ocr_line' id='line_1_46' title="bbox 2099 1930 3682 2010; baseline -0.008 -14"><span class='ocrx_word' id='word_1_410' title='bbox 2099 1943 2142 1996; x_wconf 88' lang='lat' dir='ltr'><strong>si</strong></span> <span class='ocrx_word' id='word_1_411' title='bbox 2174 1950 2345 1996; x_wconf 88' lang='lat' dir='ltr'><strong>totum</strong></span> <span class='ocrx_word' id='word_1_412' title='bbox 2375 1939 2520 2009; x_wconf 91' lang='lat' dir='ltr'><strong>quod</strong></span> <span class='ocrx_word' id='word_1_413' title='bbox 2548 1953 2832 2010; x_wconf 89' lang='lat' dir='ltr'><strong>possumus</strong></span> <span class='ocrx_word' id='word_1_414' title='bbox 2865 1948 2887 1975; x_wconf 76' lang='grc' dir='ltr'><strong>ο</strong></span> <span class='ocrx_word' id='word_1_415' title='bbox 2920 1935 3143 1991; x_wconf 90' lang='lat' dir='ltr'><strong>reddere</strong></span> <span class='ocrx_word' id='word_1_416' title='bbox 3183 1948 3450 1987; x_wconf 90' lang='lat' dir='ltr'><strong>curamus.</strong></span> <span class='ocrx_word' id='word_1_417' title='bbox 3495 1930 3682 1998; x_wconf 85' lang='lat' dir='ltr'><strong>Itaque</strong></span> 
     </span>
    </p>
   </div>
   <div class='ocr_carea' id='block_1_47' title="bbox 2099 2025 3678 2103">
    <p class='ocr_par' dir='ltr' id='par_1_47' title="bbox 2099 2025 3678 2103">
     <span class='ocr_line' id='line_1_47' title="bbox 2099 2025 3678 2103; baseline -0.006 -16"><span class='ocrx_word' id='word_1_418' title='bbox 2099 2035 2291 2103; x_wconf 86' lang='lat' dir='ltr'><strong>prima,</strong></span> <span class='ocrx_word' id='word_1_419' title='bbox 2323 2041 2382 2086; x_wconf 90' lang='lat' dir='ltr'><strong>ut</strong></span> <span class='ocrx_word' id='word_1_420' title='bbox 2409 2032 2539 2094; x_wconf 90' lang='lat' dir='ltr'><strong>dixi,</strong></span> <span class='ocrx_word' id='word_1_421' title='bbox 2568 2032 2681 2086; x_wconf 67' lang='lat' dir='ltr'><strong>haec</strong></span> <span class='ocrx_word' id='word_1_422' title='bbox 2706 2027 2733 2067; x_wconf 69' lang='grc' dir='ltr'><em>δ</em></span> <span class='ocrx_word' id='word_1_423' title='bbox 2762 2029 3044 2085; x_wconf 81' lang='lat' dir='ltr'><strong>retributio</strong></span> <span class='ocrx_word' id='word_1_424' title='bbox 3065 2035 3167 2082; x_wconf 89' lang='lat' dir='ltr'><strong>est.</strong></span> <span class='ocrx_word' id='word_1_425' title='bbox 3201 2025 3445 2081; x_wconf 89' lang='lat' dir='ltr'><strong>Secunda</strong></span> <span class='ocrx_word' id='word_1_426' title='bbox 3475 2031 3678 2088; x_wconf 89' lang='lat' dir='ltr'><strong>autem,</strong></span> 
     </span>
    </p>
   </div>
   <div class='ocr_carea' id='block_1_48' title="bbox 2100 2115 3680 2186">
    <p class='ocr_par' dir='ltr' id='par_1_48' title="bbox 2100 2115 3680 2186">
     <span class='ocr_line' id='line_1_48' title="bbox 2100 2115 3680 2186; baseline -0.007 -8"><span class='ocrx_word' id='word_1_427' title='bbox 2100 2134 2157 2177; x_wconf 91' lang='lat' dir='ltr'><strong>ut</strong></span> <span class='ocrx_word' id='word_1_428' title='bbox 2183 2125 2228 2178; x_wconf 90' lang='lat' dir='ltr'><strong>si</strong></span> <span class='ocrx_word' id='word_1_429' title='bbox 2268 2123 2507 2178; x_wconf 91' lang='lat' dir='ltr'><strong>debitum</strong></span> <span class='ocrx_word' id='word_1_430' title='bbox 2534 2130 2708 2178; x_wconf 90' lang='lat' dir='ltr'><strong>morte</strong></span> <span class='ocrx_word' id='word_1_431' title='bbox 2737 2138 2845 2178; x_wconf 91' lang='lat' dir='ltr'><strong>non</strong></span> <span class='ocrx_word' id='word_1_432' title='bbox 2873 2121 3148 2186; x_wconf 87' lang='lat' dir='ltr'><strong>solvimus,</strong></span> <span class='ocrx_word' id='word_1_433' title='bbox 3179 2118 3264 2173; x_wconf 90' lang='lat' dir='ltr'><strong>vel</strong></span> <span class='ocrx_word' id='word_1_434' title='bbox 3293 2131 3476 2171; x_wconf 88' lang='lat' dir='ltr'><strong>amore</strong></span> <span class='ocrx_word' id='word_1_435' title='bbox 3503 2115 3680 2169; x_wconf 87' lang='lat' dir='ltr'><strong>solva-</strong></span> 
     </span>
    </p>
   </div>
   <div class='ocr_carea' id='block_1_49' title="bbox 2097 2208 3679 2283">
    <p class='ocr_par' dir='ltr' id='par_1_49' title="bbox 2097 2208 3679 2283">
     <span class='ocr_line' id='line_1_49' title="bbox 2097 2208 3679 2283; baseline -0.005 -14"><span class='ocrx_word' id='word_1_436' title='bbox 2097 2231 2236 2269; x_wconf 91' lang='lat' dir='ltr'><strong>mus.</strong></span> <span class='ocrx_word' id='word_1_437' title='bbox 2269 2213 2402 2268; x_wconf 86' lang='lat' dir='ltr'><strong>Nam</strong></span> <span class='ocrx_word' id='word_1_438' title='bbox 2433 2215 2548 2283; x_wconf 91' lang='lat' dir='ltr'><strong>ipse</strong></span> <span class='ocrx_word' id='word_1_439' title='bbox 2575 2212 2823 2268; x_wconf 90' lang='lat' dir='ltr'><strong>Salvator</strong></span> <span class='ocrx_word' id='word_1_440' title='bbox 2863 2211 3002 2275; x_wconf 92' lang='lat' dir='ltr'><strong>ideo,</strong></span> <span class='ocrx_word' id='word_1_441' title='bbox 3035 2221 3094 2267; x_wconf 93' lang='lat' dir='ltr'><strong>ut</strong></span> <span class='ocrx_word' id='word_1_442' title='bbox 3120 2211 3195 2265; x_wconf 89' lang='lat' dir='ltr'><strong>ait</strong></span> <span class='ocrx_word' id='word_1_443' title='bbox 3221 2208 3527 2280; x_wconf 85' lang='lat' dir='ltr'><strong>Apostolus,</strong></span> <span class='ocrx_word' id='word_1_444' title='bbox 3557 2222 3679 2261; x_wconf 87' lang='lat' dir='ltr'><strong>mo-</strong></span> 
     </span>
    </p>
   </div>
   <div class='ocr_carea' id='block_1_50' title="bbox 2097 2296 3678 2372">
    <p class='ocr_par' dir='ltr' id='par_1_50' title="bbox 2097 2296 3678 2372">
     <span class='ocr_line' id='line_1_50' title="bbox 2097 2296 3678 2372; baseline -0.005 -15"><span class='ocrx_word' id='word_1_445' title='bbox 2097 2303 2286 2358; x_wconf 88' lang='lat' dir='ltr'><strong>riendo</strong></span> <span class='ocrx_word' id='word_1_446' title='bbox 2311 2318 2410 2372; x_wconf 92' lang='lat' dir='ltr'><strong>pro</strong></span> <span class='ocrx_word' id='word_1_447' title='bbox 2441 2303 2595 2356; x_wconf 91' lang='lat' dir='ltr'><strong>nobis</strong></span> <span class='ocrx_word' id='word_1_448' title='bbox 2622 2302 3003 2357; x_wconf 87' lang='lat' dir='ltr'><strong>commendare</strong></span> <span class='ocrx_word' id='word_1_449' title='bbox 3026 2301 3198 2356; x_wconf 90' lang='lat' dir='ltr'><strong>voluit</strong></span> <span class='ocrx_word' id='word_1_450' title='bbox 3224 2299 3472 2354; x_wconf 89' lang='lat' dir='ltr'><strong>omnibus</strong></span> <span class='ocrx_word' id='word_1_451' title='bbox 3499 2296 3678 2351; x_wconf 87' lang='lat' dir='ltr'><strong>chari-</strong></span> 
     </span>
    </p>
   </div>
   <div class='ocr_carea' id='block_1_51' title="bbox 2097 2383 3680 2461">
    <p class='ocr_par' dir='ltr' id='par_1_51' title="bbox 2097 2383 3680 2461">
     <span class='ocr_line' id='line_1_51' title="bbox 2097 2383 3680 2461; baseline -0.004 -13"><span class='ocrx_word' id='word_1_452' title='bbox 2097 2402 2262 2448; x_wconf 87' lang='lat' dir='ltr'><strong>tatem</strong></span> <span class='ocrx_word' id='word_1_453' title='bbox 2301 2409 2473 2458; x_wconf 89' lang='lat' dir='ltr'><strong>suam,</strong></span> <span class='ocrx_word' id='word_1_454' title='bbox 2506 2401 2564 2447; x_wconf 91' lang='lat' dir='ltr'><strong>ut</strong></span> <span class='ocrx_word' id='word_1_455' title='bbox 2590 2410 2689 2449; x_wconf 90' lang='lat' dir='ltr'><strong>nos</strong></span> <span class='ocrx_word' id='word_1_456' title='bbox 2718 2393 2786 2448; x_wconf 89' lang='lat' dir='ltr'><strong>ad</strong></span> <span class='ocrx_word' id='word_1_457' title='bbox 2824 2383 3159 2448; x_wconf 77' lang='lat' dir='ltr'><strong>reddendam</strong></span> <span class='ocrx_word' id='word_1_458' title='bbox 3185 2393 3441 2461; x_wconf 88' lang='lat' dir='ltr'><strong>pietatem</strong></span> <span class='ocrx_word' id='word_1_459' title='bbox 3465 2399 3488 2426; x_wconf 79' lang='grc'><strong><em>⁸</em></strong></span> <span class='ocrx_word' id='word_1_460' title='bbox 3516 2394 3680 2442; x_wconf 76' lang='lat' dir='ltr'><strong>tanta:</strong></span> 
     </span>
    </p>
   </div>
   <div class='ocr_carea' id='block_1_52' title="bbox 2096 2481 3679 2555">
    <p class='ocr_par' dir='ltr' id='par_1_52' title="bbox 2096 2481 3679 2555">
     <span class='ocr_line' id='line_1_52' title="bbox 2096 2481 3679 2555; baseline -0.006 -14"><span class='ocrx_word' id='word_1_461' title='bbox 2096 2487 2474 2541; x_wconf 86' lang='lat' dir='ltr'><strong>vicissitudinis</strong></span> <span class='ocrx_word' id='word_1_462' title='bbox 2496 2487 2709 2555; x_wconf 90' lang='lat' dir='ltr'><strong>pietatis</strong></span> <span class='ocrx_word' id='word_1_463' title='bbox 2731 2502 2841 2541; x_wconf 72' lang='lat' dir='ltr'><strong>sua:</strong></span> <span class='ocrx_word' id='word_1_464' title='bbox 2868 2487 3106 2540; x_wconf 89' lang='lat' dir='ltr'><strong>traheret</strong></span> <span class='ocrx_word' id='word_1_465' title='bbox 3144 2485 3410 2554; x_wconf 89' lang='lat' dir='ltr'><strong>exemplo.</strong></span> <span class='ocrx_word' id='word_1_466' title='bbox 3443 2482 3512 2535; x_wconf 85' lang='lat' dir='ltr'><strong>Et</strong></span> <span class='ocrx_word' id='word_1_467' title='bbox 3539 2481 3679 2535; x_wconf 87' lang='lat' dir='ltr'><strong>sicut</strong></span> 
     </span>
    </p>
   </div>
   <div class='ocr_carea' id='block_1_53' title="bbox 2097 2573 3678 2645">
    <p class='ocr_par' dir='ltr' id='par_1_53' title="bbox 2097 2573 3678 2645">
     <span class='ocr_line' id='line_1_53' title="bbox 2097 2573 3678 2645; baseline -0.004 -15"><span class='ocrx_word' id='word_1_468' title='bbox 2097 2578 2214 2631; x_wconf 90' lang='lat' dir='ltr'><strong>illas</strong></span> <span class='ocrx_word' id='word_1_469' title='bbox 2257 2586 2462 2632; x_wconf 67' lang='lat' dir='ltr'><strong>natura:</strong></span> <span class='ocrx_word' id='word_1_470' title='bbox 2505 2577 2847 2632; x_wconf 86' lang='lat' dir='ltr'><strong>admirabiles</strong></span> <span class='ocrx_word' id='word_1_471' title='bbox 2883 2590 3120 2645; x_wconf 84' lang='lat' dir='ltr'><strong>gemmas</strong></span> <span class='ocrx_word' id='word_1_472' title='bbox 3148 2575 3342 2638; x_wconf 80' lang='lat' dir='ltr'><strong>ferunt,</strong></span> <span class='ocrx_word' id='word_1_473' title='bbox 3374 2588 3494 2642; x_wconf 65' lang='lat' dir='ltr'><strong>qua:</strong></span> <span class='ocrx_word' id='word_1_474' title='bbox 3532 2573 3678 2625; x_wconf 76' lang='lat' dir='ltr'><strong>ferro</strong></span> 
     </span>
    </p>
   </div>
   <div class='ocr_carea' id='block_1_54' title="bbox 2095 2663 3677 2740">
    <p class='ocr_par' dir='ltr' id='par_1_54' title="bbox 2095 2663 3677 2740">
     <span class='ocr_line' id='line_1_54' title="bbox 2095 2663 3677 2740; baseline -0.004 -16"><span class='ocrx_word' id='word_1_475' title='bbox 2095 2671 2317 2740; x_wconf 90' lang='lat' dir='ltr'><strong>propius</strong></span> <span class='ocrx_word' id='word_1_476' title='bbox 2344 2669 2573 2724; x_wconf 82' lang='lat' dir='ltr'><strong>admotae</strong></span> <span class='ocrx_word' id='word_1_477' title='bbox 2611 2671 2953 2725; x_wconf 89' lang='lat' dir='ltr'><strong>durissimum</strong></span> <span class='ocrx_word' id='word_1_478' title='bbox 3003 2669 3126 2723; x_wconf 89' lang='lat' dir='ltr'><strong>licet</strong></span> <span class='ocrx_word' id='word_1_479' title='bbox 3153 2666 3430 2736; x_wconf 86' lang='lat' dir='ltr'><strong>chalybem</strong></span> <span class='ocrx_word' id='word_1_480' title='bbox 3483 2663 3677 2718; x_wconf 78' lang='lat' dir='ltr'><strong>aﬁ‘ectu</strong></span> 
     </span>
    </p>
   </div>
   <div class='ocr_carea' id='block_1_55' title="bbox 2081 2753 3674 2833">
    <p class='ocr_par' dir='ltr' id='par_1_55' title="bbox 2081 2753 3674 2833">
     <span class='ocr_line' id='line_1_55' title="bbox 2081 2753 3674 2833; baseline -0.007 -17"><span class='ocrx_word' id='word_1_481' title='bbox 2081 2763 2247 2831; x_wconf 88' lang='lat' dir='ltr'><strong>.quasi</strong></span> <span class='ocrx_word' id='word_1_482' title='bbox 2302 2763 2538 2833; x_wconf 86' lang='lat' dir='ltr'><strong>spirante</strong></span> <span class='ocrx_word' id='word_1_483' title='bbox 2582 2763 2930 2832; x_wconf 84' lang='lat' dir='ltr'><strong>suspendunt,</strong></span> <span class='ocrx_word' id='word_1_484' title='bbox 2989 2761 3062 2813; x_wconf 88' lang='lat' dir='ltr'><strong>ita</strong></span> <span class='ocrx_word' id='word_1_485' title='bbox 3115 2758 3274 2812; x_wconf 87' lang='lat' dir='ltr'><strong>etiam</strong></span> <span class='ocrx_word' id='word_1_486' title='bbox 3331 2755 3438 2819; x_wconf 90' lang='lat' dir='ltr'><strong>ille,</strong></span> <span class='ocrx_word' id='word_1_487' title='bbox 3487 2753 3540 2807; x_wconf 90' lang='lat' dir='ltr'><strong>id</strong></span> <span class='ocrx_word' id='word_1_488' title='bbox 3569 2761 3674 2818; x_wconf 88' lang='lat' dir='ltr'><strong>est,</strong></span> 
     </span>
    </p>
   </div>
   <div class='ocr_carea' id='block_1_56' title="bbox 2092 2844 3674 2923">
    <p class='ocr_par' dir='ltr' id='par_1_56' title="bbox 2092 2844 3674 2923">
     <span class='ocr_line' id='line_1_56' title="bbox 2092 2844 3674 2923; baseline -0.008 -14"><span class='ocrx_word' id='word_1_489' title='bbox 2092 2869 2298 2909; x_wconf 89' lang='lat' dir='ltr'><strong>summa</strong></span> <span class='ocrx_word' id='word_1_490' title='bbox 2327 2862 2382 2908; x_wconf 89' lang='lat' dir='ltr'><strong>et</strong></span> <span class='ocrx_word' id='word_1_491' title='bbox 2408 2854 2700 2908; x_wconf 87' lang='lat' dir='ltr'><strong>clarissima</strong></span> <span class='ocrx_word' id='word_1_492' title='bbox 2728 2853 2831 2923; x_wconf 90' lang='lat'><strong>77</strong></span> <span class='ocrx_word' id='word_1_493' title='bbox 2864 2863 3146 2918; x_wconf 85' lang='lat' dir='ltr'><strong>regnorum</strong></span> <span class='ocrx_word' id='word_1_494' title='bbox 3192 2844 3485 2902; x_wconf 71' lang='lat' dir='ltr'><strong>omlestium</strong></span> <span class='ocrx_word' id='word_1_495' title='bbox 3525 2857 3674 2912; x_wconf 87' lang='lat' dir='ltr'><strong>gem-</strong></span> 
     </span>
    </p>
   </div>
   <div class='ocr_carea' id='block_1_57' title="bbox 2092 2936 3673 3009">
    <p class='ocr_par' dir='ltr' id='par_1_57' title="bbox 2092 2936 3673 3009">
     <span class='ocr_line' id='line_1_57' title="bbox 2092 2936 3673 3009; baseline -0.005 -12"><span class='ocrx_word' id='word_1_496' title='bbox 2092 2959 2197 3009; x_wconf 91' lang='lat' dir='ltr'><strong>ma,</strong></span> <span class='ocrx_word' id='word_1_497' title='bbox 2228 2945 2333 2999; x_wconf 93' lang='lat' dir='ltr'><strong>hoc</strong></span> <span class='ocrx_word' id='word_1_498' title='bbox 2359 2943 2564 2998; x_wconf 89' lang='lat' dir='ltr'><strong>scilicet</strong></span> <span class='ocrx_word' id='word_1_499' title='bbox 2590 2943 2759 2996; x_wconf 91' lang='lat' dir='ltr'><strong>voluit</strong></span> <span class='ocrx_word' id='word_1_500' title='bbox 2785 2947 2844 2996; x_wconf 92' lang='lat' dir='ltr'><strong>ut</strong></span> <span class='ocrx_word' id='word_1_501' title='bbox 2865 2941 2992 2996; x_wconf 91' lang='lat' dir='ltr'><strong>dum</strong></span> <span class='ocrx_word' id='word_1_502' title='bbox 3021 2955 3079 2994; x_wconf 92' lang='lat' dir='ltr'><strong>se</strong></span> <span class='ocrx_word' id='word_1_503' title='bbox 3103 2939 3231 2994; x_wconf 90' lang='lat' dir='ltr'><strong>licet</strong></span> <span class='ocrx_word' id='word_1_504' title='bbox 3257 2936 3554 2992; x_wconf 88' lang='lat' dir='ltr'><strong>durissimis</strong></span> <span class='ocrx_word' id='word_1_505' title='bbox 3575 2951 3673 2990; x_wconf 91' lang='lat' dir='ltr'><strong>no-</strong></span> 
     </span>
    </p>
   </div>
   <div class='ocr_carea' id='block_1_58' title="bbox 2091 3025 3674 3102">
    <p class='ocr_par' dir='ltr' id='par_1_58' title="bbox 2091 3025 3674 3102">
     <span class='ocr_line' id='line_1_58' title="bbox 2091 3025 3674 3102; baseline -0.004 -14"><span class='ocrx_word' id='word_1_506' title='bbox 2091 3034 2174 3088; x_wconf 87' lang='lat' dir='ltr'><strong>bis</strong></span> <span class='ocrx_word' id='word_1_507' title='bbox 2198 3033 2530 3089; x_wconf 85' lang='lat' dir='ltr'><strong>desoendens</strong></span> <span class='ocrx_word' id='word_1_508' title='bbox 2559 3033 2626 3088; x_wconf 91' lang='lat' dir='ltr'><strong>de</strong></span> <span class='ocrx_word' id='word_1_509' title='bbox 2653 3032 2791 3087; x_wconf 84' lang='lat' dir='ltr'><strong>coelo</strong></span> <span class='ocrx_word' id='word_1_510' title='bbox 2838 3031 3059 3102; x_wconf 89' lang='lat' dir='ltr'><strong>propius</strong></span> <span class='ocrx_word' id='word_1_511' title='bbox 3087 3029 3418 3098; x_wconf 88' lang='lat' dir='ltr'><strong>adjungeret,</strong></span> <span class='ocrx_word' id='word_1_512' title='bbox 3460 3025 3674 3081; x_wconf 83' lang='lat' dir='ltr'><strong>affectui</strong></span> 
     </span>
    </p>
   </div>
   <div class='ocr_carea' id='block_1_59' title="bbox 2091 3121 3675 3194">
    <p class='ocr_par' dir='ltr' id='par_1_59' title="bbox 2091 3121 3675 3194">
     <span class='ocr_line' id='line_1_59' title="bbox 2091 3121 3675 3194; baseline -0.006 -14"><span class='ocrx_word' id='word_1_513' title='bbox 2091 3141 2190 3180; x_wconf 88' lang='lat' dir='ltr'><strong>suo</strong></span> <span class='ocrx_word' id='word_1_514' title='bbox 2239 3141 2338 3180; x_wconf 89' lang='lat' dir='ltr'><strong>nos</strong></span> <span class='ocrx_word' id='word_1_515' title='bbox 2391 3125 2544 3194; x_wconf 89' lang='lat' dir='ltr'><strong>quasi</strong></span> <span class='ocrx_word' id='word_1_516' title='bbox 2599 3124 2798 3180; x_wconf 89' lang='lat' dir='ltr'><strong>amoris</strong></span> <span class='ocrx_word' id='word_1_517' title='bbox 2851 3124 2934 3178; x_wconf 90' lang='lat' dir='ltr'><strong>sui</strong></span> <span class='ocrx_word' id='word_1_518' title='bbox 2980 3122 3226 3177; x_wconf 91' lang='lat' dir='ltr'><strong>manibus</strong></span> <span class='ocrx_word' id='word_1_519' title='bbox 3255 3121 3584 3183; x_wconf 90' lang='lat' dir='ltr'><strong>admoveret,</strong></span> <span class='ocrx_word' id='word_1_520' title='bbox 3615 3126 3675 3172; x_wconf 88' lang='lat' dir='ltr'><strong>ut</strong></span> 
     </span>
    </p>
   </div>
   <div class='ocr_carea' id='block_1_60' title="bbox 412 3210 3674 3285">
    <p class='ocr_par' dir='ltr' id='par_1_60' title="bbox 412 3210 3674 3285">
     <span class='ocr_line' id='line_1_60' title="bbox 412 3210 3674 3285; baseline -0.002 -17"><span class='ocrx_word' id='word_1_521' title='bbox 412 3213 534 3268; x_wconf 90' lang='lat' dir='ltr'><strong>cidi.</strong></span> <span class='ocrx_word' id='word_1_522' title='bbox 560 3213 664 3268; x_wconf 87' lang='lat' dir='ltr'><strong>Sed</strong></span> <span class='ocrx_word' id='word_1_523' title='bbox 695 3215 877 3282; x_wconf 88' lang='lat' dir='ltr'><strong>utique</strong></span> <span class='ocrx_word' id='word_1_524' title='bbox 895 3215 1000 3270; x_wconf 88' lang='lat' dir='ltr'><strong>hoc</strong></span> <span class='ocrx_word' id='word_1_525' title='bbox 1020 3216 1188 3282; x_wconf 84' lang='lat' dir='ltr'><strong>magis</strong></span> <span class='ocrx_word' id='word_1_526' title='bbox 1206 3215 1587 3269; x_wconf 66' lang='lat' dir='ltr'><strong>inaestimabilis</strong></span> <span class='ocrx_word' id='word_1_527' title='bbox 1605 3215 1777 3284; x_wconf 87' lang='lat' dir='ltr'><strong>pietas</strong></span> <span class='ocrx_word' id='word_1_528' title='bbox 1801 3223 1856 3269; x_wconf 91' lang='lat' dir='ltr'><strong>et</strong></span> <span class='ocrx_word' id='word_1_529' title='bbox 1883 3217 1987 3271; x_wconf 92' lang='lat' dir='ltr'><strong>hoc</strong></span> <span class='ocrx_word' id='word_1_530' title='bbox 2012 3217 2061 3282; x_wconf 71' lang='grc' dir='ltr'><strong>Β</strong></span> <span class='ocrx_word' id='word_1_531' title='bbox 2090 3223 2440 3285; x_wconf 88' lang='lat' dir='ltr'><strong>agnoscentes</strong></span> <span class='ocrx_word' id='word_1_532' title='bbox 2479 3215 2661 3284; x_wconf 85' lang='lat' dir='ltr'><strong>utique</strong></span> <span class='ocrx_word' id='word_1_533' title='bbox 2688 3214 2829 3269; x_wconf 90' lang='lat' dir='ltr'><strong>dona</strong></span> <span class='ocrx_word' id='word_1_534' title='bbox 2867 3230 2962 3269; x_wconf 92' lang='lat' dir='ltr'><strong>sua</strong></span> <span class='ocrx_word' id='word_1_535' title='bbox 2992 3229 3055 3268; x_wconf 90' lang='lat' dir='ltr'><strong>ac</strong></span> <span class='ocrx_word' id='word_1_536' title='bbox 3082 3211 3360 3277; x_wconf 88' lang='lat' dir='ltr'><strong>beneﬁcia,</strong></span> <span class='ocrx_word' id='word_1_537' title='bbox 3410 3210 3674 3279; x_wconf 88' lang='lat' dir='ltr'><strong>intellige-</strong></span> 
     </span>
    </p>
   </div>
   <div class='ocr_carea' id='block_1_61' title="bbox 408 3305 1985 3375">
    <p class='ocr_par' dir='ltr' id='par_1_61' title="bbox 408 3305 1985 3375">
     <span class='ocr_line' id='line_1_61' title="bbox 408 3305 1985 3375; baseline 0.003 -18"><span class='ocrx_word' id='word_1_538' title='bbox 408 3305 575 3372; x_wconf 87' lang='lat' dir='ltr'><strong>magis</strong></span> <span class='ocrx_word' id='word_1_539' title='bbox 613 3305 888 3358; x_wconf 89' lang='lat' dir='ltr'><strong>mirabilis.</strong></span> <span class='ocrx_word' id='word_1_540' title='bbox 921 3305 1018 3359; x_wconf 90' lang='lat' dir='ltr'><strong>Dei</strong></span> <span class='ocrx_word' id='word_1_541' title='bbox 1045 3306 1214 3360; x_wconf 88' lang='lat' dir='ltr'><strong>virtus</strong></span> <span class='ocrx_word' id='word_1_542' title='bbox 1241 3314 1341 3371; x_wconf 88' lang='lat' dir='ltr'><strong>est,</strong></span> <span class='ocrx_word' id='word_1_543' title='bbox 1373 3306 1517 3374; x_wconf 91' lang='lat' dir='ltr'><strong>quod</strong></span> <span class='ocrx_word' id='word_1_544' title='bbox 1562 3306 1636 3360; x_wconf 91' lang='lat' dir='ltr'><strong>ita</strong></span> <span class='ocrx_word' id='word_1_545' title='bbox 1666 3307 1890 3375; x_wconf 90' lang='lat' dir='ltr'><strong>intelligi</strong></span> <span class='ocrx_word' id='word_1_546' title='bbox 1917 3307 1985 3362; x_wconf 88' lang='lat' dir='ltr'><strong>ab</strong></span> 
     </span>
    </p>
   </div>
   <div class='ocr_carea' id='block_1_62' title="bbox 407 3395 1983 3468">
    <p class='ocr_par' dir='ltr' id='par_1_62' title="bbox 407 3395 1983 3468">
     <span class='ocr_line' id='line_1_62' title="bbox 407 3395 1983 3468; baseline 0.003 -20"><span class='ocrx_word' id='word_1_547' title='bbox 407 3395 621 3449; x_wconf 89' lang='lat' dir='ltr'><strong>homine</strong></span> <span class='ocrx_word' id='word_1_548' title='bbox 646 3396 956 3463; x_wconf 91' lang='lat' dir='ltr'><strong>magnitudo</strong></span> <span class='ocrx_word' id='word_1_549' title='bbox 980 3395 1199 3464; x_wconf 66' lang='lat' dir='ltr'><strong>justitia:</strong></span> <span class='ocrx_word' id='word_1_550' title='bbox 1223 3412 1334 3452; x_wconf 61' lang='lat' dir='ltr'><strong>suae</strong></span> <span class='ocrx_word' id='word_1_551' title='bbox 1361 3413 1469 3452; x_wconf 90' lang='lat' dir='ltr'><strong>non</strong></span> <span class='ocrx_word' id='word_1_552' title='bbox 1497 3405 1697 3468; x_wconf 79' lang='lat' dir='ltr'><strong>potest,</strong></span> <span class='ocrx_word' id='word_1_553' title='bbox 1730 3405 1788 3452; x_wconf 91' lang='lat' dir='ltr'><strong>ut</strong></span> <span class='ocrx_word' id='word_1_554' title='bbox 1813 3413 1983 3467; x_wconf 90' lang='lat' dir='ltr'><strong>quan-</strong></span> 
     </span>
    </p>
   </div>
   <div class='ocr_carea' id='block_1_63' title="bbox 407 3485 1984 3558">
    <p class='ocr_par' dir='ltr' id='par_1_63' title="bbox 407 3485 1984 3558">
     <span class='ocr_line' id='line_1_63' title="bbox 407 3485 1984 3558; baseline 0.004 -21"><span class='ocrx_word' id='word_1_555' title='bbox 407 3492 517 3538; x_wconf 91' lang='lat' dir='ltr'><strong>tum</strong></span> <span class='ocrx_word' id='word_1_556' title='bbox 547 3485 615 3539; x_wconf 90' lang='lat' dir='ltr'><strong>ad</strong></span> <span class='ocrx_word' id='word_1_557' title='bbox 644 3486 1064 3540; x_wconf 89' lang='lat' dir='ltr'><strong>imbecillitatem</strong></span> <span class='ocrx_word' id='word_1_558' title='bbox 1093 3489 1377 3541; x_wconf 86' lang='lat' dir='ltr'><strong>humanam</strong></span> <span class='ocrx_word' id='word_1_559' title='bbox 1399 3489 1650 3557; x_wconf 88' lang='lat' dir='ltr'><strong>pertinet,</strong></span> <span class='ocrx_word' id='word_1_560' title='bbox 1674 3504 1812 3558; x_wconf 90' lang='lat' dir='ltr'><strong>pene</strong></span> <span class='ocrx_word' id='word_1_561' title='bbox 1841 3489 1984 3558; x_wconf 90' lang='lat' dir='ltr'><strong>inju-</strong></span> 
     </span>
    </p>
   </div>
   <div class='ocr_carea' id='block_1_64' title="bbox 406 3574 1982 3644">
    <p class='ocr_par' dir='ltr' id='par_1_64' title="bbox 406 3574 1982 3644">
     <span class='ocr_line' id='line_1_64' title="bbox 406 3574 1982 3644; baseline 0.004 -16"><span class='ocrx_word' id='word_1_562' title='bbox 406 3574 562 3628; x_wconf 72' lang='lat' dir='ltr'><strong>stitia:</strong></span> <span class='ocrx_word' id='word_1_563' title='bbox 609 3575 842 3644; x_wconf 88' lang='lat' dir='ltr'><strong>speciem</strong></span> <span class='ocrx_word' id='word_1_564' title='bbox 885 3576 1194 3643; x_wconf 88' lang='lat' dir='ltr'><strong>magnitudo</strong></span> <span class='ocrx_word' id='word_1_565' title='bbox 1236 3576 1456 3644; x_wconf 61' lang='lat' dir='ltr'><strong>justitia</strong></span> <span class='ocrx_word' id='word_1_566' title='bbox 1483 3579 1681 3633; x_wconf 89' lang='lat' dir='ltr'><strong>habere</strong></span> <span class='ocrx_word' id='word_1_567' title='bbox 1721 3580 1982 3634; x_wconf 87' lang='lat' dir='ltr'><strong>videatur.</strong></span> 
     </span>
    </p>
   </div>
   <div class='ocr_carea' id='block_1_65' title="bbox 406 3663 1986 3738">
    <p class='ocr_par' dir='ltr' id='par_1_65' title="bbox 406 3663 1986 3738">
     <span class='ocr_line' id='line_1_65' title="bbox 406 3663 1986 3738; baseline 0.004 -20"><span class='ocrx_word' id='word_1_568' title='bbox 406 3663 471 3719; x_wconf 84' lang='lat' dir='ltr'><strong>Et</strong></span> <span class='ocrx_word' id='word_1_569' title='bbox 499 3665 622 3720; x_wconf 90' lang='lat' dir='ltr'><strong>ideo</strong></span> <span class='ocrx_word' id='word_1_570' title='bbox 649 3666 954 3736; x_wconf 83' lang='lat' dir='ltr'><strong>Apostolus,</strong></span> <span class='ocrx_word' id='word_1_571' title='bbox 1003 3667 1070 3721; x_wconf 89' lang='lat' dir='ltr'><strong>ad</strong></span> <span class='ocrx_word' id='word_1_572' title='bbox 1098 3667 1430 3722; x_wconf 87' lang='lat' dir='ltr'><strong>indicandam</strong></span> <span class='ocrx_word' id='word_1_573' title='bbox 1470 3670 1622 3723; x_wconf 87' lang='lat' dir='ltr'><strong>nobis</strong></span> <span class='ocrx_word' id='word_1_574' title='bbox 1651 3669 1986 3738; x_wconf 88' lang='lat' dir='ltr'><strong>aliquatenus</strong></span> 
     </span>
    </p>
   </div>
   <div class='ocr_carea' id='block_1_66' title="bbox 402 3757 1986 3831">
    <p class='ocr_par' dir='ltr' id='par_1_66' title="bbox 402 3757 1986 3831">
     <span class='ocr_line' id='line_1_66' title="bbox 402 3757 1986 3831; baseline 0.001 -19"><span class='ocrx_word' id='word_1_575' title='bbox 402 3757 597 3812; x_wconf 68' lang='lat' dir='ltr'><strong>divina:</strong></span> <span class='ocrx_word' id='word_1_576' title='bbox 624 3758 1002 3813; x_wconf 61' lang='lat' dir='ltr'><strong>misericordiae</strong></span> <span class='ocrx_word' id='word_1_577' title='bbox 1031 3759 1443 3813; x_wconf 82' lang='lat' dir='ltr'><strong>immensitatem</strong></span> <span class='ocrx_word' id='word_1_578' title='bbox 1461 3799 1474 3823; x_wconf 95' lang='lat'><strong>,</strong></span> <span class='ocrx_word' id='word_1_579' title='bbox 1513 3760 1589 3814; x_wconf 89' lang='lat' dir='ltr'><strong>sic</strong></span> <span class='ocrx_word' id='word_1_580' title='bbox 1619 3759 1694 3812; x_wconf 90' lang='lat' dir='ltr'><strong>ait</strong></span> <span class='ocrx_word' id='word_1_581' title='bbox 1726 3778 1738 3812; x_wconf 91' lang='lat'><strong>:</strong></span> <span class='ocrx_word' id='word_1_582' title='bbox 1775 3760 1842 3812; x_wconf 89' lang='lat' dir='ltr'><strong>Ut</strong></span> <span class='ocrx_word' id='word_1_583' title='bbox 1863 3761 1986 3831; x_wconf 87' lang='lat' dir='ltr'><strong>quid</strong></span> 
     </span>
    </p>
   </div>
   <div class='ocr_carea' id='block_1_67' title="bbox 404 3846 1985 3921">
    <p class='ocr_par' dir='ltr' id='par_1_67' title="bbox 404 3846 1985 3921">
     <span class='ocr_line' id='line_1_67' title="bbox 404 3846 1985 3921; baseline 0.001 -19"><span class='ocrx_word' id='word_1_584' title='bbox 404 3849 539 3902; x_wconf 87' lang='lat' dir='ltr'><strong>enim</strong></span> <span class='ocrx_word' id='word_1_585' title='bbox 588 3846 838 3913; x_wconf 76' lang='lat' dir='ltr'><strong>Christus,</strong></span> <span class='ocrx_word' id='word_1_586' title='bbox 881 3865 994 3902; x_wconf 87' lang='lat' dir='ltr'><strong>cum</strong></span> <span class='ocrx_word' id='word_1_587' title='bbox 1037 3849 1204 3903; x_wconf 86' lang='lat' dir='ltr'><strong>adhuc</strong></span> <span class='ocrx_word' id='word_1_588' title='bbox 1243 3851 1387 3921; x_wconf 84' lang='lat' dir='ltr'><strong>impii</strong></span> <span class='ocrx_word' id='word_1_589' title='bbox 1425 3866 1663 3912; x_wconf 82' lang='lat' dir='ltr'><strong>essemus,</strong></span> <span class='ocrx_word' id='word_1_590' title='bbox 1708 3852 1985 3904; x_wconf 86' lang='lat' dir='ltr'><strong>secundum</strong></span> 
     </span>
    </p>
   </div>
   <div class='ocr_carea' id='block_1_68' title="bbox 407 3940 1986 4011">
    <p class='ocr_par' dir='ltr' id='par_1_68' title="bbox 407 3940 1986 4011">
     <span class='ocr_line' id='line_1_68' title="bbox 407 3940 1986 4011; baseline 0.002 -19"><span class='ocrx_word' id='word_1_591' title='bbox 407 3948 600 4009; x_wconf 84' lang='lat' dir='ltr'><strong>tempus</strong></span> <span class='ocrx_word' id='word_1_592' title='bbox 637 3958 729 4011; x_wconf 83' lang='lat' dir='ltr'><strong>pro</strong></span> <span class='ocrx_word' id='word_1_593' title='bbox 756 3943 928 4010; x_wconf 84' lang='lat' dir='ltr'><strong>impiis</strong></span> <span class='ocrx_word' id='word_1_594' title='bbox 956 3950 1187 3995; x_wconf 86' lang='lat' dir='ltr'><strong>mortuus</strong></span> <span class='ocrx_word' id='word_1_595' title='bbox 1223 3950 1298 3994; x_wconf 91' lang='lat' dir='ltr'><strong>est</strong></span> <span class='ocrx_word' id='word_1_596' title='bbox 1329 3942 1352 3993; x_wconf 70' lang='lat'><strong>.9</strong></span> <span class='ocrx_word' id='word_1_597' title='bbox 1406 3940 1508 3995; x_wconf 79' lang='lat' dir='ltr'><strong>Via:</strong></span> <span class='ocrx_word' id='word_1_598' title='bbox 1542 3943 1680 3994; x_wconf 86' lang='lat' dir='ltr'><strong>enim</strong></span> <span class='ocrx_word' id='word_1_599' title='bbox 1717 3959 1810 4011; x_wconf 87' lang='lat' dir='ltr'><strong>pro</strong></span> <span class='ocrx_word' id='word_1_600' title='bbox 1844 3943 1986 4011; x_wconf 87' lang='lat' dir='ltr'><strong>justo</strong></span> 
     </span>
    </p>
   </div>
   <div class='ocr_carea' id='block_1_69' title="bbox 410 4029 1986 4100">
    <p class='ocr_par' dir='ltr' id='par_1_69' title="bbox 410 4029 1986 4100">
     <span class='ocr_line' id='line_1_69' title="bbox 410 4029 1986 4100; baseline 0.004 -20"><span class='ocrx_word' id='word_1_601' title='bbox 410 4029 523 4098; x_wconf 88' lang='lat' dir='ltr'><strong>quis</strong></span> <span class='ocrx_word' id='word_1_602' title='bbox 550 4031 762 4082; x_wconf 89' lang='lat' dir='ltr'><strong>moritur</strong></span> <span class='ocrx_word' id='word_1_603' title='bbox 791 4029 963 4100; x_wconf 88' lang='lat' dir='ltr'><strong>(Rom.</strong></span> <span class='ocrx_word' id='word_1_604' title='bbox 990 4047 1042 4096; x_wconf 88' lang='lat' dir='ltr'><strong>v,</strong></span> <span class='ocrx_word' id='word_1_605' title='bbox 1087 4030 1137 4093; x_wconf 89' lang='grc'>6,</span> <span class='ocrx_word' id='word_1_606' title='bbox 1173 4031 1247 4100; x_wconf 85' lang='grc'><strong>7).</strong></span> <span class='ocrx_word' id='word_1_607' title='bbox 1291 4031 1538 4086; x_wconf 87' lang='lat' dir='ltr'><strong>Ostendit</strong></span> <span class='ocrx_word' id='word_1_608' title='bbox 1561 4031 1802 4100; x_wconf 80' lang='lat' dir='ltr'><strong>profecto</strong></span> <span class='ocrx_word' id='word_1_609' title='bbox 1834 4033 1986 4086; x_wconf 81' lang='lat' dir='ltr'><strong>nobis</strong></span> 
     </span>
    </p>
   </div>
   <div class='ocr_carea' id='block_1_70' title="bbox 409 4119 1986 4191">
    <p class='ocr_par' dir='ltr' id='par_1_70' title="bbox 409 4119 1986 4191">
     <span class='ocr_line' id='line_1_70' title="bbox 409 4119 1986 4191; baseline 0.003 -19"><span class='ocrx_word' id='word_1_610' title='bbox 409 4135 515 4172; x_wconf 89' lang='lat' dir='ltr'><strong>una</strong></span> <span class='ocrx_word' id='word_1_611' title='bbox 560 4119 661 4174; x_wconf 89' lang='lat' dir='ltr'><strong>hac</strong></span> <span class='ocrx_word' id='word_1_612' title='bbox 705 4123 964 4176; x_wconf 88' lang='lat' dir='ltr'><strong>sententia</strong></span> <span class='ocrx_word' id='word_1_613' title='bbox 1008 4123 1264 4191; x_wconf 90' lang='lat' dir='ltr'><strong>pietatem</strong></span> <span class='ocrx_word' id='word_1_614' title='bbox 1312 4123 1428 4177; x_wconf 91' lang='lat' dir='ltr'><strong>Dei.</strong></span> <span class='ocrx_word' id='word_1_615' title='bbox 1477 4123 1608 4177; x_wconf 90' lang='lat' dir='ltr'><strong>Nam</strong></span> <span class='ocrx_word' id='word_1_616' title='bbox 1645 4124 1689 4176; x_wconf 89' lang='lat' dir='ltr'><strong>si</strong></span> <span class='ocrx_word' id='word_1_617' title='bbox 1729 4124 1819 4177; x_wconf 83' lang='lat' dir='ltr'><strong>vix</strong></span> <span class='ocrx_word' id='word_1_618' title='bbox 1847 4125 1986 4178; x_wconf 89' lang='lat' dir='ltr'><strong>ullus</strong></span> 
     </span>
    </p>
   </div>
   <div class='ocr_carea' id='block_1_71' title="bbox 409 4211 1982 4284">
    <p class='ocr_par' dir='ltr' id='par_1_71' title="bbox 409 4211 1982 4284">
     <span class='ocr_line' id='line_1_71' title="bbox 409 4211 1982 4284; baseline 0.004 -22"><span class='ocrx_word' id='word_1_619' title='bbox 409 4223 508 4284; x_wconf 73' lang='lat' dir='ltr'><strong>pro</strong></span> <span class='ocrx_word' id='word_1_620' title='bbox 535 4225 741 4264; x_wconf 89' lang='lat' dir='ltr'><strong>summa</strong></span> <span class='ocrx_word' id='word_1_621' title='bbox 781 4211 984 4280; x_wconf 90' lang='lat' dir='ltr'><strong>justitia</strong></span> <span class='ocrx_word' id='word_1_622' title='bbox 1011 4222 1240 4268; x_wconf 91' lang='lat' dir='ltr'><strong>mortem</strong></span> <span class='ocrx_word' id='word_1_623' title='bbox 1270 4215 1510 4284; x_wconf 90' lang='lat' dir='ltr'><strong>suscipit,</strong></span> <span class='ocrx_word' id='word_1_624' title='bbox 1555 4216 1801 4284; x_wconf 88' lang='lat' dir='ltr'><strong>probavit</strong></span> <span class='ocrx_word' id='word_1_625' title='bbox 1829 4214 1982 4269; x_wconf 86' lang='lat' dir='ltr'><strong>Chri-</strong></span> 
     </span>
    </p>
   </div>
   <div class='ocr_carea' id='block_1_72' title="bbox 401 4306 1982 4376">
    <p class='ocr_par' dir='ltr' id='par_1_72' title="bbox 401 4306 1982 4376">
     <span class='ocr_line' id='line_1_72' title="bbox 401 4306 1982 4376; baseline 0.003 -20"><span class='ocrx_word' id='word_1_626' title='bbox 401 4309 516 4356; x_wconf 88' lang='lat' dir='ltr'><strong>stus</strong></span> <span class='ocrx_word' id='word_1_627' title='bbox 543 4310 802 4372; x_wconf 91' lang='lat' dir='ltr'><strong>quantum</strong></span> <span class='ocrx_word' id='word_1_628' title='bbox 840 4306 1144 4373; x_wconf 75' lang='lat' dir='ltr'><strong>przestiterit</strong></span> <span class='ocrx_word' id='word_1_629' title='bbox 1184 4322 1283 4376; x_wconf 93' lang='lat' dir='ltr'><strong>pro</strong></span> <span class='ocrx_word' id='word_1_630' title='bbox 1315 4315 1499 4361; x_wconf 88' lang='lat' dir='ltr'><strong>nostra</strong></span> <span class='ocrx_word' id='word_1_631' title='bbox 1547 4307 1825 4374; x_wconf 88' lang='lat' dir='ltr'><strong>iniquitate</strong></span> <span class='ocrx_word' id='word_1_632' title='bbox 1863 4323 1982 4361; x_wconf 90' lang='lat' dir='ltr'><strong>mo-</strong></span> 
     </span>
    </p>
   </div>
   <div class='ocr_carea' id='block_1_73' title="bbox 407 4394 1984 4459">
    <p class='ocr_par' dir='ltr' id='par_1_73' title="bbox 407 4394 1984 4459">
     <span class='ocr_line' id='line_1_73' title="bbox 407 4394 1984 4459; baseline 0.003 -11"><span class='ocrx_word' id='word_1_633' title='bbox 407 4394 616 4449; x_wconf 88' lang='lat' dir='ltr'><strong>riendo.</strong></span> <span class='ocrx_word' id='word_1_634' title='bbox 649 4394 754 4450; x_wconf 86' lang='lat' dir='ltr'><strong>Sed</strong></span> <span class='ocrx_word' id='word_1_635' title='bbox 799 4411 893 4451; x_wconf 91' lang='lat' dir='ltr'><strong>cur</strong></span> <span class='ocrx_word' id='word_1_636' title='bbox 913 4399 1014 4451; x_wconf 89' lang='lat' dir='ltr'><strong>hoc</strong></span> <span class='ocrx_word' id='word_1_637' title='bbox 1053 4398 1236 4453; x_wconf 82' lang='lat' dir='ltr'><strong>iecerit</strong></span> <span class='ocrx_word' id='word_1_638' title='bbox 1258 4397 1532 4459; x_wconf 89' lang='lat' dir='ltr'><strong>Dominus,</strong></span> <span class='ocrx_word' id='word_1_639' title='bbox 1564 4397 1744 4450; x_wconf 90' lang='lat' dir='ltr'><strong>statim</strong></span> <span class='ocrx_word' id='word_1_640' title='bbox 1774 4399 1824 4451; x_wconf 88' lang='lat' dir='ltr'><strong>in</strong></span> <span class='ocrx_word' id='word_1_641' title='bbox 1855 4398 1984 4452; x_wconf 78' lang='lat' dir='ltr'><strong>sub-</strong></span> 
     </span>
    </p>
   </div>
   <div class='ocr_carea' id='block_1_74' title="bbox 403 4485 1984 4559">
    <p class='ocr_par' dir='ltr' id='par_1_74' title="bbox 403 4485 1984 4559">
     <span class='ocr_line' id='line_1_74' title="bbox 403 4485 1984 4559; baseline 0.003 -19"><span class='ocrx_word' id='word_1_642' title='bbox 403 4485 528 4541; x_wconf 90' lang='lat' dir='ltr'><strong>ditis</strong></span> <span class='ocrx_word' id='word_1_643' title='bbox 575 4489 681 4559; x_wconf 74' lang='lat'><strong><em>76</em></strong></span> <span class='ocrx_word' id='word_1_644' title='bbox 749 4489 908 4544; x_wconf 89' lang='lat' dir='ltr'><strong>docet</strong></span> <span class='ocrx_word' id='word_1_645' title='bbox 946 4490 1129 4545; x_wconf 90' lang='lat' dir='ltr'><strong>dicens</strong></span> <span class='ocrx_word' id='word_1_646' title='bbox 1167 4509 1180 4543; x_wconf 90' lang='lat'><strong>:</strong></span> <span class='ocrx_word' id='word_1_647' title='bbox 1247 4488 1581 4543; x_wconf 85' lang='lat' dir='ltr'><strong>Commendat</strong></span> <span class='ocrx_word' id='word_1_648' title='bbox 1626 4498 1793 4544; x_wconf 83' lang='lat' dir='ltr'><strong>autem</strong></span> <span class='ocrx_word' id='word_1_649' title='bbox 1837 4507 1984 4544; x_wconf 89' lang='lat' dir='ltr'><strong>suam</strong></span> 
     </span>
    </p>
   </div>
   <div class='ocr_carea' id='block_1_75' title="bbox 2088 3303 3674 3377">
    <p class='ocr_par' dir='ltr' id='par_1_75' title="bbox 2088 3303 3674 3377">
     <span class='ocr_line' id='line_1_75' title="bbox 2088 3303 3674 3377; baseline -0.006 -15"><span class='ocrx_word' id='word_1_650' title='bbox 2088 3323 2275 3368; x_wconf 78' lang='lat' dir='ltr'><strong>remus.</strong></span> <span class='ocrx_word' id='word_1_651' title='bbox 2294 3307 2422 3376; x_wconf 91' lang='lat' dir='ltr'><strong>quid</strong></span> <span class='ocrx_word' id='word_1_652' title='bbox 2461 3322 2560 3362; x_wconf 89' lang='lat' dir='ltr'><strong>nos</strong></span> <span class='ocrx_word' id='word_1_653' title='bbox 2583 3321 2683 3377; x_wconf 89' lang='lat' dir='ltr'><strong>pro</strong></span> <span class='ocrx_word' id='word_1_654' title='bbox 2710 3307 2937 3362; x_wconf 91' lang='lat' dir='ltr'><strong>Domino</strong></span> <span class='ocrx_word' id='word_1_655' title='bbox 2967 3313 3076 3359; x_wconf 89' lang='lat' dir='ltr'><strong>tam</strong></span> <span class='ocrx_word' id='word_1_656' title='bbox 3102 3304 3247 3359; x_wconf 90' lang='lat' dir='ltr'><strong>bono</strong></span> <span class='ocrx_word' id='word_1_657' title='bbox 3275 3303 3449 3357; x_wconf 79' lang='lat' dir='ltr'><strong>facere</strong></span> <span class='ocrx_word' id='word_1_658' title='bbox 3475 3315 3674 3356; x_wconf 86' lang='lat' dir='ltr'><strong>conve-</strong></span> 
     </span>
    </p>
   </div>
   <div class='ocr_carea' id='block_1_76' title="bbox 2088 3394 3674 3468">
    <p class='ocr_par' dir='ltr' id='par_1_76' title="bbox 2088 3394 3674 3468">
     <span class='ocr_line' id='line_1_76' title="bbox 2088 3394 3674 3468; baseline -0.004 -15"><span class='ocrx_word' id='word_1_659' title='bbox 2088 3401 2248 3465; x_wconf 88' lang='lat' dir='ltr'><strong>niret,</strong></span> <span class='ocrx_word' id='word_1_660' title='bbox 2302 3414 2423 3454; x_wconf 91' lang='lat' dir='ltr'><strong>cum</strong></span> <span class='ocrx_word' id='word_1_661' title='bbox 2453 3399 2543 3452; x_wconf 91' lang='lat' dir='ltr'><strong>ille</strong></span> <span class='ocrx_word' id='word_1_662' title='bbox 2591 3414 2691 3468; x_wconf 92' lang='lat' dir='ltr'><strong>pro</strong></span> <span class='ocrx_word' id='word_1_663' title='bbox 2737 3400 2892 3454; x_wconf 90' lang='lat' dir='ltr'><strong>malis</strong></span> <span class='ocrx_word' id='word_1_664' title='bbox 2946 3399 3114 3453; x_wconf 87' lang='lat' dir='ltr'><strong>servis</strong></span> <span class='ocrx_word' id='word_1_665' title='bbox 3160 3404 3307 3451; x_wconf 86' lang='lat' dir='ltr'><strong>tanta</strong></span> <span class='ocrx_word' id='word_1_666' title='bbox 3357 3394 3586 3460; x_wconf 81' lang='lat' dir='ltr'><strong>fecisset,</strong></span> <span class='ocrx_word' id='word_1_667' title='bbox 3618 3401 3674 3448; x_wconf 85' lang='lat' dir='ltr'><strong>et</strong></span> 
     </span>
    </p>
   </div>
   <div class='ocr_carea' id='block_1_77' title="bbox 2087 3485 3672 3560">
    <p class='ocr_par' dir='ltr' id='par_1_77' title="bbox 2087 3485 3672 3560">
     <span class='ocr_line' id='line_1_77' title="bbox 2087 3485 3672 3560; baseline -0.003 -15"><span class='ocrx_word' id='word_1_668' title='bbox 2087 3491 2449 3560; x_wconf 89' lang='lat' dir='ltr'><strong>compleretur</strong></span> <span class='ocrx_word' id='word_1_669' title='bbox 2475 3491 2580 3544; x_wconf 91' lang='lat' dir='ltr'><strong>hoc</strong></span> <span class='ocrx_word' id='word_1_670' title='bbox 2607 3491 2753 3558; x_wconf 91' lang='lat' dir='ltr'><strong>quod</strong></span> <span class='ocrx_word' id='word_1_671' title='bbox 2793 3490 3084 3558; x_wconf 73' lang='lat' dir='ltr'><strong>Apostolus</strong></span> <span class='ocrx_word' id='word_1_672' title='bbox 3112 3487 3258 3552; x_wconf 81' lang='lat' dir='ltr'><strong>dicit,</strong></span> <span class='ocrx_word' id='word_1_673' title='bbox 3295 3495 3354 3542; x_wconf 91' lang='lat' dir='ltr'><strong>ut</strong></span> <span class='ocrx_word' id='word_1_674' title='bbox 3381 3485 3672 3542; x_wconf 84' lang='lat' dir='ltr'><strong>mortiﬁca-</strong></span> 
     </span>
    </p>
   </div>
   <div class='ocr_carea' id='block_1_78' title="bbox 2087 3579 3666 3648">
    <p class='ocr_par' dir='ltr' id='par_1_78' title="bbox 2087 3579 3666 3648">
     <span class='ocr_line' id='line_1_78' title="bbox 2087 3579 3666 3648; baseline -0.003 -12"><span class='ocrx_word' id='word_1_675' title='bbox 2087 3597 2268 3637; x_wconf 90' lang='lat' dir='ltr'><strong>remur</strong></span> <span class='ocrx_word' id='word_1_676' title='bbox 2295 3583 2557 3637; x_wconf 90' lang='lat' dir='ltr'><strong>charitate</strong></span> <span class='ocrx_word' id='word_1_677' title='bbox 2586 3582 2726 3636; x_wconf 90' lang='lat' dir='ltr'><strong>illius</strong></span> <span class='ocrx_word' id='word_1_678' title='bbox 2753 3590 2866 3635; x_wconf 90' lang='lat' dir='ltr'><strong>tota</strong></span> <span class='ocrx_word' id='word_1_679' title='bbox 2914 3583 3022 3645; x_wconf 91' lang='lat' dir='ltr'><strong>die,</strong></span> <span class='ocrx_word' id='word_1_680' title='bbox 3051 3587 3106 3638; x_wconf 87' lang='lat' dir='ltr'><strong>et</strong></span> <span class='ocrx_word' id='word_1_681' title='bbox 3152 3595 3326 3648; x_wconf 91' lang='lat' dir='ltr'><strong>neque</strong></span> <span class='ocrx_word' id='word_1_682' title='bbox 3372 3579 3666 3641; x_wconf 90' lang='lat' dir='ltr'><strong>tribulatio,</strong></span> 
     </span>
    </p>
   </div>
   <div class='ocr_carea' id='block_1_79' title="bbox 2087 3669 3671 3740">
    <p class='ocr_par' dir='ltr' id='par_1_79' title="bbox 2087 3669 3671 3740">
     <span class='ocr_line' id='line_1_79' title="bbox 2087 3669 3671 3740; baseline -0.003 -14"><span class='ocrx_word' id='word_1_683' title='bbox 2087 3685 2260 3740; x_wconf 90' lang='lat' dir='ltr'><strong>neque</strong></span> <span class='ocrx_word' id='word_1_684' title='bbox 2283 3672 2544 3739; x_wconf 86' lang='lat' dir='ltr'><strong>angustia,</strong></span> <span class='ocrx_word' id='word_1_685' title='bbox 2578 3685 2753 3738; x_wconf 90' lang='lat' dir='ltr'><strong>neque</strong></span> <span class='ocrx_word' id='word_1_686' title='bbox 2791 3671 3110 3738; x_wconf 90' lang='lat' dir='ltr'><strong>persecutio,</strong></span> <span class='ocrx_word' id='word_1_687' title='bbox 3142 3685 3314 3737; x_wconf 90' lang='lat' dir='ltr'><strong>neque</strong></span> <span class='ocrx_word' id='word_1_688' title='bbox 3355 3669 3540 3730; x_wconf 78' lang='lat' dir='ltr'><strong>fames,</strong></span> <span class='ocrx_word' id='word_1_689' title='bbox 3572 3685 3671 3722; x_wconf 91' lang='lat' dir='ltr'><strong>ne-</strong></span> 
     </span>
    </p>
   </div>
   <div class='ocr_carea' id='block_1_80' title="bbox 2087 3759 3668 3831">
    <p class='ocr_par' dir='ltr' id='par_1_80' title="bbox 2087 3759 3668 3831">
     <span class='ocr_line' id='line_1_80' title="bbox 2087 3759 3668 3831; baseline -0.001 -16"><span class='ocrx_word' id='word_1_690' title='bbox 2087 3777 2191 3831; x_wconf 89' lang='lat' dir='ltr'><strong>que</strong></span> <span class='ocrx_word' id='word_1_691' title='bbox 2234 3762 2462 3821; x_wconf 76' lang='lat' dir='ltr'><strong>nuditas,</strong></span> <span class='ocrx_word' id='word_1_692' title='bbox 2506 3774 2681 3826; x_wconf 89' lang='lat' dir='ltr'><strong>neque</strong></span> <span class='ocrx_word' id='word_1_693' title='bbox 2730 3759 2936 3826; x_wconf 89' lang='lat' dir='ltr'><strong>gladius</strong></span> <span class='ocrx_word' id='word_1_694' title='bbox 2983 3767 3164 3826; x_wconf 88' lang='lat' dir='ltr'><strong>posset</strong></span> <span class='ocrx_word' id='word_1_695' title='bbox 3204 3775 3304 3812; x_wconf 91' lang='lat' dir='ltr'><strong>nos</strong></span> <span class='ocrx_word' id='word_1_696' title='bbox 3343 3772 3595 3826; x_wconf 89' lang='lat' dir='ltr'><strong>separare</strong></span> <span class='ocrx_word' id='word_1_697' title='bbox 3634 3775 3668 3814; x_wconf 89' lang='lat' dir='ltr'><strong>a</strong></span> 
     </span>
    </p>
   </div>
   <div class='ocr_carea' id='block_1_81' title="bbox 2087 3846 3665 3918">
    <p class='ocr_par' dir='ltr' id='par_1_81' title="bbox 2087 3846 3665 3918">
     <span class='ocr_line' id='line_1_81' title="bbox 2087 3846 3665 3918; baseline -0.001 -11"><span class='ocrx_word' id='word_1_698' title='bbox 2087 3854 2348 3908; x_wconf 89' lang='lat' dir='ltr'><strong>charitate</strong></span> <span class='ocrx_word' id='word_1_699' title='bbox 2375 3850 2394 3888; x_wconf 75' lang='grc' dir='ltr'><em>τ</em></span> <span class='ocrx_word' id='word_1_700' title='bbox 2425 3851 2538 3918; x_wconf 92' lang='lat' dir='ltr'><strong>Dei,</strong></span> <span class='ocrx_word' id='word_1_701' title='bbox 2562 3865 2681 3918; x_wconf 73' lang='lat' dir='ltr'><strong>quae</strong></span> <span class='ocrx_word' id='word_1_702' title='bbox 2709 3860 2793 3904; x_wconf 85' lang='lat' dir='ltr'><strong>est</strong></span> <span class='ocrx_word' id='word_1_703' title='bbox 2820 3849 2874 3902; x_wconf 90' lang='lat' dir='ltr'><strong>in</strong></span> <span class='ocrx_word' id='word_1_704' title='bbox 2899 3846 3111 3902; x_wconf 88' lang='lat' dir='ltr'><strong>Christo</strong></span> <span class='ocrx_word' id='word_1_705' title='bbox 3135 3847 3263 3902; x_wconf 87' lang='lat' dir='ltr'><strong>Jesu</strong></span> <span class='ocrx_word' id='word_1_706' title='bbox 3292 3849 3520 3904; x_wconf 90' lang='lat' dir='ltr'><strong>Domino</strong></span> <span class='ocrx_word' id='word_1_707' title='bbox 3566 3865 3665 3905; x_wconf 92' lang='lat' dir='ltr'><strong>no-</strong></span> 
     </span>
    </p>
   </div>
   <div class='ocr_carea' id='block_1_82' title="bbox 2087 3939 2680 4012">
    <p class='ocr_par' dir='ltr' id='par_1_82' title="bbox 2087 3939 2680 4012">
     <span class='ocr_line' id='line_1_82' title="bbox 2087 3939 2680 4012; baseline -0.007 -14"><span class='ocrx_word' id='word_1_708' title='bbox 2087 3952 2200 3998; x_wconf 89' lang='lat' dir='ltr'><strong>stro</strong></span> <span class='ocrx_word' id='word_1_709' title='bbox 2223 3942 2397 4012; x_wconf 91' lang='lat' dir='ltr'><strong>(Rom.</strong></span> <span class='ocrx_word' id='word_1_710' title='bbox 2431 3958 2538 4005; x_wconf 84' lang='lat' dir='ltr'><strong>vul,</strong></span> <span class='ocrx_word' id='word_1_711' title='bbox 2570 3939 2680 4010; x_wconf 75' lang='lat'><strong>56).</strong></span> 
     </span>
    </p>
   </div>
   <div class='ocr_carea' id='block_1_83' title="bbox 2159 4029 3666 4102">
    <p class='ocr_par' dir='ltr' id='par_1_83' title="bbox 2159 4029 3666 4102">
     <span class='ocr_line' id='line_1_83' title="bbox 2159 4029 3666 4102; baseline -0.001 -14"><span class='ocrx_word' id='word_1_712' title='bbox 2159 4034 2250 4088; x_wconf 78' lang='lat' dir='ltr'><strong>XI.</strong></span> <span class='ocrx_word' id='word_1_713' title='bbox 2280 4032 2416 4088; x_wconf 88' lang='lat' dir='ltr'><strong>Cum</strong></span> <span class='ocrx_word' id='word_1_714' title='bbox 2445 4047 2573 4102; x_wconf 88' lang='lat' dir='ltr'><strong>ergo</strong></span> <span class='ocrx_word' id='word_1_715' title='bbox 2620 4032 2733 4088; x_wconf 86' lang='lat' dir='ltr'><strong>haec</strong></span> <span class='ocrx_word' id='word_1_716' title='bbox 2774 4047 2805 4086; x_wconf 89' lang='lat' dir='ltr'><strong>a</strong></span> <span class='ocrx_word' id='word_1_717' title='bbox 2852 4031 3008 4087; x_wconf 88' lang='lat' dir='ltr'><strong>nobis</strong></span> <span class='ocrx_word' id='word_1_718' title='bbox 3036 4030 3220 4086; x_wconf 87' lang='lat' dir='ltr'><strong>deberi</strong></span> <span class='ocrx_word' id='word_1_719' title='bbox 3263 4029 3492 4086; x_wconf 88' lang='lat' dir='ltr'><strong>Domino</strong></span> <span class='ocrx_word' id='word_1_720' title='bbox 3533 4033 3666 4087; x_wconf 90' lang='lat' dir='ltr'><strong>satis</strong></span> 
     </span>
    </p>
   </div>
   <div class='ocr_carea' id='block_1_84' title="bbox 2087 4121 3663 4194">
    <p class='ocr_par' dir='ltr' id='par_1_84' title="bbox 2087 4121 3663 4194">
     <span class='ocr_line' id='line_1_84' title="bbox 2087 4121 3663 4194; baseline -0.003 -14"><span class='ocrx_word' id='word_1_721' title='bbox 2087 4134 2293 4180; x_wconf 88' lang='lat' dir='ltr'><strong>certum</strong></span> <span class='ocrx_word' id='word_1_722' title='bbox 2321 4125 2408 4189; x_wconf 89' lang='lat' dir='ltr'><strong>sit,</strong></span> <span class='ocrx_word' id='word_1_723' title='bbox 2445 4123 2717 4179; x_wconf 89' lang='lat' dir='ltr'><strong>videamus</strong></span> <span class='ocrx_word' id='word_1_724' title='bbox 2736 4123 2866 4193; x_wconf 88' lang='lat' dir='ltr'><strong>quid</strong></span> <span class='ocrx_word' id='word_1_725' title='bbox 2893 4138 2992 4194; x_wconf 90' lang='lat' dir='ltr'><strong>pro</strong></span> <span class='ocrx_word' id='word_1_726' title='bbox 3021 4124 3105 4178; x_wconf 90' lang='lat' dir='ltr'><strong>his</strong></span> <span class='ocrx_word' id='word_1_727' title='bbox 3133 4123 3340 4178; x_wconf 90' lang='lat' dir='ltr'><strong>cunctis</strong></span> <span class='ocrx_word' id='word_1_728' title='bbox 3360 4121 3663 4189; x_wconf 87' lang='lat' dir='ltr'><strong>reddimus;</strong></span> 
     </span>
    </p>
   </div>
   <div class='ocr_carea' id='block_1_85' title="bbox 2088 4214 3667 4284">
    <p class='ocr_par' dir='ltr' id='par_1_85' title="bbox 2088 4214 3667 4284">
     <span class='ocr_line' id='line_1_85' title="bbox 2088 4214 3667 4284; baseline 0 -15"><span class='ocrx_word' id='word_1_729' title='bbox 2088 4230 2273 4284; x_wconf 70' lang='lat' dir='ltr'><strong>quaeve</strong></span> <span class='ocrx_word' id='word_1_730' title='bbox 2301 4215 2508 4269; x_wconf 91' lang='lat' dir='ltr'><strong>demus.</strong></span> <span class='ocrx_word' id='word_1_731' title='bbox 2558 4214 2696 4281; x_wconf 88' lang='lat' dir='ltr'><strong>Quid</strong></span> <span class='ocrx_word' id='word_1_732' title='bbox 2735 4214 2938 4269; x_wconf 89' lang='lat' dir='ltr'><strong>scilicet</strong></span> <span class='ocrx_word' id='word_1_733' title='bbox 2983 4216 3086 4269; x_wconf 91' lang='lat' dir='ltr'><strong>nisi</strong></span> <span class='ocrx_word' id='word_1_734' title='bbox 3136 4223 3305 4268; x_wconf 92' lang='lat' dir='ltr'><strong>totum</strong></span> <span class='ocrx_word' id='word_1_735' title='bbox 3356 4215 3484 4269; x_wconf 91' lang='lat' dir='ltr'><strong>illud</strong></span> <span class='ocrx_word' id='word_1_736' title='bbox 3521 4214 3667 4284; x_wconf 90' lang='lat' dir='ltr'><strong>quod</strong></span> 
     </span>
    </p>
   </div>
   <div class='ocr_carea' id='block_1_86' title="bbox 2087 4305 3663 4376">
    <p class='ocr_par' dir='ltr' id='par_1_86' title="bbox 2087 4305 3663 4376">
     <span class='ocr_line' id='line_1_86' title="bbox 2087 4305 3663 4376; baseline -0.001 -15"><span class='ocrx_word' id='word_1_737' title='bbox 2087 4321 2248 4376; x_wconf 89' lang='lat' dir='ltr'><strong>supra</strong></span> <span class='ocrx_word' id='word_1_738' title='bbox 2288 4305 2517 4360; x_wconf 84' lang='lat' dir='ltr'><strong>diximus</strong></span> <span class='ocrx_word' id='word_1_739' title='bbox 2540 4344 2556 4370; x_wconf 95' lang='lat'><strong>,</strong></span> <span class='ocrx_word' id='word_1_740' title='bbox 2605 4305 2862 4375; x_wconf 91' lang='lat' dir='ltr'><strong>quidquid</strong></span> <span class='ocrx_word' id='word_1_741' title='bbox 2900 4305 3186 4369; x_wconf 88' lang='lat' dir='ltr'><strong>indecens,</strong></span> <span class='ocrx_word' id='word_1_742' title='bbox 3229 4305 3486 4373; x_wconf 90' lang='lat' dir='ltr'><strong>quidquid</strong></span> <span class='ocrx_word' id='word_1_743' title='bbox 3523 4307 3663 4360; x_wconf 91' lang='lat' dir='ltr'><strong>indi-</strong></span> 
     </span>
    </p>
   </div>
   <div class='ocr_carea' id='block_1_87' title="bbox 2085 4395 3662 4467">
    <p class='ocr_par' dir='ltr' id='par_1_87' title="bbox 2085 4395 3662 4467">
     <span class='ocr_line' id='line_1_87' title="bbox 2085 4395 3662 4467; baseline -0.002 -15"><span class='ocrx_word' id='word_1_744' title='bbox 2085 4413 2269 4467; x_wconf 88' lang='lat' dir='ltr'><strong>gnum,</strong></span> <span class='ocrx_word' id='word_1_745' title='bbox 2301 4396 2557 4466; x_wconf 88' lang='lat' dir='ltr'><strong>quidquid</strong></span> <span class='ocrx_word' id='word_1_746' title='bbox 2582 4396 2652 4450; x_wconf 89' lang='lat' dir='ltr'><strong>ad</strong></span> <span class='ocrx_word' id='word_1_747' title='bbox 2676 4395 2920 4464; x_wconf 89' lang='lat' dir='ltr'><strong>injuriam</strong></span> <span class='ocrx_word' id='word_1_748' title='bbox 2946 4396 3040 4450; x_wconf 91' lang='lat' dir='ltr'><strong>Dei</strong></span> <span class='ocrx_word' id='word_1_749' title='bbox 3068 4396 3361 4465; x_wconf 87' lang='lat' dir='ltr'><strong>pertinens,</strong></span> <span class='ocrx_word' id='word_1_750' title='bbox 3391 4402 3540 4450; x_wconf 89' lang='lat' dir='ltr'><strong>actus</strong></span> <span class='ocrx_word' id='word_1_751' title='bbox 3561 4397 3662 4449; x_wconf 83' lang='lat' dir='ltr'><strong>im-</strong></span> 
     </span>
    </p>
   </div>
   <div class='ocr_carea' id='block_1_88' title="bbox 2085 4486 3662 4560">
    <p class='ocr_par' dir='ltr' id='par_1_88' title="bbox 2085 4486 3662 4560">
     <span class='ocr_line' id='line_1_88' title="bbox 2085 4486 3662 4560; baseline 0 -17"><span class='ocrx_word' id='word_1_752' title='bbox 2085 4489 2303 4560; x_wconf 90' lang='lat' dir='ltr'><strong>probos,</strong></span> <span class='ocrx_word' id='word_1_753' title='bbox 2340 4503 2520 4544; x_wconf 91' lang='lat' dir='ltr'><strong>mores</strong></span> <span class='ocrx_word' id='word_1_754' title='bbox 2547 4486 2855 4557; x_wconf 85' lang='lat' dir='ltr'><strong>ﬁagitiosos,</strong></span> <span class='ocrx_word' id='word_1_755' title='bbox 2885 4488 3192 4553; x_wconf 89' lang='lat' dir='ltr'><strong>ebrietates,</strong></span> <span class='ocrx_word' id='word_1_756' title='bbox 3222 4487 3662 4554; x_wconf 84' lang='lat' dir='ltr'><strong>comessationes,</strong></span> 
     </span>
    </p>
   </div>
   <div class='ocr_carea' id='block_1_89' title="bbox 403 4576 3664 4652">
    <p class='ocr_par' dir='ltr' id='par_1_89' title="bbox 403 4576 3664 4652">
     <span class='ocr_line' id='line_1_89' title="bbox 403 4576 3664 4652; baseline 0.002 -22"><span class='ocrx_word' id='word_1_757' title='bbox 403 4576 704 4632; x_wconf 76' lang='lat' dir='ltr'><strong>charitatem</strong></span> <span class='ocrx_word' id='word_1_758' title='bbox 733 4579 870 4634; x_wconf 84' lang='lat' dir='ltr'><strong>Deus</strong></span> <span class='ocrx_word' id='word_1_759' title='bbox 892 4583 942 4634; x_wconf 84' lang='lat' dir='ltr'><strong>in</strong></span> <span class='ocrx_word' id='word_1_760' title='bbox 973 4581 1138 4636; x_wconf 90' lang='lat' dir='ltr'><strong>nobis.</strong></span> <span class='ocrx_word' id='word_1_761' title='bbox 1177 4581 1319 4635; x_wconf 85' lang='lat' dir='ltr'><strong>Nam</strong></span> <span class='ocrx_word' id='word_1_762' title='bbox 1343 4583 1388 4635; x_wconf 89' lang='lat' dir='ltr'><strong>si</strong></span> <span class='ocrx_word' id='word_1_763' title='bbox 1414 4597 1529 4634; x_wconf 87' lang='lat' dir='ltr'><strong>cum</strong></span> <span class='ocrx_word' id='word_1_764' title='bbox 1557 4581 1722 4633; x_wconf 85' lang='lat' dir='ltr'><strong>adhuc</strong></span> <span class='ocrx_word' id='word_1_765' title='bbox 1742 4591 1979 4652; x_wconf 86' lang='lat' dir='ltr'><strong>peccato-</strong></span> <span class='ocrx_word' id='word_1_766' title='bbox 2005 4585 2062 4646; x_wconf 84' lang='lat' dir='ltr'><strong>D</strong></span> <span class='ocrx_word' id='word_1_767' title='bbox 2083 4587 2336 4636; x_wconf 88' lang='lat' dir='ltr'><strong>cruentas</strong></span> <span class='ocrx_word' id='word_1_768' title='bbox 2373 4593 2584 4645; x_wconf 89' lang='lat' dir='ltr'><strong>manus,</strong></span> <span class='ocrx_word' id='word_1_769' title='bbox 2613 4578 2880 4633; x_wconf 72' lang='lat' dir='ltr'><strong>foeditates</strong></span> <span class='ocrx_word' id='word_1_770' title='bbox 2910 4579 3142 4634; x_wconf 88' lang='lat' dir='ltr'><strong>libidinis</strong></span> <span class='ocrx_word' id='word_1_771' title='bbox 3164 4619 3180 4644; x_wconf 93' lang='lat'><strong>,</strong></span> <span class='ocrx_word' id='word_1_772' title='bbox 3209 4589 3234 4626; x_wconf 73' lang='grc' dir='ltr'><strong><em>Β</em></strong></span> <span class='ocrx_word' id='word_1_773' title='bbox 3269 4579 3482 4650; x_wconf 89' lang='lat' dir='ltr'><strong>rapidas</strong></span> <span class='ocrx_word' id='word_1_774' title='bbox 3510 4581 3664 4650; x_wconf 92' lang='lat' dir='ltr'><strong>cupi-</strong></span> 
     </span>
    </p>
   </div>
   <div class='ocr_carea' id='block_1_90' title="bbox 399 4670 1978 4740">
    <p class='ocr_par' dir='ltr' id='par_1_90' title="bbox 399 4670 1978 4740">
     <span class='ocr_line' id='line_1_90' title="bbox 399 4670 1978 4740; baseline 0.004 -19"><span class='ocrx_word' id='word_1_775' title='bbox 399 4685 480 4723; x_wconf 85' lang='lat' dir='ltr'><strong>res</strong></span> <span class='ocrx_word' id='word_1_776' title='bbox 520 4685 762 4735; x_wconf 75' lang='lat' dir='ltr'><strong>essemus,</strong></span> <span class='ocrx_word' id='word_1_777' title='bbox 805 4670 1036 4726; x_wconf 86' lang='lat' dir='ltr'><strong>Christus</strong></span> <span class='ocrx_word' id='word_1_778' title='bbox 1080 4690 1174 4740; x_wconf 87' lang='lat' dir='ltr'><strong>pro</strong></span> <span class='ocrx_word' id='word_1_779' title='bbox 1213 4671 1359 4726; x_wconf 87' lang='lat' dir='ltr'><strong>nobis</strong></span> <span class='ocrx_word' id='word_1_780' title='bbox 1419 4681 1647 4725; x_wconf 90' lang='lat' dir='ltr'><strong>mortuus</strong></span> <span class='ocrx_word' id='word_1_781' title='bbox 1687 4682 1778 4737; x_wconf 89' lang='lat' dir='ltr'><strong>est,</strong></span> <span class='ocrx_word' id='word_1_782' title='bbox 1819 4675 1978 4728; x_wconf 88' lang='lat' dir='ltr'><strong>multo</strong></span> 
     </span>
    </p>
   </div>
   <div class='ocr_carea' id='block_1_91' title="bbox 397 4761 1980 4834">
    <p class='ocr_par' dir='ltr' id='par_1_91' title="bbox 397 4761 1980 4834">
     <span class='ocr_line' id='line_1_91' title="bbox 397 4761 1980 4834; baseline 0.004 -22"><span class='ocrx_word' id='word_1_783' title='bbox 397 4761 566 4830; x_wconf 86' lang='lat' dir='ltr'><strong>magis</strong></span> <span class='ocrx_word' id='word_1_784' title='bbox 592 4761 750 4831; x_wconf 83' lang='lat' dir='ltr'><strong>igitur</strong></span> <span class='ocrx_word' id='word_1_785' title='bbox 769 4763 1045 4832; x_wconf 80' lang='lat' dir='ltr'><strong>justiﬁcati</strong></span> <span class='ocrx_word' id='word_1_786' title='bbox 1086 4780 1220 4816; x_wconf 87' lang='lat' dir='ltr'><strong>nunc</strong></span> <span class='ocrx_word' id='word_1_787' title='bbox 1252 4765 1306 4816; x_wconf 91' lang='lat' dir='ltr'><strong>in</strong></span> <span class='ocrx_word' id='word_1_788' title='bbox 1346 4765 1596 4834; x_wconf 85' lang='lat' dir='ltr'><strong>sanguine</strong></span> <span class='ocrx_word' id='word_1_789' title='bbox 1624 4764 1816 4833; x_wconf 84' lang='lat' dir='ltr'><strong>ipsius,</strong></span> <span class='ocrx_word' id='word_1_790' title='bbox 1850 4765 1980 4818; x_wconf 83' lang='lat' dir='ltr'><strong>salvi</strong></span> 
     </span>
    </p>
   </div>
   <div class='ocr_carea' id='block_1_92' title="bbox 397 4854 1975 4927">
    <p class='ocr_par' dir='ltr' id='par_1_92' title="bbox 397 4854 1975 4927">
     <span class='ocr_line' id='line_1_92' title="bbox 397 4854 1975 4927; baseline 0.003 -21"><span class='ocrx_word' id='word_1_791' title='bbox 397 4854 589 4908; x_wconf 74' lang='lat' dir='ltr'><strong>erimus</strong></span> <span class='ocrx_word' id='word_1_792' title='bbox 630 4855 696 4908; x_wconf 90' lang='lat' dir='ltr'><strong>ab</strong></span> <span class='ocrx_word' id='word_1_793' title='bbox 722 4857 803 4908; x_wconf 91' lang='lat' dir='ltr'><strong>ira</strong></span> <span class='ocrx_word' id='word_1_794' title='bbox 840 4873 931 4927; x_wconf 87' lang='lat' dir='ltr'><strong>per</strong></span> <span class='ocrx_word' id='word_1_795' title='bbox 963 4858 1130 4926; x_wconf 85' lang='lat' dir='ltr'><strong>ipsum</strong></span> <span class='ocrx_word' id='word_1_796' title='bbox 1161 4854 1324 4925; x_wconf 83' lang='lat' dir='ltr'><strong>(Ibid.</strong></span> <span class='ocrx_word' id='word_1_797' title='bbox 1357 4856 1411 4922; x_wconf 91' lang='lat'><strong>8,</strong></span> <span class='ocrx_word' id='word_1_798' title='bbox 1455 4854 1529 4925; x_wconf 83' lang='lat'><strong>9).</strong></span> <span class='ocrx_word' id='word_1_799' title='bbox 1568 4855 1681 4910; x_wconf 84' lang='lat' dir='ltr'><strong>Hoc</strong></span> <span class='ocrx_word' id='word_1_800' title='bbox 1705 4856 1820 4926; x_wconf 92' lang='lat' dir='ltr'><strong>ipso</strong></span> <span class='ocrx_word' id='word_1_801' title='bbox 1847 4871 1975 4925; x_wconf 88' lang='lat' dir='ltr'><strong>ergo</strong></span> 
     </span>
    </p>
   </div>
   <div class='ocr_carea' id='block_1_93' title="bbox 398 4945 1976 5018">
    <p class='ocr_par' dir='ltr' id='par_1_93' title="bbox 398 4945 1976 5018">
     <span class='ocr_line' id='line_1_93' title="bbox 398 4945 1976 5018; baseline 0.001 -18"><span class='ocrx_word' id='word_1_802' title='bbox 398 4946 757 5012; x_wconf 89' lang='lat' dir='ltr'><strong>commendat,</strong></span> <span class='ocrx_word' id='word_1_803' title='bbox 791 4945 817 4985; x_wconf 70' lang='grc' dir='ltr'>δ</span> <span class='ocrx_word' id='word_1_804' title='bbox 846 4949 970 5016; x_wconf 91' lang='lat' dir='ltr'><strong>quia</strong></span> <span class='ocrx_word' id='word_1_805' title='bbox 1018 4963 1117 5018; x_wconf 89' lang='lat' dir='ltr'><strong>pro</strong></span> <span class='ocrx_word' id='word_1_806' title='bbox 1146 4949 1322 5018; x_wconf 89' lang='lat' dir='ltr'><strong>impiis</strong></span> <span class='ocrx_word' id='word_1_807' title='bbox 1349 4955 1590 5002; x_wconf 91' lang='lat' dir='ltr'><strong>mortuus</strong></span> <span class='ocrx_word' id='word_1_808' title='bbox 1617 4956 1715 5002; x_wconf 92' lang='lat' dir='ltr'><strong>est.</strong></span> <span class='ocrx_word' id='word_1_809' title='bbox 1761 4947 1976 5016; x_wconf 86' lang='lat' dir='ltr'><strong>Majoris</strong></span> 
     </span>
    </p>
   </div>
   <div class='ocr_carea' id='block_1_94' title="bbox 400 5033 1973 5106">
    <p class='ocr_par' dir='ltr' id='par_1_94' title="bbox 400 5033 1973 5106">
     <span class='ocr_line' id='line_1_94' title="bbox 400 5033 1973 5106; baseline 0.004 -21"><span class='ocrx_word' id='word_1_810' title='bbox 400 5033 544 5086; x_wconf 89' lang='lat' dir='ltr'><strong>enim</strong></span> <span class='ocrx_word' id='word_1_811' title='bbox 590 5036 748 5104; x_wconf 89' lang='lat' dir='ltr'><strong>pretii</strong></span> <span class='ocrx_word' id='word_1_812' title='bbox 807 5046 888 5091; x_wconf 90' lang='lat' dir='ltr'><strong>est</strong></span> <span class='ocrx_word' id='word_1_813' title='bbox 933 5038 1272 5103; x_wconf 87' lang='lat' dir='ltr'><strong>beneﬁcium,</strong></span> <span class='ocrx_word' id='word_1_814' title='bbox 1321 5037 1462 5106; x_wconf 92' lang='lat' dir='ltr'><strong>quod</strong></span> <span class='ocrx_word' id='word_1_815' title='bbox 1509 5047 1788 5106; x_wconf 63' lang='lat' dir='ltr'><strong>praestatur</strong></span> <span class='ocrx_word' id='word_1_816' title='bbox 1835 5039 1973 5092; x_wconf 88' lang='lat' dir='ltr'><strong>indi-</strong></span> 
     </span>
    </p>
   </div>
   <div class='ocr_carea' id='block_1_95' title="bbox 400 5123 1973 5207">
    <p class='ocr_par' dir='ltr' id='par_1_95' title="bbox 400 5123 1973 5207">
     <span class='ocr_line' id='line_1_95' title="bbox 400 5123 1973 5207; baseline 0.003 -31"><span class='ocrx_word' id='word_1_817' title='bbox 400 5123 538 5191; x_wconf 87' lang='lat' dir='ltr'><strong>gnis.</strong></span> <span class='ocrx_word' id='word_1_818' title='bbox 563 5123 764 5182; x_wconf 83' lang='lat' dir='ltr'><strong>Idcirco</strong></span> <span class='ocrx_word' id='word_1_819' title='bbox 803 5129 985 5198; x_wconf 88' lang='lat' dir='ltr'><strong>itaque</strong></span> <span class='ocrx_word' id='word_1_820' title='bbox 1014 5130 1088 5184; x_wconf 90' lang='lat' dir='ltr'><strong>ait</strong></span> <span class='ocrx_word' id='word_1_821' title='bbox 1118 5148 1130 5182; x_wconf 91' lang='lat'><strong>:</strong></span> <span class='ocrx_word' id='word_1_822' title='bbox 1165 5128 1496 5207; x_wconf 83' lang='lat' dir='ltr'><strong>Commendat</strong></span> <span class='ocrx_word' id='word_1_823' title='bbox 1510 5145 1655 5181; x_wconf 87' lang='lat' dir='ltr'><strong>suam</strong></span> <span class='ocrx_word' id='word_1_824' title='bbox 1672 5130 1973 5182; x_wconf 80' lang='lat' dir='ltr'><strong>charitalem</strong></span> 
     </span>
    </p>
   </div>
   <div class='ocr_carea' id='block_1_96' title="bbox 2085 4669 3666 4740">
    <p class='ocr_par' dir='ltr' id='par_1_96' title="bbox 2085 4669 3666 4740">
     <span class='ocr_line' id='line_1_96' title="bbox 2085 4669 3666 4740; baseline 0 -14"><span class='ocrx_word' id='word_1_825' title='bbox 2085 4671 2283 4726; x_wconf 87' lang='lat' dir='ltr'><strong>ditates</strong></span> <span class='ocrx_word' id='word_1_826' title='bbox 2306 4711 2322 4737; x_wconf 92' lang='lat'><strong>,</strong></span> <span class='ocrx_word' id='word_1_827' title='bbox 2352 4677 2408 4725; x_wconf 87' lang='lat' dir='ltr'><strong>et</strong></span> <span class='ocrx_word' id='word_1_828' title='bbox 2433 4669 2688 4738; x_wconf 91' lang='lat' dir='ltr'><strong>quidquid</strong></span> <span class='ocrx_word' id='word_1_829' title='bbox 2717 4669 2848 4722; x_wconf 90' lang='lat' dir='ltr'><strong>illud</strong></span> <span class='ocrx_word' id='word_1_830' title='bbox 2890 4677 2973 4723; x_wconf 90' lang='lat' dir='ltr'><strong>est</strong></span> <span class='ocrx_word' id='word_1_831' title='bbox 3015 4669 3159 4739; x_wconf 90' lang='lat' dir='ltr'><strong>quod</strong></span> <span class='ocrx_word' id='word_1_832' title='bbox 3187 4671 3306 4740; x_wconf 89' lang='lat' dir='ltr'><strong>plus</strong></span> <span class='ocrx_word' id='word_1_833' title='bbox 3332 4677 3509 4740; x_wconf 91' lang='lat' dir='ltr'><strong>potest</strong></span> <span class='ocrx_word' id='word_1_834' title='bbox 3535 4688 3666 4726; x_wconf 88' lang='lat' dir='ltr'><strong>con-</strong></span> 
     </span>
    </p>
   </div>
   <div class='ocr_carea' id='block_1_97' title="bbox 2083 4760 3668 4832">
    <p class='ocr_par' dir='ltr' id='par_1_97' title="bbox 2083 4760 3668 4832">
     <span class='ocr_line' id='line_1_97' title="bbox 2083 4760 3668 4832; baseline -0.001 -15"><span class='ocrx_word' id='word_1_835' title='bbox 2083 4764 2309 4818; x_wconf 90' lang='lat' dir='ltr'><strong>scientia</strong></span> <span class='ocrx_word' id='word_1_836' title='bbox 2355 4761 2556 4816; x_wconf 88' lang='lat' dir='ltr'><strong>habere</strong></span> <span class='ocrx_word' id='word_1_837' title='bbox 2615 4775 2776 4829; x_wconf 89' lang='lat' dir='ltr'><strong>quam</strong></span> <span class='ocrx_word' id='word_1_838' title='bbox 2824 4777 3019 4815; x_wconf 84' lang='lat' dir='ltr'><strong>sermo.</strong></span> <span class='ocrx_word' id='word_1_839' title='bbox 3077 4760 3203 4824; x_wconf 70' lang='lat' dir='ltr'><strong>Qua:</strong></span> <span class='ocrx_word' id='word_1_840' title='bbox 3253 4765 3388 4817; x_wconf 89' lang='lat' dir='ltr'><strong>enim</strong></span> <span class='ocrx_word' id='word_1_841' title='bbox 3420 4803 3434 4826; x_wconf 89' lang='lat'><strong>,</strong></span> <span class='ocrx_word' id='word_1_842' title='bbox 3494 4763 3668 4832; x_wconf 83' lang='lat' dir='ltr'><strong>inquit</strong></span> 
     </span>
    </p>
   </div>
   <div class='ocr_carea' id='block_1_98' title="bbox 2083 4852 3664 4924">
    <p class='ocr_par' dir='ltr' id='par_1_98' title="bbox 2083 4852 3664 4924">
     <span class='ocr_line' id='line_1_98' title="bbox 2083 4852 3664 4924; baseline -0.002 -18"><span class='ocrx_word' id='word_1_843' title='bbox 2083 4853 2388 4924; x_wconf 85' lang='lat' dir='ltr'><strong>Apostolus,</strong></span> <span class='ocrx_word' id='word_1_844' title='bbox 2422 4855 2476 4906; x_wconf 88' lang='lat' dir='ltr'><strong>in</strong></span> <span class='ocrx_word' id='word_1_845' title='bbox 2507 4855 2704 4906; x_wconf 84' lang='lat' dir='ltr'><strong>occulto</strong></span> <span class='ocrx_word' id='word_1_846' title='bbox 2734 4853 2866 4922; x_wconf 82' lang='lat' dir='ltr'><strong>ﬁunt</strong></span> <span class='ocrx_word' id='word_1_847' title='bbox 2893 4852 2954 4904; x_wconf 87' lang='lat' dir='ltr'><strong>ab</strong></span> <span class='ocrx_word' id='word_1_848' title='bbox 2985 4854 3078 4917; x_wconf 85' lang='lat' dir='ltr'><strong>eis,</strong></span> <span class='ocrx_word' id='word_1_849' title='bbox 3122 4862 3266 4924; x_wconf 85' lang='lat' dir='ltr'><strong>turpe</strong></span> <span class='ocrx_word' id='word_1_850' title='bbox 3292 4863 3369 4906; x_wconf 90' lang='lat' dir='ltr'><strong>est</strong></span> <span class='ocrx_word' id='word_1_851' title='bbox 3396 4855 3549 4906; x_wconf 87' lang='lat' dir='ltr'><strong>etiam</strong></span> <span class='ocrx_word' id='word_1_852' title='bbox 3578 4853 3664 4903; x_wconf 66' lang='grc' dir='ltr'><strong>ἄεν</strong></span> 
     </span>
    </p>
   </div>
   <div class='ocr_carea' id='block_1_99' title="bbox 2084 4943 3664 5016">
    <p class='ocr_par' dir='ltr' id='par_1_99' title="bbox 2084 4943 3664 5016">
     <span class='ocr_line' id='line_1_99' title="bbox 2084 4943 3664 5016; baseline -0.002 -18"><span class='ocrx_word' id='word_1_853' title='bbox 2084 4962 2196 4998; x_wconf 84' lang='lat' dir='ltr'><strong>cere</strong></span> <span class='ocrx_word' id='word_1_854' title='bbox 2225 4943 2440 5016; x_wconf 88' lang='lat' dir='ltr'><strong>(Ephes.</strong></span> <span class='ocrx_word' id='word_1_855' title='bbox 2473 4959 2525 5009; x_wconf 92' lang='lat' dir='ltr'><strong>v,</strong></span> <span class='ocrx_word' id='word_1_856' title='bbox 2560 4943 2667 5012; x_wconf 66' lang='grc'><strong>12).</strong></span> <span class='ocrx_word' id='word_1_857' title='bbox 2712 4943 2821 4997; x_wconf 86' lang='lat' dir='ltr'><strong>Nec</strong></span> <span class='ocrx_word' id='word_1_858' title='bbox 2855 4944 3027 4999; x_wconf 88' lang='lat' dir='ltr'><strong>solum</strong></span> <span class='ocrx_word' id='word_1_859' title='bbox 3061 4945 3182 4998; x_wconf 87' lang='lat' dir='ltr'><strong>hoc.</strong></span> <span class='ocrx_word' id='word_1_860' title='bbox 3216 4944 3348 4995; x_wconf 89' lang='lat' dir='ltr'><strong>Nam</strong></span> <span class='ocrx_word' id='word_1_861' title='bbox 3379 4944 3480 4994; x_wconf 91' lang='lat' dir='ltr'><strong>hoc</strong></span> <span class='ocrx_word' id='word_1_862' title='bbox 3508 4949 3664 4995; x_wconf 84' lang='lat' dir='ltr'><strong>vetus</strong></span> 
     </span>
    </p>
   </div>
   <div class='ocr_carea' id='block_1_100' title="bbox 2083 5027 3662 5105">
    <p class='ocr_par' dir='ltr' id='par_1_100' title="bbox 2083 5027 3662 5105">
     <span class='ocr_line' id='line_1_100' title="bbox 2083 5027 3662 5105; baseline -0.006 -15"><span class='ocrx_word' id='word_1_863' title='bbox 2083 5046 2184 5101; x_wconf 90' lang='lat' dir='ltr'><strong>est,</strong></span> <span class='ocrx_word' id='word_1_864' title='bbox 2230 5042 2285 5090; x_wconf 84' lang='lat' dir='ltr'><strong>et</strong></span> <span class='ocrx_word' id='word_1_865' title='bbox 2315 5043 2420 5088; x_wconf 87' lang='lat' dir='ltr'><strong>tam</strong></span> <span class='ocrx_word' id='word_1_866' title='bbox 2463 5034 2804 5105; x_wconf 66' lang='lat' dir='ltr'><strong>prmsentium</strong></span> <span class='ocrx_word' id='word_1_867' title='bbox 2839 5041 3138 5104; x_wconf 90' lang='lat' dir='ltr'><strong>temporum</strong></span> <span class='ocrx_word' id='word_1_868' title='bbox 3169 5045 3328 5096; x_wconf 91' lang='lat' dir='ltr'><strong>quam</strong></span> <span class='ocrx_word' id='word_1_869' title='bbox 3358 5027 3662 5094; x_wconf 61' lang='lat' dir='ltr'><strong>praeterito-</strong></span> 
     </span>
    </p>
   </div>
   <div class='ocr_carea' id='block_1_101' title="bbox 2081 5115 3658 5195">
    <p class='ocr_par' dir='ltr' id='par_1_101' title="bbox 2081 5115 3658 5195">
     <span class='ocr_line' id='line_1_101' title="bbox 2081 5115 3658 5195; baseline -0.005 -14"><span class='ocrx_word' id='word_1_870' title='bbox 2081 5144 2219 5182; x_wconf 92' lang='lat' dir='ltr'><strong>rum.</strong></span> <span class='ocrx_word' id='word_1_871' title='bbox 2251 5127 2381 5181; x_wconf 87' lang='lat' dir='ltr'><strong>Illud</strong></span> <span class='ocrx_word' id='word_1_872' title='bbox 2410 5127 2622 5195; x_wconf 84' lang='lat' dir='ltr'><strong>gravius</strong></span> <span class='ocrx_word' id='word_1_873' title='bbox 2649 5133 2703 5180; x_wconf 92' lang='lat' dir='ltr'><strong>ct</strong></span> <span class='ocrx_word' id='word_1_874' title='bbox 2737 5125 3026 5194; x_wconf 86' lang='lat' dir='ltr'><strong>lugubrius,</strong></span> <span class='ocrx_word' id='word_1_875' title='bbox 3063 5119 3206 5188; x_wconf 91' lang='lat' dir='ltr'><strong>quod</strong></span> <span class='ocrx_word' id='word_1_876' title='bbox 3241 5115 3476 5184; x_wconf 88' lang='lat' dir='ltr'><strong>peccatis</strong></span> <span class='ocrx_word' id='word_1_877' title='bbox 3503 5123 3658 5173; x_wconf 84' lang='lat' dir='ltr'><strong>vete-</strong></span> 
     </span>
    </p>
   </div>
   <div class='ocr_carea' id='block_1_102' title="bbox 1584 5237 2483 5296">
    <p class='ocr_par' dir='ltr' id='par_1_102' title="bbox 1584 5237 2483 5296">
     <span class='ocr_line' id='line_1_102' title="bbox 1584 5237 2483 5296; baseline 0.001 -4"><span class='ocrx_word' id='word_1_878' title='bbox 1584 5237 1916 5293; x_wconf 81' lang='lat' dir='ltr'><strong>STEPHANI</strong></span> <span class='ocrx_word' id='word_1_879' title='bbox 1953 5238 2219 5296; x_wconf 80' lang='lat' dir='ltr'><strong>BALUZII</strong></span> <span class='ocrx_word' id='word_1_880' title='bbox 2257 5240 2483 5296; x_wconf 74' lang='lat' dir='ltr'><strong>NOT/E.</strong></span> 
     </span>
    </p>
   </div>
   <div class='ocr_carea' id='block_1_103' title="bbox 471 5343 1536 5417">
    <p class='ocr_par' dir='ltr' id='par_1_103' title="bbox 471 5343 1536 5417">
     <span class='ocr_line' id='line_1_103' title="bbox 471 5343 1536 5417; baseline -0.003 -14"><span class='ocrx_word' id='word_1_881' title='bbox 471 5343 700 5417; x_wconf 58' lang='lat' dir='ltr'><strong>fgodex</strong></span> <span class='ocrx_word' id='word_1_882' title='bbox 730 5346 992 5417; x_wconf 81' lang='lat' dir='ltr'><strong>Colbert.,</strong></span> <span class='ocrx_word' id='word_1_883' title='bbox 1020 5351 1284 5404; x_wconf 88' lang='lat' dir='ltr'><strong>occidisset</strong></span> <span class='ocrx_word' id='word_1_884' title='bbox 1312 5358 1536 5404; x_wconf 91' lang='lat' dir='ltr'><strong>tantum.</strong></span> 
     </span>
    </p>
   </div>
   <div class='ocr_carea' id='block_1_104' title="bbox 467 5411 1975 5490">
    <p class='ocr_par' dir='ltr' id='par_1_104' title="bbox 467 5411 1975 5490">
     <span class='ocr_line' id='line_1_104' title="bbox 467 5411 1975 5490; baseline 0.004 -22"><span class='ocrx_word' id='word_1_885' title='bbox 467 5411 996 5490; x_wconf 39' lang='lat' dir='ltr'><strong>bﬂQodegColhert;</strong></span> <span class='ocrx_word' id='word_1_886' title='bbox 1051 5419 1116 5473; x_wconf 81' lang='lat' dir='ltr'><strong>ab</strong></span> <span class='ocrx_word' id='word_1_887' title='bbox 1142 5421 1329 5490; x_wconf 88' lang='lat' dir='ltr'><strong>impiis.</strong></span> <span class='ocrx_word' id='word_1_888' title='bbox 1376 5419 1652 5474; x_wconf 87' lang='lat' dir='ltr'><strong>Editiones</strong></span> <span class='ocrx_word' id='word_1_889' title='bbox 1678 5419 1975 5474; x_wconf 87' lang='lat' dir='ltr'><strong>Brassicani</strong></span> 
     </span>
    </p>
   </div>
   <div class='ocr_carea' id='block_1_105' title="bbox 396 5480 1080 5570">
    <p class='ocr_par' dir='ltr' id='par_1_105' title="bbox 396 5480 1080 5570">
     <span class='ocr_line' id='line_1_105' title="bbox 396 5480 1080 5570; baseline 0.012 -34"><span class='ocrx_word' id='word_1_890' title='bbox 396 5489 454 5536; x_wconf 89' lang='lat' dir='ltr'><strong>et</strong></span> <span class='ocrx_word' id='word_1_891' title='bbox 472 5480 846 5570; x_wconf 38' lang='lat' dir='ltr'><strong>Calesinii,‘ob</strong></span> <span class='ocrx_word' id='word_1_892' title='bbox 874 5480 1080 5570; x_wconf 50' lang='lat' dir='ltr'><strong>impios;</strong></span> 
     </span>
    </p>
   </div>
   <div class='ocr_carea' id='block_1_106' title="bbox 423 5551 1977 5634">
    <p class='ocr_par' dir='ltr' id='par_1_106' title="bbox 423 5551 1977 5634">
     <span class='ocr_line' id='line_1_106' title="bbox 423 5551 1977 5634; baseline 0.009 -29"><span class='ocrx_word' id='word_1_893' title='bbox 423 5622 434 5634; x_wconf 24' lang='grc' dir='ltr'>Ὅ</span> <span class='ocrx_word' id='word_1_894' title='bbox 471 5551 652 5634; x_wconf 70' lang='lat' dir='ltr'><strong>¢_H:_nc</strong></span> <span class='ocrx_word' id='word_1_895' title='bbox 698 5564 807 5634; x_wconf 87' lang='lat' dir='ltr'><strong>_est_</strong></span> <span class='ocrx_word' id='word_1_896' title='bbox 836 5551 1000 5634; x_wconf 76' lang='lat' dir='ltr'><strong>editio</strong></span> <span class='ocrx_word' id='word_1_897' title='bbox 1056 5559 1370 5634; x_wconf 84' lang='lat' dir='ltr'><strong>B_r_assicani_</strong></span> <span class='ocrx_word' id='word_1_898' title='bbox 1401 5570 1456 5615; x_wconf 90' lang='lat' dir='ltr'><strong>et</strong></span> <span class='ocrx_word' id='word_1_899' title='bbox 1490 5560 1764 5634; x_wconf 69' lang='lat' dir='ltr'><strong>Galesinii.</strong></span> <span class='ocrx_word' id='word_1_900' title='bbox 1793 5563 1977 5634; x_wconf 82' lang='lat' dir='ltr'><strong>Codex</strong></span> 
     </span>
    </p>
   </div>
   <div class='ocr_carea' id='block_1_107' title="bbox 394 5620 1978 5701">
    <p class='ocr_par' dir='ltr' id='par_1_107' title="bbox 394 5620 1978 5701">
     <span class='ocr_line' id='line_1_107' title="bbox 394 5620 1978 5701; baseline 0.01 -31"><span class='ocrx_word' id='word_1_901' title='bbox 394 5620 741 5701; x_wconf 56' lang='lat' dir='ltr'><strong>(Iorbeiensis</strong></span> <span class='ocrx_word' id='word_1_902' title='bbox 795 5628 956 5682; x_wconf 90' lang='lat' dir='ltr'><strong>habet</strong></span> <span class='ocrx_word' id='word_1_903' title='bbox 1005 5629 1218 5682; x_wconf 85' lang='lat' dir='ltr'><strong>reddere</strong></span> <span class='ocrx_word' id='word_1_904' title='bbox 1245 5629 1537 5696; x_wconf 85' lang='lat' dir='ltr'><strong>reddamus,</strong></span> <span class='ocrx_word' id='word_1_905' title='bbox 1567 5631 1827 5701; x_wconf 85' lang='lat' dir='ltr'><strong>Colbert.,</strong></span> <span class='ocrx_word' id='word_1_906' title='bbox 1861 5633 1978 5688; x_wconf 88' lang='lat' dir='ltr'><strong>red-</strong></span> 
     </span>
    </p>
   </div>
   <div class='ocr_carea' id='block_1_108' title="bbox 395 5691 889 5750">
    <p class='ocr_par' dir='ltr' id='par_1_108' title="bbox 395 5691 889 5750">
     <span class='ocr_line' id='line_1_108' title="bbox 395 5691 889 5750; baseline 0.01 -7"><span class='ocrx_word' id='word_1_907' title='bbox 395 5691 568 5744; x_wconf 84' lang='lat' dir='ltr'><strong>hibere</strong></span> <span class='ocrx_word' id='word_1_908' title='bbox 596 5695 889 5750; x_wconf 87' lang='lat' dir='ltr'><strong>reddamus.</strong></span> 
     </span>
    </p>
   </div>
   <div class='ocr_carea' id='block_1_109' title="bbox 467 5759 1319 5835">
    <p class='ocr_par' dir='ltr' id='par_1_109' title="bbox 467 5759 1319 5835">
     <span class='ocr_line' id='line_1_109' title="bbox 467 5759 1319 5835; baseline 0.012 -22"><span class='ocrx_word' id='word_1_909' title='bbox 467 5760 492 5798; x_wconf 71' lang='grc' dir='ltr'><strong><em>ἀ</em></strong></span> <span class='ocrx_word' id='word_1_910' title='bbox 523 5759 709 5820; x_wconf 85' lang='lat' dir='ltr'><strong>Codex</strong></span> <span class='ocrx_word' id='word_1_911' title='bbox 737 5765 998 5835; x_wconf 75' lang='grc' dir='ltr'>ΟοΙι›ει”ι.,</span> <span class='ocrx_word' id='word_1_912' title='bbox 1030 5769 1319 5825; x_wconf 81' lang='lat' dir='ltr'><strong>redhibitio.</strong></span> 
     </span>
    </p>
   </div>
   <div class='ocr_carea' id='block_1_110' title="bbox 2156 5344 3662 5420">
    <p class='ocr_par' dir='ltr' id='par_1_110' title="bbox 2156 5344 3662 5420">
     <span class='ocr_line' id='line_1_110' title="bbox 2156 5344 3662 5420; baseline 0.002 -13"><span class='ocrx_word' id='word_1_913' title='bbox 2156 5364 2178 5390; x_wconf 83' lang='grc' dir='ltr'><strong>θ</strong></span> <span class='ocrx_word' id='word_1_914' title='bbox 2205 5352 2388 5408; x_wconf 86' lang='lat' dir='ltr'><strong>Codex</strong></span> <span class='ocrx_word' id='word_1_915' title='bbox 2416 5351 2676 5415; x_wconf 87' lang='lat' dir='ltr'><strong>Colbert.,</strong></span> <span class='ocrx_word' id='word_1_916' title='bbox 2712 5351 2895 5420; x_wconf 66' lang='lat' dir='ltr'><strong>Tanta</strong></span> <span class='ocrx_word' id='word_1_917' title='bbox 2942 5344 3294 5420; x_wconf 63' lang='lat' dir='ltr'><strong>uicissitudine</strong></span> <span class='ocrx_word' id='word_1_918' title='bbox 3320 5351 3525 5420; x_wconf 89' lang='lat' dir='ltr'><strong>pietatis</strong></span> <span class='ocrx_word' id='word_1_919' title='bbox 3551 5371 3662 5411; x_wconf 70' lang='lat' dir='ltr'><strong>sua!</strong></span> 
     </span>
    </p>
   </div>
   <div class='ocr_carea' id='block_1_111' title="bbox 2083 5415 3660 5487">
    <p class='ocr_par' dir='ltr' id='par_1_111' title="bbox 2083 5415 3660 5487">
     <span class='ocr_line' id='line_1_111' title="bbox 2083 5415 3660 5487; baseline 0.003 -12"><span class='ocrx_word' id='word_1_920' title='bbox 2083 5423 2323 5476; x_wconf 90' lang='lat' dir='ltr'><strong>traheret.</strong></span> <span class='ocrx_word' id='word_1_921' title='bbox 2368 5422 2484 5476; x_wconf 83' lang='lat' dir='ltr'><strong>Vox</strong></span> <span class='ocrx_word' id='word_1_922' title='bbox 2521 5419 2750 5487; x_wconf 75' lang='lat' dir='ltr'><strong>exemplo</strong></span> <span class='ocrx_word' id='word_1_923' title='bbox 2790 5415 2900 5469; x_wconf 92' lang='lat' dir='ltr'><strong>illic</strong></span> <span class='ocrx_word' id='word_1_924' title='bbox 2926 5415 3094 5487; x_wconf 64' lang='lat' dir='ltr'><strong>deest.</strong></span> <span class='ocrx_word' id='word_1_925' title='bbox 3144 5415 3396 5474; x_wconf 77' lang='lat' dir='ltr'><strong>Codicem</strong></span> <span class='ocrx_word' id='word_1_926' title='bbox 3425 5438 3577 5478; x_wconf 90' lang='lat' dir='ltr'><strong>suum</strong></span> <span class='ocrx_word' id='word_1_927' title='bbox 3605 5434 3660 5479; x_wconf 86' lang='lat' dir='ltr'><strong>et</strong></span> 
     </span>
    </p>
   </div>
   <div class='ocr_carea' id='block_1_112' title="bbox 2082 5483 3656 5549">
    <p class='ocr_par' dir='ltr' id='par_1_112' title="bbox 2082 5483 3656 5549">
     <span class='ocr_line' id='line_1_112' title="bbox 2082 5483 3656 5549; baseline -0.002 0"><span class='ocrx_word' id='word_1_928' title='bbox 2082 5502 2294 5549; x_wconf 85' lang='lat' dir='ltr'><strong>veteres</strong></span> <span class='ocrx_word' id='word_1_929' title='bbox 2323 5494 2582 5546; x_wconf 85' lang='lat' dir='ltr'><strong>editiones</strong></span> <span class='ocrx_word' id='word_1_930' title='bbox 2623 5483 2836 5540; x_wconf 86' lang='lat' dir='ltr'><strong>secutus</strong></span> <span class='ocrx_word' id='word_1_931' title='bbox 2865 5494 2948 5540; x_wconf 92' lang='lat' dir='ltr'><strong>est</strong></span> <span class='ocrx_word' id='word_1_932' title='bbox 2984 5483 3242 5544; x_wconf 71' lang='lat' dir='ltr'><strong>Pithtnus.</strong></span> <span class='ocrx_word' id='word_1_933' title='bbox 3280 5489 3388 5546; x_wconf 81' lang='lat' dir='ltr'><strong>Nos</strong></span> <span class='ocrx_word' id='word_1_934' title='bbox 3415 5493 3656 5548; x_wconf 88' lang='lat' dir='ltr'><strong>codicem</strong></span> 
     </span>
    </p>
   </div>
   <div class='ocr_carea' id='block_1_113' title="bbox 2083 5563 2478 5618">
    <p class='ocr_par' dir='ltr' id='par_1_113' title="bbox 2083 5563 2478 5618">
     <span class='ocr_line' id='line_1_113' title="bbox 2083 5563 2478 5618; baseline -0.018 0"><span class='ocrx_word' id='word_1_935' title='bbox 2083 5563 2478 5618; x_wconf 86' lang='lat' dir='ltr'><strong>Corbeiensem.</strong></span> 
     </span>
    </p>
   </div>
   <div class='ocr_carea' id='block_1_114' title="bbox 2161 5623 3655 5702">
    <p class='ocr_par' dir='ltr' id='par_1_114' title="bbox 2161 5623 3655 5702">
     <span class='ocr_line' id='line_1_114' title="bbox 2161 5623 3655 5702; baseline -0.003 -16"><span class='ocrx_word' id='word_1_936' title='bbox 2161 5633 2179 5670; x_wconf 73' lang='grc' dir='ltr'>ί</span> <span class='ocrx_word' id='word_1_937' title='bbox 2211 5634 2288 5686; x_wconf 87' lang='lat' dir='ltr'><strong>Ita</strong></span> <span class='ocrx_word' id='word_1_938' title='bbox 2314 5630 2492 5702; x_wconf 69' lang='lat' dir='ltr'><strong>codex</strong></span> <span class='ocrx_word' id='word_1_939' title='bbox 2525 5623 2883 5684; x_wconf 88' lang='lat' dir='ltr'><strong>Corbeiensis.</strong></span> <span class='ocrx_word' id='word_1_940' title='bbox 2916 5623 3258 5688; x_wconf 86' lang='lat' dir='ltr'><strong>Colbcrtiuus</strong></span> <span class='ocrx_word' id='word_1_941' title='bbox 3295 5638 3351 5686; x_wconf 90' lang='lat' dir='ltr'><strong>et</strong></span> <span class='ocrx_word' id='word_1_942' title='bbox 3393 5627 3655 5702; x_wconf 76' lang='lat' dir='ltr'><strong>editiones</strong></span> 
     </span>
    </p>
   </div>
   <div class='ocr_carea' id='block_1_115' title="bbox 2083 5697 2512 5758">
    <p class='ocr_par' dir='ltr' id='par_1_115' title="bbox 2083 5697 2512 5758">
     <span class='ocr_line' id='line_1_115' title="bbox 2083 5697 2512 5758; baseline -0.021 -1"><span class='ocrx_word' id='word_1_943' title='bbox 2083 5703 2281 5758; x_wconf 85' lang='lat' dir='ltr'><strong>habent</strong></span> <span class='ocrx_word' id='word_1_944' title='bbox 2305 5697 2512 5751; x_wconf 87' lang='lat' dir='ltr'><strong>Christi.</strong></span> 
     </span>
    </p>
   </div>
   <div class='ocr_carea' id='block_1_116' title="bbox 2095 5764 3290 5843">
    <p class='ocr_par' dir='ltr' id='par_1_116' title="bbox 2095 5764 3290 5843">
     <span class='ocr_line' id='line_1_116' title="bbox 2095 5764 3290 5843; baseline 0.003 -25"><span class='ocrx_word' id='word_1_945' title='bbox 2095 5831 2106 5839; x_wconf 42' lang='lat'>.</span> <span class='ocrx_word' id='word_1_946' title='bbox 2157 5781 2182 5818; x_wconf 83' lang='lat' dir='ltr'><strong>s</strong></span> <span class='ocrx_word' id='word_1_947' title='bbox 2210 5764 2512 5834; x_wconf 84' lang='lat' dir='ltr'><strong>Legendum</strong></span> <span class='ocrx_word' id='word_1_948' title='bbox 2541 5766 2700 5834; x_wconf 76' lang='lat' dir='ltr'><strong>forte,</strong></span> <span class='ocrx_word' id='word_1_949' title='bbox 2731 5770 2940 5827; x_wconf 75' lang='lat' dir='ltr'><strong>rabidas</strong></span> <span class='ocrx_word' id='word_1_950' title='bbox 2970 5772 3290 5843; x_wconf 73' lang='lat' dir='ltr'><strong>cupiditates.</strong></span> 
     </span>
    </p>
   </div>
  </div>
