4234 6262
533 297 607 361 υ
1516 294 1572 351 s.
1613 293 1930 356 SALVIANI
1969 291 2425 354 lASSlLIENSlS
2461 290 2888 350 PRESBYTER!
3741 295 3818 372 gi

528 408 679 465 rbus
701 418 840 461 nova
867 404 1154 472 addimus,
1191 420 1296 482 nec
1325 406 1506 463 solum
1545 421 1703 472 nova,
1745 406 1840 466 sed
1867 404 2113 473 quaedam
2145 415 2192 474 Α
2221 421 2372 472 mus;
2409 413 2466 462 et
2505 406 2611 462 hoc
2645 407 2829 477 utique
2870 408 2988 478 ipso
3018 408 3358 468 manilestum
3402 417 3485 466 est
3521 409 3664 480 quod
3699 425 3811 470 non

529 498 790 570 paganica
829 514 892 554 ac
919 500 1229 570 prodigiosa
1271 507 1329 556 et
1375 500 1430 556 in
1457 500 1697 556 ecclesiis
1725 499 1821 554 Dei
1854 506 1980 553 ante
2009 514 2117 553 non

531 591 674 656 visa;
715 590 985 660 iactantes
1022 592 1226 647 scilicet
1265 589 1520 660 profanas
1547 591 1600 644 in
1633 591 1798 646 Deum
1828 603 2021 655 voces,
2064 597 2119 646 et

528 681 921 737 contumeliose
945 681 1399 752 blasphemantes,
1430 680 1671 736 dicentes
1692 681 1860 736 Deum
1882 683 2120 739 incurio—

527 786 684 837 sum,
724 772 894 828 Deum
937 790 1044 830 non
1074 773 1472 837 intendentem,
1517 773 1688 828 Deum
1734 774 2112 842 negligentem,

529 860 703 918 Deum
731 877 841 920 non
871 865 1286 932 gubernantem,
1314 879 1377 918 ac
1405 878 1502 933 per
1526 863 1628 918 hoc
1657 871 1711 919 et
1735 864 2116 921 immisericor-

531 951 654 1011 (κω
683 961 743 1011 et
767 957 1202 1027 impraestabilem
1227 997 1241 1020 ,
1287 957 1635 1010 inhumanum
1659 996 1673 1022 ,
1719 971 1987 1026 asperum,
2018 955 2116 1012 du-

531 1064 672 1106 rum.
704 1049 839 1106 Nam
868 1051 960 1120 qui
989 1065 1095 1104 non
1126 1049 1420 1120 respiciens
1453 1057 1508 1102 et
1542 1049 1841 1104 incuriosus
1862 1059 1918 1105 et
1945 1049 2116 1118 negli-

531 1157 666 1212 gens
695 1158 812 1198 esse
839 1142 1054 1206 dicitur,
1094 1142 1221 1210 quid
1248 1148 1496 1211 superest
1525 1141 1624 1197 nisi
1647 1148 1708 1195 ut
1735 1157 1893 1210 asper
1922 1144 2031 1212 78
2057 1150 2116 1199 et

533 1235 699 1290 durus
727 1243 781 1288 et
809 1233 1132 1288 inhumanus
1160 1249 1278 1289 esse
1297 1235 1536 1290 dicatur?
1557 1232 1603 1288 0
1625 1249 1822 1290 eaeam
1843 1234 2118 1304 impuden-

527 1325 696 1380 tiam!
729 1340 762 1378 ο
803 1324 1114 1393 sacrilegam
1146 1326 1542 1382 temeritatem!
1587 1325 1705 1380 Non
1733 1325 1931 1381 sufﬁcit
1969 1327 2113 1382 enim

530 1415 686 1471 nobis
709 1416 852 1486 quod
887 1416 1124 1486 peccatis
1164 1417 1640 1474 innumerabilibus
1674 1418 1916 1483 involuti,
1947 1419 2028 1473 rei
2058 1418 2114 1474 in

526 1507 776 1562 omnibus
804 1508 917 1563 Deo
937 1524 1126 1577 sumus
1143 1547 1158 1573 ,
1204 1509 1308 1565 nisi
1346 1511 1508 1564 etiam
1536 1517 1884 1565 accusatores
1906 1509 2003 1565 Dei
2040 1511 2114 1564 si-

525 1616 664 1656 mus.
697 1600 765 1654 Et
791 1617 928 1670 quin,
959 1615 1112 1670 rogo,
1149 1601 1355 1658 homini
1381 1617 1506 1672 spes
1542 1603 1666 1667 erit,
1695 1601 1788 1671 qui
1817 1602 1992 1672 ipsum
2021 1617 2112 1657 ac-

524 1700 678 1750 cusat
701 1691 934 1763 iudicem
956 1692 1317 1762 iudicandus?

2220 498 2442 568 respicit
2459 512 2549 554 res
2569 497 2833 555 humanas
2855 498 3018 565 Deus,
3048 500 3171 569 quia
3199 516 3320 556 cum
3349 502 3601 558 meliores
3620 502 3812 580 simus,

2221 588 2580 644 deterioribus
2609 590 2974 660 subiugamur.
3023 597 3104 647 An
3133 593 3383 648 meliores
3416 595 3584 651 simus
3607 595 3808 652 barba-

2219 681 2295 736 ris
2317 721 2334 746 ,
2359 680 2473 749 iam
2500 681 2822 738 videbimus.
2856 681 3018 738 Certe
3041 725 3056 750 ,
3099 685 3245 754 quod
3273 701 3380 740 non
3424 695 3506 741 est
3550 686 3804 756 dubium,

2219 773 2472 828 meliores
2500 788 2619 830 esse
2640 774 2916 832 debemus.
2949 773 3018 829 Et
3038 776 3143 830 hoc
3166 777 3282 846 ipso
3302 778 3486 846 utique
3509 777 3810 836 deteriores

2218 879 2424 931 sumus,
2450 865 2494 919 si
2523 865 2774 920 meliores
2801 881 2912 922 non
2940 881 3143 931 sumus,
3177 868 3268 937 qui
3296 869 3548 924 meliores
3575 883 3695 926 esse
3719 869 3809 928 de-

2216 956 2426 1011 bemus.
2473 957 2827 1012 Criminosior
2866 959 3011 1014 enim
3038 960 3194 1029 culpa
3239 967 3352 1026 est,
3385 960 3475 1020 ubi
3522 961 3808 1018 honestior

2219 1053 2409 1101 status.
2438 1043 2495 1100 Si
2526 1056 2548 1085 ο
2576 1046 2894 1103 honoratior
2920 1056 3005 1104 est
3022 1064 3252 1119 persona
3274 1051 3568 1120 peccantis,
3595 1053 3805 1121 peccati

2218 1153 2437 1210 quoque
2463 1138 2636 1208 maior
2679 1139 2898 1194 invidia.
2929 1138 3153 1198 Furtum
3196 1143 3248 1195 in
3291 1142 3439 1197 omni
3475 1143 3691 1212 quidem
3719 1152 3806 1200 est

2217 1229 2436 1286 homine
2464 1231 2666 1287 malum
2691 1229 2923 1299 facinus;
2963 1231 3057 1288 sed
3087 1231 3442 1290 damnabilius
3478 1234 3680 1302 absque
3705 1234 3804 1289 du-

2215 1319 2308 1375 bio
2361 1328 2579 1378 senator
2623 1320 2832 1378 furatur
2880 1322 3058 1391 aliqua
3109 1337 3270 1391 quam
3319 1325 3500 1382 intima
3549 1339 3780 1394 persona

2217 1409 2438 1466 Cunctis
2463 1411 2745 1468 fornicatio
2767 1414 3132 1480 interdicitur;
3155 1414 3249 1470 sed
3273 1417 3488 1483 gravius
3511 1415 3682 1470 multo
3720 1423 3804 1472 est

2218 1501 2245 1541 ἀ
2271 1505 2316 1560 si
2355 1505 2422 1560 de
2451 1505 2596 1560 clero
2627 1506 2819 1574 aliquis
2855 1523 3018 1575 quam
3047 1509 3092 1562 si
3137 1508 3206 1564 de
3240 1509 3443 1579 populo
3487 1508 3798 1569 fornicatur.

2217 1597 2294 1652 Ita
2321 1606 2379 1652 et
2402 1613 2503 1652 nos
2529 1599 2622 1665 qui
2651 1597 2942 1654 Christiani
2972 1607 3029 1655 et
3053 1600 3303 1655 catholici
3333 1616 3452 1656 esse
3479 1601 3724 1667 dicimur,
3754 1603 3803 1660 si

2217 1688 2392 1742 simile
2443 1689 2642 1757 aliquid
2687 1689 3040 1746 barbarorum
3085 1689 3484 1759 impuritatibus
3537 1693 3761 1748 facimus
3781 1731 3800 1757 .

595 1783 708 1839 xu.
741 1783 800 1839 si
825 1795 973 1854 ergo,
1004 1784 1271 1856 inquiunt,
1296 1785 1510 1854 respicit
1541 1799 1632 1840 res
1657 1783 1918 1839 humanas
1943 1784 2107 1850 Deus,
2139 1784 2188 1844 Β
2215 1779 2430 1849 gravius
2459 1795 2720 1836 erramus.
2762 1779 3011 1837 Atrocius
3048 1782 3194 1836 enim
3231 1785 3330 1838 sub
3363 1785 3534 1840 sancti
3573 1786 3804 1843 nominis

522 1876 568 1932 si
587 1882 759 1941 curat,
793 1875 839 1928 si
877 1872 1068 1943 diligit,
1099 1874 1146 1929 si
1187 1873 1451 1943 gubernat
1469 1915 1485 1940 ,
1517 1889 1613 1930 cur
1657 1889 1756 1930 nos
1793 1874 2116 1929 infirmiores

523 1967 774 2023 omnibus
811 1966 1061 2035 gentibus
1087 1974 1145 2021 et
1169 1965 1479 2021 miseriores
1511 1980 1632 2020 esse
1666 1966 1972 2034 permittit?
2003 1962 2116 2034 Cu;

523 2059 668 2116 vinci
692 2075 722 2114 a
750 2058 1001 2116 barbaris
1025 2059 1262 2130 patitur?
1293 2057 1404 2114 Cur
1419 2059 1527 2128 iuri
1551 2058 1784 2113 hostium
1809 2056 2116 2126 subiugari?

527 2150 871 2220 Brevissime,
901 2160 962 2208 ut
983 2151 1096 2220 iam
1124 2159 1250 2206 ante
1277 2152 1418 2217 dixi,
1453 2151 1576 2206 ideo
1605 2167 1704 2206 nos
1730 2151 1971 2221 perferre
2001 2151 2114 2204 haec

523 2243 665 2306 mala
703 2245 928 2314 patitur,
972 2243 1098 2314 quia
1129 2258 1401 2298 meremur
1438 2250 1498 2296 ut
1524 2243 1626 2297 ista
1665 2244 1950 2312 patiamur.
1985 2241 2114 2297 Res-

524 2333 786 2404 piciamus
806 2335 951 2389 enim
976 2333 1046 2388 ad
1075 2333 1453 2404 turpitudines,
1477 2334 1543 2387 ad
1571 2333 1790 2401 ﬂagitia,
1813 2332 1881 2386 ad
1907 2334 2112 2388 scelera

526 2423 617 2478 illa
649 2433 676 2462 ι
703 2423 960 2479 Romanae
985 2424 1161 2494 plebis
1190 2438 1310 2493 quae
1343 2439 1504 2493 supra
1531 2424 1794 2499 diximus,
1827 2431 1882 2477 et
1909 2423 2110 2477 intelli-

523 2525 710 2580 gemus
753 2513 798 2566 si
838 2507 1235 2582 protectionem
1281 2513 1478 2571 mereri
1518 2528 1804 2582 possumus
1827 2551 1842 2575 ,
1893 2529 2012 2567 cum
2057 2513 2112 2566 in

525 2610 676 2658 tanta
697 2603 1007 2673 impuritate
1030 2603 1292 2658 vivamus.
1317 2603 1502 2673 Itaque
1522 2605 1648 2673 quia
1672 2604 1776 2657 hoc
1795 2609 2111 2669 argumento

525 2692 742 2762 plurimi
775 2709 884 2748 non
913 2692 1110 2763 respici
1136 2707 1224 2748 res
1244 2694 1506 2748 humanas
1534 2709 1564 2747 a
1594 2693 1707 2748 Deo
1734 2693 1936 2757 dicunt,
1969 2690 2113 2761 quod
2142 2737 2152 2746 .

527 2784 740 2848 miseri,
782 2784 927 2853 quod
965 2784 1262 2839 imbecilles
1299 2785 1492 2851 simus,
1539 2783 1668 2853 quid
1707 2787 2013 2839 meremur?
2053 2787 2111 2840 Si

527 2873 672 2928 enim
703 2875 754 2926 in
785 2874 950 2927 tantis
976 2873 1148 2940 vitiis,
1184 2875 1238 2927 in
1287 2879 1437 2928 tanta
1477 2875 1822 2944 improbitate
1847 2875 2110 2939 viventes,

526 2963 867 3029 fortissimos,
897 2963 1307 3020 ﬂorentissimos
1334 2967 1784 3036 beatissimusque
1810 2950 1931 3022 esse
1955 2975 2110 3035 pate-

525 3064 694 3120 retur,
721 3057 955 3126 suspicio
981 3057 1213 3114 fortasse
1235 3058 1414 3129 aliqua
1442 3075 1562 3114 esse
1588 3068 1802 3127 poterat
1829 3060 1974 3128 quod
2001 3076 2110 3114 non

2219 1871 2554 1942 professione
2576 1889 2880 1942 peccamus.
2904 1873 3007 1929 Ubi
3028 1874 3306 1930 sublimior
3324 1883 3410 1932 est
3427 1879 3803 1946 pmogativa,

2221 1967 2394 2032 major
2421 1972 2503 2017 est
2544 1965 2721 2034 culpa.
2770 1964 2889 2034 Ipsa
2925 1966 3070 2020 enim
3115 1981 3328 2022 errores
3355 1975 3572 2024 nostros
3614 1969 3804 2038 religio

2218 2069 2378 2123 quam
2408 2054 2741 2124 profitemur,
2782 2063 3020 2111 accusat.
3051 2055 3405 2113 Criminosior
3432 2067 3514 2114 est
3554 2057 3671 2127 eius
3703 2059 3805 2115 im-

2219 2146 2511 2215 pudicitia,
2551 2146 2644 2213 qui
2673 2147 2982 2215 promiserit
3021 2148 3342 2204 castitatem.
3381 2160 3404 2187 ε
3449 2149 3664 2206 Foedius
3689 2150 3812 2206 iue-

2219 2236 2454 2301 hriatur,
2509 2236 2857 2291 sobrietatem
2903 2236 3078 2293 fronte
3124 2241 3479 2308 praetendens.
3531 2241 3674 2298 Nihil
3720 2249 3808 2299 est

2218 2327 2537 2396 philosopho
2573 2329 2778 2396 turpius
2807 2327 2934 2381 vitia
2963 2329 3194 2406 obscena
3222 2331 3468 2395 sectanti,
3497 2332 3624 2400 quia
3663 2345 3805 2401 pras-

2218 2426 2302 2472 ter
2329 2433 2449 2472 eam
2477 2417 2873 2473 deformitatem
2899 2433 3062 2486 quam
3088 2419 3216 2475 vitia
3260 2421 3314 2474 in
3361 2435 3420 2476 se
3449 2421 3678 2486 habent,
3719 2436 3806 2476 sa-

2216 2510 2432 2578 pientia:
2467 2507 2485 2547 ί
2510 2509 2728 2564 nomine
2755 2509 2876 2578 plus
2901 2517 3136 2566 notatur.
3170 2507 3238 2563 Et
3264 2524 3364 2564 nos
3389 2510 3548 2576 igitur
3576 2511 3630 2565 in
3659 2512 3809 2569 omni

2218 2599 2454 2653 humano
2501 2613 2699 2667 genere
2740 2598 3131 2669 philosophiam
3172 2597 3532 2655 Christianam
3576 2601 3810 2670 professi

2219 2709 2403 2760 sumus
2426 2732 2441 2757 ,
2477 2708 2541 2748 ac
2566 2707 2662 2761 per
2703 2693 2807 2748 hoc
2844 2691 3143 2747 deteriores
3168 2705 3270 2747 nos
3309 2691 3515 2748 eunetis
3557 2693 3808 2760 gentibus

2219 2784 2364 2839 credi
2400 2792 2561 2852 atque
2590 2783 2778 2839 haberi
2809 2797 3030 2840 necesse
3059 2792 3158 2850 est,
3190 2785 3316 2854 quia
3343 2784 3440 2839 sub
3461 2791 3571 2840 tam
3597 2797 3806 2852 magum

2221 2874 2572 2944 professionis
2616 2875 2836 2930 nomine
2875 2875 3222 2941 vivimus,-et
3263 2875 3422 2944 positi
3463 2876 3517 2930 in
3544 2875 3806 2943 religione

2215 2981 2518 3034 peccamus.

2290 3054 2422 3108 Xlll.
2456 3053 2564 3108 Sed
2593 3055 2706 3110 scio
2730 3055 2975 3124 plurimis
3004 3054 3343 3112 intolerabile
3378 3054 3568 3120 videri,
3608 3054 3654 3110 si
3678 3055 3805 3111 bar-

527 3147 824 3217 respiceret
865 3148 1074 3202 scelera
1114 3148 1482 3202 Romanorum
1509 3149 1651 3204 Deus
1674 3190 1687 3211 ,
1721 3150 1814 3217 qui
1851 3157 1962 3202 tam
1996 3166 2110 3203 ma-
2137 3155 2190 3218 ο
2215 3144 2359 3198 baris
2387 3143 2684 3199 deteriores
2712 3159 2832 3200 esse
2859 3145 3118 3200 dicamur.
3151 3143 3221 3199 Et
3243 3144 3374 3213 quid
3401 3144 3625 3200 facimus
3657 3145 3802 3214 quod

527 3238 628 3303 los,
663 3247 771 3291 tam
814 3237 1083 3307 perditos,
1121 3238 1311 3292 beatos
1340 3252 1462 3291 esse
1487 3247 1780 3305 pateretur.
1811 3237 1958 3294 Cum.
1982 3255 2114 3293 vero
2217 3251 2392 3292 causa:
2419 3243 2616 3291 nostra:
2639 3237 2744 3292 hoc
2770 3236 2901 3292 nihil
2926 3235 3154 3305 prolicit,
3185 3236 3230 3289 si
3258 3235 3597 3292 intolerabile
3625 3236 3678 3291 id
3705 3252 3804 3292 no-

526 3339 636 3384 tam
665 3329 887 3385 vitiosos
907 3371 922 3395 ,
955 3335 1065 3383 tam
1095 3329 1391 3399 improbos,
1424 3329 1663 3384 inﬁrmos
1700 3340 1756 3386 et
1783 3332 2088 3388 miserrima
2204 3315 2300 3382 bis
2334 3342 2453 3382 esse
2499 3327 2787 3382 videatur?
2826 3328 2937 3397 80
2974 3325 3141 3382 Immo
3184 3340 3401 3380 causam
3432 3334 3670 3382 nostram
3700 3326 3803 3382 hoc

525 3436 647 3477 esse
663 3421 872 3491 iubeat,
903 3421 1305 3477 evidentissime
1333 3429 1501 3504 patet,
1535 3430 1592 3477 et
1619 3423 1785 3494 aspici
1813 3439 1913 3478 nos
1938 3439 1970 3477 a
1998 3425 2115 3479 Deo
2212 3429 2385 3497 magis
2415 3435 2689 3496 aggravat,
2723 3428 2767 3481 si
2792 3427 3090 3482 deteriores
3117 3427 3302 3493 simus,
3331 3434 3386 3481 et
3407 3427 3664 3504 meliores
3702 3442 3801 3482 nos

526 3525 583 3571 et
623 3514 850 3585 iudicari
873 3555 890 3581 ,
933 3514 1057 3586 quia
1085 3515 1192 3570 hoc
1231 3502 1464 3584 pati'mur
1501 3515 1646 3584 quod
1686 3531 1974 3572 meremur.
2005 3516 2109 3572 Sed

2218 3545 2334 3584 esse
2359 3528 2659 3583 credamus.
2694 3526 2794 3591 Qui
2816 3528 2970 3591 enim,
3001 3528 3172 3598 inquit
3199 3502 3508 3598 Apostolus,
3537 3545 3592 3581 se
3619 3529 3800 3582 exiui-

528 3605 722 3660 mereri
763 3619 863 3660 nos
889 3605 1092 3676 absque
1117 3605 1280 3659 dubio
1313 3620 1424 3660 non
1465 3614 1753 3676 putamus;
1786 3616 1842 3662 et
1875 3608 2002 3663 hinc
2029 3617 2114 3665 est

527 3699 670 3769 quod
694 3699 864 3768 magis
893 3699 973 3755 rei
1004 3707 1059 3754 et
1087 3700 1362 3755 criminosi
1387 3715 1590 3765 sumus,
1627 3701 1752 3771 quia
1800 3717 1906 3755 non
1948 3717 2116 3770 agno-

533 3788 732 3844 scimus
778 3790 922 3860 quod
962 3805 1249 3845 meremur.
1293 3790 1522 3844 Maxima
1570 3792 1768 3860 quippe
1815 3793 2116 3846 accusatrix

533 3880 814 3935 hominum
845 3882 1131 3936 noxiorum
1157 3888 1238 3934 est
1267 3881 1575 3949 usurpatrix
1604 3881 1924 3934 innocentia:
1966 3898 2118 3936 arro-

531 3974 732 4042 gantia.
775 3973 922 4026 Inter
946 3967 1154 4026 multos"
1185 3972 1446 4039 siquidem
1477 3971 1792 4025 eorumdem
1831 3973 2114 4026 criminum

527 4074 653 4118 reos
698 4061 876 4114 nullus
903 4069 987 4114 est
1014 4061 1354 4114 criminosior
1392 4074 1555 4128 quam
1596 4062 1686 4128 qui
1715 4077 1775 4115 se
1821 4068 1974 4130 putat
2000 4078 2109 4117 non

527 4151 896 4209 criminosum.
926 4151 1114 4222 Itaque
1144 4160 1198 4207 et
1227 4167 1326 4208 nos
1370 4154 1474 4207 hoc
1502 4153 1674 4209 solum
1717 4154 1873 4208 malis
1912 4155 2111 4210 nostris

529 4243 728 4300 addere
756 4260 1075 4315 possumus,
1120 4253 1182 4300 ut
1225 4261 1324 4302 nos
1354 4246 1602 4302 innoxios
1642 4247 1960 4316 iudicemus.
2003 4251 2110 4320 79

528 4334 639 4392 Sed
667 4345 784 4392 esto
816 4339 1011 4408 (inquit
1037 4338 1230 4408 aliquis
1256 4347 1514 4407 peccator
1539 4345 1595 4392 et
1623 4338 1649 4376 δ
1671 4339 2110 4412 malignissimus)

2217 3639 2326 3685 mat
2353 3628 2549 3702 aliquid
2567 3645 2697 3694 esse,
2731 3645 2843 3681 cum
2871 3627 3001 3682 nihil
3029 3628 3113 3693 sit,
3143 3644 3198 3681 se
3222 3628 3390 3697 ipsum
3417 3627 3629 3680 seducit.
3658 3623 3800 3697 Opus

2217 3742 2386 3786 autem
2414 3748 2562 3785 suum
2591 3730 2768 3800 probet
2797 3731 2946 3784 homo
2979 3728 3120 3799 (Gal.
3165 3746 3234 3794 vi,
3269 3731 3328 3793 5,
3366 3729 3442 3798 4).
3484 3730 3644 3799 Operi
3673 3743 3799 3797 ergo

2217 3841 2400 3888 nostro
2430 3831 2688 3884 debemus
2715 3829 2965 3894 credere,
3006 3845 3112 3882 non
3139 3829 3406 3899 opinioni;
3449 3829 3664 3893 rationi,
3692 3844 3798 3882 non

2218 3931 2457 3996 libidini;
2490 3929 2743 3994 veritati,
2788 3945 2897 3984 non
2925 3928 3207 3983 voluntati.
3241 3919 3403 3998 igitur
3436 3930 3560 3998 quia
3592 3946 3697 3983 non
3725 3928 3800 3983 fc-

2217 4030 2445 4085 rendum
2473 4028 2690 4097 quidam
2737 4028 3084 4092 existimant,
3135 4035 3194 4080 ut
3229 4027 3524 4084 deteriores
3561 4037 3654 4082 aut
3689 4043 3797 4083 non

2216 4131 2386 4185 multo
2427 4129 2590 4185 etiam
2632 4128 2882 4183 meliores
2909 4127 3150 4182 barbaris
3174 4127 3493 4198 iudicemur,
3525 4128 3799 4183 videamus

2219 4237 2310 4286 aut
2334 4229 2608 4299 quomodo
2652 4228 2902 4286 meliores
2930 4227 3094 4282 simus
3117 4268 3131 4293 ,
3165 4235 3258 4283 aut
3300 4229 3493 4298 quibus
3530 4225 3792 4282 barbaris.

2220 4331 2336 4385 Duo
2361 4329 2505 4385 enim
2524 4343 2720 4397 genera
2745 4328 2800 4382 in
2823 4328 2968 4383 omni
2997 4335 3157 4395 gente
3184 4327 3422 4384 omnium
3446 4327 3797 4381 barbarorum

531 4434 700 4491 certe,
724 4427 870 4494 quod
899 4428 1086 4494 negari
1108 4443 1214 4481 non
1237 4436 1436 4496 potest,
1468 4429 1720 4482 meliores
1747 4429 1989 4486 barbaris
2020 4448 2113 4485 su-
2219 4439 2360 4495 sunt,
2391 4430 2440 4483 id
2471 4436 2570 4493 est,
2601 4434 2692 4482 aut
2721 4437 2746 4475 ϐ
2778 4427 3170 4491 Ιιπθιὶοοηιιιι,
3203 4435 3296 4481 aut
3321 4439 3670 4496 paganorum.
3705 4424 3800 4482 llis

1159 4589 1164 4594 _
1736 4516 2072 4574 STEPHANI
2108 4520 2118 4573 1

2218 4519 2376 4573 .UZII
2413 4518 2642 4573 ΝΟΤᾸΕ.
3627 4529 3632 4534 ’

607 4615 636 4645 σι
656 4606 842 4685 ld'est,
872 4607 1103 4685 Romani
1129 4608 1332 4685 populi,
1365 4618 1425 4664 ut
1461 4610 1604 4666 dicet
1625 4611 1764 4667 infra
1788 4627 1913 4683 pag.
1944 4612 2030 4680 80,
2062 4621 2116 4668 et
2143 4619 2196 4678 1)
2219 4630 2332 4685 quae
2358 4615 2426 4685 in
2453 4613 2584 4685 aliis
2613 4610 2873 4685 membris
2894 4609 3138 4685 Ecclesia:
3167 4627 3285 4685 non
3319 4618 3566 4685 vocantur
3593 4613 3664 4666 ad
3689 4613 3799 4667 cul-

535 4675 765 4747 Inmani
789 4678 1041 4744 nominis,
1071 4675 1193 4747 pag.
1204 4675 1312 4733 ⁷82.

604 4746 636 4790 δ
660 4746 847 4814 Corb.,
877 4746 1210 4808 ηιαιίειίηιω.

612 4829 636 4857 ο
663 4815 935 4874 Juvenalis
963 4836 974 4871 :

600 4931 606 4940 -
656 4910 814 4986 Qmue
835 4911 984 4986 animi
1001 4911 1330 4986 ‘vitiumtanto
1354 4915 1734 4986 conspectiusip
1751 4928 1808 4986 s_e

655 4972 853 5024 Crimen
872 4974 1022 5023 habet
1042 4979 1223 5036 quanto
1241 4975 1388 5036 maior
1409 4972 1492 5037 qui
1514 4981 1684 5036 peccat
1705 4977 1933 5027 habetur.

607 5101 1006 5173 tlHermannus,
1025 5103 1458 5173 archiepiscopus
1477 5100 1831 5169 Coloniensis,
1859 5103 1913 5157 in
1932 5103 2124 5157 Enchi-

535 5171 826 5244 ridio__v_itae
852 5173 1168 5228 Christianae
1198 5171 1371 5244 (quod
1393 5173 1478 5228 edi
1507 5173 1648 5244 solet
1666 5188 1795 5244 cum
1824 5175 2121 5244 canonibus

536 5241 772 5316 concilii
797 5244 1140 5316 provincialis
1165 5241 1332 5316 quod
1381 5258 1523 5316 apno
1573 5241 1708 5296 l5'56
1755 5243 1941 5316 habuit
1979 5243 2119 5316 idem

537 5309 1014 5383 archiepiscopus)
1063 5309 1220 5369 titulo
1272 5314 1341 5383 de
1400 5312 1739 5370 Sacramenta
1788 5315 2117 5383 paenitentiae,

539 5379 1041 5456 haec‘interﬂcmtera
1067 5385 1252 5439 scribit
1277 5403 1288 5437 :
1321 5381 1407 5438 Ea:
1433 5401 1650 5456 persona
1679 5379 1917 5456 delictum
1941 5383 2001 5452 ﬁt
2027 5399 2116 5433 ca-

541 5447 770 5522 pitalius.
819 5448 1034 5522 Gravius
1074 5463 1244 5522 peccat
1283 5447 1520 5508 sacerdos
1569 5463 1657 5507 aut
1693 5447 2118 5522 princepsjuam

542 5509 708 5576 laicus
730 5527 820 5572 aut
840 5509 1083 5589 privatus:
1126 5509 1297 5594 ugw
1316 5524 1370 5576 in
1391 5541 1478 5578 ore
1498 5525 1640 5594 laici,
1658 5509 1716 5578 ut
1737 5509 1901 5594 inquit
1929 5509 2118 5594 Hiero-

541 5604 929 5672 nymumnugqr
948 5597 1098 5670 sunt;
1128 5593 1183 5672 in
1210 5607 1298 5643 ore
1317 5595 1595 5672 sacerdotis
1621 5592 1960 5672 plafphfmia.
1986 5592 2120 5672 Addi

543 5659 633 5731 hic
677 5667 857 5731 potest
904 5659 1122 5731 insignis
1170 5661 1320 5718 locus
1349 5676 1416 5731 cx
1444 5665 1668 5731 epistola
1699 5659 1766 5716 81
1795 5663 1850 5716 S.
1885 5661 2078 5717 Leonis
2106 5681 2117 5713 :

546 5721 888 5785 Sacerdotum
926 5721 1061 5782 eniin
1091 5737 1195 5783 tam
1235 5721 1493 5784 excellens
1529 5743 1603 5784 est
1648 5734 1827 5787 electio
1851 5774 1866 5799 ,
1915 5740 1973 5784 ut
2013 5732 2121 5786 hau:

2218 4680 2338 4754 nam
2357 4724 2370 4747 ,
2412 4684 2466 4736 in
2510 4682 2614 4754 illis
2647 4693 2824 4754 tamen
2853 4681 3137 4754 habeantur
3163 4681 3362 4754 illicita.
3379 4680 3527 4754 iVide
3553 4690 3796 4740 sanctum

2218 4749 2534 4822 Gregorium
2564 4752 2656 4822 lib.
2689 4768 2779 4815 vu,
2813 4751 2998 4806 indict.
3027 4749 3082 4814 2,
3114 4750 3268 4820 epist.
3304 4751 3421 4822 U7.

2295 4819 2531 4894 (Codex
2585 4819 2822 4876 Colbert.
2890 4830 2943 4875 et
2998 4819 3208 4875 veteres
3266 4821 3564 4888 editiones,
3615 4823 3800 4894 {metior

2218 4892 2516 4946 inebriator.

2298 4963 2316 5002 ί
2348 4963 2491 5016 idem
2521 4961 2691 5018 codex
2720 4970 2775 5015 et
2802 4969 3013 5018 veteres
3038 4962 3192 5027 edit.,
3223 4979 3425 5017 nomen.

2295 5043 2318 5080 ε
2350 5033 2429 5087 Ad
2457 5033 2599 5088 hunc
2639 5033 2812 5104 locum
2853 5034 3086 5104 respexit
3125 5032 3405 5104 Salvianus
3433 5031 3586 5104 infra,
3618 5033 3671 5086 in
3698 5031 3798 5087 ini-

2223 5104 2298 5157 tio
2342 5104 2432 5157 lib.
2478 5121 2528 5166 v,
2559 5116 2676 5171 pag.
2711 5101 2814 5154 95:
2869 5099 3002 5164 Quia
3051 5103 3149 5156 duo
3189 5103 3418 5170 superius
3464 5099 3798 5157 barbarorum

2223 5192 2407 5243 genera
2435 5173 2512 5227 uel
2537 5182 2700 5226 sectas
2726 5189 2834 5243 esse
2859 5173 3270 5243 memoravimus,
3301 5188 3621 5243 paganorum
3650 5182 3800 5243 agque

2223 5240 2605 5305 haereticorum,
2647 5251 2748 5295 etc.
2783 5242 3137 5295 Barbarorum
3168 5242 3257 5308 qui
3287 5240 3413 5296 tunc
3443 5243 3494 5296 in
3525 5242 3655 5296 orbe
3684 5240 3796 5294 Ro-

2223 5330 2380 5366 mano
2410 5313 2690 5382 imperium
2719 5311 2988 5382 agitabant
3017 5312 3130 5382 hzec
3155 5319 3306 5364 erant
3330 5311 3606 5382 vocabula.
3627 5311 3801 5382 fran-

2221 5384 2306 5444 ci,
2340 5379 2612 5445 Saxones,
2647 5381 2844 5450 Mauri,
2885 5379 3124 5450 Scythm,
3158 5382 3341 5445 Alani,
3374 5381 3582 5444 Hunni,
3615 5379 3798 5444 Gothi,

2221 5451 2464 5504 Vandali.
2505 5450 2724 5515 Franci,
2758 5449 3031 5515 Saxones,
3061 5451 3256 5514 Mauri,
3290 5451 3530 5520 Scythas,
3565 5451 3719 5504 Alani
3749 5458 3802 5503 et

2223 5521 2432 5582 Hunni,
2475 5521 2669 5592 pagani
2704 5528 2894 5592 erant,
2934 5530 2992 5574 ut
3019 5523 3070 5574 in
3113 5521 3302 5592 pagina
3320 5519 3400 5592 786
3426 5520 3568 5592 dicet
3597 5520 3802 5592 Salvia-

2225 5607 2352 5650 nus;
2385 5587 2580 5650 caeteri,
2613 5587 2896 5658 Christiani
2929 5587 3162 5658 quidem,
3191 5587 3286 5645 sed
3317 5590 3569 5654 haeretici,
3604 5590 3800 5643 Ariana

2224 5659 2697 5729 perfidiaimbuti.
2761 5657 2868 5712 Hos
2915 5657 3053 5714 enim
3106 5662 3171 5712 de
3218 5674 3544 5727 paganorum
3575 5672 3798 5713 numero

2223 5727 2420 5798 excipit
2455 5727 2733 5783 Salvianus
2769 5729 2882 5797 ipse
2920 5745 3035 5798 pag.
3080 5729 3167 5792 96,
3208 5730 3294 5782 ubi
3323 5744 3643 5782 enumerans
3669 5729 3795 5782 bar-
