4234 6262
431 243 510 306 σε
1521 235 1610 293 DE
1641 229 2168 292 GUBERNATIONE
2207 233 2316 288 DEI
2357 235 2479 289 LIB.
2521 236 2607 290 IV.

3611 241 3688 304 86

430 372 562 428 ergo
590 356 866 425 omnibus,
893 363 1148 428 quantum
1175 352 1244 408 ad
1283 353 1457 422 legem
1482 350 1716 405 divinam
1755 346 2004 418 pertinet,
2035 346 2084 403 A
2112 346 2286 399 cultor
2314 347 2415 400 dici
2439 364 2545 401 non
2568 356 2744 418 potest
2764 350 2934 404 malus
2954 351 3144 405 cultor.
3177 353 3360 423 Neque
3387 357 3529 410 enim
3555 358 3685 414 colit

431 448 556 504 dico
585 463 688 503 nos
713 448 831 504 sine
858 445 1252 518 comparatione
1298 442 1579 508 meliores;
1610 446 1867 510 quantum
1908 453 2004 492 au—

434 545 547 594 tem
581 538 647 592 ad
675 538 837 593 vitam
865 545 920 594 et
940 536 1062 600 vita:
1083 544 1222 599 acta,
1253 533 1413 589 doleo
1442 548 1504 588 ac
1531 532 1726 601 plango
1755 545 1871 584 esse
1909 545 2004 599 pe-

429 626 600 694 jores.
632 626 880 694 Quamvis
904 627 958 682 id
985 627 1158 700 ipsum
1206 633 1384 680 tamen
1409 665 1426 690 ,
1474 631 1533 677 ut
1571 632 1696 677 ante
1726 615 1836 691 jam
1865 620 2005 675 dixi-

435 731 574 783 mus,
603 731 709 771 non
749 716 816 770 de
843 717 987 772 omni
1026 717 1240 787 penitus
1271 725 1295 752 ⁸
1320 715 1548 770 Romani
1575 712 1758 784 populi
1788 713 2004 768 univer-

435 807 594 880 sitate
629 808 878 864 dicamus.
917 807 1142 879 Excipio
1180 809 1323 864 enim
1352 808 1582 878 primum
1610 822 1797 862 omnes
1821 806 1850 844 ι’
1877 807 2006 862 reli-

434 899 611 968 giosos
633 938 648 962 ,
680 900 871 956 deinde
916 901 1206 957 nonnullos
1233 900 1393 955 etiam
1422 899 1707 955 saeculares
1744 899 2006 968 religiosis

437 1005 604 1060 pares,
648 999 739 1046 aut
766 991 810 1045 si
842 991 894 1046 id
921 992 1078 1065 nimis
1103 991 1304 1062 grande
1329 998 1432 1057 est,
1478 991 1656 1060 aliqua
1681 999 1859 1044 tamen
1888 989 2006 1046 reli-

430 1081 590 1152 giosis
614 1083 970 1140 honestorum
1006 1091 1222 1139 actuum
1249 1083 1516 1156 probitate
1541 1083 1878 1151 consimiles;
1910 1101 2006 1140 cae-

429 1181 570 1228 teros
593 1186 726 1230 vero
765 1182 860 1230 aut
900 1190 1088 1231 omnes
1107 1215 1124 1240 ,
1167 1182 1260 1229 aut
1286 1190 1424 1244 pene
1445 1189 1664 1241 omnes,
1688 1177 1854 1244 magis
1881 1191 2003 1232 reos

425 1277 544 1320 esse
566 1278 732 1334 quam
754 1265 1029 1320 barbaros.
1060 1266 1172 1320 Iloc
1200 1275 1283 1320 est
1309 1273 1487 1321 autem
1515 1266 1832 1322 deteriorem
1861 1283 1998 1335 esse,

426 1356 597 1425 magis
623 1371 777 1411 reum
817 1372 954 1413 esse.
988 1358 1171 1428 Itaque
1194 1359 1340 1428 quia‘
1356 1359 1596 1414 nonnulli
1629 1360 2002 1416 inrationabile

425 1452 586 1518 atque
626 1447 917 1503 absurdum
956 1449 1318 1514 arbitrantur,
1352 1457 1412 1504 ut
1455 1457 1546 1504 aut
1585 1449 1880 1506 deteriores
1907 1459 2001 1507 aut

428 1551 533 1611 non
560 1537 785 1592 multum
812 1539 974 1594 etiam
1015 1540 1266 1595 meliores
1293 1540 1533 1595 barbaris
1556 1540 1876 1609 judicemur,
1922 1543 1999 1597 vi-

424 1625 661 1694 deamus,
693 1637 752 1682 ut
777 1630 908 1695 dixi,
941 1640 1032 1686 aut
1064 1632 1354 1700 quomodo,
1383 1639 1476 1693 aut
1502 1632 1694 1701 quibus
1731 1633 1992 1689 barbaris.

423 1719 536 1790 Ego
562 1723 704 1778 enim
730 1733 928 1793 praeter
952 1739 1044 1780 eos
1072 1724 1442 1780 tantummodo
1470 1724 1834 1781 Romanorum
1863 1741 2000 1795 quos

424 1812 585 1881 paulo
622 1821 748 1869 ante
771 1816 1074 1881 nominavi,
1104 1824 1328 1872 caeteros
1373 1824 1712 1882 automnes,
1745 1824 1835 1871 aut
1862 1832 2000 1887 pene

425 1916 632 1966 onlnes,
653 1904 872 1972 majoris
897 1913 1076 1962 reatus
1103 1907 1226 1962 dico
1253 1915 1309 1962 et
1327 1907 1718 1964 criminosioris
1739 1907 1860 1962 vita:
1880 1923 1999 1964 esse

427 2006 589 2060 quam
628 1993 902 2050 barbaros.
933 1995 1184 2052 Irasceris
1225 1996 1445 2052 forsitan
1475 1999 1566 2066 qui
1593 1998 1710 2053 haec
1737 1997 1868 2065 legis
1891 2036 1906 2059 ,
1943 2007 1998 2053 et

431 2085 755 2142 condemnas
781 2087 996 2157 insuper
1021 2103 1138 2157 quae
1166 2089 1315 2158 legis.
1347 2089 1462 2144 Non
1485 2089 1690 2158 refugio
1713 2107 1995 2146 censuram

373 2165 386 2176 ’
429 2184 598 2232 tuam.
647 2178 988 2246 Condemna,
1036 2181 1081 2234 si
1119 2183 1385 2247 mentior;
1415 2183 1710 2238 condemna
1735 2225 1751 2249 ,
1798 2185 1843 2237 si
1887 2199 1996 2239 non

424 2269 760 2337 probavero;
787 2271 1098 2338 condemna,
1129 2273 1173 2326 si
1200 2273 1252 2326 id
1278 2273 1419 2342 quod
1447 2289 1650 2339 assero,
1694 2290 1802 2328 non
1831 2275 1994 2330 etiam

419 2360 524 2429 81
574 2358 878 2429 Scripturas
921 2377 1098 2417 sacras
1142 2363 1339 2419 dixisse
1386 2371 1779 2419 monstravere.
1827 2364 1996 2432 Igitur

415 2447 508 2515 qui
535 2448 784 2506 meliores
825 2466 925 2506 nos
963 2453 1133 2508 multo
1161 2455 1366 2510 cunctis
1393 2469 1511 2525 qua:
1540 2462 1667 2509 sunt
1693 2454 1746 2508 in
1791 2455 1993 2512 mundo

413 2538 659 2604 gentibus
689 2539 1008 2608 judicamus,
1043 2558 1145 2599 nec
1168 2544 1302 2613 ipse,
1335 2543 1428 2614 qui
1457 2543 1731 2600 Romanos
1774 2545 1894 2599 dico
1937 2546 1990 2601 in

411 2628 656 2698 plurimis
683 2631 981 2687 deteriores
1004 2673 1019 2696 ,
1047 2634 1254 2702 abnego
1292 2635 1346 2688 in
1389 2633 1704 2702 quibusdam
1734 2649 1852 2690 esse
1878 2649 1992 2690 me-

414 2718 592 2775 liores.
627 2719 746 2774 Vita
778 2723 954 2786 enim,
987 2731 1046 2776 ut
1073 2723 1223 2785 dixi,
1275 2731 1330 2778 et
1356 2724 1589 2792 peccatis
1626 2738 1810 2778 sumus
1837 2723 1989 2780 dete-o

413 2811 616 2875 tiores;
665 2811 782 2879 lege
810 2821 987 2867 autem
1015 2814 1279 2869 catholica
1309 2814 1426 2868 sine
1445 2816 1845 2883 comparatione
1884 2832 1991 2873 me-

418 2899 601 2954 liores.
642 2900 749 2955 Sed
790 2902 916 2955 illud
953 2903 1400 2957 considerandum
1431 2912 1539 2969 est,
1581 2905 1706 2973 quia
1734 2906 1875 2973 quod
1901 2907 1986 2962 lex

421 2987 563 3043 bona
593 2997 691 3056 est,
735 2999 977 3045 nostrum
1020 3009 1129 3048 non
1156 3001 1262 3058 est;
1295 2994 1436 3062 quod
1472 3002 1648 3050 autem
1676 2996 1816 3051 male
1853 2997 1986 3051 vivi-

2109 437 2201 506 qui
2233 453 2345 491 rem
2376 447 2616 493 sanctam
2648 447 2835 495 sancte
2863 455 2969 495 non
2999 441 3144 508 colit,
3178 458 3243 498 ac
3267 458 3366 513 per
3390 445 3495 500 hoc
3522 460 3683 502 aecu-

2109 528 2275 582 satrix
2305 531 2471 583 nostri
2503 538 2585 584 est
2610 530 2696 586 lex
2727 532 2839 600 ipsa
2869 545 3028 603 quam
3057 535 3299 590 colimus.

2175 617 2313 674 XN.
2347 618 2574 675 Remota
2603 635 2732 691 ergo
2760 623 2893 691 legis
2921 629 3288 695 praerogativa,
3320 643 3438 697 qum
3465 644 3564 684 nos
3591 636 3684 687 aut

2105 709 2237 763 nihil
2265 711 2484 766 omnino
2506 711 2743 781 adjuvat,
2761 722 2853 768 aut
2868 715 3028 769 etiam
3050 717 3191 786 justa
3222 719 3682 778 animadversione

2106 801 2452 868 condemnat,
2479 803 2642 857 vitam
2663 803 3015 860 barbarorum
3036 817 3197 877 atque
3229 819 3554 877 nostrorum,
3576 821 3682 868 stu-

2105 891 2213 958 dia,
2238 908 2434 958 mores,
2456 893 2585 947 vitia
2607 909 2999 964 comparemus.
3023 895 3208 965 Injusti
3227 907 3350 954 sunt
3368 901 3599 967 barbari,
3623 910 3680 958 et

2106 1000 2206 1042 nos
2216 985 2322 1040 hoc
2336 1001 2549 1051 sumus;
2580 988 2726 1040 avari
2741 993 2864 1040 sunt
2887 988 3119 1053 barbari,
3141 999 3196 1043 et
3221 1007 3321 1045 nos
3340 993 3444 1047 hoc
3461 1007 3678 1059 sumus;

2105 1074 2346 1130 infideles
2371 1083 2494 1130 sunt
2517 1075 2749 1140 barbari,
2781 1086 2834 1130 et
2863 1093 2962 1132 nos
2987 1079 3090 1132 hoc
3114 1094 3321 1146 sumus;
3353 1082 3531 1152 cupidi
3556 1090 3678 1138 sunt

2104 1165 2337 1228 barbari,
2368 1177 2424 1234 et
2446 1167 2550 1221 hoc
2576 1183 2674 1222 nos
2695 1183 2909 1235 sumus;
2940 1169 3192 1241 impudici
3219 1179 3344 1226 sunt
3367 1174 3598 1242 barbari,
3622 1186 3676 1233 et

2104 1270 2202 1309 nos
2223 1256 2325 1309 hoc
2347 1270 2558 1321 sumus;
2586 1258 2822 1313 omnium
2842 1259 3071 1329 denique
3095 1261 3493 1332 improbitatum
3517 1275 3677 1338 atque

2104 1346 2472 1414 impurilatum
2504 1349 2650 1416 pleni
2688 1357 2813 1403 sunt
2849 1350 3089 1415 barbari,
3135 1363 3189 1405 et
3216 1367 3314 1406 nos
3342 1355 3445 1409 hoc
3471 1371 3673 1413 sumus.

2108 1443 2129 1472 ο
2158 1434 2263 1490 Sed
2295 1439 2606 1507 responderi
2650 1439 2876 1495 fortasse
2902 1442 3071 1510 possit
3102 1461 3114 1494 :
3157 1441 3298 1512 Ergo
3326 1445 3371 1499 si
3410 1460 3568 1515 pares
3597 1449 3676 1502 vi-

2101 1528 2340 1582 tiositate
2369 1529 2610 1594 barbaris
2638 1546 2839 1594 sumus,
2869 1548 2965 1586 cur
2994 1549 3098 1588 non
3133 1551 3320 1590 sumus
3355 1538 3516 1592 etiam
3552 1540 3676 1594 viri-

2103 1618 2202 1673 bus
2245 1621 2441 1690 pares?
2469 1619 2602 1675 Cum
2652 1625 2792 1676 enim
2822 1625 3010 1679 similis
3046 1627 3118 1680 sit
3161 1627 3472 1698 improbitas
3516 1639 3675 1702 atque

2027 1711 2074 1773 Β
2103 1711 2242 1765 idem
2266 1720 2463 1776 reatus,
2490 1722 2582 1767 aut
2607 1722 2713 1768 tam
2738 1715 2903 1771 fortes
2923 1716 3238 1774 deberemus
3258 1736 3376 1775 esse
3401 1737 3499 1777 nos
3517 1739 3675 1794 quam

2102 1811 2226 1856 sunt
2254 1802 2351 1867 illi,
2386 1812 2479 1857 aut
2506 1812 2652 1860 certe
2683 1815 2788 1860 tam
2819 1808 3033 1865 invalidi
3063 1825 3224 1878 quam
3249 1827 3346 1866 nos
3374 1829 3575 1879 sumus,
3598 1816 3673 1870 illi

2101 1910 2220 1949 esse
2240 1895 2514 1950 deberent.
2547 1898 2745 1952 Verum
2775 1908 2876 1964 est,
2903 1916 2966 1955 ac
2993 1917 3090 1970 per
3114 1903 3218 1958 hoc
3243 1914 3486 1974 superest
3509 1915 3572 1960 ut
3600 1907 3672 1963 illi

2101 1987 2444 2041 nocentiores
2471 1989 2577 2041 sint
2605 1989 2693 2058 qui
2723 1990 3059 2046 infirmiores.
3093 1993 3370 2058 Quomodo
3404 1997 3507 2052 hoc
3545 2013 3671 2067 pro-

2098 2077 2321 2132 bamus?
2358 2077 2573 2133 Scilicet
2603 2081 2744 2150 quia,
2776 2083 2882 2151 82
2910 2089 2970 2136 ut
2995 2083 3237 2152 superius
3266 2084 3428 2140 locuti
3468 2103 3669 2158 sumus,

2098 2170 2278 2225 omnia
2326 2185 2391 2224 ex
2436 2170 2637 2238 judicio
2688 2171 2852 2226 Deum
2903 2172 3079 2228 facere
3128 2176 3557 2230 monstravimus.
3614 2179 3670 2233 Si

2097 2264 2259 2328 enim,
2289 2272 2349 2317 ut
2377 2265 2632 2333 scriptum
2661 2274 2762 2331 est,
2793 2269 2846 2320 in
2868 2271 3006 2322 omni
3028 2270 3138 2323 loco
3167 2271 3300 2324 oculi
3330 2270 3536 2324 Domini
3551 2252 3669 2341 spe

2097 2354 2339 2408 culantur
2369 2353 2528 2409 bonos
2556 2365 2605 2408 et
2631 2357 2796 2411 malos
2829 2358 3005 2428 (Prov.
3035 2377 3123 2426 xv,
3156 2359 3230 2430 5),
3265 2369 3319 2416 et
3341 2365 3491 2430 juxta
3522 2361 3668 2432 Apo-

2095 2447 2311 2511 stoluin,
2335 2447 2590 2519 judicium
2613 2448 2710 2503 Dei
2731 2458 2806 2503 est
2833 2452 3108 2505 secundum
3129 2454 3389 2506 veritatem
3414 2455 3466 2506 in
3495 2470 3669 2508 omnes

2093 2530 2256 2591 malos
2297 2537 2473 2607 (Rom.
2506 2555 2574 2603 ιι,
2607 2537 2682 2608 2),
2715 2540 2954 2595 videmus
2982 2558 3080 2596 nos
3122 2543 3212 2610 qui
3242 2560 3348 2597 non
3379 2543 3668 2598 desinimus

2091 2629 2231 2683 mala
2263 2642 2441 2698 agere,
2464 2645 2530 2684 ex
2547 2629 2752 2698 judicio
2775 2630 2904 2700 justi
2935 2632 3029 2686 Dei
3058 2649 3242 2701 pmnas
3269 2635 3484 2687 malitiae
3509 2635 3666 2688 susti-

2092 2737 2237 2776 nere.
2272 2720 2380 2776 Sed
2407 2721 2613 2787 eadem,
2648 2722 2840 2792 inquis,
2873 2723 3012 2775 mala
3054 2723 3214 2775 etiam
3237 2723 3449 2776 barbari
3479 2732 3661 2789 agunt,

2090 2819 2145 2868 et
2176 2820 2352 2866 tamen
2385 2828 2491 2866 non
2521 2820 2645 2865 sunt
2673 2819 2780 2864 tam
2805 2811 2986 2864 miseri
3017 2826 3172 2880 quam
3199 2826 3294 2864 nos
3319 2827 3518 2868 sumus.
3551 2812 3664 2869 lloc

2088 2917 2217 2973 ergo
2239 2905 2480 2967 interest,
2505 2901 2647 2969 quod
2665 2900 2766 2954 etsi
2788 2900 2972 2954 eadem
3000 2909 3160 2970 agant
3189 2901 3400 2956 barbari
3420 2918 3537 2971 qua:
3565 2919 3664 2959 nos

2088 2995 2296 3063 agimus
2325 3032 2339 3056 ,
2392 3008 2490 3046 nos
2538 2998 2716 3044 tamen
2764 2990 2970 3059 majore
3021 2991 3313 3047 offensione
3358 3009 3658 3063 peccamus.

420 3095 557 3144 mus,
588 3088 830 3136 nostrum
850 3094 948 3138 est.
979 3083 1046 3137 Et
1062 3085 1196 3139 nihil
1220 3085 1401 3156 utique
1424 3086 1574 3141 nobis
1589 3087 1819 3166 prodest
1839 3091 1984 3159 quod
2011 3078 2057 3142 C
2089 3083 2320 3141 Possunt
2340 3086 2478 3139 enim
2510 3089 2693 3137 nostra
2725 3090 2780 3137 et
2805 3081 3158 3137 barbarorum
3178 3085 3307 3139 vitia
3336 3102 3452 3140 esse
3482 3089 3660 3156 paria;

399 3171 500 3239 ‘Iex
530 3181 612 3226 est
651 3174 790 3227 bona
816 3213 830 3236 ,
874 3175 916 3227 si
959 3173 1283 3230 vita'nostra
1312 3184 1364 3229 et
1393 3178 1728 3233 conversatio
1758 3195 1863 3234 non
1901 3189 1984 3236 est

407 3262 566 3316 bona.
603 3261 710 3316 Lex
738 3265 879 3317 enim
921 3265 1081 3329 bona,
1122 3267 1359 3322 muneris
1387 3275 1466 3322 est
1496 3267 1723 3336 Christi;
1749 3271 1857 3327 vita
1885 3289 1980 3328 au-

409 3360 511 3406 tem
544 3369 650 3408 non
677 3355 838 3420 bona,
869 3357 1105 3412 criminis
1133 3359 1322 3414 nostri.
1355 3359 1522 3415 Immo
1545 3362 1649 3416 hoc
1677 3364 1848 3431 magis
1865 3367 1979 3421 cul-

406 3443 610 3510 pabiles
644 3459 845 3510 sumus,
877 3447 920 3500 si
945 3448 1115 3517 legem
1143 3449 1339 3504 bonam
1369 3450 1611 3517 colimus,
1643 3460 1696 3508 et
1718 3456 1843 3508 mali
1865 3457 1980 3511 cul-

407 3540 549 3588 tores
579 3550 781 3590 sumus.
814 3535 950 3602 Quin
981 3539 1160 3607 potius
1185 3554 1286 3595 nec
1310 3541 1562 3609 cultores,
1595 3543 1638 3597 si
1666 3545 1792 3600 mali
1819 3564 1830 3598 :
1855 3549 1978 3615 quia

2083 3179 2183 3234 sed
2211 3180 2266 3232 in
2307 3179 2390 3231 his
2417 3187 2597 3232 tamen
2643 3175 2788 3231 vitiis
2826 3190 3046 3232 necesse
3085 3185 3166 3232 est
3213 3188 3433 3247 peccata
3482 3189 3659 3238 nostra

2088 3287 2205 3327 esse
2235 3272 2499 3339 graviora.
2526 3269 2660 3322 Nam
2681 3283 2802 3323 cum
2823 3283 3030 3334 omnes,
3053 3275 3112 3324 ut
3134 3278 3257 3323 ante
3271 3269 3381 3338 jam
3410 3270 3656 3336 diximus,

2086 3364 2301 3420 barbari
2331 3373 2422 3420 aut
2461 3363 2655 3433 pagani
2685 3363 2793 3416 sint
2819 3370 2910 3417 aut
2937 3363 3195 3426 hmretici,
3230 3371 3288 3417 ut
3315 3363 3380 3418 de
3418 3365 3657 3435 paganis,

2085 3459 2210 3527 quia
2238 3456 2386 3527 prior
2415 3455 2625 3510 illorum
2648 3469 2801 3509 error
2827 3463 2927 3520 est,
2950 3456 3098 3524 prius
3117 3455 3310 3520 dicam,
3333 3470 3463 3523 gens
3491 3458 3658 3512 Saxo-

2087 3565 2212 3604 num
2243 3547 2353 3601 fera
2383 3554 2483 3609 est,
2515 3541 2541 3581 δ
2580 3543 2905 3602 Francorum
2937 3543 3184 3607 inﬁdelis,
3212 3543 3535 3614 Gepidarum
3572 3548 3655 3600 in-

1582 3653 1919 3714 STEPHANI
1956 3658 2226 3715 BALUZII
2261 3653 2489 3710 NOTAE.

402 3761 558 3814 baros
587 3761 677 3828 qui
705 3758 993 3814 Christiani
1021 3769 1194 3822 erant,
1227 3761 1319 3816 sed
1349 3762 1602 3827 haeretici,
1635 3767 1710 3818 ait
1737 3785 1748 3818 :
1785 3768 1975 3824 Omnes

402 3839 567 3903 autem
598 3833 685 3903 isti
713 3829 976 3903 dequibjts
1010 3831 1279 3903 loquimur,
1317 3841 1406 3886 aut
1440 3831 1664 3888 Vandali
1691 3848 1840 3903 sunt,
1886 3848 1976 3893 aut

407 3897 575 3975 Gothi.
622 3898 760 3975 am
793 3897 1134 3975 de__Iiomar_iis
1155 3902 1406 3956 htereticis
1424 3941 1440 3967 ,
1468 3920 1679 3975 quorum
1706 3897 1976 3962 innumera

407 3968 672 4022 multitudo
699 3979 793 4033 est,
821 3971 946 4026 nihil
977 3972 1209 4024 dicimus.

481 4048 506 4073 ο
534 4037 591 4091 Id
619 4046 724 4116 est,
767 4055 946 4116 earum
973 4041 1366 4116 _gentii_im_‘qute
1393 4041 1637 4116 Romano
1667 4051 1777 4116 tum
1807 4047 1975 4116 impe-

406 4107 486 4184 rio
514 4108 802 4184 parebant,
829 4111 943 4184 sive
970 4107 1106 4164 intra
1135 4107 1340 4168 Italiam
1359 4151 1380 4175 ,μ
1421 4113 1537 4184 sive
1563 4114 1698 4168 intra
1727 4107 1971 4184 Galliam,

386 4175 722 4248 Hispanias,
771 4179 1036 4244 Africam,
1087 4188 1179 4235 aut
1223 4191 1444 4237 cmteras
1509 4183 1737 4238 Romani
1767 4175 1976 4306 imperii

401 4248 721 4306 provincias.
774 4249 954 4306 Neaue
995 4251 1135 4305 enim
1191 4250 1415 4306 Romani
1459 4253 1642 4306 nonuli
1686 4256 1975 4306 annelatio

399 4248 727 4323 provingias.‘
774 4249 954 4318 Neque
995 4251 1135 4305 enim
1187 4250 1415 4323 Romani
1442 4253 1642 4323 populi
1686 4248 1975 4323 appellatio

400 4316 539 4385 apud
571 4316 892 4390 _Salvianum
945 4321 1236 4375 coercenda
1275 4329 1357 4374 est
1395 4316 1672 4374 ad'urbem
1702 4316 1861 4390 quam
1891 4325 1974 4379 di-

400 4395 530 4456 cunt
571 4386 795 4460 Romam
820 4430 836 4454 ,
879 4396 1158 4460 postquam
1203 4390 1486 4460 universus
1527 4390 1673 4444 orbis
1705 4386 1824 4460 jure
1862 4392 1974 4449 Ro-

402 4467 571 4530 ntanai
608 4457 836 4512 civitatis
880 4457 1109 4530 donatus
1155 4468 1254 4514 est.
1318 4459 1450 4530 Tum
1492 4460 1631 4513 enim
1664 4457 1744 4530 (ut
1775 4461 1974 4518 Plinius

399 4526 475 4600 ait
503 4525 593 4579 lib.
626 4542 699 4600 ιιι,
732 4543 849 4600 cap.
883 4526 948 4597 5)
993 4545 1104 4600 una
1117 4530 1177 4600 in
1207 4536 1324 4582 toto
1351 4529 1479 4600 orbe
1508 4525 1817 4600 cunctarum
1845 4547 1973 4600 gen-

398 4597 528 4649 tium
559 4597 727 4664 patria
758 4597 896 4654 facta
925 4606 1025 4652 est.
1066 4597 1355 4666 Eleganter
1381 4599 1559 4667 itaque
1595 4599 1824 4658 Rutilius
1849 4597 1972 4658 'Nu—

393 4667 660 4724 matianus
681 4685 691 4720 :

516 4757 702 4822 Fecisti
718 4760 919 4822 patriam
936 4759 1141 4822 diversis
1159 4760 1386 4822 gentibus
1402 4773 1572 4822 unam:

578 4774 697 4806 BCISII
718 4774 919 4830 patriam
936 4774 1141 4830 diversis
1159 4774 1386 4822 genllDUS
1402 4774 1493 4808 una

578 4817 768 4870 Profuit
800 4822 988 4871 invictis
1011 4827 1062 4870 te
1083 4820 1360 4870 dominante
1387 4774 1544 4883 cap?

466 4943 646 5013 Neque
674 4945 972 5000 audiendus
1012 4943 1246 5000 Lacerda
1265 4987 1278 5010 ,
1309 4947 1420 5015 qui
1453 4947 1544 5001 lib.
1577 4963 1594 5001 I
1624 4948 1972 5004 Adversario—

396 5023 739 5088 [um‘sacron
770 5030 890 5084 cap.
920 5015 968 5077 I,
1002 5016 1272 5088 existimat
1296 5014 1592 5088 Remanum
1615 5034 1809 5072 nomen
1832 5020 1971 5088 apud

395 5082 706 5156 Salvianum
730 5082 925 5138 nomen
957 5099 1074 5138 esse
1101 5085 1392 5156 religiopis,
1427 5102 1531 5140 non
1562 5090 1754 5156 gentis,
1785 5104 1846 5142 ac
1868 5082 1967 5143 "ca-

392 5153 620 5209 tholicos
662 5155 784 5209 olim
829 5162 1051 5209 vocatos
1090 5153 1252 5209 fuisse
1295 5153 1599 5217 Romanos}
1653 5166 1710 5210 ut
1749 5173 1812 5211 ea
1841 5166 1968 5212 nota

381 5223 947 5306 'distinguere’ri’t‘urab
976 5225 1266 5306 haereticis;
1298 5224 1428 5306 l‘lam
1469 5226 1971 5306 et‘ipseHSalvia-nus

391 5293 466 5346 ait
502 5293 554 5346 in
586 5307 708 5363 pag.
751 5292 820 5345 96
861 5294 1192 5348 innumeram
1241 5294 1403 5348 fuisse
1439 5292 1828 5349 multitudinem
1858 5297 1968 5351 Ro-

393 5377 670 5417 manorum
717 5363 1090 5418 hereticorum
1113 5403 1126 5427 ,
1177 5364 1253 5418 uti
1283 5380 1406 5417 mox
1435 5364 1770 5426 dicebamus;
1803 5373 1857 5420 et
1883 5382 1970 5420 res

394 5432 503 5500 ipsa
539 5433 734 5486 clamat
761 5433 1102 5498 Salvianum,
1134 5449 1253 5488 cum
1285 5432 1557 5489 Romanos
1585 5433 1745 5500 dicit,
1777 5437 1970 5490 intelli-

390 5517 516 5622 ᾖον-ε
563 5518 658 5584 eos
705 5503 798 5572 qui
845 5503 1081 5557 nondum
1142 5510 1485 5558 excusserant
1526 5503 1710 5573 jugum
1760 5507 1967 5575 imperii

440 5587 640 5622 omam.

440 5587 618 5627 (unam
629 5612 640 5624 .

369 5648 373 5652 ‘
461 5639 488 5677 δ
519 5641 582 5693 Id‘
611 5650 727 5706 est,
779 5642 1004 5696 clericos
1049 5644 1337 5699 monachos
1383 5653 1437 5698 et
1481 5646 1698 5698 omnino
1743 5660 1835 5698 eos
1878 5645 1967 5712 qui

2078 3768 2315 3824 severius
2356 3765 2477 3817 vita:
2513 3760 2811 3813 institutum
2851 3757 3252 3828 proﬁtebantur,
3297 3773 3433 3828 quos
3473 3764 3654 3820 statim

2080 3836 2302 3908 opponit
2349 3828 2726 3908 siccularibus,
2783 3827 3034 3908 tanquam
3089 3841 3255 3908 genus
3301 3827 3574 3908 hominum
3623 3852 3653 3889 a

2078 3896 2302 3962 stultitia
2341 3900 2516 3958 szeculi
2550 3908 2832 3953 remotum.
2874 3896 3071 3950 Eadem
3112 3896 3450 3951 distinctione
3489 3902 3654 3957 utitur

2079 3979 2238 4034 etiam
2286 3974 2421 4029 infra
2459 3983 2582 4040 pag.
2630 3968 2767 4022 108:
2811 3971 2974 4040 Atque
3013 3967 3107 4040 hoc
3140 3965 3373 4040 uidelicet
3399 3967 3516 4021 laici
3532 3979 3655 4040 tan.

2078 4049 2338 4103 tummodo
2362 4087 2374 4107 ,
2427 4038 2530 4096 non
2577 4040 2785 4112 quidam
2832 4038 2985 4094 etiam
3029 4038 3352 4112 clericorum,
3384 4039 3654 4112 saculos-e3

2087 4115 2457 4177 tantummodo,
2487 4108 2598 4165 non'
2623 4110 2767 4164 multi
2795 4112 2947 4164 etiam
2976 4109 3219 4180 religiosi.
3263 4108 3330 4162 Et
3356 4124 3478 4178 pag.
3509 4108 3612 4164 268
3639 4131 3650 4165 :

2088 4187 2239 4242 Nova
2262 4189 2444 4259 quippe
2474 4183 2697 4259 amentia
2728 4187 2832 4233 tam
2847 4182 3128 4259 .sa'culares
3158 4195 3306 4259 quam
3330 4181 3483 4259 etiam
3504 4197 3654 4251 quos-

2085 4259 2205 4310 dam
2251 4249 2812 4324 {eligionis‘pprofessos
2841 4250 3046 4324 incessit
3077 4249 3324 4324 homines.
3369 4249 3499 4324 Item
3517 4249 3649 4319 pag.

2083 4325 2222 4378 982:
2257 4317 2398 4378 Illud
2433 4317 2611 4374 durius
2651 4317 2800 4390 atque
2842 4317 3136 4390 molestius,
3163 4318 3298 4390 quod
3322 4317 3570 4390 quidam,
3597 4317 3654 4373 ut

2083 4395 2321 4458 arbitror,
2354 4393 2579 4462 ﬁliorum
2626 4384 2846 4462 tuorum
2871 4384 2961 4440 sub
2990 4384 3252 4462 religionis
3278 4384 3441 4462 .titulo
3471 4404 3501 4462 (ι
3531 4390 3646 4442 reli-

2081 4467 2232 4535 gione
2260 4454 2596 4535 dissentiunt,
2643 4466 2692 4512 et
2729 4458 2902 4535 habitu
2940 4454 3105 4535 magis
3128 4454 3375 4535 saeculum
3409 4456 3652 4535 reliquere

2127 4551 2235 4588 iam
2273 4550 2443 4587 sensu.
2487 4530 2841 4598 Hieronymus
2871 4527 2922 4579 in
2952 4524 3174 4598 epistola
3205 4525 3270 4579 ad
3298 4524 3649 4598 Nepotianum

2115 4619 2146 4658 e
2174 4603 2294 4659 Vita
2323 4602 2637 4657 clericorum
2664 4595 2962 4650 {Nonnulli
2991 4597 3125 4650 enim
3153 4604 3272 4649 sunt
3303 4595 3508 4651 ditiores
3536 4614 3650 4652 mo-

2000 4650 2054 4708 η
2717 4666 3041 4744 saeculares.“
3063 4663 3130 4744 Et
3158 4666 3209 4719 in
3238 4650 3519 4744 Epitaph‘io
3539 4650 3634 4722 Ni,»

2074 4735 2371 4811 potiani'ad
2405 4735 2746 4811 Heliodorum
2773 4754 2785 4787 :
2831 4736 2971 4811 Sint_
2989 4735 3196 4811 ditiores
3216 4735 3472 4811 monac/ii
3499 4754 3644 4808 qua.

2077 4805 2283 4881 fuerant
2321 4809 2616 4863 satralares.
2675 4805 2838 4860 Iidem
2869 4805 2980 4881 _qui_
3021 4805 3109 4859 hic
3152 4805 3251 4859 sub
3277 4805 3642 4881 religiosorum

2078 4873 2292 4934 nomine
2339 4885 2706 4947 opponunturA
2729 4873 3069 4947 saecularibus
3092 4916 3106 4940 ,
3139 4876 3308 4947 sancti
3333 4891 3370 4947 Aa
3399 4873 3646 4947 Salviano

2073 4949 2320 5003 dicuntur
2347 4944 2468 5016 pag.
2502 4944 2604 4998 2‘29
2630 4963 2642 4998 :
2677 4944 2782 5000 Sed
2803 4945 2926 4996 dicit
2947 4945 3168 5016 fortasse
3187 4944 3388 5016 aliquis,
3413 4955 3517 4991 non
3535 4944 3646 5012 qui-

2075 5018 2189 5090 dem
2210 5011 2459 5090 debitores
2485 5033 2588 5069 non
2610 5031 2721 5090 esse
2739 5011 2977 5090 sanctos,
3013 5011 3292 5090 sednutlto
3322 5020 3489 5060 tamen
3533 5022 3646 5090 mai

2070 5088 2191 5158 jora
2231 5089 2492 5141 hominum
2527 5085 2855 5158 stewlarium
2894 5098 3004 5136 esse
3042 5079 3242 5158 debita‘,
3265 5086 3647 5158 Δςιιονιιτιηὶειιηε

2079 5141 2229 5228 ξιιιιτα
2249 5165 2485 5229 ρει-σαι(ιῖ
2522 5141 2838 5229 Sanctorum
2866 5165 3024 5229 porro
3052 5141 3408 5229 appellati’ope
3436 5141 3646 5229 salvia-

2079 5211 2202 5302 ἒιειιη
2249 5211 2708 5302 ἒοηιιιτβιιεηάετρ
2742 5211 3033 5302 ωοηὲίάιειβ
3072 5211 3319 5302 ίΡέεηηοθί
3338 5211 3497 5302 9909‘
3520 5231 3642 5302 95'!!-

2076 5296 2216 5349 188:
2251 5282 2338 5352 ita
2378 5282 2536 5366 igitur
2580 5303 2630 5347 et
2664 5294 2718 5366 in
2759 5285 3052 5347 monachis,
3092 5282 3269 5350 idest,
3299 5288 3493 5340 sanctis
3521 5282 3643 5353 Dei,

2071 5367 2314 5438 Afrorum
2342 5361 2587 5438 probatur
2607 5361 2794 5438 odium.
2876 5423 2890 5438 Ι
2960 5425 2993 5438 Α

2150 5447 2168 5473 ε
2204 5423 2560 5506 Repdsuimus
2601 5434 2835 5506 veterem
2854 5423 3191 5506 lectionem,
3223 5441 3382 5506 quam
3418 5434 3644 5506 vetusta;

2073 5493 2336 5560 editiones
2365 5501 2566 5582 habenti}
2585 5504 2638 5582 et
2653 5494 2825 5549 codex
2848 5493 3206 5582 ‘Colbertinus.
3240 5493 3306 5582 Iri
3332 5496 3641 5582 Cprbeienpi

2073 5577 2326 5642 scriptum
2356 5577 2436 5622 est
2470 5585 2481 5617 :
2513 5565 2619 5618 Sed
2639 5567 2944 5649 respondere
2973 5570 3190 5639 fortasse
3234 5569 3418 5650 aliquis
3457 5573 3637 5633 potest.

2143 5643 2168 5680 τι
2182 5641 2319 5696 Infra
2333 5641 2560 5699 hacnag.
2581 5653 2592 5686 :
2612 5633 2665 5688 Ν
2672 5639 2876 5706 nmquid
2893 5646 2996 5692 tam
3008 5637 3310 5694 accusabit“
3323 5635 3639 5688 Francm
