4234 6262
555 291 624 349 37
1475 280 1532 335 s.
1573 279 1885 336 sanum
1925 279 2381 336 MASSILIENSIS
2422 269 2843 338 PRESBYTER!
3747 279 3818 337 se
3907 345 3930 358 ο

555 412 786 464 humana
812 441 827 464 ,
875 410 899 436 ³
939 397 1253 454 Chunorum
1294 396 1589 466 impudica;
1631 397 1869 450 omnium
1899 395 2130 462 denique
2156 399 2206 456 Α
2233 411 2354 450 cum
2380 411 2439 450 se
2479 394 2664 464 jurant
2709 410 2806 464 per
2850 392 3122 448 Christum
3161 409 3282 450 esse
3314 395 3566 450 facturos.
3597 395 3814 452 Etcum

555 493 792 564 gentium
822 490 1177 545 barbarorum
1206 488 1233 527 ι’
1260 488 1388 552 vita,
1424 488 1703 542 vitiositas.
1743 487 1847 541 Sed
1881 487 2138 554 numquid

553 584 801 639 eumdem
831 591 1041 637 reatum
1070 582 1271 635 habent
1316 579 1529 632 illorum
1572 579 1698 632 vitia
1727 593 1886 645 quem
1934 585 2132 643 nostra,

554 675 815 745 numquid
857 682 968 729 tam
997 673 1284 729 criminosa
1323 680 1407 726 est
1454 669 1761 725 Chunorum
1808 669 2134 738 impudicitia

551 783 715 838 quam
753 775 938 822 nostra
961 805 976 830 ,
1019 763 1278 834 numquid
1309 771 1416 815 tam
1464 760 1778 816 accusabilis
1806 759 2134 815 Francorum

549 856 775 930 perfidia
796 873 958 927 quam
980 864 1180 918 nostra,
1206 859 1298 906 aut
1318 860 1426 904 tam
1446 851 1881 920 reprehensibilis
1903 851 2136 904 ebrietas

554 949 712 1018 Alani
739 965 901 1018 quam
936 947 1168 1002 ebrietas
1209 941 1516 1005 Christiani,
1551 949 1645 994 aut
1669 949 1778 994 tam
1816 941 2136 996 damnabilis

553 1040 824 1110 rapacitas
854 1037 1043 1099 Albani
1069 1050 1229 1105 quam
1260 1033 1525 1102 rapacitas
1551 1031 1877 1115 Christiani?
1907 1032 1963 1086 Si
1991 1031 2136 1085 fallat

553 1131 776 1186 Chunus
796 1130 880 1183 vel
910 1127 1131 1195 Gepida,
1163 1124 1290 1192 quid
1319 1124 1513 1178 mirum
1535 1131 1637 1185 est,
1667 1125 1758 1191 qui
1797 1124 2006 1193 culpam
2037 1139 2133 1192 pe-

553 1224 698 1278 nitus
722 1219 970 1275 falsitatis
993 1217 1240 1283 ignorat?
1267 1215 1323 1270 Si
1351 1214 1556 1284 pejeret
1575 1214 1833 1280 Francus,"
1855 1214 1982 1282 quid
2010 1215 2135 1268 novi

551 1314 748 1376 faciet,
796 1309 886 1378 qui
935 1305 1227 1376 perjurium
1256 1307 1429 1376 ipsum
1477 1291 1741 1360 sermonis
1783 1319 1951 1373 genus
1981 1314 2136 1375 putat

551 1415 688 1463 esse,
721 1414 828 1452 non
855 1397 1136 1451 criminis?
1160 1395 1225 1448 Et
1254 1395 1381 1464 quid
1403 1397 1595 1449 mirum
1625 1397 1670 1450 si
1693 1397 1796 1450 hoc
1828 1396 2038 1474 barbari
2061 1397 2134 1450 ita

548 1488 793 1552 credunt,
839 1487 931 1556 qui
969 1487 1142 1554 legem
1184 1493 1237 1540 et
1281 1486 1448 1540 Deum
1493 1486 1774 1550 nesciunt,
1809 1502 1929 1540 cum
1963 1486 2136 1555 major

549 1581 662 1637 fere
700 1580 930 1633 Romani
962 1579 1191 1634 nominis
1229 1580 1409 1649 portio
1431 1581 1504 1632 ita
1543 1575 1833 1643 existiniet,
1861 1595 1981 1648 qua:
2008 1596 2134 1650 pec-

550 1688 674 1727 care
703 1686 761 1725 se
809 1671 994 1723 novit?
1023 1670 1156 1723 Nam
1181 1678 1240 1723 ut
1267 1670 1333 1724 de
1362 1670 1468 1725 alio
1497 1671 1773 1725 hominum
1803 1685 1997 1739 genere
2026 1688 2131 1726 non

2240 489 2498 558 scriptum
2547 490 2661 542 sit:
2715 485 2840 541 Non
2886 487 3175 541 nominabis
3224 505 3408 543 nomen
3463 489 3672 542 Domini
3716 487 3816 543 Dei

2240 581 2312 632 tui
2338 581 2393 632 in
2419 596 2603 632 vanum
2635 577 2826 649 (Exod.
2857 595 2946 644 xx,
2997 577 3081 648 7),
3119 579 3172 632 in
3214 579 3266 632 id
3313 581 3614 634 reverentia
3663 579 3814 633 Chri-

2238 669 2306 722 sti
2335 667 2550 732 decidit,
2573 675 2633 722 ut
2653 667 2792 722 inter
2817 675 3040 722 caeteras
3059 668 3240 722 saeculi
3261 670 3526 723 vanitates
3554 669 3684 722 nihil
3705 669 3816 737 jam

2238 771 2375 827 pene
2403 759 2592 812 vanius
2622 772 2784 824 quam
2813 756 3010 811 Christi
3051 773 3246 812 nomen
3272 772 3390 813 esse
3414 757 3676 812 videatur.
3709 758 3814 813 De-

2239 850 2400 918 nique
2447 851 2602 904 multi
2628 867 2734 904 non
2765 851 2967 905 otiosas
3007 850 3376 905 tantummodo
3413 866 3501 906 res
3546 860 3601 906 et
3628 854 3816 918 aniles,

2238 942 2332 1013 sed
2357 941 2467 1012 84
2488 943 2649 995 etiam
2677 943 2880 997 scelera
2908 943 3150 1011 quaedam
3179 959 3237 997 se
3261 943 3442 1012 jurant
3482 959 3580 1014 per
3621 945 3818 1001 Christi

2236 1048 2433 1086 nomen
2463 1048 2582 1086 esse
2604 1033 2859 1087 facturos.
2890 1032 2988 1087 llic
3009 1034 3149 1087 enim
3186 1034 3439 1102 loquendi
3467 1050 3594 1090 usus
3623 1045 3703 1090 est
3734 1045 3818 1090 ta-

2237 1123 2412 1178 libus:
2460 1123 2563 1178 Per
2607 1124 2874 1178 Christum
2904 1126 3027 1193 quia
3055 1125 3188 1179 tollo
3217 1125 3361 1192 illud,
3404 1123 3509 1180 Per
3547 1124 3818 1182 Christum

2237 1216 2362 1284 quia
2416 1215 2563 1270 czedo
2601 1216 2771 1281 illum,
2821 1215 2923 1270 Per
2957 1214 3226 1271 Christum
3265 1217 3391 1285 quia
3416 1217 3601 1273 occido
3641 1219 3815 1275 illum.

2237 1305 2319 1359 Ad
2339 1307 2443 1361 hoc
2471 1322 2557 1360 res
2586 1308 2792 1372 recidit,
2817 1316 2874 1362 ut
2902 1324 3022 1396 cum
3052 1324 3148 1378 per
3173 1309 3370 1364 Christi
3396 1325 3590 1364 nomen
3607 1309 3821 1378 jurave-

2236 1397 2362 1460 rint,
2393 1405 2585 1465 putent
2615 1414 2672 1451 se
2701 1399 2900 1452 scelera
2933 1399 3093 1452 etiam
3121 1400 3372 1467 religiose
3403 1415 3538 1456 esse
3557 1400 3816 1457 facturos.

2237 1489 2474 1556 Denique
2499 1490 2627 1558 quid
2646 1491 2774 1545 mihi
2799 1492 2897 1560 ipsi
2928 1491 3166 1545 evenerit
3193 1492 3385 1547 dicam.
3410 1492 3543 1548 Cum
3570 1501 3694 1548 ante
3722 1493 3820 1548 ali—

2236 1583 2552 1650 quantulum
2582 1590 2810 1652 tempus,
2843 1583 3016 1636 victus
3046 1599 3206 1651 prece
3244 1581 3520 1652 cujusdam
3548 1584 3818 1654 pauperis,

2237 1671 2643 1739 prmpotentiori
2672 1670 2880 1724 cuidam
2904 1671 3279 1739 supplicarem,
3311 1672 3600 1728 obsecrans
3629 1688 3694 1727 ne
3717 1673 3818 1727 ho-

549 1763 721 1818 dicam
741 1804 754 1827 ,
789 1761 1191 1816 consideremus
1215 1762 1358 1816 solas
1383 1763 1778 1830 negotiatorum
1807 1772 1862 1816 et
1893 1775 1914 1802 ο
1944 1765 2134 1819 sirico-
2167 1752 2212 1810 Β
2239 1762 2369 1815 mini
2397 1761 2593 1816 misero
2636 1773 2690 1815 et
2717 1767 3002 1829 egestuoso
3032 1777 3144 1815 rem
3185 1777 3248 1816 ac
3290 1763 3639 1817 substantiam
3669 1779 3820 1818 suam

549 1869 665 1907 rum
697 1852 937 1906 omnium
981 1852 1194 1916 turbas,
1227 1867 1348 1922 qua:
1376 1852 1635 1920 majorem
1663 1852 1830 1908 ferme
1860 1855 2137 1908 civitatum

551 1944 918 1998 universarum
932 1950 1142 2011 partem
1157 1952 1575 2013 occupaverunt,
1594 1945 1638 1997 si
1655 1944 1795 1998 aliud
1810 1947 1917 2015 83
1934 1953 2016 1999 est
2028 1946 2135 2000 vita

549 2035 774 2088 istorum
804 2033 1044 2087 omnium
1065 2049 1226 2101 quam
1255 2033 1531 2088 meditatio
1559 2034 1668 2088 doli
1698 2044 1751 2089 et
1773 2037 1964 2090 tritura
1994 2054 2137 2092 men-

547 2122 689 2178 dacii
713 2163 729 2188 ,
775 2131 869 2177 aut
916 2123 962 2177 si
992 2139 1101 2177 non
1132 2125 1310 2192 perire
1339 2123 1626 2178 admodum
1670 2127 1832 2181 verba
1872 2129 2137 2182 testimant

548 2229 680 2285 qute'
702 2215 834 2270 nihil
865 2215 1208 2283 loquentibus
1235 2224 1479 2285 prosunt.
1517 2215 1718 2271 Tantus
1745 2219 1884 2287 apud
1914 2219 2012 2273 hos
2038 2219 2135 2273 Dei

548 2309 726 2363 honor
754 2315 837 2361 est
875 2308 1168 2376 prohibens
1193 2309 1357 2362 etiam
1380 2307 1774 2376 jusjurandum,
1803 2318 1862 2363 ut
1900 2311 2134 2377 singula-

548 2414 664 2452 rem
711 2399 1018 2463 existiment
1067 2399 1294 2454 fructum
1345 2401 1585 2454 omnium
1635 2400 1948 2470 perjurium.
1996 2402 2134 2468 Quid

549 2505 678 2558 ergo
709 2490 902 2543 mirum
950 2490 1212 2545 barbaros
1255 2490 1475 2557 fallere,
1522 2493 1614 2559 qui
1644 2492 1892 2546 falsitatis
1931 2495 2133 2548 crimen

549 2584 844 2651 ignorant?
887 2581 1027 2636 Nihil
1074 2585 1216 2637 enim
1261 2592 1574 2654 contemptu
1622 2594 1788 2652 agunt
1835 2587 2132 2642 caelestium

547 2681 961 2742 przeceptorum,
987 2683 1254 2741 prarcepta
1285 2673 1496 2727 Domini
1525 2674 1843 2738 nescientes,
1875 2675 1999 2742 quia
2025 2690 2132 2729 non

547 2761 677 2817 facit
706 2763 906 2830 aliquid
935 2770 1123 2816 contra
1157 2762 1329 2830 legem
1362 2763 1494 2831 legis
1523 2764 1758 2831 ignarus.
1792 2763 1984 2818 Noster
2003 2779 2131 2832 ergo

548 2852 637 2909 hic
674 2855 1017 2922 peculiariter
1044 2862 1229 2908 reatus
1269 2862 1352 2909 est
1380 2855 1471 2922 qui
1519 2855 1689 2924 legem
1738 2855 1971 2910 divinam
2002 2857 2132 2925 legi-

548 2953 688 3010 mus,
721 2953 777 2999 et
803 2946 992 3014 legalia
1035 2961 1248 3016 semper
1274 2947 1474 3016 scripta
1513 2947 1798 3014 violamus,
1840 2948 1933 3016 qui
1963 2949 2130 3002 Deum

549 3053 709 3092 nosse
738 3054 836 3093 nos
862 3038 1108 3104 dicimus,
1139 3047 1193 3093 et
1216 3039 1367 3108 jussa
1396 3041 1539 3094 illius
1569 3058 1632 3095 ac
1661 3051 1927 3112 praecepta
1953 3043 2129 3097 calca-

2241 1852 2470 1916 tolleret,
2500 1867 2567 1904 ne
2595 1851 2887 1905 subsidium
2910 1857 2964 1904 et
2991 1852 3184 1920 stipem
3215 1868 3322 1920 quo
3350 1862 3637 1922 paupertas
3680 1854 3822 1910 illius

2240 1943 2530 2006 nitebatur,
2563 1943 2825 2008 auferret;
2857 1950 2971 1996 tum
3000 1943 3109 2009 ille,
3139 1945 3230 2014 qui
3259 1945 3376 2014 ejus
3401 1946 3563 1999 rebus
3601 1946 3690 1999 siti
3727 1961 3819 2001 ra-

2239 2031 2360 2086 bida
2401 2033 2717 2096 inhiaverat,
2769 2049 2832 2086 ac
2877 2032 3111 2102 praedam
3155 2033 3266 2101 jam
3311 2049 3408 2102 spe
3439 2043 3493 2088 et
3530 2035 3822 2104 cupiditate

2240 2137 2264 2173 Β
2289 2126 2661 2180 ardentissima
2692 2126 3065 2190 devoraverat,
3098 2128 3393 2197 respiciens
3425 2145 3488 2183 ac
3514 2129 3731 2183 vibrans
3767 2129 3822 2182 in

2239 2236 2300 2273 os
2329 2234 2505 2273 meum
2533 2227 2712 2272 truces
2733 2219 2936 2284 oculos,
2957 2227 3143 2288 utpote
3171 2220 3264 2288 qui
3295 2220 3407 2274 tolli
3438 2220 3540 2274 sibi
3568 2235 3599 2274 a
3619 2235 3704 2274 me
3732 2236 3824 2289 pu-

2240 2317 2377 2362 taret
2417 2307 2443 2344 ιι
2467 2309 2722 2378 quidquid
2753 2309 2868 2378 ipse
2897 2309 3053 2363 alteri
3090 2326 3196 2364 non
3227 2311 3451 2375 tulisset,
3487 2310 3822 2380 nequaquam

2237 2400 2342 2454 hoc
2381 2401 2526 2468 quod
2573 2409 2812 2469 peterem
2843 2399 3018 2454 facere
3039 2415 3097 2454 se
3124 2415 3284 2469 posse
3324 2402 3639 2470 respondit:
3672 2402 3823 2470 quasi

2236 2507 2364 2544 vero
2386 2490 2540 2558 jussu
2568 2498 2659 2544 aut
2685 2491 2889 2560 scripto
2919 2491 2972 2544 id
3012 2506 3166 2545 sacro
3209 2489 3410 2544 faceret
3435 2492 3581 2558 quod
3608 2492 3825 2561 penitus

2236 2583 2511 2651 praeterire
2541 2597 2646 2634 non
2687 2589 2887 2650 posset.
2921 2581 3160 2650 Cumque
3189 2593 3291 2648 ego
3317 2597 3534 2635 causam
3572 2597 3678 2650 qua
3719 2583 3826 2638 hoc

2237 2670 2351 2725 ﬁeri
2374 2687 2480 2724 non
2509 2672 2710 2725 valeret
2727 2686 3041 2739 quaererem,
3065 2671 3199 2725 dixit
3218 2686 3331 2724 rem
3358 2671 3819 2734 violentissimam,

2237 2772 2291 2819 et
2319 2764 2405 2819 cui
2425 2762 2721 2818 contradici
2742 2764 2956 2833 penitus
2969 2779 3074 2817 non
3101 2764 3342 2817 deberet.
3365 2761 3378 2799 ί
3403 2761 3602 2827 Juravi,
3628 2763 3818 2829 inquit,
3855 2790 3861 2798 ι

2241 2857 2256 2893 ί
2287 2870 2383 2924 per
2409 2854 2678 2910 Christum
2709 2869 2795 2908 res
2843 2854 2983 2908 illius
3025 2869 3055 2906 a
3086 2869 3171 2906 me
3213 2867 3332 2906 esse
3374 2852 3654 2906 tollendas.
3684 2851 3820 2905 Vide

2234 2960 2362 3014 ergo
2392 2962 2459 3000 an
2481 2947 2683 3016 possim
2707 2945 2792 3000 vel
2817 2945 3041 2999 debeam
3079 2958 3187 2997 non
3217 2942 3448 3004 eﬂicere,
3480 2941 3624 3010 quod
3649 2942 3816 2995 etiam

2235 3036 2554 3106 interposito
2592 3035 2789 3089 Christi
2836 3034 3052 3088 nomine
3094 3049 3180 3087 me
3227 3033 3335 3087 dixi
3375 3047 3494 3086 esse
3536 3031 3818 3086 facturum.

549 3142 698 3193 mus;
743 3144 805 3182 ac
845 3143 940 3197 per
967 3130 1072 3184 hoc
1098 3145 1218 3184 cum
1263 3145 1383 3185 cum
1431 3147 1750 3199 spernamus
1784 3147 1945 3199 quem
1972 3132 2078 3186 coli
2103 3148 2133 3185 a
2161 3124 2207 3187 C
2240 3127 2376 3180 Tum
2423 3140 2542 3194 ego,
2579 3127 2744 3196 (quid
2772 3127 2913 3179 enim
2945 3126 3174 3194 amplius
3198 3124 3449 3189 facerem,
3479 3123 3565 3177 cui
3607 3139 3693 3178 res
3715 3132 3823 3179 tam

550 3218 706 3272 nobis
733 3218 1001 3272 credimus
1025 3227 1189 3289 atque
1207 3219 1492 3286 jactamus,
1519 3221 1572 3274 id
1593 3221 1768 3290 ipsum
1789 3220 1932 3288 quod
1959 3221 2133 3276 cultus

549 3307 645 3363 Dei
671 3309 900 3375 videtur,
935 3311 1126 3378 injuria
1153 3318 1252 3364 est.

618 3396 732 3452 XV.
776 3400 1036 3468 Denique,
1070 3408 1128 3454 ut
1147 3400 1215 3454 de
1243 3402 1478 3470 peccatis
1503 3402 1619 3456 aliis
1649 3403 1986 3469 nihildicam,
2011 3406 2132 3474 quis

550 3498 632 3545 est
674 3491 892 3546 omnino
941 3493 1215 3548 hominum
1265 3495 1614 3560 s:ecularium,
1670 3504 1865 3566 praeter
1910 3514 2132 3568 paucos,

550 3581 642 3650 qui
693 3597 800 3635 non
829 3583 896 3637 ad
926 3585 1030 3638 hoc
1058 3599 1270 3654 semper
1314 3581 1510 3638 Christi
1549 3595 1760 3640 'nomen
1809 3588 1861 3641 in
1905 3603 1998 3642 ore
2037 3589 2133 3641 ha-

549 3672 677 3732 beat
721 3681 779 3726 ut
807 3675 1056 3744 pejeret?
1086 3675 1236 3732 Unde
1284 3677 1444 3730 etiam
1471 3679 1843 3747 pervulgatum
1883 3682 1984 3736 hoc
2022 3681 2133 3736 fere

550 3769 606 3814 et
652 3763 793 3831 apud
837 3766 1042 3821 nobiles
1095 3774 1149 3820 et
1202 3767 1344 3837 apud
1395 3769 1654 3834 ignobiles
1683 3768 1708 3805 ά
1740 3781 2131 3826 sacramentum

551 3862 634 3906 est
689 3872 700 3905 :
750 3853 854 3908 Per
906 3856 1174 3912 Christum
1218 3861 1344 3926 quia
1396 3860 1500 3913 hoc
1551 3860 1706 3924 facio,
1736 3861 1837 3914 Per
1863 3861 2131 3916 Christqu

550 3941 677 4009 quia
703 3942 808 3997 hoc
827 3959 946 4012 ago,
981 3943 1084 3998 Per
1109 3944 1380 4000 Christum
1400 3948 1522 4012 quia
1556 3949 1687 4001 nihil
1724 3949 1866 4002 aliud
1892 3951 2132 4006 dicturus

550 4046 690 4095 sum,
725 4031 825 4084 Per
859 4031 1131 4085 Christum
1177 4035 1302 4101 quia
1332 4035 1405 4086 nil
1447 4036 1587 4088 aliud
1635 4046 1853 4091 acturus
1880 4055 2016 4092 sum.
2067 4040 2134 4094 Et

553 4119 683 4189 quid
703 4120 895 4188 plura?
923 4121 980 4173 ln
1011 4122 1062 4175 id
1091 4123 1303 4190 penitus
1330 4123 1556 4179 deducta
1585 4143 1672 4182 res
1693 4136 1775 4182 est
1802 4137 1878 4191 ut,
1911 4130 2048 4185 sicut
2067 4132 2134 4186 de

553 4221 580 4250 ο
600 4213 824 4282 paganis
845 4213 1088 4269 barbaris
1117 4216 1263 4286 prius
1289 4217 1535 4286 diximus,
1580 4219 1776 4276 Christi
1802 4239 1998 4280 nomen
2027 4241 2133 4280 non

552 4301 798 4357 videatur
816 4305 929 4372 jam
964 4317 1359 4364 sacramentum
1387 4326 1536 4377 esse,
1569 4313 1663 4368 sed
1691 4330 1887 4370 sermo.
1917 4316 2050 4370 Nam
2079 4319 2135 4372 in

551 4399 760 4449 tantum
789 4397 932 4465 apud
954 4399 1212 4467 plurimos
1237 4418 1434 4457 nomen
1462 4404 1567 4459 hoc
1605 4406 1757 4474 parvi
1785 4408 2050 4476 penditur,
2076 4417 2135 4462 ut

2233 3219 2380 3286 justa
2403 3204 2795 3272 obtendebatur
2819 3225 2873 3270 et
2902 3217 3163 3286 sancta?)
3207 3214 3387 3268 audita
3435 3215 3822 3283 religiosissimi

2237 3309 2456 3363 sceleris
2483 3308 2709 3371 ratione,
2743 3307 2984 3361 discessi.

2306 3399 2441 3453 XVI.
2485 3399 2582 3452 llic
2631 3415 2771 3453 nunc
2814 3399 3088 3466 interrogo
3117 3416 3302 3454 omnes
3341 3400 3431 3468 qui
3461 3415 3604 3453 sanae
3626 3401 3820 3456 mentis

2235 3502 2360 3547 sunt
2393 3511 2404 3545 :
2455 3491 2585 3558 Quis
2613 3507 2866 3561 umquam
2896 3491 3138 3546 crederet
3180 3509 3351 3562 usque
3379 3494 3431 3546 in
3465 3493 3600 3546 hanc
3629 3502 3819 3547 contu-
3871 3551 3876 3555 ,

2236 3584 2448 3638 meliam
2497 3583 2591 3638 Dei
2640 3597 3046 3652 progressuram
3077 3599 3195 3638 esse
3226 3585 3473 3638 humanae
3513 3585 3820 3654 cupiditatis

2236 3676 2534 3741 audaciam,
2554 3683 2612 3729 ut
2635 3675 2685 3728 id
2705 3677 2879 3745 ipsum
2905 3676 2955 3729 in
2972 3692 3080 3743 quo
3102 3675 3297 3730 Christi
3320 3676 3564 3744 injuriam
3595 3677 3815 3743 faciunt,

2234 3764 2414 3819 dicant
2440 3780 2498 3820 se
2527 3765 2597 3818 ob
2618 3763 2816 3819 Christi
2857 3779 3050 3819 nomen
3090 3781 3208 3820 esse
3238 3767 3504 3821 tacturos?
3538 3765 3582 3820 Ο
3611 3768 3813 3822 inuesti-

2233 3856 2428 3910 mabile
2475 3857 2678 3910 facinus
2706 3862 2760 3908 et
2788 3855 3185 3923 prodigiosum!
3213 3856 3353 3922 Quid
3401 3873 3506 3912 non
3537 3874 3680 3913 ausa:
3707 3859 3816 3914 sint

2235 3947 2489 4016 improbae
2534 3945 2769 4000 mentes!
2816 3944 3039 3999 Armant
3079 3962 3138 4000 se
3167 3947 3233 4001 ad
3254 3938 3679 4004 latrocinandum
3705 3953 3814 4024 85

2234 4053 2332 4106 per
2350 4036 2548 4091 Christi
2579 4052 2799 4102 nomen,
2823 4046 3096 4092 auctorem
3126 4038 3524 4113 quodammodo
3547 4041 3629 4094 sui
3657 4043 3819 4096 scele-

2235 4131 2309 4183 ris
2333 4130 2497 4183 Deum
2530 4129 2761 4184 faciunt!
2791 4138 2845 4183 et
2872 4145 2994 4184 cum
3025 4129 3339 4185 interdictor
3359 4147 3421 4186 ac
3440 4131 3634 4185 vindex
3651 4131 3818 4187 malo-

2235 4238 2353 4278 rum
2374 4223 2612 4276 omnium
2634 4222 2878 4277 Christus
2903 4223 3186 4285 sil,dicunt
3212 4211 3276 4278 se
3292 4225 3463 4279 scelus
3489 4222 3630 4292 quod
3652 4230 3815 4291 agunt

2235 4328 2394 4382 agere
2421 4330 2519 4383 pro
2549 4314 2780 4369 Christo.
2814 4315 2881 4368 Et
2909 4314 2976 4368 de
3005 4315 3186 4369 hostili
3217 4316 3498 4384 iniquitate
3525 4314 3811 4383 conqueri-

2232 4423 2372 4468 mur,
2420 4415 2474 4460 et
2513 4407 2824 4476 paganicam
2869 4406 3170 4460 barbariem
3216 4407 3460 4474 pejerare
3495 4405 3810 4482 causamur!

554 4481 580 4567 ξ
610 4499 900 4552 numquam
945 4489 1121 4543 minus
1171 4493 1407 4559 cogitent
1456 4495 1730 4564 quippiam
1772 4496 1947 4552 facere
1975 4513 2135 4566 quam
2160 4488 2212 4547 D
2239 4498 2450 4565 Quanto
2479 4499 2685 4553 minore
2731 4505 2954 4566 peccato
2982 4496 3056 4549 illi
3101 4512 3199 4566 per
3237 4497 3499 4552 dzemonia
3544 4481 3809 4570 pejerant,

1739 4603 2075 4660 STEPHANI
2112 4605 2381 4661 BALUZII
2418 4604 2645 4661 NOTAE.

551 4703 773 4786 perfidia
794 4721 946 4786 quam
987 4710 1214 4786 nostra?
1235 4709 1454 4786 Etmox
1487 4713 1596 4786 :Si
1635 4715 1825 4785 pejeret
1869 4715 2127 4783 Francus,

549 4774 816 4858 ‘novi
838 4779 1010 4846 faciet,
1042 4779 1164 4858 quid
1197 4783 1477 4858 perjurium
1513 4774 1946 4858 ipsuntsemonis
1973 4774 2128 4858 genus

550 4851 700 4924 putat
748 4861 874 4924 esse,
933 4863 1062 4924 non_
1091 4851 1318 4924 criminis
1311 4853 1358 4924 _?
1383 4851 1596 4908 Flavius
1617 4853 1882 4924 Vopiscus
1911 4851 2127 4912 in'Proo

549 4913 674 4996 culo
707 4913 891 4996 {Ipsis
930 4917 1540 4996 prodentibusulfrancis,
1567 4913 1744 4996 quibus
1775 4927 2031 4996 familiare
2055 4937 2131 4981 est

551 4982 767 5058 ridendo
786 4982 943 5055 ﬁdem
972 4988 1228 5058 frangere.
1263 4990 1394 5045 Vide
1420 4982 1852 5049 Rittershusiu'm.
2072 5018 2079 5024 ·

624 5054 1134 5130 “_lta_’constanter
1173 5060 1339 5114 codex
1383 5060 1740 5121 Corbeiensis.
1793 5065 1909 5130 Quo
1965 5067 2126 5121 etiam

551 5124 715 5202 modo
762 5126 955 5195 legitur
1000 5129 1140 5198 apud
1169 5130 1303 5202 alios
1321 5141 1596 5202 auctores.
1629 5124 1874 5189 Detracta
1899 5145 1979 5190 est
2006 5137 2130 5190 dein

550 5189 728 5269 littera
754 5189 1119 5270 c,_'non_secus
1146 5216 1209 5270 ac
1237 5201 1288 5254 in
1320 5201 1610 5265 Ludovico,
1645 5189 1922 5270 Lothario,
1956 5189 2130 5260 unde;

553 5265 668 5342 ricp
680 5270 752 5342 let
773 5265 921 5342 aliis;
949 5266 1125 5342 Editio
1155 5269 1348 5328 Pilhmi
1376 5287 1588 5342 semper
1616 5273 1776 5327 habet
1807 5265 2005 5328 Hunni.

626 5327 858 5412 {’C‘Qdex
884 5334 1120 5412 Colbert.
1150 5349 1204 5394 et
1227 5327 1437 5397 veteres
1466 5327 1616 5408 edit.,
1646 5359 1750 5396 una
1777 5327 2044 5398 vitiositas.

629 5398 1074 5485 é‘llittershusim
1127 5421 1311 5465 monet
1345 5398 1644 5485 legendum
1682 5415 2122 5485 essesericorum.

555 5468 842 5552 institores
888 5475 1191 5552 sericarum
1221 5468 1447 5552 vestium
1486 5484 1728 5537 nominat
1774 5482 2128 5552 Hieronymus

555 5538 648 5620 lib:
681 5541 1043 5620 _1,l_adve_rsns~
1077 5544 1433 5604 Iovinianum.
1467 5553 1598 5608 Vide
1638 5553 1933 5618 Sidonium,
1966 5538 2056 5607 lib.
2088 5571 2122 5618 ι,

556 5609 807 5693 θρξερβἸ
829 5612 983 5693 etnibi
1011 5613 1416 5693 savaronemﬁet
1444 5621 1802 5693 Sirmondum.

628 5677 655 5716 ἀ
695 5679 1040 5740 Reddidimus
1068 5685 1155 5741 hic
1181 5686 1322 5742 bona
1344 5687 1444 5744 fide
1464 5691 1745 5748 lectionem
1773 5694 1969 5750 codicis
1993 5693 2128 5750 Cor-

2234 4719 2483 4774 beiensis.
2544 4718 2601 4770 ln
2651 4715 2769 4770 aliis
2823 4716 3021 4786 quippe
3063 4717 3384 4777 editionibus
3413 4721 3511 4775 ista
3539 4737 3646 4776 non
3674 4722 3810 4779 bene

2233 4788 2490 4858 disposita
2519 4795 2661 4858 sunt.

2306 4857 2330 4930 ᾖ
2359 4857 2421 4930 id
2444 4857 2896 4930 es_t,AFrancis,gut
2923 4858 3104 4930 docuit
3133 4858 3186 4911 in
3217 4860 3456 4930 proxima
3485 4863 3697 4930 pagina.

2310 4925 2327 4964 τ
2357 4927 2606 5000 Mirabile
2643 4927 2857 4983 fallendi
2907 4925 3341 5000 artiﬁciu_m_.'Sic
3379 4925 3513 5000 apud
3543 4931 3800 4998 Tacitum,

2234 4997 2515 5052 Annalium
2556 4998 2646 5052 lib.
2692 5017 2760 5065 ιι,
2794 4999 3056 5053 Domitius
3112 4997 3269 5052 Celer
3329 4997 3548 5054 aiebat:
3583 4997 3806 5058 Periisse

2233 5068 2590 5143 Germanicum
2615 5071 2742 5143 nulli
2768 5071 3282 5143 jactantius__mwrent
3303 5087 3453 5143 quam
3481 5074 3563 5143 qui
3583 5075 3807 5143 maxime

2233 5138 2488 5192 laetantur.
2509 5139 2661 5204 Quod
2690 5135 2928 5195 inuitatus
2949 5145 3030 5191 cst
3057 5135 3340 5194 Famianus
3356 5135 3566 5204 Strada,
3593 5142 3681 5194 lib.
3701 5159 3717 5196 ι
3739 5145 3804 5197 de

2232 5207 2380 5262 Bello
2411 5210 2622 5282 Belgico
2657 5228 2668 5260 :
2702 5209 2849 5264 Nulli
2873 5206 3156 5280 jactanlius
3184 5209 3338 5276 fidem
3389 5227 3535 5266 suam
3577 5212 3804 5282 obligant

2231 5295 2392 5350 quam
2409 5281 2492 5350 qui
2520 5282 2742 5350 maxime
2770 5282 2980 5335 violant.

2304 5357 2328 5394 8
2358 5349 2538 5404 (Index
2568 5349 2826 5415 Colbert.,
2861 5353 3172 5405 acutissima.

2305 5415 2330 5454 δ
2355 5418 2496 5472 ldcm
2547 5420 2715 5472 codex
2765 5430 2819 5474 et
2870 5421 3035 5475 editio
3057 5419 3311 5476 Galesinii
3345 5439 3356 5474 :
3392 5419 3541 5485 Quod
3568 5423 3674 5492 ipse
3702 5421 3804 5475 ali-

2305 5488 2434 5540 audo
2455 5505 2559 5540 non
2581 5489 2794 5540 tulisset.

2233 5495 2434 5558 quando
2455 5505 2559 5541 non
2581 5495 2794 5542 tulisset.

2236 5627 2270 5644 Δ.
2293 5557 2326 5644 ri
2482 5572 2677 5644 voces,
2689 5575 2783 5644 per
2806 5558 3447 5644 Cliristum,_qua3ndes_unt
3475 5563 3530 5643 in
3556 5561 3672 5644 aliis
3693 5559 3803 5616 edi-

2235 5627 2487 5689 tionibus,
2518 5627 2709 5680 addiue
2746 5638 2871 5683 sunt
2902 5646 2970 5684 ex
3013 5627 3196 5688 cOdicc
3224 5632 3554 5688 Corbciensi.
3580 5630 3802 5689 Prorsus

2231 5697 2385 5752 bene.
2419 5695 2569 5762 Vide,
2600 5696 2784 5753 lector.
2811 5697 3084 5756 Probabis.
3270 5699 3288 5708 ’
