4234 6262
372 308 440 362 89
1441 298 1525 390 DF
1560 293 2039 351 GUBERNATION

1951 292 2084 346 ONE
2125 290 2233 344 nm
2271 291 2397 344 Lm.
2438 290 2525 343 IV.
3381 359 3385 364 _
3554 288 3622 344 90

371 435 535 490 quam
584 434 684 475 nos
711 434 808 489 per
851 414 1148 471 Christum!
1191 413 1401 478 Quanto
1445 410 1669 464 minoris
1715 407 1952 463 criminis
1976 409 2027 465 Α
2054 405 2228 457 simile
2255 419 2374 472 qua:
2393 403 2653 457 dicimus?
2674 399 2940 469 Numquid
2960 398 3066 454 dici
3093 397 3159 452 de
3179 395 3380 450 Chunis
3409 407 3584 466 potest
3611 418 3625 453 :

375 527 465 566 res
505 518 591 565 est
628 509 773 564 Jovis
814 522 1005 562 nomen
1043 503 1344 566 ludificare,
1391 517 1550 571 quam
1590 499 1822 553 Christi!
1873 497 1951 551 lbi

374 602 542 656 homo
562 609 646 656 est
657 607 914 663 mortuus,
940 613 1037 667 per
1049 611 1208 665 quem
1228 594 1466 662 juratur;
1495 593 1585 646 hic
1610 591 1751 646 Deus
1778 590 1948 654 vivus,

375 694 472 762 qui
498 692 779 762 pejeratur.
804 689 880 744 lbi
909 703 1012 742 nec
1029 689 1192 742 homo
1217 685 1388 749 ullus;
1409 675 1496 738 hic
1527 683 1666 737 Deus
1692 695 1948 736 summus.

377 782 480 838 Hic
496 796 616 838 cum
633 780 848 834 maximi
877 778 1198 834 sacramenti
1227 777 1298 831 sit
1326 774 1605 843 dejeratio,
1631 786 1853 826 necesse
1873 777 1955 823 est

378 873 596 928 maximi
622 872 688 926 sit
707 878 886 925 reatus
908 876 965 924 et
991 868 1290 939 pejeratio;
1316 866 1388 921 ibi
1415 880 1536 920 cum
1555 877 1724 932 prope
1752 860 1955 914 nullum

377 968 450 1022 sit
479 975 504 1003 ⁸
527 964 918 1034 juramentum,
953 960 1160 1017 nullum
1211 965 1425 1016 constat
1469 961 1588 1011 esse
1640 953 1952 1023 perjurium.

277 1054 289 1057 ’
377 1058 509 1112 Nam
547 1071 665 1112 cum
693 1055 837 1110 Deus
883 1069 992 1108 non
1019 1053 1087 1108 sit
1120 1067 1220 1122 per
1259 1064 1421 1120 quem
1467 1048 1712 1116 juratur,
1742 1060 1848 1098 non
1878 1051 1960 1098 est

373 1147 665 1218 perjurium
720 1160 845 1201 cum
895 1142 1192 1214 pejeratur.
1247 1139 1491 1207 Denique
1546 1137 1639 1205 qui
1684 1135 1796 1189 vult
1823 1134 1959 1188 scire

368 1254 528 1308 quam
567 1252 758 1292 verum
803 1236 894 1298 sit,
928 1233 1113 1288 audiat
1157 1232 1374 1286 beatum
1404 1227 1700 1298 apostolum
1737 1224 1961 1278 Paulum

374 1331 491 1400 ipsa
518 1330 636 1383 haec
663 1341 785 1396 qua:
831 1340 929 1379 nos
972 1323 1196 1378 dicimus
1223 1320 1617 1391 praedicantem.
1650 1316 1739 1370 Sic
1765 1316 1962 1384 quippe

377 1420 450 1474 ait
482 1437 495 1471 :
529 1419 740 1472 Scimus
769 1425 938 1469 autem
977 1416 1222 1495 quoniam
1249 1426 1571 1483 quacumque
1597 1409 1680 1462 lea:
1718 1408 1958 1476 loquitur,

369 1512 450 1564 Itis
479 1511 565 1581 qui
585 1510 640 1562 in
667 1508 779 1578 lege
805 1515 927 1560 sunt
949 1506 1176 1577 loquitur
1199 1503 1215 1571 (
1236 1502 1367 1556 Rom
1393 1517 1467 1563 ιιι,
1491 1497 1598 1568 19).
1632 1497 1698 1550 Et
1726 1497 1918 1550 iterum
1944 1511 1956 1546 :

382 1598 498 1663 Ubi,
516 1597 706 1666 inquit,
731 1612 835 1650 non
855 1603 934 1649 est
953 1595 1055 1659 lex,
1079 1609 1173 1646 nec
1193 1589 1548 1662 prmaricatio
1566 1586 1740 1657 (Rom.
1759 1601 1829 1646 iv,
1848 1581 1958 1651 l5).

2053 495 2192 550 Ecce
2251 497 2436 563 quales
2494 501 2617 547 sunt
2673 494 2764 562 qui
2816 492 3104 547 Christiani
3167 506 3284 546 esse
3342 491 3630 546 dicuntur?

2053 585 2317 655 Numquid
2339 585 2416 644 de
2453 584 2753 638 Saxonibus
2790 593 2882 636 aut
2922 582 3142 638 Francis
3173 601 3186 636 :
3218 582 3359 638 Ecce
3403 597 3522 652 quae
3550 582 3630 637 fa-

2054 681 2201 734 ciunt
2239 678 2329 746 qui
2370 691 2428 731 se
2471 684 2717 731 asserunt
2755 674 2952 730 Christi
2995 690 3114 730 esse
3151 675 3418 730 cultores?
3463 675 3630 728 Num-

2055 770 2182 838 quid
2237 777 2456 838 propter
2508 767 2814 821 Maurorum
2856 765 3051 837 eﬂ‘eros
3104 780 3283 821 mores
3312 765 3399 820 lex
3445 781 3630 820 sacro-

2057 876 2240 922 sancta
2281 865 2560 934 culpatur?
2602 862 2866 930 Numquid
2908 861 3225 934 Scytharum
3271 868 3364 915 aut
3397 857 3632 930 Gepida-

2057 974 2176 1012 rum
2202 955 2624 1010 inhumanissimi
2660 954 2795 1007 ritus
2834 953 2885 1006 in
2925 952 3266 1008 maledictum
3295 960 3456 1020 atque
3492 953 3634 1007 blaso

2059 1048 2328 1117 phemiam
2377 1060 2570 1099 nomen
2598 1043 2808 1097 Domini
2838 1042 3130 1097 Salvatoris
3152 1042 3442 1098 inducunt?
3470 1042 3634 1096 Num-

2060 1136 2186 1207 quid
2243 1135 2347 1189 diei
2382 1134 2450 1189 de
2511 1134 2632 1188 ullis
2688 1133 2912 1187 istorum
2971 1139 3151 1202 potest
3198 1151 3210 1185 :
3263 1131 3364 1187 Ubi
3403 1139 3486 1188 est
3548 1133 3639 1190 lex

2060 1227 2324 1281 catholica
2349 1240 2509 1292 quam
2538 1222 2797 1278 credunt?
2820 1223 2920 1278 Ubi
2943 1230 3068 1278 sunt
3095 1223 3310 1292 pietatis
3336 1230 3391 1277 et
3418 1224 3633 1277 castita-

2062 1320 2129 1373 tis
2159 1326 2425 1387 prazcepta
2454 1331 2573 1385 qua:
2599 1315 2845 1370 discunt?
2882 1315 3172 1382 Evangelia
3211 1315 3415 1384 legunt,
3454 1322 3509 1369 et
3536 1317 3638 1368 im-

2060 1408 2240 1479 pudici
2268 1414 2424 1470 sunt;
2462 1405 2736 1474 apostolos
2763 1405 3006 1470 audiunt,
3035 1407 3140 1476 87
3177 1414 3232 1460 et
3273 1406 3638 1471 inebriantur;

2063 1498 2332 1553 Christum
2376 1504 2692 1564 sequuntur,
2739 1503 2794 1548 et
2838 1497 3084 1565 rapiunt;
3132 1496 3299 1550 vitam
3342 1496 3640 1565 improbam

2065 1597 2248 1658 agunt,
2285 1597 2341 1642 et
2376 1587 2599 1656 probam
2628 1586 2798 1654 legem
2829 1587 3029 1640 habere
3056 1601 3116 1641 se
3144 1587 3345 1642 dicunt.
3378 1585 3642 1655 Numquid

374 1691 589 1745 Duabus
614 1688 710 1749 ,his
738 1685 1020 1742 sententiis
1046 1683 1179 1738 duas
1206 1680 1482 1736 evidenter
1510 1675 1755 1745 exposuit
1781 1681 1962 1743 partes
2064 1680 2179 1732 [me
2200 1679 2266 1733 de
2287 1678 2394 1731 ulla
2416 1678 2639 1730 istarum
2661 1677 2898 1744 gentium
2919 1677 3023 1732 dici
3045 1679 3283 1746 queunt?
3299 1677 3415 1732 Non
3439 1679 3643 1747 utique.

381 1779 596 1849 generis
621 1776 860 1841 humani,
888 1783 1040 1830 extra
1084 1773 1256 1840 legem
1297 1769 1522 1839 posit08,
1554 1775 1609 1821 et
1636 1766 1689 1820 in
1733 1765 1850 1832 lege
1877 1765 1960 1817 vi-
1993 1771 2038 1830 Β
2066 1771 2142 1825 De
2167 1769 2528 1838 nobisquippe
2550 1768 2728 1822 omnia
2749 1768 2849 1822 ista
2869 1767 3131 1823 dicuntur.
3146 1769 3203 1822 ln
3233 1769 3388 1824 nobis
3407 1765 3645 1826 Christus

373 1880 579 1926 ventes.
613 1870 714 1936 Qui
737 1877 859 1923 sunt
886 1868 1047 1936 igitur
1068 1881 1210 1919 nunc
1239 1864 1295 1917 in
1314 1863 1433 1930 lege
1461 1860 1658 1930 positi?
1686 1857 1787 1923 Qui
1815 1857 1958 1911 scili-
2063 1863 2266 1932 patitur
2291 1860 2640 1929 approbium,
2687 1860 2739 1913 in
2790 1861 2944 1915 nobis
2982 1862 3182 1930 patitur
3221 1862 3308 1917 lex
3349 1861 3646 1918 Christiana

377 1970 464 2017 cet
490 1961 594 2014 nisi
620 1958 927 2020 Christiani,
970 1958 1106 2011 sicut
1132 1956 1247 2024 ipse
1294 1951 1586 2021 Apostolus
1613 1949 1732 2012 fuit,
1762 1947 1853 2016 qui
1895 1945 1963 2000 de
2063 1951 2428 2005 maledictum.
2462 1949 2537 2004 De
2566 1949 2722 2004 nobis
2767 1951 2910 2004 enim
2933 1952 3126 2006 dicitur
3153 1953 3280 2007 illud
3317 1954 3462 2022 quod
3488 1971 3647 2024 supra

378 2067 438 2105 se
468 2051 542 2103 ait
573 2068 586 2100 :
613 2048 740 2102 Sine
767 2047 876 2117 lege
898 2046 994 2099 Dei
1022 2062 1126 2099 non
1155 2060 1285 2105 sum,
1309 2042 1399 2095 sed
1419 2043 1475 2094 in
1504 2041 1613 2110 lege
1639 2055 1751 2092 sum
1772 2037 1963 2092 Christi
2064 2042 2296 2096 diximus
2333 2059 2344 2092 ε
2369 2039 2510 2094 Ecce
2537 2041 2721 2108 quales
2744 2051 2865 2095 sunt
2893 2043 2984 2110 qui
3011 2041 3279 2098 Christum
3307 2045 3505 2099 colunt.
3526 2043 3647 2098 Fal-

387 2139 440 2210 (ι
462 2139 582 2193 Cor.
615 2156 688 2200 ιιι,
717 2137 779 2188 21
800 2138 839 2208 ).
871 2135 971 2202 Qui
1000 2136 1160 2203 igitur
1186 2134 1300 2187 sine
1328 2134 1444 2200 lege
1470 2130 1708 2186 Christi?
1731 2130 1834 2194 Qui
1861 2128 1963 2182 nisi
2065 2149 2184 2187 sum
2212 2133 2373 2201 plane
2393 2130 2523 2184 illud
2550 2140 2634 2185 est
2654 2131 2800 2200 quod
2819 2133 2969 2187 aiunt
2993 2150 3052 2189 se
3077 2135 3220 2190 bona
3249 2135 3474 2200 discere,
3506 2134 3648 2204 quod

384 2229 581 2302 pagani
629 2228 887 2292 homines,
936 2227 1107 2293 legem
1147 2224 1465 2279 dominicam
1513 2221 1849 2276 nescientes?
1898 2217 1966 2271 Et
2061 2221 2268 2290 jactant
2307 2236 2366 2275 se
2416 2228 2615 2275 sanctae
2657 2221 2790 2289 legis
2831 2233 3098 2294 praecepta
3141 2227 3394 2281 retinere.
3423 2225 3480 2281 Si
3507 2227 3649 2281 enim

380 2321 508 2376 ideo
540 2320 606 2374 de
637 2320 722 2373 his
749 2318 875 2374 dicit
907 2336 919 2369 :
954 2315 1052 2371 Ubi
1079 2333 1181 2370 non
1215 2324 1291 2370 est
1317 2317 1422 2380 lex,
1461 2331 1555 2368 nec
1584 2312 1958 2384 prmaricatio.

379 2412 408 2451 δ
420 2411 538 2479 Quo
557 2427 662 2465 uno
678 2411 862 2479 utique
877 2408 1106 2464 ostendit
1120 2407 1455 2462 Christianos
1469 2414 1697 2470 tantum,
1710 2418 1831 2459 cum
1845 2418 1967 2472 pec-

377 2503 633 2567 caverint,
672 2501 804 2569 legis
841 2499 1280 2571 praevaricatores
1315 2513 1466 2563 esse;
1509 2510 1750 2567 paganos
1784 2502 1967 2548 autem

375 2597 468 2664 qui
492 2596 665 2665 legem
687 2595 952 2661 nesciunt,
970 2594 1088 2649 sine
1110 2593 1554 2663 praevaricatione
1571 2604 1819 2660 peccare,
1843 2589 1968 2656 quia

376 2685 552 2739 nullus
580 2692 759 2754 potest
779 2684 893 2753 ejus
929 2685 1010 2739 rei
1039 2682 1423 2752 praevaricator
1450 2694 1568 2734 esse
1593 2694 1756 2747 quam
1780 2679 1964 2732 nescit.

375 2775 483 2831 Nos
511 2790 640 2843 ergo
668 2783 878 2828 tantum
903 2773 1350 2843 praevaricatores
1376 2770 1573 2825 divina:
1589 2768 1742 2836 legis,
1773 2768 1884 2836 qui,
1912 2775 1972 2822 ut

377 2868 636 2937 scriptum
667 2873 749 2920 est
775 2865 962 2935 (Rom.
996 2881 1055 2929 ιι,
1089 2863 1180 2927 21,
1206 2879 1342 2932 seqq.
1361 2857 1404 2930 ),
1435 2861 1606 2926 legem
1647 2859 1888 2926 legimus,
1919 2865 1973 2912 et

380 2971 491 3011 non
511 2956 736 3010 facimus
749 2970 901 3019 eam;
924 2956 1038 3024 86
1062 2969 1130 3008 ac
1148 2967 1247 3021 per
1265 2952 1370 3008 hoc
1388 2951 1518 3004 nihil
1540 2957 1620 3004 est
1638 2949 1781 3004 aliud
1801 2951 1972 3004 scien-

385 3047 462 3100 tia
490 3054 674 3100 nostra
687 3060 847 3114 quam
868 3045 1038 3114 culpa,
1062 3043 1157 3112 qui
1180 3043 1246 3096 ad
1273 3043 1376 3097 hoc
1406 3043 1772 3097 tantummodo
1795 3042 1967 3110 legem

2066 2318 2208 2372 bona
2237 2317 2522 2382 discerent,
2546 2317 2672 2371 boni
2697 2326 2893 2373 essent.
2928 2319 3074 2376 Talis
3104 2321 3346 2391 profecto
3373 2329 3519 2377 secta
3549 2329 3650 2386 est,

2067 2409 2257 2480 quales
2276 2415 2330 2462 et
2351 2417 2666 2464 sectatores.
2693 2409 2807 2466 Hoc
2828 2421 2951 2466 sunt
2978 2413 3178 2482 absque
3203 2413 3364 2470 dubio
3385 2415 3530 2484 quod
3551 2415 3652 2470 do-

2069 2510 2276 2556 centur.
2302 2501 2544 2570 Apparet
2571 2501 2750 2570 itaque
2780 2511 2834 2557 et
2862 2505 3153 2574 prophetas
3180 2521 3316 2574 quos
3337 2506 3536 2560 habent
3555 2507 3651 2558 im-

2069 2595 2359 2663 puritatem
2389 2593 2605 2658 docere,
2639 2602 2694 2649 et
2741 2596 3013 2665 apostolos
3041 2613 3178 2664 quos
3225 2598 3407 2665 legunt
3452 2596 3650 2650 nefaria

2069 2685 2332 2748 sanxisse,
2365 2691 2420 2737 et
2466 2683 2756 2754 Evangelia
2801 2688 2994 2754 quibus
3035 2687 3364 2750 imbuuntur,
3395 2687 3507 2740 haec
3535 2701 3652 2755 qua:

2072 2777 2171 2845 ipsi
2191 2775 2394 2830 faciunt
2415 2775 2723 2845 praedicare.
2757 2775 3036 2831 Postremo
3063 2785 3248 2832 sancta
3281 2792 3311 2830 a
3339 2775 3652 2832 Christianis

2071 2869 2280 2934 tierent,
2309 2870 2355 2923 si
2375 2867 2618 2923 Christus
2643 2877 2825 2923 sancta
2850 2868 3135 2925 docuisset.
3167 2869 3442 2925 Estimari
3475 2870 3652 2939 itaque

2071 2960 2139 3015 de
2170 2961 2466 3016 cultoribus
2511 2962 2622 3016 suis
2666 2969 2844 3030 potest
2881 2962 2970 3016 ille
3010 2964 3100 3031 qui
3129 2963 3341 3018 colitur.
3374 2963 3654 3030 Quomodo

2072 3055 2213 3107 enim
2259 3054 2433 3106 bonus
2461 3052 2716 3120 magister
2742 3060 2841 3119 est,
2884 3052 3037 3122 cujus
3064 3062 3171 3107 tam
3217 3055 3388 3109 malos
3415 3053 3654 3109 videmus

386 3137 636 3193 novimus
662 3143 722 3189 ul
746 3135 951 3203 majore
989 3132 1286 3189 Oﬂensioue
1312 3148 1597 3203 peccemus
1630 3150 1642 3185 τ
1675 3132 1797 3202 quia
1825 3133 1970 3202 quod
1995 3135 2041 3198 C
2075 3155 2190 3194 esse
2217 3139 2544 3210 discipulos?
2564 3140 2678 3194 eEx
2707 3142 2824 3211 ipso
2841 3143 2983 3197 enim
3001 3141 3290 3198 Christiani
3315 3153 3457 3209 sunt,
3486 3144 3655 3213 ipsum

385 3228 620 3283 lectione
663 3235 716 3279 et
763 3225 925 3279 corde
970 3225 1238 3287 novimus,
1257 3223 1474 3278 libidine
1521 3238 1584 3278 ac
1630 3223 1973 3293 despectione

384 3318 672 3373 calcamus.
706 3314 774 3367 Et
821 3315 940 3369 ideo
987 3315 1286 3370 rectissime
1333 3315 1687 3384 apostolicum
1737 3315 1866 3369 illud
1906 3317 1974 3370 ad

382 3425 596 3464 omnem
645 3407 842 3462 dicitur
892 3405 1254 3461 Christianum
1287 3426 1299 3458 :
1336 3405 1436 3471 Qui
1464 3409 1519 3461 in
1567 3406 1677 3478 lege
1710 3409 1970 3478 gloriaris,

384 3517 475 3570 per
511 3499 991 3570 prmearicationem
1036 3498 1163 3568 legis
1207 3497 1370 3552 Deum
1415 3498 1720 3551 inhonorus.
1769 3497 1973 3552 Nomen

383 3591 519 3643 enim
537 3587 634 3642 Dei
658 3606 748 3659 per
767 3587 1252 3657 ros‘blasphemalur
1270 3589 1402 3641 inter
1417 3590 1622 3658 gentes(
1641 3587 1799 3653 Ibid.,
1824 3604 1972 3652 xxln,

381 3681 449 3734 24
467 3680 508 3750 ).
539 3679 706 3748 Cujus
733 3695 864 3748 ergo
893 3679 1135 3734 criminis
1163 3679 1242 3733 rei
1270 3679 1378 3733 sint
1405 3677 1725 3742 Christiani,
1759 3695 1848 3752 ex‘
1871 3680 1976 3734 hoc

386 3788 494 3826 uno
524 3771 748 3839 intelligi
767 3778 967 3840 potest,
983 3770 1109 3838 quia
1131 3769 1226 3823 Dei
1248 3785 1445 3824 nomen
1465 3768 1745 3823 infamant.
1769 3769 1972 3824 Etcum

387 3864 642 3932 scriptum
665 3863 734 3916 sit
761 3861 918 3916 nobis
947 3868 1007 3915 ut
1034 3861 1214 3915 omnia
1240 3860 1497 3915 faciamus
1550 3861 1602 3914 in
1624 3861 1851 3928 gloriam
1877 3860 1974 3914 Dei

385 3953 440 4022 (ι
469 3951 590 4007 Cor.
621 3969 683 4017 x,
708 3953 766 4007 '5l
789 3953 830 4024 ),
874 3969 974 4008 nos
999 3969 1031 4008 e
1058 3953 1270 4007 diverso
1295 3960 1483 4007 cuncta
1532 3952 1586 4006 in
1615 3952 1712 4006 Dei
1752 3953 1974 4007 iacimus

385 4044 657 4115 injuriam.
687 4043 923 4113 Cumque
951 4047 1065 4115 ipse
1093 4043 1339 4100 Salvator
1359 4052 1544 4100 noster
1563 4044 1629 4098 ad
1658 4060 1757 4099 nos
1785 4045 1967 4112 quoti-

383 4137 474 4192 die
528 4136 764 4191 clamet:
806 4135 895 4191 Sic
950 4138 1114 4191 luceat
1169 4137 1259 4192 luas
1311 4147 1479 4192 vestra
1535 4154 1708 4191 coram
1749 4138 1972 4192 homini-

385 4229 498 4296 bus,
529 4239 588 4282 ut
628 4229 832 4283 rideant
883 4229 983 4297 filii
1028 4229 1288 4284 hominum
1337 4247 1492 4300 opera
1521 4239 1688 4282 uestra
1735 4230 1895 4294 bona,
1924 4240 1976 4284 et

382 4322 722 4392 magniﬁcent
746 4319 959 4374 Patrem
979 4330 1198 4375 vestrum
1217 4323 1303 4393 qui
1329 4323 1383 4375 in
1399 4323 1536 4374 cretis
1563 4330 1640 4373 est
1663 4321 1678 4389 (
1699 4320 1746 4371 Μ
1757 4321 1884 4373 atlh.
1916 4338 1969 4382 v,

384 4408 515 4479 16),
548 4424 648 4463 nos
675 4410 750 4464 ita
791 4410 1016 4465 vivimus
1050 4412 1352 4466 econtrario
1381 4418 1441 4464 ut
1469 4408 1562 4462 lilii
1589 4409 1867 4464 hominum
1895 4411 1971 4464 vi-

2076 3229 2316 3294 audiunt,
2375 3227 2400 3265 ά
2453 3231 2628 3299 ipsum
2674 3231 2877 3300 legunt.
2929 3231 3240 3304 Promptum
3290 3242 3373 3289 est
3413 3233 3656 3288 omnibus

2075 3321 2274 3376 Christi
2305 3323 2607 3392 intelligere
2635 3324 2954 3380 doctrinam.
2988 3325 3122 3380 Vide
3167 3325 3502 3381 Christianos
3530 3323 3656 3395 quid

2077 3421 2255 3480 agant,
2281 3423 2335 3467 et
2361 3415 2638 3470 evidenter
2665 3424 2820 3484 potes
2853 3427 2875 3453 ο
2906 3417 2974 3471 de
2995 3415 3209 3470 Christo
3235 3418 3371 3471 scire
3397 3415 3524 3484 quid
3557 3416 3657 3470 do-

2077 3513 2214 3557 ceat.
2250 3504 2490 3572 Denique
2520 3520 2680 3573 quam
2709 3521 2873 3574 prave
2911 3521 2974 3560 ac
3003 3505 3202 3559 nefarie
3228 3506 3420 3574 pagani
3447 3520 3658 3572 semper

2076 3595 2144 3648 de
2173 3595 2340 3649 sacris
2370 3595 2664 3648 Dominicis
2711 3596 2915 3661 opinati
2955 3597 3079 3659 sint,
3110 3595 3305 3648 docent
3349 3603 3656 3662 persecuto-

2077 3702 2196 3739 rum
2223 3685 2532 3737 immanium
2573 3685 2960 3737 cruentissimae
2998 3684 3340 3750 quaestiones,
3369 3683 3461 3750 qui
3491 3683 3544 3735 in
3571 3698 3656 3736 sa-

2077 3775 2292 3830 criﬁciis
2312 3773 2630 3828 Christianis
2657 3773 2792 3828 nihil
2820 3772 2964 3826 aliud
2990 3787 3148 3841 quam
3178 3773 3386 3842 impura
3414 3771 3657 3840 quaedam

2079 3865 2191 3919 fieri
2237 3873 2399 3935 atque
2427 3862 2783 3918 abominanda
2831 3863 3143 3920 credebant.
3175 3861 3447 3932 Siquidem
3495 3861 3657 3917 etiam

2080 3959 2232 4013 initia
2254 3958 2369 4028 ipsa
2394 3965 2590 4012 nostra:
2615 3957 2891 4025 religionis
2921 3973 3026 4013 non
3065 3957 3165 4012 nisi
3191 3973 3222 4010 a
3251 3955 3461 4011 duobus
3487 3955 3658 4010 maxi-

2077 4051 2180 4103 mis
2209 4048 2538 4104 facinoribus
2564 4049 2694 4103 oriri
2719 4049 3119 4104 arbitrabantur
3151 4067 3163 4101 :
3194 4047 3428 4118 primum
3455 4047 3660 4103 scilicet

2078 4140 2400 4197 homicidio:
2435 4141 2648 4206 deinde,
2680 4141 2823 4209 quod
2843 4140 3128 4195 homicidio
3148 4148 3230 4194 est
3253 4141 3486 4207 gravius,
3510 4140 3658 4195 ince-

2078 4240 2196 4296 stu;
2221 4249 2320 4286 nec
2349 4231 2636 4286 homicidio
2655 4233 2828 4286 solum
2857 4239 2911 4284 et
2932 4231 3156 4294 incestu,
3187 4229 3302 4294 sed,
3326 4231 3466 4297 quod
3489 4231 3659 4284 scele-

2077 4323 2246 4376 ratius
2275 4322 2493 4390 quidem
2523 4331 2624 4396 est,
2658 4323 2862 4376 incestu
2885 4322 3002 4391 ipso
3023 4329 3077 4375 et
3102 4319 3419 4385 homicidio;
3450 4320 3658 4375 incestu

2078 4421 2308 4466 matrum
2329 4395 2790 4467 sacrosanctarum
2801 4418 2856 4464 et
2877 4395 3281 4482 bomicidioxss
3297 4410 3660 4466 innocentium

385 4502 554 4557 deant
585 4519 748 4574 opera
776 4513 958 4560 nostra
988 4507 1128 4560 mala
1157 4512 1212 4561 et
1237 4505 1615 4574 blasphement
1635 4502 1851 4559 Patrem
1881 4520 1981 4560 no-
2002 4506 2057 4566 D
2085 4504 2451 4574 parvulorum,
2485 4519 2620 4572 quos
2667 4519 2773 4557 non
2804 4501 2972 4557 occidi
3000 4509 3208 4556 tantum
3254 4517 3284 4555 a
3324 4501 3656 4566 Christianis,

384 4602 556 4649 strum
589 4595 680 4663 qui
709 4602 790 4648 est
816 4595 869 4649 in
895 4595 1064 4650 oculis.

453 4687 614 4742 XVII.
656 4687 786 4754 Quae
828 4703 950 4742 cum
997 4689 1069 4743 ita
1115 4689 1243 4753 sint,
1290 4701 1483 4756 magna
1524 4688 1772 4743 videlicet
1823 4688 1978 4743 nobis

383 4779 738 4849 praerogativa
761 4778 829 4833 de
859 4778 1078 4833 nomine
1105 4777 1525 4832 Christianitatis
1543 4779 1769 4833 blandiri
1792 4794 1978 4848 possu-

385 4882 523 4930 mus,
553 4869 648 4936 qui
671 4854 993 4936 ita'agimus
1048 4883 1113 4922 ac
1145 4867 1373 4922 vivimus
1402 4875 1460 4921 ut
1489 4868 1592 4923 hoc
1622 4869 1795 4938 ipsum
1832 4867 1976 4936 quod

386 4955 724 5013 Christianus
742 4959 974 5030 populus
995 4973 1114 5013 esse
1142 4948 1386 5034 dieimur,
1410 4959 1754 5028 opprobrium
1781 4959 1976 5014 Christi

310 5121 320 5127 _
389 5063 512 5102 esse
554 5048 848 5103 videamur.
880 5050 950 5103 At
988 5065 1019 5104 e
1047 5049 1260 5105 diverso
1289 5066 1343 5103 in
1369 5050 1589 5118 paganis
1630 5051 1756 5118 quid
1786 5052 1975 5105 horum

2082 4597 2196 4660 sed,
2229 4595 2370 4665 quod
2396 4595 2566 4663 magis
2589 4592 3002 4648 abominandum
3029 4600 3130 4657 est,
3161 4592 3320 4647 etiam
3349 4592 3527 4646 vorari
3548 4593 3662 4646 exi-

2080 4689 2370 4742 stimabant
2393 4703 2406 4751 ;
2439 4694 2493 4740 et
2514 4686 2626 4740 hzec
2648 4685 2826 4739 omnia
2853 4684 2918 4738 ad
2945 4684 3264 4752 placandum
3291 4683 3480 4748 Deum,
3509 4685 3662 4752 quasi

2080 4777 2190 4831 ullo
2241 4775 2477 4830 facinore
2520 4774 2692 4842 magis
2737 4774 2907 4843 possit
2943 4773 3178 4839 oﬂ'endi;
3222 4772 3289 4828 ad
3328 4771 3658 4842 purgandum

2081 4867 2534 4939 piaculum,quasi
2549 4866 2714 4919 ullum
2744 4844 2887 4919 aliud
2914 4864 3084 4934 majus
3104 4873 3271 4928 esset;
3303 4863 3367 4916 ad
3383 4873 3656 4920 commen-

2081 4957 2311 5012 dandum
2340 4955 2678 5021 sacrificium,
2703 4957 2854 5024 quasi
2875 4957 3038 5010 ullam
3058 4969 3171 5008 rem
3209 4949 3464 5006 Dominus
3488 4946 3656 5012 magis

2081 5049 2250 5119 possit
2304 5049 2556 5114 horrere;
2606 5046 2674 5101 ad
2710 5045 3120 5116 promerendam
3163 5042 3325 5092 vitam
3375 5041 3652 5100 aeternam,

1565 5139 1900 5194 STEPHANI
1939 5138 2208 5193 BALUZII
2246 5138 2470 5193 ΝΟΤἉΕ.

466 5241 491 5268 ³
523 5231 709 5287 Codex
748 5231 982 5287 Colbert.
1026 5239 1080 5287 et
1107 5240 1318 5286 veteres
1361 5231 1511 5296 edit.,
1560 5231 1971 5284 Sacramenlum.

388 5301 863 5426 ssddCorbeiensis
900 5311 956 5356 et
993 5302 1157 5356 editio
1199 5300 1475 5357 Pithmana
1513 5301 1711 5354 habent
1750 5301 1825 5353 uti
1878 5316 1976 5355 nos

389 5388 422 5426 e
462 5389 477 5425 ι
517 5388 673 5425 imus.

389 5388 799 5565 ῗὶαῖἓυέὸάεχ
826 5441 1188 5498 Corbeiensis.
1221 5431 1558 5497 Colbertinus
1586 5448 1641 5495 et
1669 5440 1969 5496 editiones:

443 5528 507 5565 ιιο
571 5529 616 5565 ιε
676 5551 688 5564 .

393 5511 507 5620 Qu:
785 5582 1010 5650 loquens
1051 5582 1118 5636 de
1145 5581 1496 5636 Christianis:
1523 5584 1712 5636 Auctor
1738 5584 1969 5637 'nomim’s

390 5652 504 5722 ejus
533 5651 784 5733 Christus,
803 5653 900 5733 qui
929 5651 1134 5733 Tiberio
1179 5652 1500 5733 imperitante
1543 5669 1631 5720 per
1654 5663 1967 5733 procurato-

391 5719 502 5776 rem
526 5719 773 5775 Pontium
795 5719 1024 5781 Pilatum
1045 5719 1294 5791 supplicio
1322 5719 1681 5788 affectuserat.

2152 5228 2176 5265 ἀ
2210 5230 2333 5284 Haec
2363 5231 2557 5284 desunt
2597 5230 2650 5283 in
2688 5229 2873 5283 codice
2909 5218 3215 5277 Colbertino
3241 5228 3297 5272 et
3324 5217 3376 5272 in
3406 5217 3656 5277 editioni-

2079 5301 2178 5355 bus
2215 5299 2516 5354 Brassicani
2537 5308 2590 5353 et
2617 5295 2888 5369 Galesinii.
2943 5348 3038 5369 mh
3118 5357 3129 5368 ,

2151 5381 2174 5406 ι·
2206 5371 2390 5426 Codex
2440 5369 2598 5424 Corb.
2659 5375 2712 5419 et
2749 5363 2910 5430 editio
2941 5357 3154 5430 Pithmi,
3184 5357 3246 5411 de
3273 5360 3383 5430 ipso
3425 5358 3648 5418 Christo.

2076 5439 2236 5506 Male,
2269 5449 2326 5494 ut
2347 5441 2555 5508 opinor.
2581 5433 2788 5508 Sufficit
2815 5429 2955 5508 enim
2986 5428 3308 5508 alterutrum
3331 5431 3521 5486 horum
3552 5450 3650 5508 vo-

2075 5498 2406 5565 cabulorum:
2439 5507 2619 5561 Codex
2647 5499 2986 5556 Colbertinus
3007 5500 3170 5554 habet
3189 5498 3410 5565 Christo,
3429 5516 3534 5554 non
3557 5500 3651 5550 ha-

2072 5580 2167 5634 bet
2197 5582 2330 5649 ipso.
2363 5577 2560 5649 Con_tra
2588 5569 2850 5649 editiones
2872 5568 3177 5649 Drassicani
3204 5580 3260 5627 et
3277 5568 3530 5626 Galesinii
3557 5566 3647 5622 ha-

2073 5638 2367 5719 bent'ipso,
2397 5643 2490 5700 sed
2513 5655 2618 5695 non
2648 5638 2849 5696 habent
2865 5638 3085 5698 Christo.
