4234 6250
580 341 645 398 91
1527 334 1585 388 s.
1626 325 1939 385 samum
1976 321 2439 382 MASSILIENSIS
2476 318 2899 420 PBESB.YTERI
3790 315 3860 375 ω
3927 404 3934 408 η

587 448 740 523 quasi
762 467 888 507 vero
915 451 1080 506 etiam
1107 463 1152 503 Si
1181 447 1351 517 possit
1377 446 1462 502 bis
1483 445 1644 500 rebus
1663 442 1853 513 accipi,
1874 441 2008 496 tanti
2034 447 2180 496 esset
2207 441 2255 500 Α
2282 436 2628 505 acquiescant
2654 435 2756 501 legi
2772 435 2827 487 et
2847 432 3022 487 sciunt
3045 432 3376 487 voluntatem
3397 431 3532 501 οδω,
3554 440 3612 488 et
3634 435 3864 505 probant

589 544 656 598 ad
677 560 797 598 eam
825 558 923 612 per
939 541 1146 598 scelera
1168 546 1277 594 tam
1308 537 1559 592 immania
1590 533 1879 606 perveniri.

577 688 580 691 .
661 634 842 688 XVIII.
894 632 1197 700 intelligere
1244 643 1373 696 ergo
1401 644 1688 698 possumus
1731 635 1823 682 aut
1847 626 2034 697 quales
2062 638 2182 680 esse

598 726 793 797 pagani
821 722 1146 780 crediderint
1181 719 1535 784 Christianos,
1577 719 1670 787 qui
1688 718 1883 773 talibus
1909 715 2182 772 sacriﬁciis

591 818 763 874 Deum
804 815 1066 879 colerent,
1096 820 1189 868 aut
1233 811 1450 880 qualem
1478 810 1766 866 sollicitent
1792 809 1961 864 Deum
1988 809 2178 878 ipsum,

593 911 683 978 qui
723 909 838 964 haec
860 922 1012 966 sacra
1053 905 1346 962 docuisset.
1378 903 1447 958 Et
1471 905 1577 959 hoc
1603 919 1699 958 cur
1718 904 1828 957 ita?
1867 901 1974 956 Cur
2001 902 2184 972 utique

596 1001 696 1055 nisi
725 999 796 1053 ob
822 1014 918 1054 eos
937 999 1032 1067 qui
1061 995 1353 1053 Christiani
1394 1011 1512 1050 esse
1539 995 1792 1050 dicuntur
1819 1003 1874 1048 et
1901 1010 2007 1048 non
2039 1001 2182 1056 sunt,

595 1094 685 1164 qui
708 1108 807 1162 per
835 1089 1035 1160 llagitia
1067 1105 1132 1146 ac
1160 1089 1519 1159 turpitudines
1551 1101 1676 1142 suas
1697 1103 1895 1142 nomen
1915 1086 2188 1154 religionis

596 1184 877 1248 infamant,
909 1183 1020 1253 qui,
1049 1188 1108 1238 ut
1135 1180 1390 1250 scriptum
1419 1187 1530 1244 est,
1561 1195 1650 1233 ore
1691 1179 1919 1249 fatentur
1957 1195 2012 1231 se
2039 1194 2190 1232 nosse

596 1276 780 1341 Deum,
807 1277 962 1346 factis
980 1283 1152 1332 autem
1166 1281 1378 1345 negant,
1400 1288 1516 1325 cum
1533 1273 1640 1326 sint
1661 1270 2026 1325 abominabiles
2039 1279 2090 1324 et
2103 1273 2186 1324 in-

598 1367 812 1432 creduli,
843 1366 914 1420 ad
938 1381 1085 1422 orntte
1104 1373 1275 1419 autem
1299 1379 1425 1434 apus
1449 1362 1634 1416 bonum
1655 1363 1856 1432 reprobi
1879 1361 2006 1431 (Tit.
2023 1378 2056 1428 ι,
2076 1359 2184 1430 16),

600 1476 692 1529 per
734 1474 881 1528 quos,
915 1465 976 1512 ut
1014 1457 1260 1524 legimus,
1292 1457 1374 1510 via
1419 1456 1647 1509 veritatis
1679 1454 2059 1524 blasphematur
2107 1453 2188 1524 (Il

601 1548 746 1604 Petr.
780 1564 836 1612 ιι,
867 1547 948 1617 2),
991 1554 1047 1602 et
1073 1553 1473 1602 sacrosanctum
1505 1546 1717 1600 Domini
1756 1545 1852 1599 Dei
1880 1555 2075 1598 nomen
2101 1559 2188 1600 sa-

580 1638 918 1705 crilegorum
973 1637 1252 1692 hominum
1290 1635 1666 1691 maledictione
1712 1636 1962 1690 violatur.
2016 1636 2189 1702 Quam

577 1728 778 1797 gravis
807 1735 990 1782 autem
1032 1743 1096 1782 ac
1135 1728 1423 1796 singularis
1450 1726 1647 1796 piaculi
1673 1727 1873 1782 malum
1901 1728 1971 1780 sit
1998 1743 2192 1781 nomen

2283 544 2403 598 quae
2432 527 2641 598 potiora
2688 535 2839 591 sunt;
2889 525 2982 595 qui
3010 525 3210 579 habent
3257 525 3486 581 formam
3531 529 3767 585 scientia
3809 537 3864 586 et

2282 622 2526 677 veritatis
2557 621 2609 674 in
2652 621 2800 689 lege;
2843 619 2937 690 qui
2982 617 3275 688 praedicant
3321 633 3428 674 non
3470 619 3769 689 furandum,
3809 631 3864 679 et

2284 716 2550 780 furantur;
2575 714 2668 785 qui
2682 714 2868 782 legunt
2890 727 2996 766 non
3018 711 3414 776 mmehandum,
3429 720 3488 767 et
3499 713 3861 786 Imitantur;

2284 812 2376 880 qui
2420 811 2473 864 in
2504 810 2622 876 lege
2649 808 2966 877 gloriantur,
3000 815 3056 861 et
3083 822 3180 876 per
3205 807 3702 876 praevaricationem
3737 809 3867 878 legis

2288 904 2454 958 Deum
2497 903 2606 973 90
2645 901 2976 956 inhonorant
3010 899 3187 971 (Rom.
3220 917 3274 962 ιι,
3314 900 3401 965 1'1,
3429 902 3616 974 καφ).
3651 901 3718 957 Et
3746 901 3867 959 ideo

2289 995 2394 1049 hoc
2412 994 2531 1063 ipso
2551 991 2843 1046 Christiani
2867 990 3166 1046 deteriores
3183 999 3326 1054 sunt,
3352 993 3442 1059 qui
3469 993 3724 1048 meliores
3751 1008 3871 1048 esse

2289 1085 2569 1139 deberent.
2597 1081 2712 1136 Non
2734 1081 2878 1136 enim
2905 1082 3139 1150 probant
3165 1081 3311 1149 quod
3328 1081 3667 1152 proﬁtentur,
3692 1095 3748 1139 et
3772 1085 3872 1138 im.

2289 1182 2533 1246 pugnant
2581 1173 2974 1243 professionem
3023 1186 3172 1227 suam
3221 1173 3458 1229 moribus
3504 1176 3657 1230 suis:
3703 1175 3875 1244 magis

2291 1269 2436 1324 enim
2485 1265 2806 1321 damnabilis
2848 1271 2932 1319 est
2970 1264 3174 1318 malitia
3215 1278 3375 1332 quam
3404 1265 3590 1318 titulus
3620 1265 3878 1321 bonitatis

2293 1368 2525 1426 accusat,
2559 1368 2615 1415 et
2638 1365 2821 1413 reatus
2850 1357 2997 1427 impii
3017 1365 3100 1412 est
3117 1356 3264 1426 pium
3294 1371 3511 1411 nomen.
3536 1355 3688 1411 Unde
3715 1357 3878 1411 etiam

2293 1453 2544 1506 Salvator
2583 1453 2635 1505 in
2667 1450 2987 1520 Apocalypsi
3013 1449 3079 1504 ad
3105 1448 3342 1518 tepidum
3370 1448 3729 1503 Christianum
3754 1449 3830 1503 ait
3859 1467 3872 1502 :

2300 1542 2512 1596 Utinam
2561 1550 2650 1593 aut
2696 1540 2894 1594 calidus
2939 1556 3074 1594 esses
3107 1548 3196 1592 aut
3226 1540 3479 1611 (rigidus!
3507 1538 3664 1593 Nunc
3691 1549 3879 1606 autem,

2294 1635 2415 1703 quia
2438 1632 2639 1702 tepidus
2662 1639 2735 1695 es,
2766 1631 3014 1699 incipiam
3044 1637 3092 1682 te
3115 1646 3344 1685 evomere
3363 1647 3429 1684 ea:
3447 1647 3536 1684 ore
3561 1647 3674 1684 meo
3699 1631 3876 1702 (Apoc.

2296 1740 2372 1787 ιιι,
2410 1721 2495 1785 15,
2530 1721 2650 1791 16).
2695 1719 2921 1774 Omnem
2968 1717 3331 1775 Christianum
3385 1721 3642 1776 Dominus
3681 1721 3782 1776 ﬁde
3821 1737 3881 1777 ac

602 1817 910 1874 Divinitatis
933 1818 988 1872 iu
1021 1817 1416 1886 blasphemiam
1445 1819 1686 1886 gentium
1715 1818 1866 1884 dare,
1893 1819 2054 1872 etiam
2083 1819 2192 1872 Da-
2222 1820 2270 1879 Β
2298 1815 2490 1884 spiritu
2510 1813 2664 1882 jubet
2692 1827 2812 1868 esse
2839 1812 3153 1867 ferventem.
3187 1812 3277 1866 Sic
3306 1813 3448 1866 enim
3477 1812 3732 1882 scriptum
3763 1816 3843 1866 est
3867 1828 3882 1865 :

601 1907 691 1962 vid
719 1907 1015 1964 beatissimi
1045 1907 1338 1964 edocemur
1366 1909 1632 1977 exemplo,
1666 1910 1759 1978 qui
1789 1925 1909 1964 cum
1944 1908 2195 1977 suffragio

601 1997 926 2070 justitiarum
974 2012 1190 2053 suarum
1221 2006 1479 2053 aeternam
1518 2014 1620 2068 pro
1657 2000 2042 2055 offensionibus
2088 2001 2197 2056 suis

605 2103 824 2159 poenam
851 2103 949 2159 per
977 2105 1138 2144 unam
1159 2096 1368 2144 tantum
1391 2090 1786 2145 confessionem
1804 2092 2061 2146 meruerit
2079 2107 2200 2146 eva-

605 2180 754 2247 dere,
779 2179 938 2250 hujus
957 2187 1141 2236 tamen
1165 2181 1407 2237 criminis
1433 2183 1643 2237 veniam
1678 2198 1777 2237 nec
1805 2198 1902 2252 per
1929 2183 2195 2252 poeniten-

607 2273 739 2328 tiam
764 2275 1196 2346 patrocinantem
1238 2274 1414 2343 potuit
1443 2275 1754 2344 impetrare.
1802 2275 1934 2330 Nam
1985 2291 2106 2328 cum
2148 2275 2198 2331 ei

604 2379 819 2422 errores
844 2366 1094 2436 proprios
1121 2364 1403 2420 conﬁtenti
1426 2365 1636 2420 Nathan
1657 2366 1924 2435 propheta
1941 2365 2193 2420 dixisset:

585 2443 895 2512 Transtulit
916 2456 1058 2510 Deus
1086 2465 1351 2527 peccatum
1368 2465 1508 2510 tuum
1526 2472 1543 2510 :
1559 2473 1664 2511 non
1680 2458 1935 2520 morieris,
1967 2456 2200 2511 subdidit

586 2548 789 2611 ,statint
819 2566 833 2600 :
885 2548 1249 2604 Verumtamen
1285 2549 1409 2618 quia
1429 2545 1788 2618 blasphemare
1827 2549 1996 2620 fecisti
2022 2548 2198 2601 inimi-

606 2655 694 2707 cos
713 2637 928 2694 Domini
967 2647 1177 2710 propter
1204 2637 1410 2692 verbum
1440 2639 1566 2703 hoc,
1598 2637 1740 2707 ﬁlius
1763 2639 1936 2709 qui-ea:
1962 2647 2011 2689 te
2049 2646 2200 2691 natus

607 2738 684 2784 est
709 2731 956 2784 morietur
979 2727 1052 2799 (II
1084 2729 1213 2800 Reg.
1245 2746 1340 2794 xu,
1368 2729 1453 2793 13,
1488 2727 1597 2799 11).
1631 2727 1697 2782 Et
1729 2727 1855 2797 quid
1887 2737 2010 2798 post
2047 2729 2203 2783 haec?

610 2822 870 2892 Deposito
915 2823 1122 2878 scilicet
1165 2822 1492 2887 diademate,
1526 2823 1782 2893 projectis
1815 2824 1928 2893 89
1954 2822 2198 2889 gemmis,

610 2914 786 2970 exutis
828 2914 1099 2983 purpuris,
1131 2923 1157 2951 ι
1187 2924 1398 2972 remoto
1423 2909 1572 2972 omni
1597 2914 1884 2985 splendore
1919 2915 2078 2984 regiae
2124 2914 2206 2970 di-

611 3004 846 3074 gnitatis,
873 3019 996 3060 cum
1023 3020 1123 3075 pro
1144 3005 1226 3060 his
1247 3007 1498 3064 omnibus
1516 3008 1807 3071 solitarius,
1830 3022 2070 3075 gemens,
2093 3007 2207 3061 clu-

609 3111 726 3162 sus,
759 3112 920 3153 sacco
967 3098 1262 3167 squalidus,
1292 3098 1417 3156 ﬁetu
1448 3100 1722 3165 madidus,
1753 3100 1934 3154 cinere
1961 3098 2205 3154 sordida-

2303 1906 2370 1961 Ut
2391 1909 2550 1960 simus
2583 1906 2766 1976 spiritu
2803 1906 3087 1969 fewentes,
3117 1902 3340 1957 Domino
3388 1905 3659 1957 servientes
3688 1902 3883 1976 (Rom.

2301 2015 2392 2062 xu,
2413 1997 2524 2064 11).
2540 1998 2598 2050 In
2623 1998 2726 2052 hoc
2751 2009 2880 2064 ergo
2900 1995 3114 2050 fervore
3131 1996 3349 2066 spiritus
3375 1993 3497 2050 ﬁdei
3517 1995 3779 2063 religiosae
3809 2011 3885 2049 an

2299 2090 2399 2144 dor
2429 2088 2750 2154 ostenditur,
2782 2088 2848 2143 de
2889 2103 3000 2157 quo
3042 2087 3234 2142 ardore
3263 2089 3352 2156 qui
3382 2089 3674 2158 plurimum
3704 2087 3883 2154 habet,

2301 2173 2515 2236 fervens
2543 2195 2664 2251 esse
2692 2180 3004 2248 agnoscitur
3032 2179 3232 2245 fidelis;
3266 2181 3358 2248 qui
3388 2180 3519 2234 nihil
3549 2180 3766 2234 omnino
3797 2179 3887 2233 ba-

2301 2274 2411 2337 bet,
2437 2271 2658 2340 frigidus
2681 2286 2802 2326 esse
2824 2271 3145 2338 intelligitur
3167 2279 3220 2325 et
3245 2286 3516 2341 paganus;
3539 2272 3632 2340 qui
3656 2286 3782 2326 vero
3809 2270 3887 2324 in-

2301 2371 2385 2416 ter
2412 2370 2701 2431 utrumque
2731 2361 2819 2415 vel
2841 2369 3090 2414 neutrum
3122 2369 3229 2427 est,
3267 2362 3477 2431 tepidus
3504 2370 3667 2430 atque
3697 2376 3890 2416 exosus

2302 2463 2386 2509 est
2417 2455 2652 2508 Domino
2679 2452 3061 2508 Christianus:
3113 2461 3169 2506 et
3206 2453 3328 2507 ideo
3375 2453 3441 2508 ad
3489 2469 3610 2508 eum
3659 2454 3890 2508 dicitur:

2306 2546 2520 2600 Utinam
2561 2554 2651 2598 aut
2697 2545 2892 2598 calidus
2920 2559 3058 2597 esses
3086 2553 3176 2596 aut
3222 2544 3474 2615 frigidus!
3502 2542 3660 2598 Nunc
3703 2555 3893 2609 autem,

2305 2641 2427 2711 quia
2449 2637 2649 2708 tepidus
2677 2653 2748 2702 es,
2791 2637 3038 2706 incipiam
3079 2644 3126 2690 te
3165 2652 3392 2689 evomere
3413 2651 3477 2689 ea:
3507 2653 3595 2690 ore
3619 2652 3766 2701 meo;
3795 2636 3894 2690 hoc

2306 2741 2388 2788 est
2417 2733 2597 2787 dicere
2631 2750 2642 2784 :
2669 2730 2882 2787 Utinam
2914 2737 3007 2784 aut
3028 2731 3261 2786 calorem
3289 2740 3344 2785 et
3373 2731 3528 2786 ﬁdem
3555 2732 3783 2786 haberes
3807 2731 3895 2786 bo-

2307 2841 2499 2882 norum
2526 2823 2985 2889 Christianorum,
3012 2833 3106 2879 aut
3158 2832 3304 2879 certe
3350 2822 3514 2893 frigus
3549 2833 3602 2878 et
3646 2825 3897 2892 ignorau-

2307 2921 2436 2974 tiam
2466 2920 2833 2992 paganorum!
2869 2919 2976 2973 Aut
3023 2918 3166 2973 enim
3205 2914 3335 2973 ﬁdes
3383 2926 3436 2972 te
3483 2918 3654 2973 calida
3680 2917 3790 2971 Deo
3819 2917 3898 2970 in-

2309 3014 2568 3077 sinuaret,
2629 3022 2722 3067 aut
2777 3020 2925 3068 certe
2982 3011 3048 3066 ad
3102 3025 3337 3082 praesens
3367 3011 3539 3066 adhuc
3574 3011 3708 3078 legis
3752 3011 3900 3078 igno-

2311 3104 2485 3157 rantia
2543 3103 2884 3171 aliquatenus
2946 3110 3251 3157 excusaret.
3319 3102 3471 3157 Nunc
3539 3109 3716 3156 autem
3777 3099 3900 3169 quia

616 3199 731 3258 tus,
763 3191 929 3246 vitam
965 3191 1176 3260 parvuli
1225 3190 1310 3245 sui
1336 3197 1418 3244 tot
1447 3191 1892 3244 lamentationum
1939 3189 2203 3256 suffragiis
2228 3196 2274 3257 ο
2305 3191 2577 3247 Christum
2611 3192 2721 3260 jam
2781 3193 3063 3258 agnoviSti,
3115 3201 3169 3246 et
3223 3192 3448 3259 negligis
3476 3207 3636 3259 quem
3678 3191 3896 3260 agnovi-

614 3290 840 3356 peteret,
872 3290 928 3340 et
954 3282 1257 3351 piissimum
1287 3282 1456 3334 Deum
1492 3288 1640 3334 tanta
1661 3295 1883 3349 precum
1913 3281 2205 3333 ambitione

615 3379 876 3448 pulsaret,
907 3376 986 3430 sic
1024 3389 1222 3443 rogans
1251 3380 1307 3427 et
1357 3373 1652 3427 obsecrans
1688 3373 1932 3427 obtinere
1977 3388 2083 3426 non
2108 3387 2208 3441 po-

618 3469 752 3534 tuit;
775 3484 895 3525 cum
918 3477 1120 3533 tamen,
1153 3465 1302 3535 quod
1331 3465 1680 3521 fortissimum
1708 3466 2016 3535 petentibus
2051 3465 2207 3534 adju-

618 3565 858 3613 mentum
884 3567 985 3624 est,
1009 3559 1421 3629 impetraturum
1451 3573 1512 3612 se
1533 3557 1684 3628 quod
1713 3558 1790 3613 sic
1813 3573 1844 3613 a
1868 3558 1982 3613 Deo
2000 3566 2212 3629 peteret

620 3650 953 3708 credidisset.
984 3651 1068 3708 Ex
1104 3667 1213 3720 quo
1242 3651 1468 3721 intelligi
1496 3660 1680 3723 potest
1717 3651 1862 3722 quod
1888 3653 2089 3708 nullum
2112 3668 2210 3723 pe-

621 3743 764 3800 nitus
796 3743 1020 3812 majoris
1043 3744 1241 3815 piaculi
1260 3744 1462 3800 crimen
1488 3753 1588 3811 est,
1620 3761 1782 3815 quam
1813 3744 2213 3817 blasphemandi

623 3849 838 3893 causam
876 3837 1124 3905 gentibus
1175 3836 1326 3893 dare.
1375 3835 1708 3907 Quicumque
1745 3839 1888 3892 enim
1917 3840 2033 3892 sine
2073 3839 2214 3892 blas-

627 3926 841 3994 phemia
863 3926 1096 3981 aliorum
1125 3929 1364 3992 graviter
1389 3929 1668 3990 erraverit,
1700 3927 1800 3980 sibi
1831 3935 2034 3980 tantum
2064 3926 2218 3981 affert

627 4019 1048 4076 damnationem.
1094 4016 1196 4080 Qui
1222 4024 1404 4070 autem
1439 4018 1576 4071 alios
1601 4017 1981 4084 blasphemare
2008 4015 2214 4080 fecerit,

629 4109 826 4162 multos
846 4119 1030 4159 secum
1058 4104 1360 4172 praecipitat
1386 4103 1440 4156 in
1469 4112 1698 4158 mortem
1719 4146 1732 4169 ,
1770 4111 1825 4156 et
1854 4116 2075 4159 necesse
2115 4105 2220 4159 erit

629 4205 690 4252 ut
711 4198 785 4252 sit
807 4209 908 4266 pro
935 4194 1102 4250 tantis
1122 4208 1250 4250 reus
1274 4201 1506 4263 quantos
1536 4209 1718 4250 secum
1748 4195 1971 4249 traxerit
2001 4196 2054 4248 in
2094 4210 2217 4249 rea-

629 4297 763 4345 tum.
816 4288 927 4346 Nec
975 4288 1150 4344 solum
1199 4289 1324 4353 hoc,
1374 4286 1470 4342 sed
1496 4287 1820 4358 quicumque
1847 4295 2101 4358 peccator
2147 4289 2218 4343 ita

631 4387 818 4452 peccat
849 4386 909 4436 ut
937 4381 1071 4435 alios
1114 4378 1292 4434 tamen
1320 4385 1548 4447 peccato
1581 4378 2080 4447 suo._blasphemare
2113 4395 2217 4433 non

632 4473 816 4535 faciat,
847 4478 1126 4538 peccatum
1149 4487 1304 4525 suum
1345 4471 1446 4539 ipsi
1485 4471 1640 4524 obest
1668 4472 2038 4526 tantummodo
2078 4473 2222 4541 quod

2306 3284 2394 3349 sti,
2445 3283 2536 3352 qui
2591 3287 2872 3350 susceptus
2925 3295 2982 3334 es
3036 3280 3190 3348 quasi
3241 3283 3382 3334 intra
3424 3297 3485 3334 os
3524 3282 3618 3335 Dei
3662 3298 3758 3352 per
3781 3282 3900 3336 fidei

2308 3373 2656 3441 agnitionem,
2681 3371 2984 3440 projicieris
3035 3384 3133 3439 per
3167 3379 3441 3440 teporem;
3474 3371 3620 3440 quod
3672 3373 3896 3441 quidem

2309 3463 2473 3516 etiam
2525 3463 2715 3516 beatus
2770 3459 3048 3532 apostolus
3097 3457 3289 3527 Petrus
3330 3461 3606 3516 evidenter
3655 3465 3904 3534 exposuit

2311 3552 2496 3608 dicens
2526 3551 2593 3606 de
2621 3551 2829 3606 vitiosis
2869 3566 2932 3605 ac
2957 3550 3172 3621 tepidis,
3221 3550 3274 3605 id
3303 3559 3402 3621 est,
3432 3553 3573 3609 male
3602 3555 3906 3612 viventibus

2311 3644 2637 3700 Christianis
2669 3663 2681 3696 :
2714 3641 2900 3696 Melius
2920 3651 3034 3696 erat
3060 3641 3164 3696 illis
3189 3659 3295 3697 non
3319 3659 3620 3714 cognoscere
3642 3647 3906 3701 veritatem

2315 3756 2467 3810 quam
2514 3735 2935 3808 cognoscentibus
2965 3744 3251 3790 retrorsum
3296 3737 3489 3805 reﬂecti
3518 3755 3550 3790 ει
3580 3717 3767 3792 ιῖαιίίιο
3807 3736 3905 3792 sibi

2319 3828 2581 3882 mandato.
2608 3825 2958 3896 Contigitillis
2981 3841 3062 3879 res
3091 3826 3196 3880 veri
3217 3827 3470 3898 proverbii
3499 3844 3515 3880 :
3548 3827 3704 3882 Canis
3734 3847 3902 3884 rever—

2317 3936 2402 3972 sus
2432 3919 2501 3970 ad
2519 3934 2666 3972 suum
2690 3919 2948 3979 vomitum,
2974 3927 3023 3971 et
3047 3934 3134 3972 sus
3163 3919 3270 3972 lota
3293 3917 3318 3956 ι’
3342 3920 3396 3972 in
3419 3919 3680 3974 volutabra
3710 3922 3801 3974 luti
3830 3919 3902 3991 (ll

2319 4008 2462 4061 Petr.
2496 4024 2549 4070 ιι,
2577 4007 2664 4071 21,
2697 4006 2766 4060 22
2789 4007 2827 4077 ).
2875 4007 3028 4074 Quod
3077 4017 3134 4064 ut
3179 4007 3455 4064 evidenter
3483 4009 3549 4064 de
3576 4009 3660 4064 his
3701 4010 3902 4065 dictum

2319 4102 2423 4171 91
2459 4099 2818 4168 intelligamus
2846 4101 2938 4169 qui
2975 4102 3074 4155 sub
3110 4099 3415 4156 Christiano
3456 4103 3673 4156 nomine
3700 4101 3754 4156 in
3783 4117 3902 4156 sor-

2321 4191 2479 4246 dibus
2507 4190 2694 4245 mundi
2741 4200 2905 4261 atque
2946 4192 3344 4262 impuritatibus
3388 4193 3599 4258 vivunt,
3626 4191 3748 4246 audi
3775 4191 3906 4262 quid

2322 4283 2389 4337 de
2418 4281 2620 4337 eisdem
2642 4283 2698 4337 in
2730 4283 2920 4338 eodem
2957 4283 3249 4358 loco'dicat
3283 4302 3295 4337 :
3340 4285 3399 4339 Si
3424 4285 3575 4349 enim,
3607 4284 3794 4352 inquit,
3822 4301 3908 4337 re-

2324 4377 2578 4448 fugientes
2599 4377 3038 4448 coinquinationes
3064 4377 3241 4430 mundi
3266 4378 3320 4430 in
3351 4377 3659 4448 agnitionem
3698 4375 3910 4430 Domini

2325 4468 2488 4521 nostri
2509 4477 2558 4520 et
2585 4468 2957 4521 conservatoris
2981 4465 3105 4519 Iesu
3125 4467 3335 4532 Christi,
3359 4467 3438 4519 Itis
3469 4482 3646 4520 rursus
3670 4467 3909 4538 impliciti

620 4564 961 4632 peccaverit,
993 4571 1394 4618 sacrosanctum
1424 4570 1601 4617 autem
1632 4564 1728 4617 Dei
1748 4581 1942 4620 nomen
1965 4567 2222 4636 sacrilega
2249 4571 2302 4631 ι)
2326 4569 2654 4631 superantur,
2691 4562 2831 4630 facta
2851 4568 2971 4611 sunt
2996 4559 3103 4611 illis
3142 4561 3418 4612 notissima
3446 4558 3623 4630 pejora
3652 4557 3909 4631 prioribus

637 4651 1127 4720 blasphemantium
1171 4651 1548 4708 maledictione
1594 4668 1702 4708 non
1750 4653 1909 4709 laedit.
1956 4656 2057 4722 Qui
2096 4673 2223 4712 vero

636 4741 1006 4812 blasphemare
1035 4743 1171 4798 alios
1187 4758 1418 4813 peccans
1445 4743 1652 4812 fecerit,
1677 4760 1897 4802 necesse
1927 4759 2010 4802 est
2032 4764 2222 4818 pecca-

640 4839 755 4888 tum
782 4831 942 4901 hujus
974 4847 1135 4902 supra
1173 4833 1412 4888 criminis
1455 4836 1674 4890 bumani
1718 4852 1837 4892 esse
1883 4853 2221 4904 mensuram,

640 4922 770 4991 quia
794 4937 893 4992 per
920 4922 1160 4977 convicia
1180 4923 1533 4992 plurimorum
1561 4924 1991 4982 inmstimabilem
2016 4927 2127 4982 Deo
2157 4927 2227 4982 fa-

643 5013 718 5068 cit
744 5012 1012 5081 iujuriam.

713 5102 854 5158 XIX.
897 5103 1013 5159 Hoc
1039 5111 1238 5166 autem,
1262 5109 1324 5157 ut
1343 5101 1475 5165 dixi,
1504 5105 1704 5157 malum
1727 5105 2070 5175 peculiariter
2107 5116 2227 5161 tan—

645 5203 758 5249 tum
794 5195 1220 5251 Christianorum
1259 5202 1359 5258 est,
1403 5195 1528 5264 quia
1578 5211 1675 5265 per
1716 5211 1811 5251 eos
1858 5198 2230 5254 tantummodo

647 5287 1044 5355 blasphematur
1061 5287 1222 5353 Deus,
1246 5286 1339 5355 qui
1363 5285 1507 5341 bona
1527 5285 1740 5342 discunt
1759 5296 1814 5342 et
1839 5289 1976 5342 mala
2002 5288 2228 5354 faciunt;

610 5386 612 5446 μ
649 5375 759 5443 qui,
787 5383 846 5430 ut
871 5378 1129 5446 scriptum
1168 5386 1278 5442 est,
1318 5379 1486 5435 Deum
1515 5378 1692 5433 verbis
1719 5377 2040 5434 conﬁtentur
2067 5388 2123 5436 et
2151 5381 2229 5434 fa-

656 5467 756 5522 ctis
783 5475 982 5534 negant
1017 5465 1164 5537 (Tit.
1189 5485 1225 5536 ι,
1260 5469 1388 5540 16);
1420 5470 1532 5538 qui,
1553 5465 1623 5524 ‘ut
1650 5469 1790 5524 idem
1833 5471 2108 5539 apostolus
2135 5472 2228 5536 ait,

2329 4650 2572 4716 (IIPetr.
2605 4667 2660 4714 ιι,
2691 4648 2816 4718 20).
2862 4647 3015 4714 Quod
3041 4647 3256 4716 quidem
3304 4655 3358 4702 et
3403 4649 3594 4704 beatus
3636 4649 3912 4720 apostolus

2329 4743 2525 4797 Paulus
2550 4743 2604 4795 in
2626 4741 2872 4795 eumdem
2901 4740 3117 4794 modum
3145 4741 3274 4796 dicit
3307 4760 3318 4794 :
3353 4742 3680 4797 Circumcisio
3706 4741 3911 4814 quidem

2329 4834 2554 4905 prodest,
2584 4835 2630 4887 si
2651 4835 2810 4904 legem
2839 4834 3118 4888 custodias.
3164 4833 3224 4890 Si
3252 4843 3419 4889 autem
3446 4837 3814 4906 praevaricator
3837 4833 3914 4887 le-

2328 4930 2405 5000 gis
2427 4929 2518 4992 sis,
2551 4927 2870 4980 circumcisio
2912 4935 2998 4978 tua
3038 4929 3346 4998 praeputium
3373 4928 3509 4999 facta
3534 4936 3611 4981 est
3640 4925 3826 4998 (Rom.
3852 4940 3911 4992 ιι,

2331 5017 2455 5086 25).
2488 5017 2960 5074 Circumcisionem
2997 5024 3174 5073 autem
3213 5013 3667 5075 Christianitatem
3717 5019 3914 5074 intelli-

2333 5111 2561 5181 gendam
2591 5112 2704 5182 ipse
2748 5111 3142 5167 evidentissime
3188 5113 3347 5168 docet
3375 5113 3558 5169 dicens
3588 5132 3600 5166 :
3645 5109 3759 5168 Nos
3778 5114 3912 5166 enim

2335 5219 2506 5257 sumus
2530 5204 2868 5269 circumcisio,
2898 5203 2982 5274 qui
3020 5204 3201 5274 spiritu
3223 5203 3330 5259 Deo
3373 5206 3638 5270 servimus,
3659 5215 3828 5259 etnon
3856 5204 3911 5256 in

2337 5311 2493 5348 carne
2517 5293 2820 5363 conﬁdimus
2850 5291 3100 5363 (Philipp.
3118 5309 3192 5359 ιιι,
3217 5295 3290 5363 5).
3326 5294 3400 5351 Ac
3424 5312 3520 5367 per
3548 5296 3648 5350 hoc
3669 5294 3916 5349 videmus

2339 5382 2481 5451 quod
2510 5383 2680 5436 malos
2707 5381 3041 5436 Christianos
3068 5385 3290 5452 paganis
3319 5393 3626 5456 comparat;
3656 5399 3760 5440 nec
3775 5398 3917 5439 com-

2342 5480 2499 5541 parat
2523 5470 2876 5536 tantum,'sed
2901 5486 3039 5540 pene
3079 5476 3368 5545 postponit,
3394 5476 3576 5532 dicens
3606 5494 3618 5529 :
3653 5475 3714 5531 Si
3746 5482 3916 5529 autem

1839 5585 2175 5641 STEPHANI
2213 5583 2483 5642 BALUZII
2521 5583 2746 5639 ΝΟΤᾸΞ.

727 5681 752 5710 ι
775 5671 1060 5727 E'ditiones
1085 5673 1384 5730 Brassicani
1415 5687 1468 5732 et
1496 5677 1749 5734 Galesinii
1768 5719 1781 5743 ,
1821 5677 2036 5733 Remota
2064 5679 2229 5733 omnis

656 5743 945 5812 splendoris
967 5746 1107 5814 regia
1128 5743 1396 5814 dignitate.
1416 5747 1670 5811 Pithoeus,
1698 5758 1894 5802 remota
1914 5749 2052 5802 omni
2072 5748 2236 5818 splen-

2339 5677 2477 5731 doris
2505 5677 2629 5744 regii
2651 5676 2918 5744 dignitate.

2413 5746 2438 5783 ¹³
2469 5734 2654 5801 Codex
2687 5734 2947 5813 Colbcrt.,
2979 5751 3120 5804 cani.
