4234 6262
3345 228 3514 237 -..υ-μγ

329 315 400 372 95
1398 304 1482 359 ne
1519 305 2001 364 GUBERNATION

1923 308 2047 364 UNE
2086 308 2196 362 DE
2233 308 2361 366 ιιι.
3246 372 3252 378 .
3526 316 3595 374 Μ

327 431 636 502 ρτωραιὶιιηι
674 429 905 500 justitias
952 427 1075 496 legis
1103 423 1373 488 custodiat,
1399 440 1569 478 nonne
1605 424 1912 494 pra-:putium
1937 429 1984 486 Α
2017 422 2194 492 (Rom.
2222 434 2298 489 tv,
2327 420 2454 494 15).
2503 421 2697 492 Acper
2734 421 2840 476 hoc
2877 421 2923 476 si
2959 435 3070 477 non
3121 420 3538 493 praevaricantur
3561 439 3594 479 ει

323 523 469 577 illius
502 521 558 574 in
601 519 1030 573 circumcisionem
1070 514 1424 586 reputabitur?
1456 513 1526 567 Et
1556 513 1812 585 judicabit
1858 515 1915 568 id

331 613 471 686 quod
497 629 563 668 ex
585 621 772 666 natura
803 619 878 664 est
901 609 1224 680 praeputium,
1256 609 1414 679 legem
1451 623 1811 660 consummans
1828 648 1842 672 ,
1868 616 1916 661 te

331 706 420 776 qui
447 719 538 775 per
566 702 784 756 litteram
810 708 862 754 et
901 699 1336 754 circumcisionem
1373 699 1742 768 praevaricator
1789 697 1914 770 legis

329 813 386 850 ss
408 793 582 866 (Rom.
605 808 664 858 ιι,
683 790 770 857 26,
797 789 921 861 27).
952 790 1031 846 Ac
1049 804 1150 859 per
1169 791 1272 844 hoc
1293 788 1654 857 intelligimus,
1675 796 1731 842 ut
1751 803 1913 856 supra

331 885 464 950 dixi,
495 883 866 953 cnlpabiliores
891 897 992 936 nos
1019 881 1192 936 multo
1219 895 1356 945 esse,
1387 881 1477 949 qui
1505 879 1678 946 legem
1705 881 1800 934 Dei
1823 880 1914 934 ha-

331 974 519 1032 bemus
543 982 597 1030 et
622 975 943 1044 spernimus,
959 988 1126 1042 quam
1142 973 1262 1028 illos
1281 973 1374 1042 qui
1395 990 1495 1028 nec
1522 974 1723 1028 habent
1739 974 1913 1028 omni-

333 1083 405 1123 no
431 1081 529 1123 nec
554 1050 774 1120 norunt.
822 1065 995 1120 Nemo
1024 1066 1168 1120 enim
1212 1066 1392 1134 ignota
1430 1065 1747 1120 contemnit.
1780 1065 1914 1119 Con-

329 1155 691 1225 cupiscentiam
721 1156 907 1226 quippe
933 1153 1244 1217 nesciebam,
1277 1153 1566 1222 Apostolus
1597 1155 1784 1222 inquit,
1813 1155 1916 1208 nisi

325 1244 623 1298 indiceret
668 1261 686 1298 :
731 1243 859 1298 Non
903 1246 1226 1314 concupisces
1277 1242 1450 1315 (Rom.
1483 1260 1574 1306 Ἧι,
1623 1244 1704 1314 7).
1731 1243 1912 1312 Neque

327 1334 466 1388 enim
483 1333 915 1403 prevaﬁcansur
943 1349 974 1388 a
1002 1335 1120 1402 lege
1147 1348 1309 1403 quam
1338 1349 1448 1388 non
1488 1334 1689 1388 habent
1721 1353 1734 1386 :
1767 1337 1908 1404 quia,

328 1434 389 1480 ut
430 1427 694 1496 scriptum
725 1434 828 1491 est,
864 1425 966 1481 Ubi
1011 1443 1114 1480 non
1162 1436 1239 1480 est
1274 1427 1383 1490 lex,
1426 1443 1517 1479 nec
1557 1428 1912 1496 praevaricatio

329 1551 3179 1579 Μ

2015 517 2134 583 lege
2163 529 2323 583 quam
2356 529 2463 569 non
2491 513 2712 577 habent,
2762 524 2892 579 ergo
2937 525 3038 566 nec
3075 518 3428 568 contemnunt
3462 512 3596 582 legis

2016 607 2146 661 scita
2189 620 2307 674 quae
2340 619 2445 659 non
2494 604 2693 662 habent
2725 622 2738 656 :
2777 604 2901 676 quia
2954 618 3142 666 nemo,
3173 611 3234 658 ut
3259 601 3392 668 dixi,
3416 611 3596 674 potest

2017 697 2290 767 despicere
2318 696 2461 766 quod
2489 697 2680 752 nescit.
2706 695 2814 751 Nos
2841 709 2970 765 ergo
2992 704 3048 751 et
3077 703 3479 767 contemptores
3496 713 3594 769 pa-

2020 789 2148 842 riter
2176 796 2229 841 et
2256 787 2690 858 praevaricatores
2736 802 2936 849 sumus,
2970 802 3035 842 ac
3076 801 3176 856 per
3216 788 3321 844 hoc
3370 789 3593 858 paganis

2018 878 2334 944 deteriores,
2363 880 2486 948 quia
2517 878 2591 934 illi
2612 894 2720 933 non
2749 888 2944 934 norunt
2964 878 3060 934 Dei
3077 879 3350 947 mandata,
3381 897 3482 938 nos
3501 897 3594 939 no-

2023 972 2192 1026 vimus
2221 988 2235 1036 ;
2268 970 2341 1024 illi
2373 986 2435 1024 ea
2467 986 2571 1025 non
2610 971 2828 1036 habent,
2868 985 2968 1029 nos
3007 970 3298 1038 habemus;
3330 972 3406 1029 illi
3436 974 3591 1032 inau-

2018 1063 2128 1118 dita
2172 1079 2282 1118 non
2312 1062 2532 1126 faciunt,
2565 1078 2665 1118 nos
2703 1063 2843 1118 lecta
2871 1048 3162 1119 calcamus:
3201 1062 3269 1118 Et
3303 1065 3423 1121 ideo
3453 1065 3594 1136 apud

2020 1154 2142 1209 illos
2181 1155 2482 1223 ignorantia
2532 1163 2631 1219 est,
2682 1154 2822 1224 apud
2870 1170 2969 1210 nos
3014 1154 3412 1224 praevaricatio;
3467 1157 3593 1227 quia

2022 1245 2245 1299 minoris
2289 1246 2528 1301 criminis
2584 1255 2764 1302 reatus
2817 1254 2901 1302 est
2954 1247 3128 1316 legem
3171 1247 3382 1310 nescire
3434 1263 3593 1318 quam

2017 1353 2290 1407 spernere.

1317 1655 1788 1766 LIBER
1878 1655 2608 1782 QUINTUS.

1605 1849 2328 1878 -—-———-.—-———-——

404 1983 512 2055 92
539 1980 580 2036 1.
607 1979 735 2037 Seio
774 1978 1168 2036 inﬁdelissimos
1205 1992 1447 2048 quosque
1489 1987 1544 2033 et
1567 1978 1808 2034 veritatis
1837 1977 1919 2032 di—
1949 1984 1996 2044 Β
2025 1977 2299 2032 Dominica
2332 1977 2447 2046 lege
2475 1976 2750 2046 querimur
2776 1993 2934 2047 quam
2972 1980 3122 2049 queri
3160 1979 3227 2036 de
3255 1981 3459 2051 optimo
3485 1996 3598 2038 ne-

336 2076 476 2129 vinae
497 2075 781 2142 incapams
804 2072 982 2128 dicere
1005 2070 1290 2147 adversum
1314 2070 1430 2124 hinc
1456 2085 1614 2140 posse
1639 2085 1758 2140 quae
1781 2069 1920 2123 dixi-

343 2180 463 2220 mus
494 2182 508 2217 :
545 2163 606 2218 Si
641 2170 822 2218 tantus
855 2163 925 2219 sit
954 2161 1376 2217 Christianorum
1408 2161 1698 2216 inﬁdelium
1737 2167 1918 2214 reatus

344 2264 406 2312 ut
452 2255 574 2326 plus
617 2261 840 2325 peccent
894 2254 1359 2324 prmtermittentes
1411 2252 1659 2306 mandata
1701 2248 1918 2305 Domini

341 2363 464 2418 qua!
493 2347 695 2412 sciant,
729 2361 884 2416 quam
914 2360 1130 2416 pagana:
1164 2352 1349 2414 gentes
1375 2359 1493 2414 quae
1523 2344 1797 2408 nesciant,
1828 2357 1918 2396 sa-

339 2439 631 2494 lubriorem
661 2438 746 2492 his
784 2436 943 2494 ﬁxisse
979 2437 1330 2506 ignorantiam
1372 2452 1533 2506 quam
1565 2436 1915 2504 agnitionem,

334 2540 393 2587 et
415 2539 605 2587 contra
630 2545 725 2586 eos
749 2545 868 2585 esse
892 2530 1177 2585 admodum
1206 2530 1350 2598 quod
1379 2529 1694 2597 agnoverint
1720 2525 1918 2580 verita—

341 2629 466 2675 tem.
521 2620 724 2688 Quibus
761 2621 864 2677 hoc
891 2621 1324 2692 respondendum
1353 2628 1465 2685 est,
1502 2636 1610 2673 non
1639 2618 1921 2672 veritatem

339 2711 422 2765 his
449 2711 660 2775 obesse,
693 2711 786 2766 sed
813 2713 979 2778 vitia;
1011 2727 1114 2766 nec
1142 2712 1317 2781 legem
1349 2724 1568 2774 nocere,
1599 2707 1692 2763 sed
1721 2721 1917 2761 mores.

343 2812 368 2840 ⁸
397 2804 640 2873 Denique
673 2804 739 2858 da
767 2819 949 2858 mores
975 2804 1150 2858 bonos
1169 2845 1182 2868 ,
1226 2814 1280 2856 et
1318 2802 1455 2870 legis
1483 2801 1615 2855 scita
1644 2813 1742 2869 pro
1770 2799 1922 2854 nobis

341 2904 485 2949 sunt.
528 2896 680 2949 Tolle
707 2895 836 2948 vitia
859 2935 872 2956 ,
915 2895 1006 2949 lex
1037 2894 1274 2964 prodest.
1329 2892 1535 2948 Scimus
1563 2892 1724 2956 enim,
1754 2890 1926 2958 inquit

346 2985 793 3055 Apostolus,quia
823 2985 906 3037 lea:
935 2984 1066 3036 bona
1089 2991 1193 3047 est,
1222 2984 1265 3036 si
1286 2984 1399 3052 quis
1428 2998 1489 3034 ea
1509 2982 1728 3052 legitime
1754 2988 1926 3032 utatur

352 3074 395 3142 (l
427 3074 561 3127 Tim.
594 3089 631 3137 ι,
656 3073 732 3144 8).
793 3073 1054 3142 Legitime
1082 3074 1261 3142 itaque
1299 3073 1413 3142 lege
1447 3079 1625 3139 utere,
1672 3079 1725 3126 et
1754 3073 1922 3140 legem

297 3211 324 3240 ,
352 3163 448 3216 tibi
477 3164 671 3216 bonam
703 3162 816 3232 ipse
839 3162 1027 3217 fecisti.
1072 3163 1272 3217 Scimus
1293 3165 1446 3227 enim,
1477 3162 1665 3230 inquit,
1697 3165 1815 3234 quia
1840 3162 1923 3216 lea:

345 3253 482 3307 bona
509 3263 615 3318 est,
639 3256 683 3307 si
713 3255 825 3324 quis
861 3271 922 3307 ea
962 3255 1185 3324 legitime
1220 3263 1425 3307 utatur:
1453 3255 1619 3308 sciens
1644 3255 1758 3319 hoc,
1786 3255 1923 3324 quod

2023 2068 2146 2124 dico
2177 2069 2459 2138 impatiens
2487 2077 2718 2137 aagrotus
2757 2070 2932 2124 solet:
2964 2071 3055 2140 qui
3082 2086 3202 2126 cum
3231 2073 3600 2141 ingravescere

2021 2161 2120 2215 sibi
2162 2161 2383 2216 morbos
2421 2162 2552 2215 vitio
2597 2178 2694 2218 suo
2733 2161 2942 2229 fecerit,
2985 2164 3304 2233 imperitiam
3340 2164 3604 2222 medentis

2023 2263 2260 2309 accusat.
2301 2253 2464 2320 Quasi
2492 2269 2620 2310 vero
2662 2270 2850 2310 curare
2886 2256 3047 2310 ullam
3078 2255 3438 2313 inﬁmitatem
3465 2272 3600 2327 pra-

2022 2354 2177 2415 cepta
2220 2346 2454 2416 possint,
2483 2345 2529 2400 si
2558 2345 2606 2400 ei
2650 2361 2757 2402 non
2799 2347 3062 2402 obedierit
3095 2348 3366 2416 inﬁrmus;
3399 2355 3491 2404 aut
3513 2365 3601 2404 sa-

2025 2451 2156 2489 nare
2186 2450 2508 2505 quemquam
2521 2436 2860 2492 observantia
2898 2439 3079 2492 valeat
3101 2453 3262 2508 quam
3289 2439 3527 2495 medicus
3553 2439 3602 2496 ei

2023 2528 2276 2598 imperat,
2304 2528 2346 2581 si
2379 2543 2498 2581 eam
2525 2527 2625 2582 sibi
2653 2530 3027 2600 aegrotus-ipse
3056 2546 3163 2586 non
3189 2538 3424 2600 prastat.
3466 2530 3601 2595 Quid

2019 2617 2211 2687 juvant
2239 2618 2572 2673 stomachum
2605 2616 2630 2656 ι’
2661 2617 2924 2674 absinthia
2943 2659 2959 2685 ,
2989 2620 3034 2673 si
3062 2620 3241 2674 statim
3274 2619 3448 2674 dulcia
3473 2619 3602 2673 sub-

2025 2711 2356 2782 sequantur?
2401 2710 2537 2778 Quid
2579 2710 2861 2768 couferunt
2901 2709 3212 2782 phrenetico
3251 2712 3462 2772 silentia
3497 2713 3601 2767 cir-

2027 2804 2443 2868 cumstantium,
2487 2819 2648 2873 quem
2689 2821 2814 2860 suus
2848 2805 3054 2858 clamor
3091 2803 3318 2858 occidit?
3345 2804 3449 2859 Aut
3475 2804 3602 2874 quid

2025 2893 2279 2963 prodesse
2309 2895 2506 2962 poterit
2545 2893 2986 2957 antidotum,-cui
3015 2893 3413 2965 superfunditur
3439 2910 3602 2951 vene-

2025 2985 2188 3038 num?
2215 2983 2288 3038 Et
2315 2984 2471 3038 nobis
2501 2984 2678 3052 itaque
2708 2983 2794 3038 lex
2821 2991 2903 3040 est
2931 2984 3248 3052 antidotum,
3279 2986 3371 3042 sed
3401 2986 3604 3042 vitiosi-

2026 3083 2106 3130 tas
2133 3090 2416 3129 veneuum.
2483 3073 2685 3130 Sanare
2733 3090 2833 3129 nos
2881 3091 2988 3131 non
3023 3083 3204 3147 potest
3229 3077 3364 3146 legis
3391 3077 3602 3134 antido-

2026 3174 2136 3221 tum
2163 3207 2178 3232 ,
2227 3181 2364 3241 qpos
2411 3166 2662 3222 occidunt
2697 3181 2904 3222 venena
2941 3168 3210 3223 vitiorum.
3269 3167 3376 3224 Sed
3398 3168 3511 3237 jam
3537 3168 3604 3224 do

2027 3258 2109 3312 his
2139 3267 2192 3311 et
2219 3266 2373 3312 antea
2399 3259 2528 3313 satis
2568 3259 2830 3326 diximus;
2871 3268 2925 3315 et
2952 3261 2998 3316 si
3025 3262 3098 3315 ita
3125 3276 3212 3316 res
3234 3244 3601 3332 postulaverit,

337 3347 479 3420 justo
502 3346 586 3400 lex
613 3362 716 3400 non
749 3355 823 3400 est
858 3347 1026 3416 posita
1065 3344 1246 3417 (Ibid.,
1279 3345 1332 3411 8,
1363 3347 1437 3416 9).
1482 3349 1560 3401 Ac
1586 3362 1682 3416 per
1708 3347 1813 3400 hoc
1835 3345 1924 3415 jus
1948 3341 1993 3403 (ἒ
2026 3349 2188 3402 etiam
2216 3358 2340 3418 post
2366 3349 2478 3404 haec
2500 3349 2721 3418 juvante
2748 3351 2860 3407 Deo
2889 3352 3066 3423 aliqua
3087 3353 3343 3408 dicemus.

345 3447 458 3494 stus
485 3454 604 3494 esse
633 3440 806 3508 incipe
831 3478 845 3502 ,
887 3445 942 3492 et
984 3439 1089 3494 eris
1128 3439 1262 3494 liber
1291 3455 1321 3494 a
1361 3440 1476 3508 lege
1504 3458 1514 3491 :
1546 3440 1668 3508 quia
1697 3455 1803 3492 non
1830 3455 1923 3508 po-

346 3539 449 3586 test
484 3532 572 3586 lex
607 3531 792 3585 venire
832 3539 1018 3585 contra
1059 3546 1238 3587 mores
1261 3572 1273 3596 ,
1311 3547 1434 3603 qua:
1467 3531 1576 3599 jam
1614 3531 1837 3585 habetur
1867 3531 1919 3585 in

347 3623 601 3678 moribus.
647 3621 853 3676 Scimus
882 3623 1046 3685 enim,
1077 3622 1274 3690 inquit,
1323 3623 1442 3693 quia
1477 3622 1558 3675 lea:
1593 3621 1726 3676 bona
1751 3631 1845 3686 est,
1876 3623 1920 3676 si

345 3717 453 3786 quis
483 3731 544 3769 ea
565 3713 790 3785 legitime
815 3723 1020 3767 utatur:
1051 3715 1216 3767 sciens
1242 3714 1356 3778 hoc,
1386 3714 1520 3785 quod
1531 3717 1673 3784 justo
1702 3717 1785 3768 lex.
1818 3731 1920 3768 non

345 3815 418 3859 est
445 3807 635 3876 posita,
663 3804 754 3859 sed
780 3805 986 3875 injustis
1006 3844 1021 3868 ,
1061 3815 1110 3858 et
1146 3821 1250 3858 non
1279 3804 1518 3869 subditis,
1549 3805 1639 3858 sed
1659 3805 1920 3858 sceleratis

346 3906 395 3949 et
413 3899 582 3968 impiis
611 3906 662 3950 et
689 3895 1038 3967 peccatoribus
1054 3906 1138 3961 ;et
1156 3898 1201 3949 si
1223 3897 1355 3967 quod
1383 3898 1524 3950 aliud
1552 3914 1695 3952 suum
1724 3899 1919 3952 doctri-

350 4003 432 4040 na:
483 3987 778 4040 adversatur
816 3986 1002 4057 (lbid.,
1044 3985 1220 4056 8-l0).
1280 3988 1355 4040 Ac
1393 4003 1489 4058 per
1521 3989 1622 4042 hoc
1664 4004 1768 4041 non
1811 3997 1918 4041 tam

348 4077 438 4132 lex
468 4076 593 4140 tibi,
633 4091 666 4130 o
701 4075 894 4141 homo,
931 4093 1093 4146 quam
1132 4086 1189 4131 tu
1218 4078 1321 4148 legi
1349 4079 1674 4144 adversaris;
1705 4095 1805 4134 nec
1833 4080 1922 4133 lex

347 4174 537 4222 contra
585 4174 640 4220 te
685 4167 822 4221 bene
868 4169 1222 4238 praecipiendo
1247 4210 1262 4234 ,
1310 4169 1402 4224 sed
1443 4179 1500 4223 tu
1529 4179 1718 4225 contra
1745 4171 1919 4239 legem

346 4258 488 4313 male
511 4257 742 4313 vivendo
767 4258 900 4327 agis.
929 4261 1032 4331 93
1057 4261 1224 4317 lmmo
1250 4263 1336 4316 illa
1363 4278 1462 4332 pro
1494 4275 1545 4317 te
1571 4272 1672 4327 est,
1703 4272 1759 4316 tu
1787 4279 1919 4317 con-

345 4356 430 4404 tra
455 4348 621 4402 illam.
663 4347 758 4402 Illa
795 4350 938 4403 enim
981 4352 1075 4406 tibi
1105 4354 1333 4407 consulit
1374 4360 1559 4407 sancta
1584 4352 1831 4416 dicendo,
1863 4360 1922 4406 tu

347 4447 534 4495 contra
559 4439 704 4494 illam
731 4439 884 4496 venis
918 4456 1081 4512 prava
1119 4442 1392 4507 iaciendo;
1432 4456 1533 4498 nec
1559 4449 1744 4495 contra
1772 4441 1922 4496 illam

347 4537 593 4596 tantum,
639 4532 734 4586 sed
772 4533 934 4588 etiam
973 4541 1162 4589 contra
1206 4541 1287 4599 te;
1332 4535 1434 4588 hoc
1463 4534 1580 4602 ipso
1607 4533 1749 4587 enim
1777 4534 1921 4602 quod

344 4629 540 4678 contra
568 4622 715 4677 illam
754 4632 811 4678 et
839 4632 1028 4680 contra
1057 4633 1139 4690 te,
1171 4626 1294 4695 quia
1336 4626 1389 4679 in
1427 4624 1514 4677 illa
1552 4624 1697 4679 salus
1729 4632 1785 4678 et
1811 4625 1919 4678 vita

2096 3437 2158 3490 ll.
2201 3437 2420 3494 Interim
2468 3441 2592 3510 quia
2632 3452 2651 3478 ε
2685 3442 2792 3496 duo
2843 3444 3085 3512 superius
3136 3444 3485 3500 barbarorum
3512 3457 3605 3512 ge-

2026 3543 2151 3583 nera
2178 3530 2263 3582 vel
2310 3538 2483 3585 sectas
2533 3546 2651 3585 esse
2691 3533 3136 3597 memoravimus,
3167 3547 3494 3602 paganorum
3522 3543 3602 3589 at-

2023 3634 2126 3688 que
2156 3619 2529 3673 hmreticorum
2548 3658 2564 3684 ,
2593 3619 2718 3687 quia
2749 3620 2816 3672 de
2843 3623 3064 3688 paganis
3079 3621 3220 3688 jam,
3265 3629 3322 3674 ut
3349 3623 3601 3687 arbitror,

2024 3707 2379 3763 satisfecimus
2402 3748 2418 3773 ,
2459 3708 2526 3760 de
2572 3708 2836 3762 haereticis
2857 3723 3100 3776 quoque,
3133 3717 3190 3762 ut
3217 3725 3377 3764 causa
3407 3711 3600 3778 poscit,

2023 3798 2382 3868 subjiciamus.
2422 3798 2606 3854 Potest
2635 3799 2776 3853 enim
2811 3799 3074 3869 quispiam
3101 3799 3281 3854 dicere
3315 3818 3326 3853 :
3383 3801 3602 3858 Etiamsi

2024 3917 2053 3955 a
2085 3901 2309 3972 paganis
2352 3901 2439 3958 lex
2478 3900 2658 3956 divina
2701 3916 2808 3960 non
2847 3901 3026 3970 exigat
3053 3909 3111 3956 ut
3133 3901 3384 3956 mandata
3408 3902 3606 3957 faciant

2023 4018 2141 4072 quae
2171 4018 2276 4058 non
2305 4004 2501 4069 sciunt,
2531 4009 2680 4059 certe
2705 4003 2774 4058 ab
2801 4002 3066 4058 hzereticis
3084 4001 3250 4071 exigit
3275 4004 3368 4073 qui
3393 4003 3596 4059 sciunt:

2023 4081 2210 4160 eadem
2255 4105 2397 4159 enim
2445 4105 2608 4159 etiam
2654 4103 2776 4162 illos
2825 4103 3010 4172 legere
3046 4097 3164 4172 quin
3212 4119 3312 4159 nos
3357 4083 3609 4175 legimus,-

2021 4205 2239 4260 eosdem
2268 4206 2407 4274 apud
2431 4205 2551 4259 illos
2575 4205 2867 4274 prophetas
2897 4203 3020 4269 Dei,
3051 4185 3268 4259 eosdem
3297 4207 3591 4274 apostolos,

2032 4303 2249 4359 eosdem
2275 4304 2630 4371 evangelistas
2659 4317 2810 4366 esse;
2839 4317 2904 4356 ac
2930 4317 3028 4370 per
3047 4303 3151 4356 hoc
3174 4311 3265 4356 aut
3293 4319 3400 4358 non
3425 4307 3604 4360 minus

2023 4405 2089 4459 ab
2116 4402 2219 4458 illis
2241 4403 2413 4474 legem
2444 4403 2638 4474 negiigi
2667 4415 2828 4471 quam
2858 4417 2888 4456 a
2917 4401 3092 4466 nobis,
3123 4408 3214 4456 aut
3239 4401 3402 4458 etiam
3432 4383 3602 4461 multo

2022 4501 2220 4572 magis:
2253 4502 2361 4573 95.
2388 4503 2513 4571 quia
2542 4518 2663 4558 cum
2693 4502 2880 4558 eadem
2905 4501 3086 4570 legant
3123 4499 3320 4569 scripta
3347 4515 3469 4570 qua:
3499 4516 3600 4556 no-

2025 4603 2142 4666 stri,
2172 4603 2334 4656 multa
2367 4600 2568 4657 faciunt
2595 4601 2864 4656 deteriora
2891 4615 3051 4669 quam
3081 4601 3267 4674 nostri.
3304 4600 3601 4672 Utrumque

313 4725 326 4731 ‘
343 4719 435 4767 tua
462 4720 582 4768 est:
616 4728 679 4769 ac
706 4728 804 4784 per
831 4713 936 4770 hoc
962 4715 1086 4770 dum
1121 4715 1291 4784 legem
1323 4714 1558 4770 divinam
1586 4714 1810 4780 deseris,
1839 4729 1928 4768 sa-
1955 4715 1985 4774 Ι

1955 4715 2006 4774 ι)
2031 4717 2159 4771 ergo
2206 4703 2500 4758 videamus.
2560 4701 2782 4768 Eadem,
2826 4702 3032 4771 inquis,
3065 4702 3248 4771 legunt
3274 4703 3348 4758 illi
3375 4719 3494 4773 qua:
3521 4704 3601 4760 le-

343 4803 506 4862 lntem
535 4806 809 4879 propriam
838 4807 1183 4877 derelinquis.
1237 4806 1358 4863 Non
1394 4807 1550 4864 aliter
1576 4821 1704 4876 ergo
1732 4821 1832 4862 nos
1856 4807 1924 4862 de

2028 4813 2222 4874 guntur
2247 4821 2278 4859 a
2306 4805 2478 4861 nobis.
2520 4805 2808 4871 Quomodo
2827 4803 3038 4870 eadem,
3067 4821 3186 4877 quae
3212 4802 3238 4842 ι¹
3270 4806 3338 4861 ab
3366 4804 3600 4862 auctori-

1511 4913 1850 4971 STEPHANI
1884 4912 2152 4970 BALUZII
2190 4911 2415 4968 NOTAE.

421 5028 618 5111 {Idem
640 5028 816 5087 codex
837 5035 894 5085 et
923 5037 1134 5086 veteres
1159 5027 1426 5084 editiones
1455 5043 1470 5079 :
1502 5025 1733 5098 Denique
1759 5041 1924 5079 mores

347 5099 636 5224 “filum
660 5169 838 5224 locum
866 5169 942 5225 ita
971 5169 1306 5226 correximus
1332 5166 1549 5238 propria
1585 5167 1922 5238 auctoritate,

345 5239 635 5307 tamenetsi
663 5246 719 5294 et
744 5239 1006 5294 editiones
1035 5247 1092 5294 et
1113 5237 1458 5307 manuscripti
1489 5237 1605 5291 libri
1645 5248 1924 5307 repugna-

347 5317 486 5366 rent.
521 5306 827 5385 lltrobique-
845 5310 991 5385 enim
1017 5315 1331 5385 constanter
1355 5304 1552 5385 legitur
1581 5325 1599 5385 :_
1609 5304 1765 5385 "Quid
1779 5305 1924 5374 juvat

343 5379 668 5461 θιοτηαεξΐιειηι
695 5379 1004 5461 “sine!!!”
1021 5419 1038 5445 ν
1057 5382 1144 5461 ξίν.
1161 5387 1264 5460 εὶιο·
1297 5377 1412 5461 Sed.
1431 5378 1562 5461 νὲιίρ
1580 5377 1922 5461 libratur?!"

341 5448 561 5517 irrepsit
587 5449 674 5504 hic
698 5463 869 5505 error.
899 5449 1034 5503 Nam
1057 5449 1339 5504 Salvianus
1365 5448 1626 5502 absinthia
1652 5459 1926 5515 opponere

341 5517 518 5576 voluit
543 5517 806 5584 dulcibus,
838 5526 898 5573 ut
923 5519 1137 5575 silentia
1165 5519 1407 5583 clamori,
1438 5524 1493 5573 et
1513 5515 1809 5570 antidotum
1835 5529 1926 5568 ve-

344 5602 507 5654 neno.
540 5583 797 5644 Nostram
809 5587 1182 5656 conjecturam.
1203 5585 1484 5643 conﬁrmat
1513 5588 1624 5655 ipse
1647 5583 1926 5638 Salvianus

344 5658 506 5712 etiam
537 5657 591 5711 in
622 5671 745 5726 pag.
790 5657 892 5712 137
918 5676 929 5710 :
966 5659 1112 5712 Sicut
1138 5659 1294 5720 enim,
1329 5657 1516 5723 inquit,
1545 5657 1730 5726 optimi
1751 5671 1811 5706 ac
1842 5670 1926 5723 pe-

345 5729 580 5792 τίπὶϋὶηῑὶ
623 5724 812 5787 iudici
861 5727 1194 5784 dissimilibus
1253 5726 1448 5780 morbis
1494 5742 1644 5779 curas
1699 5724 1926 5794 dispares

2028 5029 2298 5094 praestant,
2320 5030 2469 5092 atque
2496 5022 2620 5096 alii_s_
2643 5039 2732 5096 per
2750 5022 2944 5096 _dulc_ia
2964 5021 3300 5096 medicamina
3318 5056 3331 5080 ,
3365 5015 3482 5096 aliis
3509 5031 3599 5083 per

2026 5090 2206 5146 amara
2229 5090 2548 5146 succurrunt.
2575 5090 2726 5148 Unde
2747 5093 2958 5162 interim
2980 5090 3244 5162 colligitur
3268 5090 3596 5162 veriﬁSimam

2027 5178 2145 5218 esse
2187 5163 2287 5216 viri
2327 5161 2620 5233 doctissimi
2655 5155 3125 5233 Nicolai___Rigaltii
3147 5155 3598 5233 observationem,

2027 5233 2116 5302 qui
2156 5233 2207 5285 in
2246 5230 2556 5302 praefatione
2601 5233 2666 5302 ad
2695 5231 3078 5302 Tertullianum
3114 5227 3394 5302 annotavit
3436 5227 3601 5302 etiam

2030 5293 2268 5356 veterum
2309 5303 2562 5357 librorum
2612 5301 2712 5356 ﬁde
2758 5297 3064 5355 falsissimas
3114 5293 3371 5347 lectiones
3407 5294 3592 5349 asseri.

2029 5372 2168 5426 Nam
2189 5381 2236 5424 et
2266 5381 2383 5426 sunt
2412 5371 2526 5426 libri
2551 5381 2755 5431 veteres,
2799 5365 2994 5433 inquit,
3041 5361 3458 5433 depravatissime
3486 5379 3601 5419 εστ-

2030 5445 2184 5504 recti;
2207 5460 2365 5515 neque
2391 5443 2499 5495 ulla
2515 5457 2640 5515 spes
2665 5431 2967 5515 reduceiidm
2993 5431 3215 5515 unquam
3239 5434 3484 5515 veritatis,
3499 5435 3601 5489 nisi

2030 5521 2134 5565 tam
2157 5502 2343 5566 ueteres
2372 5502 2728 5564 nanciscamur
2754 5511 2810 5555 ut
2836 5502 2939 5555 siut
2961 5502 3101 5560 omni
3135 5514 3476 5561 correctorum
3500 5520 3596 5556 an—

2028 5583 2259 5651 tiquitate
2278 5581 2590 5634 vetustiores.

2103 5664 2122 5688 c
2159 5651 2491 5720 Videgqpra,
2526 5659 2642 5720 pag:
2676 5640 2762 5694 80.
2943 5715 2955 5720 _
3465 5707 3477 5720 .

2103 5664 2122 5688 ε
2164 5662 2288 5704 Vide
2315 5662 2491 5730 supra,
2526 5662 2642 5765 23g.
2676 5662 2762 5694 συ.
2943 5715 2955 5727 .
3367 5712 3377 5724 ι
3465 5707 3477 5720 .

2101 5720 2124 5754 α
2156 5719 2212 5772 ln
2255 5719 2486 5771 editione
2580 5713 2812 5767 ithmana
2854 5722 3109 5786 scnptum
3151 5721 3232 5769 est
3258 5703 3587 5766 auditoribus.
