4234 6250
359 363 427 420 ξιτ
1440 351 1529 418 DE
1565 359 2092 419 GUBERNATIONE
2129 362 2240 418 DEI
2279 354 2406 417 LIB.
2445 363 2510 417 v.
3510 357 3617 428 ‘99

348 481 431 538 cis
451 442 722 551 peccandi
751 480 981 534 refrenet
1006 476 1302 542 libidinem,
1332 484 1388 532 et
1413 478 1738 548 quandoque
1764 479 1939 534 haere-
1965 483 2017 542 Α
2041 477 2159 532 Iam
2187 494 2316 532 vero
2346 477 2476 532 illud
2503 476 2683 546 quale,
2715 491 2877 546 quam
2906 491 3102 534 saevum
3127 517 3144 544 ,
3193 493 3355 549 quam
3403 493 3470 534 ex
3515 479 3618 534 hac

312 627 318 632 _
349 571 496 626 ticos
523 570 782 640 patientia
821 569 914 623 Dei
952 566 1110 623 faciat
1157 567 1370 636 plenam
1401 564 1522 622 ﬁdei
1548 582 1770 623 noscere
1799 569 1938 622 veri-

352 673 550 730 tatem,
581 664 808 717 maxime
835 677 955 717 cum
991 661 1126 715 sciat
1165 675 1260 714 eos
1287 659 1510 714 forsitan
1539 659 1802 714 catholica
1832 674 1938 712 non

354 757 611 826 indignos
639 754 740 809 ﬁde
763 793 778 819 ,
825 767 960 821 quos
1005 751 1188 806 videat
1213 750 1493 806 catholicis
1520 749 1642 803 vita:
1669 763 1944 819 compara-

357 848 511 902 tione
558 851 826 914 praastare.
887 841 1086 896 Omnes
1123 848 1300 893 autem
1333 839 1419 893 isti
1453 838 1520 892 de
1546 837 1740 906 quibus
1768 836 1940 906 loqui-

364 955 510 1002 mur,
543 944 635 990 aut
660 933 885 988 Vandali
915 941 1041 987 sunt
1070 939 1162 986 aut
1188 929 1368 985 Gothi.
1428 928 1562 983 Nam
1589 929 1656 983 de
1684 927 1939 981 Romanis

358 1028 662 1092 haereticis,
711 1041 943 1094 quorum
989 1026 1266 1078 innumera
1312 1021 1595 1076 multitudo
1645 1029 1757 1084 est,
1806 1021 1937 1073 nihil

358 1121 583 1175 dicimus
607 1159 620 1181 ,
672 1131 848 1186 neque
876 1123 969 1170 aut
998 1115 1253 1169 Romanis
1279 1129 1372 1168 eos
1413 1121 1504 1167 aut
1528 1113 1775 1167 barbaris
1801 1128 1941 1167 com-

355 1226 605 1282 paramus
623 1252 637 1274 ,
693 1211 820 1280 quia
848 1217 902 1262 et
930 1208 1241 1262 infidelitate
1269 1206 1524 1261 Romanis
1553 1213 1676 1259 sunt
1701 1204 1936 1259 deterio-

352 1318 480 1366 res,
531 1312 588 1356 et
635 1301 875 1357 foeditate
921 1301 1041 1354 vita:
1088 1301 1326 1354 barbaris
1355 1299 1638 1367 turpiores.
1702 1296 1808 1351 Sed
1836 1298 1940 1363 hoc

353 1408 453 1448 nos
480 1408 592 1447 non
619 1392 793 1446 solum
824 1406 927 1444 non
950 1390 1120 1458 juvat,
1151 1390 1245 1444 sed
1289 1390 1450 1443 etiam
1493 1403 1656 1457 supra
1701 1387 1754 1441 id
1796 1388 1940 1455 quod

356 1499 386 1538 a
415 1484 574 1538 nobis
616 1482 746 1552 ipsis
785 1496 1068 1549 gravamur
1106 1488 1308 1548 gravat,
1339 1481 1463 1548 quia
1495 1487 1549 1533 et
1578 1473 1614 1532 ii
1641 1494 1778 1547 quos
1809 1479 1940 1532 tales

355 1589 641 1630 causamur
667 1589 815 1638 esse,
861 1572 1090 1627 Romani
1121 1581 1262 1626 sunt.
1309 1571 1458 1626 Unde
1499 1572 1798 1639 intelligere
1824 1587 1938 1640 pos-

357 1683 543 1746 sumus
593 1665 722 1736 quid
773 1673 1042 1720 mereatur
1099 1665 1273 1718 omnis
1325 1663 1568 1718 Romana
1616 1662 1936 1732 respublica,

2044 569 2158 638 ipsa
2188 568 2462 638 impietate
2489 567 2838 633 descendens,
2867 583 3030 637 quam
3054 569 3285 624 alienum
3305 585 3336 623 a
3355 569 3618 637 barbaris,

2043 673 2203 728 quam
2233 659 2496 713 familiare
2523 659 2798 725 Romanis,
2829 661 2971 730 quod
3002 676 3061 715 se
3088 661 3317 716 invicem
3338 665 3621 718 exactione

2042 756 2421 825 proscribunt:
2473 757 2637 810 immo
2687 772 2793 811 non
2840 758 3106 813 invicem:
3140 773 3262 813 nam
3290 759 3395 814 hoc
3421 757 3620 812 tolera-

2043 845 2205 898 bilius
2251 846 2418 899 ferme
2465 855 2606 900 esset
2651 847 2695 899 si
2742 855 3019 916 pateretur
3073 848 3619 920 quisque~99quod

2042 933 2272 1000 fecerat;
2325 935 2450 988 illud
2478 936 2691 1003 gravius
2718 944 2828 1000 est,
2868 937 3013 1004 quod
3042 937 3254 1006 plurimi
3285 939 3622 1008 proscribun-

2044 1033 2132 1078 tur
2174 1043 2203 1079 a
2252 1027 2434 1096 paucis
2458 1067 2471 1090 ,
2522 1027 2713 1094 quibus
2760 1029 2968 1082 exactio
2995 1028 3204 1098 publica
3232 1031 3513 1098 peculiaris
3540 1039 3623 1085 est

2045 1118 2246 1184 praeda,
2279 1118 2367 1185 qui
2399 1116 2590 1171 ﬁscalis
2617 1117 2782 1170 debiti
2813 1117 2993 1172 titulos
3018 1119 3218 1174 faciunt
3245 1130 3475 1188 quaestus
3504 1137 3621 1176 esse

2047 1208 2312 1278 privatos;
2363 1214 2416 1258 et
2464 1207 2568 1260 hoc
2595 1221 2702 1260 non
2736 1207 2928 1260 summi
2962 1214 3199 1272 tantum,
3230 1209 3322 1262 sed
3350 1225 3486 1278 pene
3513 1211 3623 1265 infi-

2046 1298 2150 1360 mi;
2204 1313 2310 1350 non
2353 1295 2562 1364 judices
2615 1297 2786 1350 solum
2815 1339 2830 1362 ,
2871 1297 2965 1352 sed
2991 1298 3155 1352 etiam
3177 1297 3444 1366 judicibus
3472 1301 3623 1355 obse-

2045 1399 2289 1462 quentes.
2332 1391 2459 1456 Quae
2488 1391 2628 1444 enim
2659 1399 2782 1446 sunt
2809 1407 2918 1446 non
2946 1392 3107 1446 modo
3135 1391 3314 1456 urbes,
3343 1391 3439 1446 sed
3458 1392 3619 1446 etiam

2045 1482 2331 1550 municipia
2380 1488 2541 1549 atque
2591 1481 2717 1545 vici;
2769 1481 2858 1536 ubi
2905 1497 3014 1536 non
3043 1489 3174 1550 quot
3203 1480 3228 1519 δ
3257 1477 3482 1536 curiales
3507 1479 3623 1536 fue-

2046 1572 2172 1635 rint,
2205 1580 2286 1625 tot
2313 1571 2529 1641 tyranni
2558 1573 2703 1624 sint?
2729 1583 2750 1610 ο
2779 1571 3093 1640 Quanquam
3115 1570 3252 1626 forte
3280 1572 3383 1626 hoc
3405 1571 3622 1626 nomine

2047 1663 2147 1717 sibi
2195 1662 2552 1730 gratulentur,
2601 1661 2726 1729 quia
2773 1670 2966 1730 potens
2995 1669 3048 1716 et
3076 1663 3373 1716 honoratus
3399 1677 3516 1716 esse
3546 1662 3623 1715 vi-

356 1773 476 1813 cum
506 1773 637 1827 pars
681 1755 1046 1827 Romanorum
1093 1753 1330 1810 offendat
1359 1754 1526 1809 Deum
1565 1755 1694 1819 vita,
1731 1769 1857 1823 pars
1885 1760 1938 1807 et
1970 1781 2016 1842 Β
2046 1753 2252 1807 deatur.
2313 1751 2444 1804 Nam
2493 1758 2548 1804 et
2595 1751 2830 1806 latrones
2877 1749 3044 1806 ferme
3095 1767 3282 1807 omnes
3309 1752 3542 1821 gaudent
3569 1761 3623 1807 et

358 1849 670 1904 infidelitate
699 1848 902 1918 pariter
928 1854 981 1900 et
1000 1847 1126 1900 vita.
1167 1845 1328 1900 Salvo
1357 1860 1422 1900 eo
1450 1843 1594 1914 quod
1621 1846 1781 1898 etiam
1812 1844 1938 1913 ipsa:

357 1939 627 2008 quondam
667 1939 896 1992 hmreses
920 1937 1270 1991 barbarorum
1294 1946 1319 1973 ι
1340 1935 1408 1990 de
1430 1935 1656 1990 Romani
1686 1936 1939 2002 magiste-

357 2029 425 2083 rii
471 2030 736 2098 pravitate
782 2028 1087 2091 fluxerunt,
1137 2027 1241 2096 9']
1296 2041 1360 2080 ac
1404 2025 1622 2095 perinde
1647 2026 1810 2079 etiam
1837 2024 1941 2079 hoc

366 2128 607 2172 nostrum
635 2119 831 2173 crimen
861 2126 970 2180 est,
1007 2116 1151 2184 quod
1180 2115 1367 2185 populi
1395 2115 1742 2170 barbarorum
1775 2115 1942 2168 hatre-

365 2211 459 2266 tici
489 2225 609 2265 esse
633 2219 917 2280 ceperunt.

436 2300 526 2354 IV.
569 2298 732 2355 Porro
760 2309 932 2380 autem
962 2309 1221 2368 quantum
1250 2301 1318 2356 ad
1347 2303 1811 2356 conversationem
1840 2298 1942 2355 Go-

362 2391 577 2445 thorum
624 2400 712 2445 aut
760 2391 1118 2447 Vandalorum
1169 2393 1435 2463 pertinet,
1481 2392 1608 2462 quid
1638 2401 1722 2447 est
1750 2393 1802 2446 in
1830 2407 1940 2460 quo

358 2483 437 2537 eis
465 2491 558 2536 aut
607 2499 919 2554 praeponere
963 2501 1062 2540 nos
1105 2493 1197 2539 aut
1243 2486 1405 2540 etiam
1435 2501 1748 2556 comparare
1771 2486 1940 2556 possi-

356 2573 510 2626 mus?
540 2573 617 2628 Ac
662 2574 894 2643 primum
942 2582 1002 2628 ut
1047 2574 1114 2628 de
1163 2573 1357 2629 affectu
1385 2584 1441 2630 et
1473 2577 1735 2630 charitate
1763 2576 1935 2630 dicam

358 2662 542 2731 (quam
593 2664 916 2734 pnecipuam
958 2665 1216 2720 Dominus
1241 2665 1401 2720 docet
1427 2681 1544 2720 esse
1570 2667 1856 2730 virtutem,
1885 2675 1940 2721 et

357 2769 517 2823 quam
545 2773 656 2811 non
701 2757 875 2812 solum
923 2772 1020 2826 per
1061 2774 1252 2813 omnes
1291 2758 1595 2828 Scripturas
1621 2774 1819 2823 sacras,
1849 2759 1939 2814 sed

356 2846 519 2899 etiam
546 2863 646 2916 per
673 2862 732 2901 se
761 2847 876 2916 ipse
901 2848 1244 2902 commendat
1270 2847 1454 2902 dicens
1477 2867 1490 2900 :
1525 2847 1592 2901 In
1625 2850 1720 2902 hoc
1759 2853 1941 2904 scietur

357 2935 493 3006 quod
522 2936 761 3004 discipuli
782 2937 880 2988 mei
901 2938 1041 2999 estis,
1073 2939 1118 2989 si
1149 2954 1237 2990 vos
1257 2939 1471 2991 invicem
1498 2939 1726 3010 diligatis
1753 2940 1936 3012 [Ιοαη.

360 3039 488 3088 xm,
517 3023 630 3094 55]
675 3040 862 3078 omnes
915 3041 974 3079 se
1022 3025 1134 3081 fere
1176 3027 1430 3092 barbari,
1486 3031 1578 3098 qui
1623 3032 1782 3085 modo
1822 3041 1942 3086 sunt

2041 1848 2363 1916 gloriantur,
2411 1846 2457 1898 si
2499 1846 2793 1899 atrociores
2847 1845 3136 1900 admodum
3166 1860 3326 1915 quam
3355 1854 3479 1899 sunt
3506 1860 3623 1900 esse

2042 1939 2305 1992 dicantur.
2369 1935 2499 2002 Quis
2545 1950 2694 2004 ergo,
2745 1945 2804 1990 ut
2850 1937 2982 2001 dixi,
3031 1937 3180 1992 locus
3225 1945 3308 1992 est
3337 1937 3424 1992 ubi
3455 1953 3560 1992 non
3591 1953 3620 1992 a

2042 2027 2427 2099 principalibus
2463 2027 2735 2081 civitatum
2784 2027 3060 2082 viduarum
3106 2036 3160 2081 et
3188 2029 3512 2097 pupillorum
3538 2029 3622 2082 vi-

2045 2133 2193 2173 scera
2223 2117 2568 2181 devorentur,
2618 2125 2672 2171 et
2716 2134 2837 2173 cum
2865 2119 2947 2172 his
2975 2118 3140 2173 ferme
3170 2127 3478 2174 sanctorum
3507 2136 3621 2174 om-

2047 2207 2230 2261 nium?
2280 2206 2412 2259 Nam
2453 2215 2507 2260 et
2533 2206 2634 2261 llos
2660 2207 2811 2274 quasi
2842 2207 3028 2262 viduas
3054 2224 3117 2262 ac
3146 2208 3376 2278 pupillos
3402 2209 3620 2275 habent,

2044 2296 2170 2364 quia
2201 2296 2338 2349 tueri
2367 2311 2425 2349 se
2454 2304 2545 2348 aut
2574 2311 2671 2364 pro
2707 2296 2882 2351 studio
2914 2296 3264 2366 professionis
3283 2313 3391 2352 sua:
3413 2299 3622 2366 nolunt,

2045 2393 2140 2438 aut
2167 2400 2264 2454 pro
2313 2384 2615 2438 innocentia
2665 2393 2826 2454 atque
2866 2386 3172 2443 humilitate
3223 2403 3329 2443 non
3376 2399 3618 2459 possunt.

2045 2478 2212 2534 Nemo
2242 2478 2421 2547 itaque
2449 2478 2640 2532 horum
2670 2486 2814 2533 tutus
2843 2488 2925 2534 est
2946 2519 2962 2544 ,
3010 2495 3184 2549 neque
3212 2482 3307 2535 ulli
3336 2483 3621 2537 admodum

2044 2579 2240 2642 praeter
2287 2586 2524 2624 summos
2570 2586 2598 2624 a
2659 2572 2957 2627 vastatione
3011 2573 3276 2626 latrocinii
3321 2573 3621 2643 populantis

2049 2662 2314 2715 immunes
2337 2701 2350 2724 ,
2405 2660 2506 2713 nisi
2551 2661 2643 2728 qui
2673 2659 2870 2715 fuerint
2893 2661 3021 2730 ipsis
3049 2661 3345 2715 latronibus
3375 2677 3532 2731 pares
3561 2663 3613 2714 in

2047 2753 2150 2807 hac
2177 2753 2525 2815 conditione;
2583 2753 2746 2806 immo
2799 2752 2854 2806 in
2898 2753 3001 2807 hoc
3037 2753 3210 2806 scelus
3247 2767 3334 2805 res
3370 2751 3619 2806 devoluta

2043 2855 2142 2907 est,
2177 2854 2234 2899 ut
2263 2845 2363 2898 nisi
2392 2847 2510 2913 quis
2539 2845 2710 2898 malus
2741 2845 2918 2907 fuerit,
2951 2845 3128 2900 salvus
3157 2860 3276 2899 esse
3297 2860 3402 2898 non
3428 2844 3616 2913 possit.

2114 2937 2176 2989 V.
2209 2935 2312 2990 Sed
2357 2935 2604 2988 videlicet
2632 2950 2752 2988 cum
2791 2942 2871 2988 tot
2909 2935 3014 2988 sint
3055 2937 3146 3004 qui
3182 2935 3354 2990 bonos
3383 2942 3617 2996 vastant,

2044 3036 2165 3081 sunt
2188 3027 2418 3081 fortasse
2445 3027 2607 3094 aliqui
2629 3027 2722 3095 qui
2751 3025 2802 3079 in
2829 3026 2927 3080 hac
2948 3027 3248 3079 vastatione
3276 3032 3617 3088 succurrant;

365 3114 527 3168 unius
578 3114 752 3182 gentis
806 3123 863 3168 et
904 3115 1044 3182 regis
1068 3158 1082 3181 ,
1136 3123 1324 3172 mutuo
1362 3127 1568 3183 amant,
1595 3135 1780 3186 omnes
1807 3137 1941 3191 pene
1967 3131 2014 3194 ο
2043 3120 2152 3188 qui,
2198 3128 2256 3172 ut
2294 3119 2550 3188 scriptum
2592 3126 2690 3181 est,
2735 3117 2967 3186 eripiant
2994 3131 3218 3184 egenum
3249 3129 3302 3170 et
3331 3131 3621 3186 pauperem

363 3203 595 3259 Romani
641 3219 699 3259 se
747 3213 931 3259 mutuo
982 3216 1392 3276 persequuntur.
1453 3209 1580 3274 Quis
1625 3211 1767 3264 enim
1806 3213 1937 3266 civis

357 3309 468 3348 non
499 3294 699 3348 invidet
725 3295 867 3348 civi?
909 3293 1038 3360 Quis
1088 3297 1230 3350 enim
1261 3297 1472 3366 plenam
1500 3299 1678 3354 vicino
1722 3301 1938 3354 exhibet

358 3386 712 3440 charitatem?
759 3383 956 3441 Omnes
1001 3389 1200 3458 quippe
1252 3404 1283 3442 a
1321 3404 1400 3454 se,
1430 3391 1530 3446 etsi
1559 3391 1678 3446 loco
1705 3409 1812 3447 non
1843 3394 1936 3448 ab-

358 3484 522 3539 sunt,
571 3475 763 3530 affectu
813 3478 1034 3541 absunt;
1095 3479 1196 3532 etsi
1245 3479 1576 3535 habitatione
1618 3481 1930 3550 junguntur,

359 3576 536 3622 mente
575 3566 826 3635 disjuncti
866 3575 1008 3621 sunt.
1056 3567 1231 3636 Atque
1275 3569 1480 3624 utinam
1525 3571 1656 3634 hoc,
1706 3571 1828 3626 licet
1866 3573 1936 3626 sit

357 3657 644 3726 pessimum
671 3657 890 3722 malum,
921 3659 1125 3712 utinam
1155 3659 1300 3712 cives
1323 3667 1528 3713 tantum
1550 3669 1711 3730 atque
1737 3663 1930 3718 vicini!

358 3743 487 3800 Illnd
535 3754 618 3800 est
664 3747 876 3813 gravius
898 3787 913 3812 ,
956 3747 1101 3815 quod
1132 3762 1230 3802 nec
1257 3749 1543 3817 propinqui
1571 3751 1783 3819 quidem
1811 3769 1937 3822 pro-

356 3837 672 3907 pinquitatis
704 3838 821 3907 jura
862 3846 1202 3893 conservant.
1262 3839 1391 3905 Quis
1421 3841 1560 3894 enim
1591 3858 1649 3898 se
1677 3845 1936 3912 proximis

357 3929 468 3981 suis
493 3925 795 3998 proximum
826 3929 1038 3984 reddit?
1066 3929 1197 3995 Quis
1224 3931 1382 3984 solvit
1411 3932 1676 3998 charitati,
1707 3937 1848 4003 quod
1877 3952 1936 3991 se

361 4020 604 4085 agnoscit
645 4019 838 4074 debere
885 4020 968 4074 vel
1016 4021 1252 4075 nomini?
1303 4021 1432 4087 Quis
1480 4023 1584 4077 hoc
1629 4032 1710 4078 est
1757 4026 1936 4082 animo

361 4107 510 4178 quod
557 4112 809 4164 vocatur?
859 4111 986 4176 Quis
1033 4119 1141 4165 tam
1190 4114 1522 4183 propinquus
1568 4116 1729 4170 corde
1775 4132 1934 4186 quam

358 4198 662 4266 sanguine,
708 4200 759 4252 in
810 4215 916 4268 quo
966 4217 1069 4255 non
1117 4203 1318 4257 luridus
1365 4206 1755 4262 malevolentia:
1792 4210 1937 4264 zelus

357 4287 539 4352 ardet,
584 4288 736 4357 cujus
774 4305 880 4343 non
920 4306 1129 4356 sensum
1160 4293 1297 4346 livor
1324 4294 1536 4357 invasit,
1567 4297 1652 4348 cui
1682 4313 1788 4351 non
1819 4315 1938 4366 pro-

355 4380 586 4448 speritas
623 4379 795 4434 aliena
835 4382 1145 4451 supplicium
1188 4383 1308 4436 est?
1336 4380 1464 4448 Quis
1494 4400 1600 4436 non
1629 4386 1828 4440 bonum
1859 4389 1936 4441 al-

357 4469 544 4533 terius,
573 4471 771 4524 maIum
801 4449 953 4526 suum
997 4472 1204 4526 credit?
1244 4469 1342 4524 Cui
1385 4477 1455 4524 ita
1487 4471 1681 4528 sufﬁcit
1709 4477 1932 4532 felicitas
1961 4449 2010 4509 θ

356 4575 453 4615 sua
473 4599 489 4624 ,
537 4569 597 4613 ut
641 4562 802 4615 etiam
850 4564 1012 4616 alium
1060 4563 1190 4634 velit.
1218 4578 1336 4616 esse
1366 4561 1615 4618 felicem?
1645 4565 1848 4621 Novum
1878 4579 1932 4623 et

351 4653 720 4712 inaestimabile
763 4674 903 4712 nunc
949 4659 1003 4712 in
1051 4658 1294 4728 plurimis
1341 4658 1538 4712 malum
1590 4668 1692 4714 est.
1735 4659 1928 4714 Parum

351 4748 507 4804 alicui
557 4757 640 4804 est
685 4749 729 4804 si
775 4750 889 4819 ipse
929 4751 998 4805 sit
1043 4749 1198 4815 felix,
1243 4750 1342 4804 nisi
1373 4751 1508 4805 alter
1535 4751 1692 4806 fuerit
1720 4752 1923 4808 infelix.

2039 3211 2106 3264 de
2134 3225 2291 3264 manu
2314 3212 2609 3280 peccatoris
2641 3209 2812 3282 (Psal.
2845 3227 3024 3277 Lxxxi,
3057 3209 3134 3279 4).
3171 3208 3293 3264 Νοη
3321 3220 3396 3264 est
3423 3213 3507 3282 qui
3539 3213 3622 3282 fa-

2040 3304 2147 3355 ciat
2179 3303 2382 3368 bonum,
2420 3321 2520 3358 non
2561 3312 2635 3357 est
2669 3321 2794 3375 pene
2822 3321 2977 3376 usque
3021 3303 3090 3356 ad
3117 3321 3269 3357 unum
3303 3303 3472 3374 (Psal.
3505 3320 3614 3368 xm,

2041 3392 2116 3460 1).
2149 3393 2273 3448 Ideo
2302 3393 2453 3459 dixit,
2486 3411 2610 3465 pene
2632 3411 2790 3466 usque
2817 3395 2885 3447 ad
2915 3412 3067 3448 unum
3097 3395 3218 3464 quia
3249 3402 3394 3448 tanta
3424 3402 3504 3448 est
3534 3409 3620 3448 ra-

2038 3484 2169 3539 ritas
2217 3485 2500 3550 bonorum,
2554 3493 2613 3538 ut
2657 3501 2796 3555 pene
2847 3502 2985 3539 unus
3030 3501 3148 3539 esse
3197 3484 3457 3539 videatur.
3491 3482 3620 3550 Quis

2040 3574 2182 3627 enim
2211 3576 2418 3628 vexatis
2447 3583 2607 3642 atque
2636 3575 3000 3630 laborantibus
3044 3590 3201 3644 opem
3233 3576 3450 3638 tribuat,
3495 3591 3615 3629 cum

2039 3661 2406 3731 improborum
2447 3664 2722 3716 hominum
2761 3664 3028 3716 violentia:
3057 3664 3217 3716 etiam
3257 3663 3282 3700 ἀ
3313 3663 3618 3717 sacerdotes

2038 3752 2248 3817 Domini
2288 3767 2394 3806 non
2434 3753 2720 3806 resistant?
2749 3751 2882 3804 Nam
2923 3761 3016 3805 aut
3057 3761 3236 3806 tacent
3277 3752 3490 3822 plurimi
3517 3769 3614 3808 eo-

2036 3859 2174 3906 rum,
2201 3849 2293 3895 aut
2320 3841 2519 3895 similes
2548 3848 2672 3896 sunt
2699 3841 3017 3906 tacentibus,
3052 3842 3261 3896 etiamsi
3292 3843 3609 3912 loquantur;

2038 3943 2094 3990 et
2120 3936 2222 3990 hoc
2263 3935 2415 3989 multi
2443 3949 2552 3988 non
2583 3933 2961 3999 inconstantia,
3011 3933 3105 3988 sed
3133 3933 3378 3999 consilio,
3406 3940 3462 3987 ut
3509 3949 3612 4004 pu-

2043 4038 2176 4094 tant,
2221 4037 2382 4098 atque
2428 4028 2656 4082 ratione.
2687 4028 2798 4098 99
2833 4025 3112 4082 Exsertam
3153 4026 3295 4081 enim
3334 4025 3614 4080 veritatem

2037 4123 2278 4192 proferre
2306 4122 2512 4184 nolunt,
2545 4121 2667 4190 quia
2697 4136 2816 4175 eam
2845 4135 3002 4175 aures
3043 4121 3406 4189 improborum
3435 4118 3613 4174 homi—

2038 4227 2135 4266 nes
2161 4215 2423 4267 sustinere
2452 4227 2558 4264 non
2589 4219 2850 4280 possunt;
2884 4225 2983 4264 nec
3001 4211 3175 4264 solum
3205 4209 3489 4278 refugiunt,
3520 4209 3615 4264 sed

2037 4303 2200 4356 etiam
2243 4312 2267 4338 θ
2299 4301 2528 4355 oderunt
2556 4309 2611 4355 et
2650 4307 3014 4364 exsecrantur,
3041 4309 3096 4352 et
3124 4314 3230 4352 non
3258 4299 3418 4353 modo
3459 4299 3612 4352 audi-

2035 4399 2144 4444 tam
2169 4407 2274 4444 non
2314 4399 2631 4450 reverentur
2659 4399 2752 4444 aut
2779 4397 3042 4450 metuunt,
3075 4387 3169 4442 sed
3198 4387 3404 4456 majore
3445 4387 3608 4442 etiam

2036 4481 2393 4551 superbientis
2421 4481 2735 4551 pervicacia:
2757 4479 3121 4550 perduellione
3147 4486 3518 4533 contemnunt.
3543 4477 3613 4533 Et

2037 4575 2157 4629 ideo
2186 4583 2366 4629 tacent
2393 4575 2554 4629 etiam
2581 4574 2674 4641 qui
2693 4573 2840 4642 loqui
2867 4580 3111 4641 possunt,
3131 4571 3258 4626 dum
3281 4572 3410 4642 ipsis
3444 4571 3610 4626 inter-

2035 4665 2160 4719 dum
2185 4665 2203 4704 ί
2225 4666 2376 4720 malis
2399 4671 2652 4734 parcunt;
2682 4679 2781 4718 nec
2801 4663 2986 4718 volunt
3014 4664 3092 4719 eis
3119 4665 3228 4718 vim
3255 4673 3453 4734 aperta:
3480 4680 3610 4734 ιιι-ο-

2035 4770 2182 4810 mcre
2205 4756 2462 4819 veritatis,
2500 4769 2568 4809 ne
2595 4754 2793 4808 faciant
2820 4768 2916 4808 eos
2944 4755 3146 4823 ingesta
3189 4757 3363 4812 acrius
3387 4757 3614 4811 veritate

1529 4907 1861 4962 STEPHANI
1898 4909 2165 4965 BALUZII
2201 4907 2429 4966 NOTE.

352 5080 380 5087 ,ί
425 5028 448 5054 ιι
477 5018 553 5072 De
601 5018 792 5074 Gothis
836 5026 1065 5074 testatur
1119 5017 1352 5074 Isidorus
1395 5022 1445 5074 in
1486 5021 1780 5087 Chronico,
1834 5039 1929 5078 eos

354 5086 585 5160 grianos
605 5089 772 5160 factos
801 5105 920 5160 esse
951 5091 1003 5143 in
1022 5090 1256 5160 gratiam
1281 5087 1516 5160 Valentis
1539 5086 1876 5160 imperaturis
1911 5111 1922 5145 :

352 5156 509 5231 Cat/ti
532 5160 599 5231 ad
630 5157 818 5231 Istrum
846 5156 1040 5231 bifaria
1058 5156 1670 5231 in_daofms_Fridigerno
1697 5171 1748 5213 et
1774 5162 1928 5214 Atha-

350 5226 515 5299 lariro
539 5228 685 5281 divisi
706 5239 821 5282 sunt
845 5226 1066 5299 regibus.
1094 5228 1201 5282 Sed
1223 5226 1555 5299 Fridigernas
1577 5231 1926 5284 Athalaricum

363 5295 594 5369 Valentis
615 5300 792 5352 Ariani
813 5295 1138 5369 imperatoris
1160 5299 1354 5352 auxilio
1374 5295 1640 5369 superans,
1682 5299 1926 5354 suadente

348 5367 524 5420 eodem
552 5371 604 5421 in
648 5369 800 5440 hujus
827 5367 1057 5440 beneﬁcii
1093 5371 1313 5440 gratiam
1341 5386 1404 5422 ex
1426 5367 1676 5423 catholico
1704 5371 1925 5423 Arianus

347 5443 457 5518 tum
487 5441 630 5491 omni,
653 5437 802 5509 gente
822 5437 1106 5491 Gothorum
1122 5439 1349 5507 e/fectas,
1372 5457 1598 5493 errorem
1617 5448 1818 5493 secutus
1846 5450 1922 5493 est

345 5522 647 5657 ’ξ’ῗαῖδὶυιο
687 5588 1011 5657 post_vocat_
1046 5580 1396 5657 priiicipale§._
1433 5579 1488 5634 In
1533 5581 1749 5657 antiqua
1804 5598 1924 5657 ver-

345 5647 502 5731 sione
532 5647 771 5731 ,concilii
819 5647 1070 5731 Ephaesin'i
1115 5647 1235 5731 pag.
1439 5658 1492 5702 et
1541 5647 1680 5731 apud
1702 5650 1922 5731 Marium

346 5715 703 5789 Mercator-em
732 5715 1004 5789 pagffiil,
1024 5715 1236 5773 curialis
1264 5718 1474 5784 dicitur,
1504 5715 1594 5787 qui
1625 5721 1677 5772 in
1708 5720 1922 5789 antiqua

347 5788 597 5844 tet-sione
624 5788 839 5845 concilii
872 5788 1323 5846 Chalcedonensis
1371 5804 1490 5860 pag.
1525 5789 1680 5855 1157,
1705 5788 1925 5846 vocatur

2034 5023 2490 5172 prénﬁuinadllsdcum
2518 5094 2869 5172 haudsanum
2899 5090 3602 5172 existimaverim‘equidcm.

2102 5159 2128 5198 ά
2159 5161 2296 5216 Infra
2347 5174 2589 5219 extremo
2626 5166 2717 5220 lib.
2769 5181 2820 5219 ιν
2863 5163 3118 5217 adversus
3165 5160 3438 5231 avaritiam
3481 5177 3602 5231 pag.

2029 5230 2178 5306 226;
2214 5231 2495 5306 Interrhwc
2522 5237 2646 5306 quid
2679 5233 3064 5306 agattt_guibas_
3079 5229 3318 5306 loquendi
3340 5247 3371 5283 a
3401 5229 3608 5306 Christo

2028 5303 2195 5385 officia
2221 5301 2570 5385 mandantur?
2584 5305 2693 5358 Deo
3019 5301 3255 5385 {inegit
3265 5316 3282 5362 ;
3299 5301 3607 5385 (feminibus,

2026 5369 2384 5446 si'loqttuntur.
2411 5374 2486 5428 Ea
2535 5388 2663 5446 ergo
2709 5369 2812 5446 fuit
2833 5369 2983 5446 istius
3021 5369 3528 5446 Sicculi__infelicitas
3553 5369 3610 5430 ut

2030 5438 2396 5515 sacerdotibus
2417 5461 2524 5515 non
2550 5438 2943 5515 licerethelequi
2971 5438 3352 5515 Quodvellent,
3382 5445 3607 5515 sedpal-

2027 5513 2201 5582 panda
2248 5523 2427 5568 essent
2471 5512 2595 5565 vitia
2641 5508 3022 5582 subiectorum.
3074 5509 3208 5582 Vide
3231 5526 3349 5581 quae
3395 5513 3462 5568 de
3493 5508 3610 5567 'hoc

2027 5576 2342 5650 argumento
2381 5587 2656 5652 annotata
2677 5594 2705 5631 a
2754 5576 2909 5652 nobis
2931 5589 3056 5634 sunt
3107 5581 3173 5636 ad
3201 5576 3363 5652 caput
3392 5583 3460 5635 l3
3486 5583 3604 5634 libri

2027 5646 2293 5720 Agobardi
2322 5653 2388 5705 de
2412 5648 2695 5720 Privilegio
2721 5655 2775 5702 et
2799 5646 2924 5703 λιιι-ε
2952 5646 3283 5706 εειεετᾶοιίἰδ
3565 5671 3567 5674 ·

2101 5732 2122 5758 ε
2151 5722 2334 5776 Codex
2363 5719 2600 5772 Colbert.
2626 5727 2680 5775 ct
2709 5727 2918 5774 veteres
2948 5721 3102 5785 edit.,
3130 5723 3328 5775 odium.

2103 5789 2121 5828 ί
2148 5791 2290 5845 Idem
2321 5789 2455 5843 liber
2482 5797 2535 5844 et
2557 5789 2942 5859 veteres-edit.,
2969 5791 3104 5845 male
3131 5797 3373 5862 parcunt.
