4234 6250
589 320 660 378 99
702 363 715 375 .
1531 318 1588 373 S.
1627 311 1940 370 SALVIANI
1980 311 2437 368 MASSILIENSIS
2477 312 2892 370 PRESBYTER]

3756 315 3858 372 £00

589 436 818 509 pejores.
834 433 980 491 Inter
997 436 1110 492 haec
1129 441 1408 489 vastantur
1427 450 1710 505 pauperes,
1734 433 1906 488 vidua:
1926 441 2165 501 gemunt,
2193 435 2246 494 Δ
2273 441 2446 499 erant,
2477 434 2601 501 quia
2648 449 2753 487 non
2803 428 3255 502 permittebantur
3283 428 3583 503 es's'e‘quod
3613 433 3856 501 fuerant;

588 534 812 604 orphani
842 534 1239 602 proculcantur,
1271 533 1321 585 in
1366 539 1570 586 tantum
1612 539 1670 585 ut
1706 530 1860 586 multi
1901 543 2092 584 eorum
2121 535 2178 581 et

587 639 696 679 non
723 625 963 680 obscuris
991 624 1256 678 natalibus
1278 623 1406 678 editi
1440 633 1495 678 et
1521 624 1815 678 liberaliter
1842 622 2072 677 instituti
2102 618 2173 674 ad

587 710 770 768 hostes
814 711 1032 779 fugiant,
1067 728 1133 767 ne
1177 714 1570 781 persecutionis
1608 714 1834 784 publica:
1876 711 2173 767 afflictione

587 803 911 868 moriantur;
944 812 1241 872 qumrentes
1271 804 1475 859 scilicet
1502 805 1646 874 apud
1680 804 1944 872 barbaros
1973 803 2177 857 Roma-

587 908 711 948 nam
759 893 1165 958 humanitatem,
1215 894 1340 963 quia
1369 894 1508 962 apud
1555 893 1830 948 Romanos
1881 893 2172 947 barbaram

587 987 1033 1042 inhumanitatem
1061 986 1201 1040 ferre
1224 1004 1331 1042 non
1364 995 1609 1056 possunt.
1642 987 1708 1040 Et
1729 987 1975 1056 quamvis
1998 987 2064 1041 ab
2090 985 2174 1040 his

585 1079 655 1134 ad
683 1095 819 1148 quos
859 1077 1175 1149 confugiunt
1214 1081 1523 1150 discrepent
1563 1081 1692 1146 ritu,
1731 1081 2040 1151 discrepent
2067 1079 2174 1134 lin-

584 1185 707 1241 gua,
739 1172 854 1242 ipso
886 1171 1068 1235 etiam,
1101 1179 1159 1224 ut
1186 1171 1260 1224 ita
1289 1171 1486 1236 dicam,
1515 1187 1808 1242 corporum
1829 1180 1993 1241 atque
2021 1171 2175 1226 indu-

585 1263 792 1326 viarum
826 1262 1228 1316 barbaricarum
1274 1261 1444 1316 fetore
1483 1261 1822 1326 dissentiant,
1853 1263 2060 1316 malunt
2089 1268 2173 1313 ta-

586 1368 711 1408 men
759 1353 814 1406 in
861 1353 1101 1407 barbaris
1149 1353 1260 1422 pati
1307 1353 1510 1407 cultum
1559 1353 1892 1416 dissimilem,
1926 1367 2087 1424 quam
2117 1351 2173 1406 in

587 1442 844 1504 Romanis
864 1443 1179 1511 injustitiam
1204 1444 1532 1497 saevientem.
1552 1443 1737 1512 Itaque
1759 1443 1959 1513 passim
1991 1443 2074 1497 vel
2105 1440 2176 1496 ad

585 1531 812 1597 Gothos,
836 1533 919 1587 vel
947 1532 1014 1586 ad
1035 1541 1060 1569 ι
1081 1533 1378 1598 Bacaudas,
1405 1533 1490 1587 vel
1511 1533 1579 1587 ad
1607 1534 1746 1590 alios
1771 1533 1971 1602 ubique
1998 1532 2176 1587 domi-

586 1631 779 1683 nantes
807 1623 1066 1677 barbaros
1091 1624 1343 1692 migrant,
1371 1631 1426 1678 et
1454 1624 1842 1692 commigrasse
1871 1639 1980 1677 non
2002 1621 2175 1692 paeni-

588 1720 682 1767 tet.
710 1713 909 1767 Malunt
938 1714 1082 1768 enim
1119 1715 1216 1768 sub
1245 1715 1427 1784 specie
1474 1714 1802 1784 captivitatis
1829 1715 2013 1768 vivere
2037 1713 2177 1767 libe-

587 1803 654 1868 ri,
682 1819 843 1873 quam
872 1805 971 1858 sub
991 1805 1172 1874 specie
1201 1804 1463 1859 libertatis
1484 1820 1603 1859 esse
1627 1805 1844 1874 captivi.
1871 1803 2058 1872 Itaque
2078 1818 2178 1859 no-

587 1909 712 1948 men
740 1895 938 1950 civium
967 1894 1352 1962 Romanorum,
1388 1896 1676 1966 aliquando
1722 1911 1829 1950 non
1857 1895 2031 1949 solum
2062 1909 2177 1948 ma-

587 1998 693 2053 gno
721 1985 1063 2050 aestimatum,
1096 1986 1189 2040 sed
1232 2001 1427 2056 magno
1463 1996 1722 2057 emptum,
1747 2001 1890 2041 nunc
1917 1986 2058 2040 ultro
2084 2001 2175 2040 re-

588 2075 838 2145 pudiatur
865 2091 930 2131 ac
957 2076 1187 2145 fugitur;
1220 2093 1322 2132 nec
1343 2078 1445 2132 vile
1475 2085 1702 2142 tantum,
1733 2075 1830 2132 sed
1859 2077 2022 2132 etiam
2045 2076 2178 2130 abo-

588 2167 839 2221 minabile
869 2182 1007 2238 pene
1034 2167 1280 2223 habetur.
1315 2167 1382 2223 Et
1409 2168 1552 2237 quod
1579 2184 1699 2224 esse
1733 2168 1905 2237 majus
1926 2167 2173 2221 testimo-

591 2259 739 2313 nium
767 2259 1023 2314 Romanae
1062 2261 1360 2330 iniquitatis
1402 2269 1598 2331 potest,
1633 2276 1792 2330 quam
1823 2259 1966 2329 quod
2003 2258 2171 2328 pleri-

590 2366 696 2422 que
723 2359 774 2407 et
804 2353 1020 2408 honesti
1044 2363 1100 2408 et
1118 2354 1344 2418 nobiles,
1389 2363 1444 2408 et
1469 2355 1662 2422 quibus
1699 2352 1976 2407 Romanus
2003 2361 2177 2407 status

589 2456 799 2498 summo
849 2450 904 2498 et
947 2443 1221 2513 splendori
1262 2459 1379 2500 esse
1426 2444 1611 2500 debuit
1648 2452 1703 2498 et
1727 2444 1940 2507 honori,
1974 2443 2041 2497 ad
2071 2443 2175 2498 hoc

589 2541 769 2590 tamen
808 2535 1064 2591 Romana:
1093 2537 1390 2606 iniquitatis
1419 2537 1738 2592 crudelitate
1764 2536 2023 2605 compulsi
2049 2544 2176 2606 sunt

587 2633 647 2681 ut
676 2626 848 2681 nolint
875 2642 994 2683 esse
1022 2627 1284 2683 Romani?
1314 2626 1381 2681 Et
1403 2628 1529 2682 hinc
1548 2636 1631 2682 est
1649 2626 1794 2695 quod
1815 2627 1980 2680 etiam
2000 2625 2055 2678 hi
2083 2624 2174 2694 qui

588 2715 657 2770 ad
675 2717 932 2773 barbaros
960 2719 1115 2789 100
1134 2733 1243 2772 nou
1263 2717 1599 2785 confugiunt,
1617 2716 1832 2770 barbari
1857 2723 2033 2768 tamen
2056 2729 2177 2768 esse

587 2817 852 2877 coguntur
876 2827 887 2860 :
921 2809 1127 2864 scilicet
1151 2817 1208 2862 ut
1232 2816 1314 2862 est
1341 2823 1468 2877 pars
1492 2820 1685 2874 magna
1708 2804 2087 2875 Hispanorum,
2121 2813 2178 2859 et

589 2913 697 2954 non
722 2901 942 2953 minima
972 2899 1268 2964 Gallorum,
1293 2915 1483 2954 omnes
1502 2899 1735 2968 denique
1763 2914 1901 2967 quos
1929 2913 2025 2968 per
2052 2897 2174 2951 uni-

2279 526 2558 596 coactique
2601 534 2727 580 sunt
2754 527 2920 580 vitam
2943 526 3133 580 saltem
3170 524 3480 592 defendere,
3513 526 3637 596 quia
3665 541 3723 580 se
3748 525 3859 595 jam

2277 618 2580 674 libertatem
2634 618 2888 672 videbant
2935 616 3151 687 penitus
3203 616 3516 688 perdidisse.
3577 617 3681 673 Aut
3732 617 3860 686 quid

2281 711 2426 767 aliud
2451 713 2613 767 etiam
2639 728 2782 768 nunc
2803 713 2979 780 agitur
3005 727 3168 782 quam
3199 721 3328 768 tunc
3347 721 3526 769 actum
3547 721 3648 779 est,
3675 709 3730 768 id
3756 721 3857 777 est,

2279 812 2340 858 ut
2392 804 2484 874 qui
2534 803 2709 858 adhuc
2753 803 3016 860 Bacaudze
3063 821 3174 859 non
3225 811 3367 869 sunt,
3399 818 3518 860 esse
3565 803 3862 872 cogantur?

2281 893 2550 961 Quantum
2580 897 2728 950 enim
2753 896 2820 950 ad
2847 897 2957 949 vim
2979 905 3140 966 atque
3169 895 3392 965 injurias
3425 896 3680 966 pertinet,
3713 910 3862 950 com-

2277 985 2549 1054 pelluntur
2577 995 2636 1039 ut
2663 985 2831 1040 velint
2859 1000 2997 1049 esse,
3023 985 3118 1040 sed
3155 985 3516 1040 imbecillitate
3555 982 3861 1054 impediun-

2279 1083 2368 1131 tur
2392 1083 2450 1129 ut
2478 1092 2586 1130 non
2622 1076 2747 1130 sint.
2782 1074 2872 1130 Sic
2899 1085 3020 1129 sunt
3049 1089 3177 1143 ergo
3200 1075 3353 1143 quasi
3382 1073 3579 1143 captivi
3600 1073 3731 1142 jugo
3759 1073 3862 1128 ho-

2278 1168 2440 1223 stium
2490 1169 2677 1238 pressi.
2731 1169 2987 1223 Toleraut
3029 1168 3348 1238 supplicium
3382 1166 3720 1230 necessitate,
3752 1179 3862 1220 non

2279 1264 2430 1310 voto.
2458 1255 2651 1311 Animo
2673 1257 2980 1311 desiderant
3008 1256 3331 1320 libertatem,
3363 1255 3458 1312 sed
3485 1269 3748 1310 summam
3778 1269 3868 1308 su—

2281 1347 2486 1402 stinent
2514 1350 2850 1404 servitutem.
3853 1395 3878 1411 ._

2359 1441 2510 1510 101
2535 1439 2645 1494 Vlf'.
2670 1439 2749 1494 Ita
2769 1454 2900 1508 ergo
2926 1447 3128 1494 etcum
3149 1439 3397 1494 omnibus
3425 1437 3591 1492 ferme
3615 1435 3864 1491 humilio-

2280 1530 2429 1584 ribus
2458 1531 2653 1599 agitur.
2672 1529 2787 1584 Una
2808 1531 2951 1585 enim
2972 1546 3032 1584 re
3053 1528 3117 1585 ad
3145 1530 3278 1584 duas
3305 1528 3692 1583 diversissimas
3721 1541 3867 1594 00an

2281 1631 2516 1677 ctantur.
2537 1623 2629 1677 Vis
2650 1639 2858 1678 summa
2885 1623 3052 1691 exigit
3079 1630 3136 1676 ut
3164 1633 3185 1660 ε
3205 1622 3442 1691 aspirare
3469 1619 3534 1674 ad
3565 1619 3864 1674 libertatem

2209 1729 2261 1789 Β
2284 1713 2469 1778 velint,
2499 1713 2594 1768 sed
2623 1714 2812 1768 eadem
2835 1714 2915 1768 vis
2937 1729 3096 1783 posse
3125 1729 3233 1767 non
3257 1713 3382 1767 sinit
3410 1726 3530 1781 quas
3556 1710 3694 1765 velle
3719 1724 3866 1764 com—

2284 1805 2453 1876 pellit.
2486 1805 2591 1859 Sed
2619 1806 2870 1874 imputari
2898 1805 2980 1860 his
3028 1812 3208 1873 potest
3235 1803 3460 1858 forsitan
3483 1800 3628 1872 quod
3653 1800 3756 1854 hoc
3775 1813 3866 1854 ve-

2283 1896 2388 1950 lint
2418 1897 2663 1950 homines
2691 1897 2785 1965 qui
2813 1896 2946 1950 nihil
2985 1897 3156 1964 magis
3195 1902 3459 1964 cuperent
3485 1908 3646 1962 quam
3675 1906 3743 1945 ne
3771 1905 3865 1945 co-

2284 1995 2541 2056 gerentur
2569 1988 2674 2042 hoc
2698 1988 2851 2042 velle.
2878 1986 3097 2042 Summa
3127 1987 3273 2042 enim
3301 1985 3586 2041 infelicitas
3613 1991 3696 2038 est
3723 1981 3866 2052 quod

2283 2079 2491 2134 volunt.
2520 2078 2654 2132 Nam
2694 2094 2816 2132 cum
2848 2079 2930 2133 his
2968 2077 3137 2132 multo
3165 2078 3357 2134 melius
3390 2077 3645 2145 agebatur
3673 2074 3718 2128 si
3760 2087 3863 2127 non

2285 2169 2742 2240 compellerentur
2788 2169 2892 2224 hoc
2940 2168 3096 2222 velle.
3131 2167 3238 2222 Sed
3282 2166 3410 2236 quid
3457 2172 3682 2236 possunt
3725 2159 3866 2216 aliud

2280 2261 2420 2317 velle
2450 2261 2650 2324 miseri,
2675 2261 2768 2330 qui
2787 2260 3078 2326 assiduum,
3103 2261 3267 2314 immo
3289 2260 3603 2314 continuum
3626 2255 3862 2312 exactio-

2283 2353 2368 2406 nis
2389 2351 2614 2421 publica:
2637 2352 2914 2422 patiuntur
2933 2350 3224 2416 excidium,
3245 2350 3440 2419 quibus
3464 2348 3708 2402 imminet
3727 2361 3868 2402 sem-

2282 2458 2381 2513 per
2420 2443 2599 2511 gravis
2628 2450 2683 2497 et
2728 2442 2995 2498 indefessa
3027 2442 3366 2512 proscriptio,
3399 2440 3490 2509 qui
3527 2439 3716 2493 domos
3743 2451 3868 2492 suas

2281 2534 2557 2599 deserunt,
2607 2549 2676 2587 ne
2718 2533 2772 2587 in
2810 2533 2940 2603 ipsis
2979 2532 3228 2588 domibus
3267 2535 3642 2598 torqueantur,
3676 2527 3864 2583 exsilia

2285 2634 2497 2697 petunt,
2525 2639 2594 2680 ne
2619 2623 2880 2694 supplicia
2910 2622 3245 2678 sustineant?
3276 2619 3534 2676 Leniores
3560 2619 3645 2673 his
3682 2619 3868 2673 hostes

2285 2733 2450 2786 quam
2473 2724 2754 2772 exactores
2775 2722 2919 2770 sunt.
2936 2713 3003 2768 Et
3021 2729 3110 2768 res
3137 2713 3250 2782 ipsa
3280 2713 3384 2766 hoc
3413 2709 3633 2765 indicat.
3660 2708 3740 2762 Ad
3762 2708 3866 2762 ho-

2284 2821 2396 2868 stes
2441 2812 2650 2880 fugiunt
2694 2818 2753 2864 ut
2780 2810 2886 2863 vim
2916 2807 3212 2864 exaetionis
3251 2803 3502 2860 evadant.
3537 2801 3604 2855 Et
3647 2799 3865 2870 quidem

2283 2903 2390 2960 hoc
2433 2905 2629 2974 ipsum,
2672 2903 2917 2972 quamvis
2961 2901 3154 2956 durum
3193 2907 3248 2954 et
3288 2897 3659 2958 inhumanum,
3689 2891 3867 2946 minus

590 3004 802 3045 versum
830 2990 1133 3045 Romanum
1153 2993 1340 3046 orbem
1367 2991 1494 3046 fecit
1523 2991 1764 3046 Romana
1788 2991 2041 3060 iniquitas
2063 2989 2178 3059 jam
2205 3021 2251 3081 Ο
2285 3001 2466 3048 tamen
2487 3008 2651 3062 grave
2674 3003 2836 3062 atque
2858 2991 3112 3046 acerbum
3140 2995 3277 3054 erat,
3300 2988 3344 3042 si
3374 3001 3563 3041 omnes
3589 2982 3869 3052 aequaliter

589 3096 698 3136 non
728 3097 844 3137 esse
884 3077 1176 3138 Romanos.

660 3173 746 3228 Vl.
772 3173 848 3229 De
870 3175 1130 3230 Bacaudis
1149 3175 1440 3228 nuncmihi
1469 3191 1648 3230 sermo
1675 3183 1778 3241 est,
1809 3177 1903 3243 qui
1929 3189 2025 3244 per
2053 3189 2172 3228 mar

589 3265 674 3320 los
693 3261 901 3333 judices
928 3272 984 3317 et
1011 3273 1264 3318 cruentos
1293 3264 1528 3334 spoliati,
1562 3263 1765 3329 afflicti,
1793 3263 1987 3325 necati,
2020 3270 2173 3331 post-

587 3367 749 3422 quam
769 3354 858 3422 jus
887 3352 1144 3407 Romana:
1174 3353 1436 3408 libertatis
1466 3355 1776 3420 amiserant,
1812 3351 1838 3390 ιι
1869 3353 2032 3406 etiam
2073 3352 2175 3406 ho-

591 3459 779 3500 norem
825 3444 1052 3500 Romani
1094 3445 1326 3500 nominis
1367 3443 1734 3516 perdiderunt.
1768 3443 1837 3497 Et
1876 3444 2174 3513 imputatur

588 3535 673 3592 his
699 3535 982 3592 infelicitas
1007 3552 1123 3603 sua,
1156 3536 1481 3606 imputamus
1510 3538 1594 3592 his
1619 3551 1816 3590 nomen
1847 3534 2172 3589 calamitatis

588 3641 718 3692 suae,
751 3627 1076 3700 imputamus
1097 3643 1293 3684 nomen
1321 3637 1467 3700 quod
1495 3627 1598 3698 ipsi
1625 3626 1868 3682 fecimus.
1900 3622 1968 3677 Et
2009 3639 2171 3679 voca—

587 3735 707 3777 mus
756 3723 1002 3790 rebelles,
1036 3739 1290 3779 vocamus
1320 3723 1578 3792 perditos,
1605 3736 1742 3790 quos
1769 3735 1891 3775 esse
1911 3718 2175 3801 compuli-

589 3827 707 3870 mus
751 3817 1086 3872 criminosos.
1120 3815 1322 3882 Quibus
1370 3815 1515 3870 enim
1562 3813 1681 3868 aliis
1722 3811 1884 3866 rebus
1913 3809 2174 3864 Bacaudm

589 3904 713 3961 facti
741 3916 882 3973 sunt,
909 3909 1008 3963 nisi
1037 3906 1408 3974 iniquitatibus
1431 3903 1647 3967 nostris,
1677 3902 1779 3954 nisi
1811 3899 2171 3969 improbitati-

588 3995 686 4050 bus
706 3995 970 4063 judicum,
1001 3995 1103 4048 nisi
1123 4008 1312 4047 eorum
1341 3989 1825 4060 proscriptionibus
1859 3995 1915 4039 et
1946 3987 2168 4053 rapinis,

555 4099 564 4104 ··
588 4085 676 4153 qui
723 4085 1018 4138 exaetionis
1062 4082 1292 4150 publicae
1338 4095 1533 4133 nomen
1584 4079 1636 4130 in
1683 4085 1919 4146 qumstus
1965 4077 2172 4146 proprii

585 4170 944 4226 emolumenta
998 4178 1304 4234 verterunt,
1368 4178 1424 4224 et
1472 4167 1797 4224 indictiones
1855 4167 2170 4222 tributarias

583 4259 790 4333 prmdas
818 4277 942 4316 suas
970 4276 1088 4317 esse
1116 4261 1376 4326 fecerunt,
1407 4259 1500 4329 qui
1549 4260 1602 4314 in
1632 4257 2036 4313 similitudinem
2065 4259 2168 4312 im-

583 4351 822 4406 manium
866 4353 1158 4408 bestiarum
1194 4368 1301 4409 non
1341 4358 1599 4406 rexerunt
1631 4349 1857 4404 traditos
1901 4348 2024 4417 sibi,
2076 4348 2170 4404 sed

583 4441 926 4504 devorarunt,
950 4460 1052 4498 nee
1076 4444 1262 4512 spoliis
1293 4451 1499 4496 tantum
1521 4441 1818 4505 hominum,
1846 4449 1904 4494 ut
1924 4440 2170 4509 plerique

584 4532 816 4588 latrones
852 4535 1046 4599 solent,
1089 4534 1184 4589 sed
1211 4534 1542 4588 laceratione
1570 4534 1734 4588 etiam
1777 4542 1850 4597 et,
1884 4540 1942 4586 ut
1973 4533 2047 4585 ita
2088 4531 2169 4585 di-

582 4639 720 4690 cam,
751 4625 1009 4693 sanguine
1038 4626 1426 4695 pascebantur?
1464 4626 1542 4681 Ac
1569 4625 1650 4681 sic
1674 4632 1854 4681 actum
1883 4631 1967 4678 est
1995 4631 2052 4677 ut
2089 4623 2170 4677 la-

584 4717 823 4772 trociniis
845 4716 1082 4786 judicum
1107 4719 1422 4787 strangulati
1452 4719 1701 4774 homines
1729 4727 1786 4773 et
1813 4717 1990 4771 necati
2033 4715 2167 4771 inci-

583 4817 770 4877 perent
799 4823 920 4863 esse
949 4811 1104 4878 quasi
1133 4809 1369 4876 barbari,
1415 4811 1540 4879 quia
1577 4827 1688 4866 non
1719 4809 2168 4880 permittebantur

582 4909 698 4952 esse
746 4896 973 4954 Romani
1023 4917 1036 4952 :
1081 4899 1468 4970 acquieverunt
1509 4901 1654 4956 enim
1696 4915 1818 4954 esse
1859 4897 2004 4967 quod
2057 4913 2166 4952 non

2197 4314 2252 4374 D

2189 3131 2193 3143 ,
2218 3075 2249 3081 ’
2285 3092 2448 3154 atque
2478 3085 2532 3138 in
2555 3099 2840 3140 commune
2873 3083 3184 3138 tolerarent.
3211 3078 3346 3134 Illud
3369 3075 3641 3146 indignius
3662 3089 3726 3128 ac
3753 3085 3867 3142 pm-

2282 3177 2476 3242 nalius,
2505 3175 2651 3245 quod
2677 3176 2916 3229 omnium
2940 3189 3079 3227 onus
3107 3189 3215 3226 non
3239 3185 3428 3224 omnes
3456 3167 3744 3232 sustinent,
3769 3163 3868 3217 im-

2283 3283 2375 3322 mo
2404 3265 2550 3336 quod
2576 3264 2938 3334 pauperculos
2966 3262 3214 3316 homines
3252 3259 3448 3312 tributa
3489 3255 3716 3309 divitum
3746 3267 3868 3323 pre-

2280 3367 2454 3422 munt,
2487 3365 2539 3411 et
2569 3354 2890 3408 infirmiores
2931 3352 3108 3406 ferunt
3145 3349 3384 3403 sarcinas
3424 3345 3724 3399 fortiorum.
3758 3343 3869 3400 Nec

2281 3453 2387 3506 alia
2415 3465 2579 3505 causa
2607 3455 2690 3502 est
2717 3445 2863 3515 quod
2892 3445 3158 3498 sustinere
3184 3456 3296 3495 non
3331 3446 3577 3509 possunt,
3611 3436 3712 3491 nisi
3740 3435 3865 3505 quia

2281 3543 2454 3612 major
2476 3548 2560 3596 est
2595 3540 2914 3594 miserorum
2941 3535 3154 3591 sarcina
3181 3546 3342 3601 quam
3371 3529 3617 3584 facultas.
3649 3527 3757 3582 Res
3783 3526 3864 3580 di;

2280 3634 2617 3690 versissimas
2652 3628 3141 3694 dissimillimasque
3177 3623 3472 3694 patiuntur,
3516 3618 3769 3674 invidiam
3807 3626 3862 3672 et

2282 3734 2597 3795 egestatem.
2630 3721 2832 3776 Invidia
2857 3727 2939 3774 est
2974 3717 3118 3772 enim
3163 3715 3217 3768 in
3246 3711 3534 3775 solutione,
3567 3717 3778 3779 egestas
3806 3707 3860 3760 in

2282 3817 2552 3872 facultate.
2585 3813 2642 3868 Si
2671 3812 2928 3880 respicias
2947 3807 3092 3879 quod
3110 3804 3437 3876 dependunt,
3470 3801 3742 3857 abundare
3771 3816 3858 3854 ar-

2281 3906 2530 3968 bitreris;
2574 3903 2620 3957 si
2657 3901 2914 3969 respicias
2949 3897 3095 3968 quod
3139 3896 3357 3959 habent,
3400 3908 3560 3962 egere
3601 3891 3857 3962 reperies.

2279 3995 2410 4061 Quis
2438 3994 2708 4048 aestimare
2737 4008 2853 4046 rem
2875 3990 3032 4060 hujus
3058 3988 3355 4057 iniquitatis
3384 3985 3596 4055 potest?
3623 3982 3858 4037 Solutio-

2279 4100 2405 4140 nem
2449 4084 2718 4139 sustinent
2744 4083 2966 4137 divitum
2999 4089 3053 4135 et
3095 4078 3441 4147 indigentiam
3470 4073 3852 4130 mendicorum.

2278 4174 2406 4231 Plus
2432 4175 2603 4230 multo
2623 4180 2704 4229 est
2723 4172 2869 4242 quod
2891 4171 3130 4227 dicturus
3156 4184 3294 4225 sum.
3321 4166 3662 4236 Adjectiones
3683 4163 3855 4216 tribu-

2277 4267 2442 4322 tarias
2468 4267 2570 4337 ipsi
2597 4265 2867 4321 interdum
2895 4263 3088 4318 divites
3128 4261 3350 4341 faciunt,
3381 4273 3478 4328 pro
3503 4256 3693 4325 quibus
3723 4268 3856 4322 pau-

2279 4371 2437 4428 peres
2479 4356 2712 4412 solvunt.
2752 4355 2857 4410 Sed
2904 4355 3038 4409 dicis
3087 4371 3099 4405 :
3140 4351 3275 4406 Cum
3317 4351 3552 4420 ipsorpm
3590 4344 3857 4400 maximus

2277 4462 2471 4502 census
2499 4446 2585 4512 sit,
2610 4453 2665 4500 et
2684 4446 2924 4514 ipsorum
2945 4444 3193 4498 maximm
3213 4442 3518 4512 pensiones,
3550 4437 3703 4509 102
3725 4451 3858 4504 quo-

2274 4536 2435 4591 modo
2464 4535 2516 4589 id
2543 4536 2660 4590 fieri
2687 4543 2886 4604 potest,
2921 4543 2980 4587 ut
3009 4533 3107 4602 ipsi
3149 4533 3250 4588 sibi
3270 4535 3468 4601 augere
3493 4531 3732 4586 debitum
3761 4544 3855 4583 ve~

2270 4628 2408 4682 lint?
2435 4627 2622 4696 Neque
2651 4641 2751 4696 ego
2791 4626 2844 4680 id
2886 4625 3007 4680 dico
3029 4625 3175 4694 quod
3214 4625 3316 4680 sibi
3345 4631 3595 4693 augeant.
3638 4621 3769 4676 Nam
3798 4629 3854 4675 et

2270 4720 2392 4774 ideo
2421 4729 2638 4788 augent,
2669 4720 2793 4787 quia
2823 4735 2930 4772 non
2957 4719 3059 4774 sibi
3081 4727 3297 4787 augent.
3327 4720 3507 4774 Dicam
3549 4715 3858 4787 quomodo,

2271 4807 2505 4864 Veniunt
2551 4810 2868 4879 plerumque
2916 4810 3038 4863 novi
3087 4809 3278 4875 nuntii,
3322 4809 3448 4864 novi
3487 4806 3779 4878 epistolarii
3822 4820 3852 4857 a

2271 4899 2494 4954 summis
2523 4899 2936 4956 sublimitatibus
2964 4900 3113 4956 missi
3163 4901 3255 4970 qui
3300 4898 3742 4956 commendantur
3771 4897 3849 4951 in-

1775 5047 2111 5112 S'I'EPHANI
2148 5053 2419 5111 BALUZII
2455 5053 2683 5111 NOTAE.

513 5221 522 5226 -
607 5260 616 5264 Α
653 5198 679 5228 ι
697 5187 1489 5264 Ajii,_Bagqudas,BrasSicanus
1508 5197 1565 5246 et
1591 5185 1915 5264 Gale‘sinius,
1936 5189 2168 5264 Boagnu-

582 5260 695 5314 das.
719 5259 928 5316 Codex'
945 5262 1286 5319 Corbeiensis
1307 5269 1622 5318 constanter
1648 5261 1838 5324 habet,
1870 5259 2163 5315 Bacaulta-s.

581 5329 714 5404 Ωιιθ⁵
749 5331 910 5384 etiam
964 5329 1157 5404 modo;
1177 5333 1436 5404 scriptum
1473 5339 1556 5404 est
1588 5330 1743 5404 apud
1760 5327 2164 5404 Hieronymum,

583 5389 845 5474 Elaﬁum,
875 5408 931 5474 et
961 5389 1347 5474 alibiaNomen
1389 5389 1640 5474 partium.
1671 5389 1791 5467 fuit,
1828 5417 1940 5474 Anon
1966 5389 2163 5474 gentis,

583 5475 645 5523 ut
670 5469 756 5550 vel
801 5483 867 5550 ex
901 5467 1017 5550 ipso
1040 5471 1292 5550 salviano
1333 5467 1551 5550 probari
1578 5480 1774 5550 potest.
1811 5467 2167 5550 annotatolo-

583 5538 795 5620 sephtls.
806 5537 1043 5620 Scaliger
1088 5541 1143 5620 in
1178 5537 1737 5620 animadversio-nibus
1764 5541 1832 5596 ad
1859 5539 2163 5620 Chronicon

583 5607 799 5681 Eusebii
823 5608 1076 5681 latrones
1093 5619 1207 5664 tum
1247 5613 1425 5681 lingua
1459 5614 1735 5669 Gallorum
1757 5618 1978 5666 vocatos
2002 5608 2169 5681 fuisse

583 5678 892 5749 Bacaudas,
949 5686 1004 5733 et
1050 5677 1307 5736 Bacaudte
1326 5677 1514 5738 'etiam
1561 5683 1822 5740 vocabulo
1878 5680 2168 5749 significari

583 5747 728 5820 apud
751 5757 1000 5806 auctores
1017 5749 1160 5806 illius
1176 5753 1350 5808 tetatis
1370 5755 1733 5820 latrocinium,
1757 5747 2043 5808 tumultum
2063 5764 2166 5821 po-

1219 5901 1268 5909 κ-
1285 5902 1298 5907 -
1305 5891 1364 5906 ια’
1441 5881 1514 5910 “
1601 5891 1636 5902 ἰ
1642 5899 1662 5906 .-
1670 5901 1678 5912 .

2269 5192 2530 5262 pularem,
2577 5200 2780 5249 motum
2830 5191 3151 5262 agrestium,
3191 5205 3256 5262 ae
3307 5191 3645 5262 seditionem.
3694 5187 3851 5262 Quod

2308 5263 2466 5318 robat
2480 5257 2661 5317 multis
2679 5257 3172 5331 testimoniiSZVide
3189 5261 3348 5331 etiam
3367 5260 3396 5316 J
3401 5271 3578 5316 ustum
3589 5257 3848 5331 Lipsium,

2308 5278 2466 5318 ronat
2480 5278 2661 5317 multis
2679 5278 3012 5317 tesumonns.
3048 5278 3074 5313 ν
3087 5278 3172 5314 me
3189 5278 3348 5315 etiam
3367 5278 3848 5331 JuStumLIpsmm,

2271 5278 2363 5387 rib.
2390 5349 2446 5388 ιιι
2472 5332 2755 5401 Annalium
2797 5330 2967 5401 Taciti
3009 5327 3417 5401 Lindenbrogii,
3451 5332 3851 5387 observationes

2271 5403 2334 5472 in,
2353 5403 2688 5472 Ammianum
2711 5399 3077 5472 Marcellinum
3090 5415 3210 5470 pag.
3227 5399 3348 5469 l8l,
3368 5411 3422 5457 et
3437 5401 3849 5472 Rittershusium

2273 5471 2342 5524 ad
2371 5471 2510 5524 hunc
2542 5471 2779 5524 Salviani
2801 5470 3000 5523 locum.

2347 5539 2372 5577 δ
2396 5539 2578 5594 Codex
2606 5539 2871 5604 Colbert.,
2898 5541 3053 5593 etiant
3073 5557 3276 5596 uomat.
3360 5582 3366 5588 .

2350 5621 2371 5648 ο
2404 5608 2478 5662 Ita
2533 5625 2720 5664 omnes
2774 5609 3056 5665 editiones.
3102 5611 3208 5667 Sed
3243 5628 3431 5669 omnes
3471 5615 3591 5671 libri
3639 5624 3860 5671 veteres

2275 5677 2583 5750 prmferunt,
2608 5681 2854 5734 Asm’rare
2872 5681 2927 5733 in
2951 5681 3237 5739 libertatem
