4234 6262
400 372 497 428 101

1491 367 1575 424 DE
1609 365 2138 423 GUBERNATIONE
2177 365 2287 421 DEI
2327 365 2450 420 LIB.
2492 365 2578 421 IV.

3559 373 3666 430 102

395 487 662 550 iustrihus
700 463 887 558 paucis
925 484 989 540 ad
1031 461 1188 540 exitia
1216 482 1584 553 plurimorum.
1615 482 1984 536 Decernuntur
2008 488 2064 548 Α
2087 479 2335 534 medela?
2363 477 2429 532 Et
2451 479 2579 548 quid
2607 477 2799 548 plura?
2829 452 3117 537 'l‘ributarii
3145 481 3364 538 omnino
3399 497 3666 556 pauperes

397 581 486 637 his
513 593 656 634 nova
675 593 915 643 munera,
939 576 1301 631 decernuntur
1330 589 1480 628 nova:
1504 574 1841 628 indictiones.
1878 573 1978 628 De—

329 649 348 683 "
401 677 634 728 comunt
680 676 925 740 potentes
969 666 1114 736 quod
1161 666 1373 721 solvant
1413 680 1695 736 pauperes,
1741 665 1982 720 decernit

403 764 578 834 gratia
605 760 994 829 divitum-quod
1023 769 1049 796 α
1093 757 1283 828 perdat
1322 757 1478 812 turba
1507 757 1845 811 miserorum.
1875 755 1983 826 Ipsi

403 855 550 910 enim
578 853 630 907 in
655 851 799 907 nullo
827 850 1065 906 sentiunt
1091 848 1238 919 quod
1263 847 1706 904 decernunt.'Sed
1731 863 1836 902 non
1859 862 1985 918 pos-

403 955 550 1002 sunt.
598 943 786 1018 inquis,
833 959 941 998 non
980 941 1238 998 honorari
1284 948 1339 994 et
1366 939 1638 995 liberalius
1679 939 1848 1010 accipi
1893 940 1986 1008 qui

403 1042 600 1096 fuerint
645 1051 674 1090 a
715 1035 1008 1106 majoribus
1049 1035 1219 1090 missi.
1265 1033 1451 1089 Estote
1499 1047 1629 1102 ergo
1657 1049 1756 1088 vos
1795 1033 1988 1088 divites

401 1131 559 1204 primi
583 1130 635 1183 in
663 1127 1014 1195 conferendo,
1046 1128 1139 1197 qui
1173 1126 1303 1182 estis
1329 1126 1492 1196 primi
1536 1126 1591 1180 in
1626 1123 1982 1181 decernendo.

398 1215 584 1278 Estote
613 1219 772 1291 primi
812 1219 867 1274 in
907 1219 1157 1288 largitate
1200 1233 1400 1283 rerum,
1430 1217 1522 1285 qui
1561 1217 1719 1286 primi
1764 1215 1892 1270 estis
1931 1215 1987 1269 in

395 1313 722 1369 liberalitate
744 1311 1052 1367 verborum.
1087 1309 1189 1377 Qui
1216 1309 1313 1364 das
1337 1309 1403 1363 de
1431 1323 1572 1374 meo,
1603 1309 1671 1362 da
1700 1316 1754 1363 et
1776 1308 1842 1362 de
1873 1314 1984 1362 tuo.

395 1403 636 1459 Tametsi
663 1403 983 1468 rectissime,
1011 1401 1256 1472 quisquis
1283 1399 1370 1454 ille
1400 1415 1458 1454 es
1485 1400 1575 1470 qui
1605 1400 1748 1453 solus
1786 1401 1867 1454 vis
1896 1415 1987 1454 ca—

397 1507 524 1564 pere
553 1493 803 1562 gratiam,
836 1492 981 1547 solus
1007 1491 1272 1561 patereris
1301 1505 1610 1559 expensam.
1635 1487 1742 1542 Sed
1769 1490 1988 1559 acquie-

399 1587 597 1642 ‘scimus
617 1599 886 1656 pauperes
909 1593 1120 1648 vestrae,
1145 1583 1355 1645 divites,
1380 1581 1661 1636 voluntati.
1685 1579 1840 1646 Quod
1858 1596 1991 1650 pau-

400 1677 478 1734 cis
501 1676 718 1746 jubetis,
764 1674 1036 1730 solvamus
1066 1687 1271 1727 omnes.
1305 1671 1441 1738 Quid
1475 1680 1584 1724 tam
1609 1670 1832 1738 justum,
1861 1668 1989 1738 quid

2086 587 2192 626 non
2224 580 2495 642 putantur,
2539 572 2640 627 nisi
2667 587 2787 626 cum
2830 573 2913 627 his
2942 573 3127 628 tributi
3149 575 3394 631 cumulus
3431 577 3665 647 imponi-

2087 672 2193 719 tur.
2223 663 2389 720 Extra
2417 679 2698 719 numerum
2729 673 2906 720 autem
2930 667 3336 722 tributariorum
3366 678 3512 736 sunt,
3541 685 3666 727 cum

2087 756 2326 812 remedia
2368 755 2693 811 dividuntur.
2725 754 2792 809 Et
2827 763 3076 826 putamus
3103 758 3246 827 quod
3274 773 3435 829 poena
3474 759 3666 816 divina

2087 848 2390 902 severitatis
2417 847 2617 915 indigni
2657 862 2859 912 sumus,
2890 864 3011 902 cum
3046 849 3123 904 sic
3150 863 3249 904 nos
3276 865 3490 921 semper
3530 867 3666 922 pau-

2088 953 2247 1008 peres
2271 939 2590 1008 puniamus?
2630 947 2721 992 aut
2748 939 3036 1006 credimus,
3059 955 3182 995 cum
3209 941 3378 1011 iniqui
3402 959 3500 998 nos
3524 943 3669 1013 jugl-

2086 1038 2172 1087 ter
2198 1032 2384 1096 simus,
2416 1031 2557 1101 quod
2587 1030 2727 1085 Deus
2758 1030 2933 1100 justus
2963 1032 3016 1085 in
3046 1047 3144 1087 nos
3172 1033 3391 1112 omnino
3414 1049 3534 1089 esse
3559 1049 3667 1090 non

2090 1121 2326 1177 debeat?
2357 1121 2454 1176 Ubi
2480 1123 2621 1175 enim
2651 1128 2743 1176 aut
2772 1122 2826 1174 in
2848 1121 3043 1190 quibus
3082 1131 3226 1188 sunt,
3257 1123 3359 1179 nisi
3390 1125 3442 1178 in
3468 1123 3672 1180 Roma-

2095 1212 2176 1267 nis
2200 1219 2426 1274 tantum,
2453 1213 2566 1266 haec
2609 1211 2784 1266 mala?
2823 1210 3064 1277 Quorum
3091 1213 3351 1281 lnjustitia
3379 1222 3550 1281 tanta,
3572 1216 3675 1271 nisi

2093 1304 2316 1359 nostra?
2338 1302 2529 1358 Franci
2559 1304 2700 1358 enim
2729 1303 2835 1358 hoc
2855 1303 3032 1359 scelus
3052 1305 3313 1359 nesciunt.
3357 1307 3512 1378 104
3529 1305 3673 1362 Chu-

2093 1395 2149 1450 ni
2188 1395 2254 1449 ab
2282 1395 2368 1450 his
2401 1396 2697 1450 sceleribus
2726 1396 2990 1451 immunes
3029 1404 3169 1450 sunt.
3204 1395 3344 1450 Nihil
3373 1396 3565 1451 horum
3593 1410 3676 1454 est

2095 1485 2235 1556 apud
2255 1485 2544 1550 Vandalos,
2571 1485 2703 1540 nihil
2724 1487 2917 1540 horum
2942 1486 3084 1556 apud
3103 1486 3329 1542 Gothos.
3358 1487 3489 1542 Tam
3519 1488 3676 1558 longe

2091 1577 2236 1632 enim
2266 1585 2349 1631 est
2374 1585 2433 1631 ut
2460 1577 2572 1631 hmo
2605 1578 2745 1632 inter
2770 1576 2980 1656 Gothos
3006 1577 3219 1632 barbari
3249 1580 3500 1644 tolerent,
3525 1590 3582 1635 ut
3611 1597 3679 1636 ne

2096 1666 2324 1721 Romani
2366 1667 2584 1737 quidem
2622 1670 2713 1736 qui
2743 1669 2884 1722 inter
2912 1683 3006 1723 eos
3033 1669 3221 1723 vivunt
3251 1670 3348 1724 ista
3381 1673 3674 1740 patiantur.

401 1774 511 1821 tam
532 1765 862 1821 humanum?
889 1761 1128 1818 Gravant
1149 1777 1249 1816 nos
1271 1762 1427 1816 novis
1446 1760 1641 1815 debitis
1661 1758 1879 1814 decreta
1900 1775 1992 1813 ve-
2025 1789 2069 1849 Β
2095 1758 2280 1829 itaque
2309 1776 2472 1814 unum
2516 1761 2624 1815 illic
2651 1759 3017 1815 Romanorum
3057 1762 3299 1816 omnium
3344 1771 3528 1817 votum
3575 1771 3679 1830 est,
3737 1804 3748 1815 .

403 1864 533 1912 stra.
561 1856 743 1911 Facite
787 1856 977 1910 saltem
1017 1851 1253 1907 debitum
1299 1851 1472 1921 ipsum
1513 1850 1667 1904 vobis
1715 1850 1991 1905 nobiscum

405 1965 523 2006 esse
552 1964 853 2006 commune.
887 1946 1026 2014 Quid
1051 1947 1193 2001 enim
1221 1943 1454 2013 iniquius
1479 1957 1597 1997 esse
1626 1951 1719 1996 aut
1739 1942 1865 2012 quid
1907 1941 1989 1995 in-

407 2041 622 2111 dignius
656 2048 854 2112 potest,
879 2051 1039 2108 quam
1066 2045 1125 2092 ut
1147 2037 1248 2092 soli
1285 2035 1401 2090 sitis
1430 2034 1694 2088 immunes
1723 2047 1753 2086 a
1781 2031 1987 2096 debito,

413 2135 507 2204 qui
549 2141 785 2188 cunctos.
812 2131 984 2185 facitis
1025 2129 1328 2184 debitores?
1369 2125 1436 2180 Et
1461 2126 1679 2196 quidem
1704 2125 1991 2180 miserrimi

414 2237 684 2294 pauperes
709 2223 786 2277 sic
813 2228 984 2276 totum
1012 2221 1114 2274 hoc
1151 2217 1294 2288 quod
1321 2217 1548 2272 diximus
1575 2217 1815 2280 solvunt,
1847 2215 1992 2284 quod

414 2323 522 2382 qua
553 2327 612 2366 re
641 2312 724 2366 vel
749 2325 852 2380 qua
882 2311 1088 2365 ratione
1116 2309 1326 2364 solvant
1352 2308 1564 2378 penitus
1589 2307 1861 2387 ignorant.
1895 2303 1996 2359 Cui

423 2404 568 2457 enim
610 2400 735 2457 licet
775 2403 1039 2458 discutere
1084 2417 1179 2457 cur
1211 2401 1402 2467 solvat,
1434 2409 1528 2454 aut
1556 2400 1642 2456 cui
1670 2398 1999 2469 permittitur

409 2494 692 2564 explorare
713 2495 804 2564 qui
832 2493 1062 2549 debeat?
1086 2491 1190 2548 Sed
1214 2501 1338 2548 tunc
1365 2491 1418 2546 id
1442 2490 1844 2547 evidentissime
1867 2504 1997 2559 pro—

411 2583 572 2648 ditur,
601 2599 723 2638 cum
749 2583 978 2638 invicem
1004 2569 1106 2638 sibi
1131 2582 1324 2637 divites
1352 2581 1675 2647 irascuntur,
1706 2597 1829 2636 cum
1859 2579 1999 2634 indi-

409 2681 640 2744 gnantur
667 2668 828 2743 aliqui
857 2689 1046 2728 eorum
1071 2673 1217 2742 quod
1257 2673 1372 2729 sine
1400 2672 1626 2726 consilio
1659 2682 1738 2724 ac*
1766 2673 2000 2724 tractatu

409 2775 506 2820 'suo
549 2765 725 2835 aliqua
764 2765 983 2819 decreta
1031 2765 1159 2818 sint.
1203 2761 1356 2816 Tunc
1397 2777 1429 2815 a
1465 2759 1784 2828 quihusdam
1814 2773 2000 2812 eorum

411 2857 596 2912 audias
622 2857 726 2912 dici
760 2875 773 2908 :
805 2855 850 2910 0
883 2855 1095 2910 facinus
1123 2853 1431 2924 indignum!
1476 2851 1594 2906 Duo
1625 2859 1715 2905 aut
1753 2858 1864 2905 tres
1892 2859 2000 2906 sta-

410 2953 570 3000 tuunt
598 2945 742 3014 quod
770 2945 972 2999 multos
992 2943 1022 2982 b
1054 2951 1212 2998 necet
1242 2960 1255 2994 :
1288 2958 1319 2996 a
1359 2942 1546 3012 paucis
1573 2940 1882 3010 potentibus
1908 2939 2001 2994 de-

2095 1865 2165 1905 ne
2195 1865 2446 1923 umquam
2487 1867 2581 1906 eos
2608 1865 2831 1906 necesse
2858 1853 2928 1905 sit
2956 1852 3010 1905 in
3029 1852 3116 1921 jus
3146 1853 3375 1907 transire
3405 1853 3680 1910 Romano-
3713 1889 3726 1898 -

2095 1955 2235 1994 rum.
2274 1938 2389 1994 Una
2415 1949 2471 1994 et
2491 1943 2833 1996 consentiens
2855 1942 2962 1997 illic
2991 1941 3248 1998 Romana:
3274 1943 3446 2013 plebis
3485 1947 3680 2012 oratio,

2097 2037 2157 2084 ut
2185 2031 2341 2085 liceat
2363 2033 2440 2086 eis
2469 2032 2633 2085 vitam
2663 2048 2823 2102 quam
2861 2041 3026 2103 agunt
3066 2048 3226 2102 agere
3255 2049 3375 2089 cum
3415 2036 3678 2091 barbaris.

2097 2118 2165 2173 Et
2193 2121 2449 2175 miramur
2485 2123 2531 2176 si
2561 2137 2668 2176 non
2693 2124 2982 2178 vincuntur
3021 2140 3050 2178 a
3079 2126 3279 2179 nostris
3307 2127 3552 2196 partibus
3571 2125 3681 2183 Go-

2101 2212 2199 2276 thi,
2229 2229 2350 2266 cum
2390 2213 2579 2267 malint
2603 2214 2743 2283 apud
2768 2230 2862 2270 eos
2883 2231 3002 2271 esse
3039 2232 3199 2285 quam
3234 2229 3254 2255 ε
3288 2219 3429 2287 apud
3456 2233 3553 2272 nos
3574 2215 3683 2274 Ro-

2101 2305 2282 2358 mani?
2311 2304 2494 2373 itaque
2526 2322 2633 2359 non
2677 2307 2850 2360 solum
2881 2307 3219 2376 tranSfugere
3249 2310 3316 2364 ab
3355 2310 3433 2364 eis
3478 2309 3544 2363 ad
3585 2325 3684 2366 nos

2099 2396 2294 2450 fratres
2334 2397 2502 2450 nostri
2532 2399 2764 2453 omnino
2801 2399 3010 2466 nolunt,
3045 2401 3139 2456 sed
3169 2409 3227 2455 ut
3266 2401 3334 2456 ad
3375 2417 3468 2458 eos
3496 2403 3684 2460 confue

2098 2487 2266 2556 giant,
2294 2503 2392 2541 nos
2419 2488 2746 2556 relinquunt.
2769 2487 2837 2543 Et
2856 2491 3076 2560 Quidem
3105 2491 3285 2547 mirari
3309 2494 3508 2563 possim
3538 2495 3681 2562 quod

2097 2577 2205 2633 hoc
2233 2594 2338 2632 non
2380 2594 2569 2633 omnes
2597 2582 2815 2635 omnino
2849 2580 3088 2636 facerent
3119 2584 3386 2637 tributarii
3418 2599 3682 2653 pauperes

2101 2677 2155 2724 et
2193 2671 2480 2738 egestuosi,
2523 2672 2626 2725 nisi
2656 2672 2803 2740 quod
2832 2689 2935 2727 una
2968 2682 3171 2727 tantum
3203 2689 3362 2728 causa
3406 2683 3486 2728 est
3515 2689 3684 2742 quare

2102 2777 2207 2817 non
2231 2762 2450 2828 iaciunt,
2473 2763 2598 2831 quia
2621 2763 2912 2819 transferre
2934 2766 3060 2820 illuc
3079 2765 3319 2820 resculas
3342 2775 3503 2835 atque
3531 2766 3683 2821 habi-

2101 2851 2420 2906 tatiunculas
2448 2867 2572 2907 suas
2599 2851 2935 2922 familiasque
2966 2869 3070 2909 non
3100 2863 3345 2925 possunt.
3389 2855 3520 2911 Nam
3559 2873 3681 2913 cum

2100 2942 2340 3014 plerique
2369 2958 2556 2997 eorum
2585 2944 2789 3012 agellos
2813 2959 2876 2999 ac
2916 2945 3263 3001 tabernacula
3291 2961 3387 3001 sua
3433 2946 3684 3004 deserant

418 3037 657 3090 cernitur
685 3035 832 3103 quod
860 3051 890 3088 a
916 3035 1100 3089 multis
1119 3035 1328 3089 miseris
1355 3031 2004 3104 dependatur.103Ho-
2035 3099 2071 3108 _
2100 3042 2161 3088 ut
2184 3035 2293 3089 vim
2319 3034 2615 3088 exactionis
2643 3034 2894 3101 evadant,
2938 3037 3208 3106 quomodo
3241 3053 3347 3093 non
3387 3053 3508 3108 quae
3537 3053 3685 3094 com-

422 3127 543 3181 nori
574 3099 720 3182 enim
741 3139 840 3183 SUO
881 3129 1242 3199 unusquisque
1268 3099 1490 3183 divitum
1517 3099 1766 3197 praestat:
1785 3099 1996 3183 ut’nolit
2026 3099 2073 3161 Ο
2103 3126 2372 3197 pelluntur
2394 3125 2642 3181 deserere
2671 3127 2888 3192 vellent,
2922 3127 3017 3183 sed
3044 3144 3246 3195 secum,
3269 3130 3322 3185 ‘si
3357 3099 3691 3200 possibilitas

417 3219 622 3289 aliquid
649 3235 707 3275 se
736 3221 960 3276 absente
998 3221 1232 3287 decerni,
1278 3237 1381 3276 non
1420 3219 1657 3289 justitiaz,
1709 3227 1765 3274 ut
1811 3221 1994 3290 iniqua

415 3309 550 3364 nolit
579 3325 636 3364 se
659 3319 923 3380 prasente
950 3311 1224 3366 constitui.
1251 3311 1488 3379 Denique
1517 3308 1658 3379 quod
1681 3309 1733 3362 in
1763 3311 1882 3368 aliis
1909 3327 1995 3366 re-

410 3399 823 3470 prehenderant,
855 3400 952 3470 ipsi
993 3410 1182 3472 postea
1227 3411 1317 3456 aut
1344 3417 1443 3471 pro
1487 3408 1832 3472 contemptus
1859 3417 1995 3474 prte-

410 3489 554 3545 teriti
584 3489 804 3556 ultione,
838 3500 930 3546 aut
961 3507 1061 3562 pro
1095 3494 1380 3562 potestatis
1407 3494 1827 3569 prtesumptioue
1865 3505 1997 3550 con-

409 3575 654 3635 stituunt.
689 3577 766 3636 Ac
792 3595 889 3651 per
915 3581 1019 3636 hoc
1061 3579 1410 3637 infelicissimi
1449 3598 1715 3656 pauperes
1759 3589 1836 3642 sic
1870 3594 1995 3640 sunt

408 3671 728 3757 quasi‘inte‘r
755 3682 1130 3757 concertantes
1160 3675 1423 3746 procellas
1449 3678 1503 3731 in
1532 3679 1707 3734 medio
1736 3680 1866 3733 mari
1896 3694 1994 3748 po-

407 3762 515 3817 siti.
548 3753 699 3819 Nunc
744 3764 969 3821 istorum
1015 3753 1237 3834 scilicet,
1286 3783 1429 3823 nunc
1478 3769 1689 3825 illorum
1746 3769 1994 3826 fluctibus

409 3854 728 3909 obruuntur.
1227 3901 1235 3911 .

481 3939 612 3999 Vill.
647 3945 755 4002 Sed
774 3946 1026 4003 videlicet
1062 3949 1156 4018 qui
1183 3948 1236 4002 in
1264 3942 1368 4004 hac
1390 3958 1542 4019 parte
1571 3950 1740 4020 iniqui
1767 3959 1909 4016 sunt,
1940 3950 1992 4004 in

411 4033 519 4090 alia
560 4036 818 4092 moderati
862 4040 1208 4095 inveniuntur
1256 4048 1311 4096 et
1349 4038 1508 4111 justi',
1559 4053 1622 4097 ac
1669 4043 1991 4112 pravitatem

411 4123 574 4180 unius
601 4126 679 4180 rei
719 4128 934 4184 alterius
969 4131 1234 4201 probitate
1259 4133 1640 4202 {compensanL
1683 4130 1816 4186 Nam
1858 4133 1995 4187 sicut

411 4215 468 4272 in
497 4232 664 4274 onere
691 4235 950 4274 novarum
978 4221 1321 4278 indictionum
1350 4239 1625 4296 pauperes
1647 4232 1890 4292 gravant,
1921 4223 1992 4277 ita

409 4309 466 4366 in
493 4322 755 4366 novorum
783 4301 1141 4368 remediorum
1161 4315 1517 4385 opitulatione
1545 4322 1851 4369 sustentant
1885 4331 1895 4366 ε
1922 4313 1993 4368 si-

2102 3226 2395 3288 pateretur,
2423 3217 2735 3275 auferrent?
2757 3218 2899 3290 Ergo
2922 3222 3047 3291 quia
3077 3224 3182 3278 hoc
3209 3238 3318 3279 non
3340 3225 3520 3280 valent
3540 3225 3682 3296 quod

2103 3308 2242 3364 forte
2271 3311 2522 3378 mallent,
2548 3310 2749 3368 faciunt
2777 3314 2921 3383 quod
2944 3331 3110 3370 unum
3132 3315 3331 3372 valent.
3363 3315 3600 3371 Tradunt
3629 3332 3687 3371 se

2102 3402 2169 3457 ad
2209 3404 2464 3458 tuendum
2513 3407 3012 3478 protegendumque
3058 3408 3370 3478 majoribus,
3416 3409 3686 3464 dedilitios

2101 3508 2161 3549 se
2188 3494 2409 3549 divitum
2440 3497 2658 3561 faciunt,
2703 3506 2755 3551 et
2785 3500 2938 3566 quasi
2969 3498 3022 3552 in
3059 3500 3146 3568 jus
3174 3515 3361 3554 eorum
3397 3499 3683 3554 ditionem-

2099 3599 2204 3655 que
2227 3587 2630 3641 transcendunt.
2651 3587 2760 3640 Nec
2782 3595 2962 3642 tamen
2985 3602 3148 3655 grave
3171 3589 3272 3642 hoc
3299 3597 3390 3641 aut
3411 3590 3683 3656 indignum

2099 3675 2406 3740 arbitrarer,
2453 3677 2616 3729 immo
2658 3677 2838 3744 potius
2884 3677 3183 3742 gratularer
3214 3679 3355 3730 hanc
3398 3684 3680 3745 potentum

2099 3765 2518 3832 magnitudinem
2558 3765 2754 3834 quibus
2783 3781 2840 3818 sc
2862 3781 3129 3834 pauperes
3169 3766 3390 3828 dedunt,
3424 3768 3468 3820 si
3497 3773 3680 3834 patro-

2097 3855 2236 3912 cinia
2278 3856 2378 3909 ista
2406 3871 2514 3909 non
2542 3855 2857 3922 venderent,
2891 3857 2934 3912 si
2978 3857 3124 3925 quod
3151 3872 3209 3910 se
3239 3856 3425 3910 dicunt
3453 3859 3680 3914 humiles

2099 3948 2394 4016 defensare,
2425 3947 2746 4004 humanitati
2788 3949 3103 4016 tribuerent,
3136 3965 3242 4005 non
3271 3949 3564 4020 cupiditati.
3608 3949 3677 4004 il-

2099 4041 2204 4104 lud
2230 4056 2390 4109 grave
2432 4057 2494 4096 ac
2532 4041 2885 4111 peracerbum
2915 4050 3015 4108 est,
3064 4040 3209 4112 quod
3252 4041 3354 4096 hac
3394 4041 3510 4110 lege
3541 4041 3678 4099 tueri

2096 4147 2360 4202 pauperes
2402 4131 2648 4188 videntur
2693 4140 2752 4188 ut
2793 4133 3042 4203 spolient,
3087 4134 3187 4188 hac
3229 4132 3348 4203 lege
3388 4133 3681 4189 defendunt

2097 4224 2322 4278 miseros
2368 4231 2427 4277 ut
2472 4224 2780 4279 miseriores
2825 4223 3022 4296 faciant
3071 4225 3426 4281 defendendo.
3484 4225 3710 4282 Omnes-

2097 4315 2238 4370 enim
2264 4315 2354 4383 qui
2383 4312 2597 4368 defendi
2629 4315 2900 4380 videntur,
2930 4313 3303 4370 defensoribus
3327 4316 3436 4370 suis
3467 4329 3680 4370 omnem

409 4413 500 4460 cut
528 4404 742 4459 tribulis
771 4408 924 4461 novis
964 4409 1197 4463 minores
1231 4409 1468 4462 maxime
1495 4407 1888 4476 deprimuntur,
1917 4405 1995 4461 sic
2021 4399 2074 4459 Ι)
2097 4405 2212 4461 fere
2237 4405 2590 4461 substantiam
2611 4422 2762 4460 suam
2800 4406 2952 4478 105
2978 4407 3295 4476 priusquam
3324 4406 3680 4462 defendantur

406 4495 661 4552 remediis
705 4499 858 4554 novis
903 4500 1134 4554 maxime
1179 4501 1547 4556 sublevantur.
1578 4495 1747 4552 immo
1786 4514 1883 4567 par
1911 4508 1993 4554 est

404 4585 664 4656 Iniquitas
685 4587 738 4641 in
766 4597 1010 4660 utroque.
1041 4591 1176 4646 Nam
1205 4594 1342 4648 sicut
1369 4597 1498 4647 sunt
1525 4590 1578 4645 in
1609 4591 1989 4658 aggravatione

402 4695 675 4752 pauperes
693 4682 866 4751 primi,
900 4683 971 4738 ita
994 4683 1046 4738 in
1069 4685 1400 4740 relevatione
1421 4683 1699 4755 postremi.
1729 4681 1786 4737 Si
1817 4698 1987 4752 quan-

403 4769 477 4827 do
501 4770 663 4836 enim,
697 4781 755 4826 ut
793 4789 961 4844 nuper
987 4773 1188 4830 factum
1217 4783 1319 4841 est,
1367 4774 1594 4830 defectis
1632 4774 1852 4829 urbibus
1889 4775 1989 4828 mi—

402 4861 645 4917 nuendas
686 4863 739 4916 in
779 4863 959 4932 aliquo
999 4865 1310 4920 tributarias
1349 4864 1652 4920 functiones
1694 4872 1988 4934 potestates

402 4963 624 5009 summa:
665 4955 1105 5024 existimaverint,
1138 4957 1282 5015 illico
1329 4959 1627 5017 remedium
1658 4959 1868 5014 cunctis
1893 4957 1994 5012 da—.

403 5051 522 5098 tum
555 5045 655 5127 soli
695 5047 834 5102 inter
859 5064 918 5103 se
955 5048 1148 5106 divites
1175 5051 1500 5120 partiuntur.
1545 5049 1676 5116 Quis
1705 5059 1831 5104 tunc
1856 5064 1990 5119 pau-

400 5147 594 5203 perum
612 5140 890 5195 meminit?
917 5142 1049 5208 Quis
1069 5143 1134 5196 ad
1156 5143 1593 5199 communionem
1620 5141 1866 5198 beneficii
1887 5143 1989 5196 hu-

397 5225 561 5282 miles
585 5237 641 5282 et
668 5240 979 5300 egestuosos
1021 5237 1254 5290 vocant?
1297 5233 1427 5302 Quis
1473 5249 1593 5290 eum
1641 5235 1734 5304 qui
1787 5235 1989 5303 primus

381 5324 485 5373 est
508 5333 723 5390 semper
749 5321 802 5376 in
831 5324 1060 5390 sarcina,
1094 5323 1180 5382 vel
1201 5325 1388 5381 ultimo
1418 5342 1537 5382 esse
1558 5325 1679 5382 loco
1709 5325 1909 5394 patitur
1931 5323 1984 5379 in

2095 4495 2380 4561 addicunt;
2431 4512 2495 4552 ac
2534 4497 2630 4564 sic,
2681 4506 2739 4552 ut
2787 4505 2968 4567 patres
3008 4497 3241 4552 habeant
3287 4496 3673 4566 defensionem,
3774 4557 3776 4560 ,

2093 4587 2327 4658 perdunt
2355 4586 2447 4641 filii
2474 4588 2864 4642 haereditatem.
2900 4587 3078 4642 Tuitio
3106 4597 3387 4658 parentum
3416 4590 3676 4645 mendici-

2096 4685 2204 4731 tate
2235 4679 2517 4748 pignorum
2545 4686 2904 4748 comparatur.
2931 4677 3068 4734 Ecce
3096 4695 3214 4750 quae
3241 4689 3366 4736 sunt
3392 4682 3589 4736 auxilia
3613 4696 3676 4737 ac

2093 4767 2390 4839 patrocinia
2419 4768 2701 4838 majorum.
2731 4768 2873 4822 Nihil
2893 4771 3167 4840 susceptis
3197 4772 3456 4837 tribuunt,
3483 4772 3577 4826 scd
3605 4773 3678 4828 si-

2092 4858 2166 4912 bi.
2192 4857 2305 4912 Hoc
2333 4859 2474 4912 enim
2497 4867 2655 4928 pacto
2675 4858 2881 4928 aliquid
2901 4861 3212 4929 parentibus
3242 4863 3564 4932 temporarie
3591 4870 3674 4914 at-

2091 4951 2363 5013 tribuitur,
2396 4951 2530 5006 utin
2554 4949 2733 5005 futuro
2767 4958 2938 5006 totum
2966 4953 3085 5008 liliis
3106 4952 3394 5008 auferatur.
3426 4949 3673 5002 Vendunt

2090 5044 2290 5114 itaque,
2316 5051 2372 5099 et
2399 5042 2614 5114 quidem
2637 5044 2954 5112 gravissimo
2983 5045 3156 5115 pretio
3178 5042 3412 5097 vendunt
3438 5038 3672 5105 majores

2091 5137 2309 5207 quidam
2337 5143 2527 5192 cuncta
2554 5152 2677 5207 qua:
2705 5146 2983 5208 praestant.
3011 5137 3078 5189 Et
3105 5133 3248 5202 quod
3271 5123 3388 5184 dixi
3411 5128 3668 5198 vendunt,

2089 5229 2292 5283 utinam
2321 5229 2616 5284 venderent
2644 5230 2844 5285 usitato
2872 5242 3019 5281 more
3048 5231 3211 5290 atque
3239 5221 3537 5276 communi!
3573 5225 3672 5280 ali-

2093 5319 2220 5395 quid
2261 5319 2495 5377 forsitan
2525 5327 2828 5377 remaneret
2861 5311 3207 5383 emptoribus.
3235 5307 3441 5374 Novum
3471 5315 3672 5388 quippe

1581 5432 1921 5489 STEPHANI
1957 5431 2225 5489 BALUZII
2262 5430 2489 5488 NOTAE.

475 5531 519 5596 '_
547 5532 624 5596 ita
674 5541 862 5596 omnes
908 5527 1188 5583 editiones.
1245 5529 1448 5596 Quibus
1498 5529 1766 5585 consentit
1812 5527 1983 5585 codex

396 5594 762 5671 Corbeiensis.
793 5593 1119 5671 Egotamen
1149 5593 1364 5671 mallem
1385 5599 1596 5671 pendat,
1638 5600 1894 5669 apertiori
1918 5615 1981 5655 ac

313 5669 318 5672 ’
395 5663 864 5742 nobilioriscnsuI
892 5666 1091 5742 Verum
1114 5669 1242 5739 quia
1283 5663 1410 5726 ferri
1448 5663 1626 5741 potest
1655 5663 1708 5724 et
1735 5687 1834 5726 vox
1856 5687 1976 5742 per-

395 5733 506 5800 dat,
533 5734 665 5789 nihil
695 5745 904 5790 mutare
927 5733 1216 5792 voluimus.

2089 5527 2460 5652 “germani
2498 5593 2656 5647 lectio
2699 5588 2938 5645 omnium
2979 5590 3295 5651 editionum.
3327 5594 3509 5652 Codex
3536 5611 3665 5652 vero

2080 5665 2421 5724 Corbeiensis
2449 5661 2635 5735 habet,
2662 5675 2826 5735 quant
2843 5663 2984 5735 apud
3029 5663 3312 5721 Romanos.
3347 5665 3476 5731 Qum
3504 5666 3667 5735 lectio

2078 5751 2208 5793 sane
2258 5738 2413 5803 bona
2451 5737 2550 5803 est:
2603 5729 2709 5784 Sed
2743 5729 2888 5803 alia"
2911 5736 3039 5790 mihi
3069 5735 3280 5791 videtur
3307 5729 3425 5803 esse
3451 5733 3670 5803 melior,

465 5798 500 5844 ⁸
514 5804 708 5862 Codex
729 5805 1012 5876 Colbert.,'
1041 5815 1209 5863 nocet.
1241 5808 1415 5880 Atque
1453 5812 1567 5868 haec
1606 5811 1768 5866 lectio
1794 5815 1978 5879 potest
2076 5806 2224 5875 quod
2244 5798 2576 5860 manifestius
2603 5801 2874 5873 exprimat
2900 5814 3136 5862 mentem
3153 5802 3414 5860 auctoris.

1689 5940 1728 5952 εκ
1750 5942 1894 5956 “Vw-p-
1929 5939 2044 5953 κιαι·-
