4234 6250
636 308 738 370 105

1588 318 1644 372 S.
1687 316 2002 374 SALVIANI
2041 312 2498 402 MASSILIENSIS
2537 314 2960 382 PRESCYTERI

3811 333 3911 388 1οι

633 437 736 486 hoc
763 443 932 499 genus
959 419 1284 484 Venditionis
1312 436 1367 483 et
1394 433 1683 500 emptionis
1709 444 1810 488 est.
1845 435 2105 492 Venditor
2132 439 2216 492 ni-
2240 444 2294 503 Α
2319 440 2455 506 bius,
2487 442 2632 509 quod
2673 442 2886 496 additur
2933 443 3058 498 huic
3105 443 3248 497 malo
3289 443 3482 500 satvius
3530 443 3745 500 malum.
3776 446 3911 502 Nam

631 522 705 577 hil
747 521 926 586 tradit,
959 528 1012 574 et
1040 528 1211 574 totum
1241 522 1455 591 accipit.
1488 522 1714 593 Emptor
1739 527 1875 580 nihil
1904 530 2121 599 accipit,
2163 539 2218 585 et

631 621 802 667 totum
832 614 1044 682 penitus
1071 613 1286 667 amittit.
1319 612 1561 686 Cumque
1589 619 1765 672 omnis
1794 620 1962 674 ferme
1996 635 2215 678 contra-

628 706 870 760 ctus'hoc
893 705 945 758 in
966 721 1024 760 se
1046 705 1241 760 habeat
1261 714 1319 760 ut
1343 707 1542 762 invidia
1570 725 1735 779 penes
1757 721 2079 781 emptorem,
2104 715 2218 770 ino-

627 798 714 868 pia
754 784 920 867 penes
944 798 1281 852 venditorem
1309 815 1425 855 esse
1453 802 1718 870 videatur,
1750 806 1876 874 quia
1907 815 2120 876 emptor
2149 809 2218 863 ad

625 888 730 944 hoc
771 889 900 943 emit
940 897 1000 943 ut
1045 891 1400 946 substantiam
1430 909 1582 948 suam
1622 907 1835 964 augeat,
1870 899 2120 953 venditor
2147 901 2213 954 ad

625 979 728 1034 hoc
752 979 934 1034 vendit
961 988 1020 1034 ut
1042 981 1248 1036 minuat
1278 1001 1290 1034 :
1322 983 1619 1039 inauditum
1653 989 1757 1041 hoc
1778 992 2090 1046 commercii
2121 1006 2213 1060 ge-

622 1086 722 1127 nus
751 1081 859 1138 est;
894 1073 1257 1130 venditoribus
1282 1078 1474 1132 crescit
1496 1077 1738 1145 facultas,
1772 1083 2107 1150 emptoribus
2130 1084 2212 1138 ni-

621 1164 697 1217 hil
725 1172 969 1219 remanet
1011 1166 1114 1219 nisi
1154 1167 1269 1220 sola
1306 1169 1643 1224 mendicitas.
1677 1171 1810 1225 Nam
1858 1173 1988 1227 illud
2028 1175 2208 1244 quale,

621 1269 784 1325 quam
817 1271 923 1309 non
961 1255 1259 1323 ferendum,
1306 1266 1469 1329 atque
1497 1263 1934 1330 monstrigerum,
1967 1275 2022 1320 et
2065 1267 2210 1336 quod

621 1358 731 1398 non
752 1343 923 1399 dicam
949 1347 1060 1416 pati
1087 1348 1333 1402 humanae
1360 1359 1586 1417 mentes,
1614 1353 1708 1408 sed
1733 1355 1878 1424 quod
1907 1355 2091 1411 audire
2121 1358 2212 1412 vix

585 1437 588 1442 ’
623 1445 874 1504 possunt;
905 1437 1050 1508 quod
1091 1439 1334 1509 plerique
1368 1456 1665 1511 pauperum
1695 1453 1858 1514 atque
1887 1447 2209 1502 miserorum

621 1529 838 1598 spoliati
867 1531 1085 1585 resculis
1111 1531 1240 1597 suis,
1267 1540 1322 1586 et
1343 1535 1686 1590 exterminati
1715 1537 1904 1606 agellis
1932 1539 2062 1604 suis,
2087 1555 2210 1594 cum

619 1634 735 1673 rem
775 1621 1070 1687 amiserint,
1104 1623 1425 1677 amissarum
1453 1633 1632 1680 tamen
1667 1642 1846 1680 rerum
1879 1629 2078 1683 tributa
2109 1646 2207 1699 pa-

2325 532 2684 601 suscipiuntur
2713 539 2769 586 ut
2798 533 3039 598 advenae,
3071 533 3205 587 ﬁunt
3231 533 3543 604 pracjudicio
3564 534 3910 591 habitationis
3990 577 3992 579 μ

2324 624 2586 693 indigena:
2617 643 2630 690 ;
2674 634 2728 680 et
2753 626 3001 696 exemplo
3031 625 3265 696 quodam
3293 625 3436 680 illius
3477 626 3736 682 maleﬁca:
3774 643 3909 698 prte-

2324 715 2562 783 potentis
2587 729 2707 783 qua:
2737 716 3029 770 transferre
3051 716 3297 771 homines
3319 716 3372 770 in
3393 717 3594 772 bestias
3612 717 3906 785 dicebatur,

2326 805 2400 858 ita
2446 813 2502 859 et
2531 805 2616 860 isti
2648 821 2834 860 omnes
2860 807 2954 875 qui
2981 807 3120 860 intra
3169 806 3363 861 fundos
3387 806 3611 880 divitum
3637 809 3907 879 recipiunt-

2326 904 2428 959 tur,
2477 898 2627 964 quasi
2657 896 2830 951 Circei
2877 898 3054 967 poculi
3109 899 3573 966 transﬁguratione
3611 909 3904 958 mutantur.

2322 985 2455 1038 Nam
2496 1003 2632 1054 quos
2671 988 2967 1056 suscipiunt
2997 996 3054 1042 ut
3105 996 3390 1043 extraneos
3417 997 3473 1043 et
3500 991 3724 1054 alienos,
3771 991 3910 1044 inci-

2320 1079 2474 1147 piunt
2495 1079 2694 1133 habere
2716 1081 2867 1148 quasi
2899 1081 3176 1150 proprios;
3210 1096 3345 1149 quos
3384 1096 3501 1136 esse
3523 1090 3733 1136 constat
3754 1083 3906 1150 inge-

2319 1185 2477 1235 nuos,
2531 1178 2814 1224 vertuntur
2843 1172 2895 1224 in
2944 1187 3148 1226 servos.
3199 1170 3267 1224 Et
3294 1173 3550 1227 miramur
3577 1174 3621 1228 si
3651 1189 3750 1227 nos
3776 1173 3905 1227 bar-
3992 1165 3999 1171 ’

2316 1258 2434 1312 bari
2463 1261 2697 1330 capiunt,
2731 1277 2851 1315 cum
2880 1261 3071 1316 fratres
3113 1271 3325 1317 nostros
3369 1279 3465 1317 nos
3499 1262 3757 1318 faciamus
3782 1278 3906 1318 esse

2320 1350 2564 1419 captivos
2588 1353 2611 1405 ?
2638 1351 2722 1405 Nil
2751 1366 2879 1420 ergo
2907 1353 3101 1407 mirum
3129 1361 3211 1407 est
3237 1353 3384 1422 quod
3409 1355 3735 1408 vastationes
3780 1361 3908 1408 sunt

2319 1450 2480 1509 atque
2509 1443 2716 1497 excidia
2747 1443 3045 1497 civitatum.
3095 1445 3196 1498 Diu
3224 1444 3276 1498 id
3305 1444 3655 1514 plurimorum
3686 1459 3907 1515 oppres-

2317 1533 2468 1588 sione
2498 1534 2892 1589 elaboravimus
2946 1544 3006 1588 ut
3050 1535 3368 1604 captivando
3399 1535 3550 1602 alios,
3596 1535 3758 1588 etiam
3805 1535 3903 1605 ipsi

2298 1626 2680 1696 .inciperemus
2707 1643 2826 1682 esse
2848 1628 3064 1698 captivi.
3091 1625 3364 1684 Sen'timus
3383 1629 3548 1693 enim,
3575 1629 3677 1682 etsi
3703 1627 3905 1682 tardius

621 1709 842 1774 tiuntur,
889 1727 1011 1765 cum
1059 1714 1328 1781 possessio
1375 1716 1442 1769 ab
1480 1716 1562 1770 bis
1609 1719 1912 1783 recesserit,
1945 1721 2204 1789 capitatio
2238 1752 2284 1812 Β
2323 1720 2476 1788 107
2505 1719 2677 1774 multo
2705 1735 2866 1787 quam
2895 1722 3256 1786 merebamur,
3291 1721 3553 1775 sentimus
3583 1719 3794 1775 tandem
3813 1720 3901 1774 illa

524 1778 561 1872 ὀ
619 1815 728 1853 non
766 1802 1004 1856 recedit?
1041 1778 1466 1873 ﬁroprietatibus
1511 1817 1714 1871 carent,
1757 1818 1818 1862 et
1861 1778 2208 1879 vectigalibus

619 1892 938 1947 obruuntur.
969 1893 1100 1959 Quis
1135 1897 1400 1953 mstimare
1429 1899 1532 1954 hoc
1560 1901 1762 1954 malum
1789 1903 1998 1970 possit?
2029 1903 2210 1960 Rebus

619 1999 807 2038 eorum
851 1987 1105 2042 incubant
1143 2006 1490 2059 pervasores,
1545 2004 1603 2049 et
1644 1995 1844 2050 tributa
1884 1998 2067 2052 miseri
2108 1991 2207 2068 pro

619 2074 996 2141 pervasoribus
1023 2076 1256 2131 solvunt.
1293 2089 1318 2116 α
1348 2078 1477 2134 Post
1503 2090 1734 2136 mortem
1761 2084 1949 2152 patris,
1975 2087 2087 2138 nati
2109 2087 2206 2141 ob—

617 2165 819 2234 sequiis
855 2166 1119 2234 juris‘sui
1164 2171 1364 2238 agellos
1409 2187 1516 2226 non
1559 2172 1777 2239 habent,
1811 2183 1866 2228 et
1896 2173 1922 2212 ι’
1952 2190 2203 2244 agrorum

617 2273 842 2312 munere
883 2269 1196 2316 enecantur.
1245 2263 1322 2318 Ac
1350 2279 1447 2333 per
1475 2265 1579 2319 hoc
1605 2265 1682 2318 nil
1723 2266 1866 2320 aliud
1907 2268 2202 2322 sceleribus

618 2352 780 2406 tantis
809 2353 1001 2420 agitur,
1035 2355 1138 2408 nisi
1168 2362 1228 2408 ut
1273 2356 1364 2424 qui
1400 2357 1608 2426 privata
1653 2360 1973 2428 pervasione
2017 2360 2202 2414 nudati

616 2449 759 2507 sunt,
810 2443 1022 2512 publica
1051 2444 1352 2515 :afllictione
1381 2447 1698 2513 moriantur,
1738 2450 1893 2520 106
1930 2458 1985 2504 ct
2012 2451 2205 2520 quibus

617 2545 732 2584 rem
772 2532 1100 2602 deprmdatio
1146 2536 1287 2602 tulit,
1330 2537 1497 2591 vitam
1547 2539 1701 2591 tollat
1742 2540 1973 2594 exactio.
2017 2539 2204 2610 Itaque

614 2623 859 2676 nonnulli
880 2639 1066 2678 eorum
1095 2624 1163 2679 de
1183 2626 1381 2696 quibus
1409 2627 1698 2697 loquimur,
1731 2628 1823 2697 qui
1848 2635 1942 2682 aut
1981 2631 2200 2684 consul-

613 2712 780 2769 tiores
807 2723 952 2780 sunt,
983 2724 1076 2770 aut
1115 2732 1252 2786 quos
1277 2719 1552 2773 consultos
1581 2719 1874 2773 necessitas
1903 2719 2046 2784 fecit,
2080 2736 2201 2775 cum

613 2808 884 2863 domicilia
914 2817 1077 2879 atque
1105 2811 1306 2878 agellos
1332 2828 1458 2868 suos
1485 2819 1578 2865 aut
1619 2813 2030 2882 pervasionibus
2071 2829 2200 2884 per-

613 2897 748 2950 dunt
775 2907 869 2951 aut
899 2897 1066 2966 fugati
1095 2902 1163 2954 ab
1192 2903 1539 2957 exactoribus
1565 2902 1839 2969 deserunt,
1867 2905 1992 2974 quia
2018 2913 2203 2960 tenere

612 3001 722 3041 non
741 2995 986 3057 possunt,
1013 2989 1205 3046 fundos
1233 2993 1500 3062 majorum
1529 3002 1804 3064 expetunt,
1832 3003 1887 3050 et
1916 2996 2098 3050 coloni
2119 2995 2201 3049 di-

2315 1823 2434 1878 qurc
2483 1808 2723 1875 fecimus,
2780 1819 2852 1873 et,
2897 1811 3051 1879 juxta
3103 1826 3408 1866 sermonem
3467 1827 3677 1868 sacrum
3727 1811 3898 1883 (Psal.

2314 1916 2512 1963 cxxvn,
2538 1900 2616 1970 2),
2641 1901 2855 1955 labores
2883 1917 3138 1956 manuum
3167 1912 3472 1958 nostrarum
3499 1903 3898 1970 manducamus,

2313 2005 2376 2044 ac
2421 1990 2569 2060 justo
2588 1990 2767 2059 judice
2797 1992 2908 2047 Deo
2936 1993 3192 2047 solvimus
3220 2008 3340 2062 quae
3376 1993 3652 2048 debemus.
3701 1993 3902 2050 Miserti

2309 2082 2509 2150 quippe
2537 2083 2784 2136 exsulum
2805 2099 2914 2138 non
2941 2099 3156 2150 sumus;
3190 2100 3315 2140 ecce
3343 2085 3443 2155 ipsi
3461 2085 3676 2140 exsules
3695 2100 3899 2141 sumus.

2310 2169 2630 2240 Peregrinos
2673 2172 2859 2229 fraude
2899 2176 3170 2245 cepimus;
3217 2191 3343 2231 ecce
3373 2176 3470 2244 ipsi
3501 2176 3902 2245 peregrinamur

2315 2273 2338 2300 ο
2355 2270 2516 2332 atque
2535 2264 2862 2318 fraudamur.
2884 2265 3212 2334 Praejudiciis
3235 2275 3537 2337 temporum
3558 2267 3772 2336 ingenui
3793 2275 3901 2320 sta-

2311 2362 2394 2408 tus
2423 2355 2669 2410 homines
2694 2357 3168 2423 circumvenimus;
3201 2373 3327 2412 ecce
3348 2358 3462 2426 ipsi
3491 2373 3662 2427 nuper
3683 2356 3899 2426 quidem

2310 2445 2364 2497 in
2395 2445 2572 2498 alieno
2621 2447 2738 2499 solo
2783 2446 2965 2500 vivere
2994 2447 3271 2516 coepimus,
3321 2447 3415 2501 sed
3456 2446 3762 2516 prtejudicia
3787 2445 3901 2514 jam

2310 2531 2582 2586 timemus.
2608 2533 2675 2586 Et
2705 2550 2737 2587 ο
2766 2542 2964 2602 quanta
2989 2544 3073 2588 est
3094 2533 3322 2588 inﬁdelis
3350 2536 3613 2590 malarum
3641 2536 3900 2591 mentium

2312 2624 2553 2681 caacitasl
2589 2610 2988 2679 damnatiOnem
3016 2624 3335 2696 perferimus
3357 2625 3647 2694 iudicantis
3697 2627 3812 2690 Dei,
3845 2634 3899 2680 et

2307 2715 2535 2770 necdum
2567 2732 2665 2771 nos
2693 2717 3032 2785 agnoscimus
3055 2717 3304 2786 judicari.
3347 2716 3414 2769 Et
3442 2706 3707 2772 mirantur
3729 2718 3893 2784 aliqui

2307 2816 2636 2872 sanctorum,
2672 2807 2817 2876 quod
2846 2796 3093 2878 exemplo
3124 2816 3309 2862 nostro
3356 2808 3536 2862 carteri
3577 2821 3682 2860 non
3713 2821 3898 2860 emen-

2305 2900 2500 2955 dentur
2526 2901 2619 2969 qui
2647 2899 2780 2954 nihil
2808 2901 2982 2956 adhuc
3010 2900 3117 2954 tale
3143 2899 3462 2965 tolerarunt,
3485 2914 3604 2954 cum
3651 2905 3896 2952 tormen-

2306 2992 2376 3046 tis
2403 2988 2710 3046 nostra‘rum
2741 2991 3085 3061 iniquitatum
3117 3005 3216 3045 nec
3243 2991 3343 3060 ipsi
3369 2989 3582 3059 quidem
3610 2989 3702 3057 qui
3727 2988 3837 3058 jam
3867 3003 3897 3044 a

613 3079 778 3134 vitum
802 3079 951 3134 ﬁunt.
977 3083 1055 3137 Ac
1073 3084 1213 3138 sicut
1233 3085 1408 3140 solent
1429 3093 1522 3140 aut
1543 3086 1597 3139 hi
1618 3087 1709 3155 qui
1731 3087 1967 3141 hostium
1994 3094 2204 3142 terrore
2233 3075 2280 3137 C
2311 3082 2424 3137 Deo
2455 3083 2764 3151 plectimur,
2797 3084 3145 3150 corrigamur.
3180 3080 3225 3135 0
3253 3082 3557 3152 superbiam
3587 3095 3694 3134 non
3731 3079 3896 3133 feren-

611 3171 873 3240 compulsi
900 3171 968 3225 ad
997 3175 1218 3228 castella
1247 3190 1306 3229 se
1335 3175 1639 3238 conferunt,
1674 3184 1765 3228 aut
1796 3176 1848 3228 hi
1871 3177 1960 3245 qui
1990 3176 2199 3244 perdito

611 3265 852 3333 ingenuas
878 3265 1261 3319 incolumitatis
1283 3272 1425 3318 statu
1448 3265 1514 3317 ad
1541 3265 1746 3334 asylum
1768 3265 1984 3334 aliquod
2005 3266 2200 3334 despe-

609 3359 818 3414 ratione
841 3357 1190 3424 confugiunt;
1221 3358 1296 3410 ita
1321 3363 1375 3410 et
1401 3356 1489 3409 isti
1514 3357 1606 3425 qui
1632 3356 1831 3410 habere
1858 3356 2088 3432 amplius
2111 3356 2197 3410 vel

608 3447 790 3502 sedem
821 3447 903 3508 vel
933 3446 1247 3515 dignitatem
1280 3461 1501 3500 suorum
1536 3446 1792 3499 natalium
1824 3461 1930 3499 non
1962 3453 2192 3515 queunt,

606 3537 734 3608 jugo
788 3553 846 3592 se
901 3539 1174 3610 inquilinus
1230 3537 1550 3606 abjectionis
1606 3536 1888 3602 addicunt,
1947 3538 2002 3591 in
2056 3537 2195 3591 hanc

607 3628 983 3683 necessitatem
1021 3627 1223 3684 redacti
1263 3638 1322 3684 ut
1351 3637 1596 3684 extorres
1624 3643 1733 3683 non
1762 3626 2033 3684 facultatis
2073 3636 2195 3684 tan-

607 3731 738 3787 tum,
791 3723 883 3778 sed
930 3723 1094 3778 etiam
1138 3723 1463 3779 conditionis
1492 3739 1620 3788 sure,
1673 3730 1836 3794 atque
1885 3723 2195 3778 exsulantes

609 3831 715 3869 non
746 3831 776 3869 a
797 3816 960 3869 rebus
979 3823 1187 3870 tantum
1216 3817 1345 3883 suis,
1372 3814 1468 3871 sed
1487 3818 1650 3871 etiam
1671 3832 1701 3869 a
1724 3831 1782 3870 se
1807 3817 1957 3885 ipsis,
1983 3831 2048 3870 ac
2067 3831 2193 3885 par-

606 3907 793 3963 dentes
828 3923 1010 3962 secum
1047 3909 1229 3962 omnia
1264 3924 1380 3972 sua,
1413 3919 1468 3960 et
1507 3923 1689 3962 rerum
1733 3908 2068 3975 proprietate
2097 3921 2190 3959 ca-

605 4007 776 4062 reant,
810 4006 864 4052 et
887 3997 973 4064 jus
1014 3997 1278 4050 libertatis
1305 3998 1576 4049 amittant.

671 4086 760 4138 IX.
804 4085 870 4137 Et
897 4084 1130 4152 quidem,
1179 4085 1300 4151 quia
1357 4085 1431 4136 ita
1472 4083 1656 4137 infelix
1698 4083 1992 4137 necessitas
2021 4085 2184 4150 cogit,

601 4176 818 4232 ferenda
847 4182 1134 4245 utcumque
1166 4183 1283 4230 erat
1321 4184 1559 4230 extrema
1590 4175 1704 4229 haec
1733 4190 1851 4230 sors
1900 4192 2108 4242 eorum,
2140 4178 2185 4232 si

602 4282 709 4324 non
737 4276 879 4325 esset
907 4268 1106 4339 aliquid
1149 4263 1458 4324 extremius.
1508 4267 1642 4322 Illud
1689 4268 1906 4336 gravius
1947 4277 2002 4323 et
2024 4285 2182 4324 acer-

2307 3174 2460 3226 dam!
2494 3171 2717 3227 Plurimi
2746 3189 2937 3242 poenas
2965 3183 3311 3243 peccatorum
3354 3188 3574 3227 suorum
3603 3171 3892 3240 perferunt,

2303 3273 2359 3319 et
2386 3265 2684 3332 intelligere
2726 3280 2918 3318 causas
2947 3279 3228 3332 poenarum
3277 3277 3437 3316 nemo
3486 3262 3755 3328 dignatur.
3789 3262 3894 3317 Sed

2305 3363 2388 3409 est
2409 3369 2569 3409 causa
2600 3353 2820 3407 evidens
2846 3368 2964 3421 qua:
2993 3353 3132 3406 hanc
3151 3351 3457 3418 superbiam
3483 3350 3639 3418 facit;
3670 3352 3893 3419 scilicet,

2306 3447 2431 3515 quia
2455 3445 2555 3499 etsi
2585 3445 2762 3513 aliqua
2783 3443 2895 3512 jam
2919 3445 3174 3513 patimur,
3199 3442 3440 3497 nondum
3462 3449 3639 3496 tamen
3660 3445 3894 3513 patimur

2305 3553 2424 3606 quae
2451 3551 2737 3590 meremur.
2795 3533 2962 3588 Tanta
2993 3542 3075 3589 est
3121 3533 3263 3586 enim
3292 3531 3662 3588 misericordia
3710 3533 3804 3588 Dei
3833 3541 3892 3587 ut

2301 3628 2404 3684 etsi
2435 3643 2533 3683 nos
2560 3627 2672 3696 pati
2699 3625 2815 3680 vult
2837 3625 3016 3693 aliqua
3042 3623 3108 3678 de
3144 3622 3370 3694 piaculis
3394 3623 3614 3688 nostris,
3646 3623 3782 3678 nolit
3807 3631 3889 3677 ta-

2301 3735 2426 3775 men
2454 3725 2647 3774 cuncta
2685 3717 2919 3771 tolerare
2951 3733 2963 3766 :
2996 3714 3121 3782 quia
3150 3713 3377 3781 castigat
3403 3713 3594 3778 malos,
3625 3728 3733 3768 non
3762 3713 3889 3768 red-

2300 3813 2380 3867 dit
2407 3811 2578 3874 mala;
2609 3817 2664 3863 et
2713 3821 3006 3876 agnoscere
3053 3820 3152 3860 nos
3195 3812 3418 3875 peccata
3465 3813 3647 3860 nostra
3685 3805 3887 3860 mavult

2299 3916 2462 3969 quam
2491 3901 2777 3954 sustinere.
2810 3887 3037 3952 Scilicet
3054 3905 3114 3951 ut
3157 3898 3260 3968 piis
3289 3913 3353 3952 ac
3381 3898 3682 3953 salubribus
3706 3897 3885 3966 flagel-

2302 3992 2366 4045 lis
2394 3990 2642 4046 ostendat
2678 3990 2833 4045 nobis
2870 4004 2988 4058 qua:
3033 3989 3172 4044 ferre
3222 4000 3546 4056 mereamur,
3573 3990 3726 4060 juxta
3754 3989 3883 4046 illud

2300 4082 2507 4138 scilicet
2535 4081 2677 4135 beati
2707 4080 2953 4152 Apostolj
2982 4081 3180 4135 dictum
3219 4096 3326 4150 quo
3356 4083 3432 4136 ait
3463 4100 3476 4134 :
3511 4081 3731 4152 Ignoras
3759 4098 3882 4153 quo-

2298 4176 2440 4228 niam
2468 4175 2670 4228 bonitas
2699 4172 2796 4226 Dei
2826 4173 2894 4252 ad
2939 4174 3292 4244 paenitentiam
3322 4183 3369 4227 te
3408 4174 3654 4228 adducit?
3680 4172 3881 4226 Secun-

2297 4266 2416 4320 dum
2445 4266 2684 4319 duritiem
2712 4274 2882 4318 autem
2911 4273 3050 4317 tuam
3076 4273 3126 4317 et
3154 4281 3242 4318 cor
3277 4266 3594 4335 imptenitens
3624 4263 3880 4316 thesauri-

1785 4381 2124 4438 STEPIIANI
2165 4380 2433 4436 BALUZII
2472 4377 2700 4434 NOTAE.

593 4521 596 4526 -
673 4477 1034 4573 {Editionejs’
1050 4477 1348 4573 Brassmam
1376 4498 1430 4546 et
1461 4491 1758 4573 Calesinii}
1797 4493 2174 4573 Postunortem
2205 4496 2253 4553 D
2281 4508 2340 4546 se
2370 4491 2642 4573 dedititios
2688 4499 2812 4573 ante
2864 4493 3103 4573 fecerant
3148 4499 3347 4560 patres,
3391 4505 3642 4573 agrorum
3667 4497 3871 4573 tamen

600 4563 762 4634 patris
782 4563 912 4634 nati,
942 4562 1192 4634 obsequiis
1216 4563 1351 4631 juris
1391 4563 1680 4631 post/turni,
1707 4563 1842 4632 juris
1873 4565 1952 4615 sui
1981 4563 2174 4634 agellos

598 4631 702 4701 non
731 4631 933 4701 habent,
966 4639 1016 4682 et
1043 4631 1110 4683 ad
1157 4647 1398 4701 agrorum
1426 4649 1610 4701 manus
1656 4631 1950 4685 caecantur.
2000 4631 2177 4686 Editio

599 4699 793 4774 I’ithmi
825 4719 838 4774 ς
882 4698 1009 4774 Post
1050 4698 1262 4774 mortem
1292 4704 1454 4774 patris
1476 4698 1738 4773 'posthumi
1776 4704 1885 4755 nati
1926 4702 2178 4774 obsequiis

596 4771 728 4842 juris
755 4770 1199 4842 sui-ag_ellos_nou
1230 4772 1436 4836 habent,
1475 4770 1522 4825 et
1551 4790 1790 4842 agrorum
1822 4790 2029 4826 munere
2057 4770 2178 4825 ene-

597 4837 1022 4914 eantiu'._Collcx
1057 4840 1398 4914 Corbeiensis
1431 4861 1442 4894 :
1476 4837 1603 4914 Post
1631 4852 1848 4896 mortem
1875 4845 2039 4914 patris
2069 4844 2177 4895 nati

597 4909 851 4980 obsequiis
873 4909 1009 4981 juris
1038 4913 1120 4983 sui
1146 4912 1339 4983 agellos
1359 4929 1464 4983 non
1494 4912 1700 4976 habent,
1731 4924 1779 4966 et
1801 4909 2043 4983 agrorum
2073 4929 2180 4964 mu-

598 4994 697 5054 nus
734 4979 1029 5054 enecentur.
1085 4979 1371 5054 Colbertq
1418 4981 1550 5054 Post
1597 4979 2020 5054 mortem'patris
2069 4983 2182 5035 nati

599 5050 848 5121 obsequiis
887 5051 1008 5123 viris
1037 5051 1295 5123 postlutmi
1315 5053 1452 5123 juris
1478 5054 1560 5123 sui
1593 5052 1804 5122 agellos,
1840 5050 1967 5117 etc.,
1995 5068 2179 5106 munus

597 5119 898 5176 onerantur.
931 5119 1114 5191 Itaque
1154 5119 1336 5174 Codex
1367 5119 1706 5175 Corbeiensis
1746 5139 1852 5176 non
1901 5124 2062 5176 habet
2083 5138 2179 5174 vo-

601 5203 717 5260 cem
746 5193 1001 5259 posthumi
1033 5209 1050 5245 :
1075 5206 1235 5260 quam
1263 5191 1526 5259 glossema
1557 5206 1695 5255 esse,
1727 5201 1782 5244 et
1809 5192 1875 5245 ab
1911 5207 1976 5244 eo
2019 5192 2180 5245 intro-

601 5257 814 5330 ductam
835 5263 926 5328 qui
951 5257 1164 5330 putaret
1189 5257 1285 5315 hic
1301 5262 1384 5328 agi
1409 5260 1474 5314 de
1497 5260 1619 5314 ﬁliis
1642 5262 1779 5314 natis
1801 5268 1922 5329 post
1950 5269 2178 5313 mortem

597 5329 785 5397 patris,
829 5331 930 5400 qui
953 5329 1113 5399 vulgo
1156 5332 1427 5400 posthumi
1466 5339 1745 5392 vocantur,
1793 5330 1921 5382 mihi
1960 5331 2177 5383 dubium

598 5413 708 5469 non
731 5407 829 5469 est.
870 5398 935 5451 Et
957 5398 1097 5453 haud
1125 5398 1283 5455 dubie
1311 5402 1364 5454 in
1395 5417 1490 5469 ora
1523 5401 1640 5454 libri
1680 5400 1914 5469 reposita
1940 5401 2170 5468 primum

595 5467 714 5530 fuit,
745 5467 938 5521 deinde
981 5470 1195 5537 irrepsit
1221 5473 1272 5524 in
1326 5467 1548 5526 textum.
1577 5467 1778 5526 Verum
1817 5467 2057 5537 quisQuis
2087 5469 2173 5522 ille

595 5537 696 5610 fuit
727 5538 999 5610 qu_i__banc
1024 5553 1212 5610 vocem
1243 5540 1454 5606 adjecit,
1485 5557 1592 5596 non
1621 5542 1761 5610 cepit
1791 5555 2005 5610 sensum
2053 5538 2173 5610 Sal-

596 5608 759 5662 viani.
792 5607 922 5661 Illud
951 5608 1094 5661 enim
1123 5616 1325 5663 tantum
1358 5612 1466 5664 vult
1494 5607 1792 5674 Salvianus,
1845 5607 1980 5663 ﬁlios
2011 5609 2176 5678 patri-

595 5679 698 5734 bus
724 5678 1057 5747 superstites,
1104 5693 1224 5731 cum
1254 5680 1320 5750 ad
1361 5680 1480 5734 illos
1511 5682 1778 5750 possessio
1824 5688 2175 5750 patemorum

596 5751 865 5810 bonorum
890 5750 999 5803 non
1045 5749 1374 5819 perveniret,
1403 5749 1609 5807 sed’ad
1654 5749 1904 5823 potentes
1944 5764 2174 5821 quorum

2284 4562 2679 4617 conditionibus
2707 4563 2972 4615 obnoxios
2995 4561 3176 4626 fuisse,
3196 4577 3405 4631 proque
3432 4561 3498 4615 iis
3519 4561 3716 4615 tributa
3741 4576 3874 4631 pen-

2284 4632 2412 4686 dere
2439 4641 2676 4693 coactos,
2709 4632 3105 4700 tainquanrsui
3137 4640 3338 4686 essent.

2360 4702 2385 4738 δ
2428 4701 2504 4754 Ita
2533 4701 2697 4754 editio
2741 4699 2955 4754 Pithmi.
2991 4699 3268 4755 Ed'itiones
3296 4701 3596 4756 Brassicani
3625 4710 3680 4756 et
3723 4700 3876 4756 Gale~

2285 4771 2404 4824 sinii
2435 4771 2634 4825 habent
2670 4770 2740 4822 ad
2778 4787 3020 4839 agrorum
3041 4787 3244 4824 munus.
3286 4770 3471 4826 Codex
3489 4769 3830 4826 Corbeiensis
3855 4813 3870 4836 ,

2284 4857 2525 4912 agrorum
2553 4856 2756 4912 munus.
2791 4841 2966 4912 Atque
2993 4856 3062 4912 ea
3087 4847 3342 4912 veterum
3390 4841 3688 4912 editionum
3716 4843 3876 4895 lectio

2285 4909 2416 4964 mihi
2461 4911 2748 4980 plurimum
2789 4910 2984 4979 placet.
3036 4909 3124 4964 Ait
3167 4911 3366 4980 quippe
3412 4910 3696 4967 Salvianus
3740 4911 3875 4964 ﬁlios

2263 4987 2268 4990 ’
2293 4980 2432 5044 illos,
2463 4995 2582 5033 cum
2606 4995 2858 5048 agrorum
2888 4989 3233 5050 paternorum
3276 4996 3618 5050 possessores
3648 4997 3754 5035 non
3785 4995 3873 5034 es-

2289 5059 2429 5120 sent,
2446 5065 2544 5119 per
2563 5065 2826 5104 summam
2857 5058 3036 5104 tamen
3065 5049 3312 5117 injuriam
3342 5051 3409 5104 ad
3439 5052 3752 5120 pensionem
3778 5051 3874 5103 tri-

2287 5119 2542 5174 butorum
2569 5135 2633 5175 ac
2657 5120 3014 5188 vectigalium,
3047 5134 3167 5186 quae
3191 5127 3301 5172 tum
3330 5119 3552 5174 munera
3584 5122 3868 5184 vocabant,

2289 5197 2506 5245 coactos
2535 5190 2717 5253 fuisse,
2751 5191 2992 5257 adeoque
3030 5195 3318 5257 propterea
3359 5199 3614 5245 enecatos
3639 5188 3873 5258 quodam

2288 5262 2450 5315 modo
2477 5261 2822 5315 acerbissima
2852 5267 2907 5312 et
2945 5258 3275 5324 iniquissima
3306 5260 3627 5314 tributorum
3676 5260 3873 5313 intole-

2287 5331 2534 5384 rabilium
2581 5330 2881 5392 exactione,
2915 5327 3188 5399 quomodo
3238 5329 3283 5383 si
3343 5331 3448 5382 vita
3478 5332 3546 5383 ab
3573 5331 3652 5384 eis
3682 5343 3872 5399 posce-

2283 5409 2451 5454 retur.
2494 5400 2634 5453 Infra
2669 5405 2914 5453 extremo
2952 5397 3086 5451 libro
3120 5406 3305 5464 sexto,
3339 5414 3461 5468 pag.
3498 5399 3598 5452 MO
3631 5418 3644 5452 :
3675 5397 3872 5468 Aurum

2281 5471 2417 5533 quod
2446 5470 2734 5538 pendimus,
2765 5484 2978 5520 munera
3014 5484 3271 5522 vocamus.
3305 5467 3490 5523 Lectio
3533 5478 3713 5524 tamen
3754 5467 3870 5521 edi-

2279 5537 2780 5601 tionisPithmanm,
2805 5553 2965 5603 quam
2992 5537 3330 5602 retinuimus,
3356 5539 3496 5592 bona
3527 5549 3627 5604 est,
3661 5547 3716 5593 et
3743 5552 3871 5591 sen-

2279 5623 2394 5662 sum
2423 5608 2620 5661 bonum
2649 5605 2791 5670 facit,
2821 5609 3104 5661 tamenetsi
3134 5625 3242 5663 non
3275 5611 3350 5662 ita
3387 5609 3622 5665 nobilem
3652 5623 3716 5663 ac
3743 5607 3866 5663 alia.

2355 5687 2378 5715 ο
2422 5677 2546 5730 Haec
2565 5676 2760 5730 desunt
2799 5673 2851 5729 in
2886 5677 3072 5731 codice
3098 5675 3416 5734 Colbertino
3444 5685 3500 5733 et
3529 5679 3584 5734 in
3613 5676 3868 5736 editioni-

2278 5748 2380 5806 bus
2407 5746 2710 5803 Brassicani
2731 5755 2787 5803 et
2809 5745 3088 5814 Galesinii.
