4234 6262
379 385 486 446 105

1393 363 1398 368 ’
1443 373 1534 437 DE
1569 378 2098 437 GUBERNATIONE
2139 379 2249 433 DEI
2288 368 2413 434 ub.
2463 363 2520 434 ν.

3556 383 3660 439 106

377 519 470 558 ιω
501 499 591 555 tibi
617 501 757 554 iram
783 498 839 552 in
869 497 951 552 die
975 496 1068 551 ire
1107 490 1283 567 (Rom.
1332 511 1388 561 ιι,
1421 494 1473 559 4,
1517 493 1594 567 5).
1625 494 1692 549 Ει
1720 510 1848 551 vere
1896 495 1970 548 ita
1994 497 2050 556 Α
2073 503 2128 549 et
2167 496 2534 549 testimonium
2582 493 2713 548 mihi
2741 492 2905 548 etiam
2951 492 3282 550 conscientia
3313 509 3409 551 sua
3452 496 3660 563 dicunt,

381 595 615 663 agimus,
658 601 717 645 ut
741 590 869 645 dicit
892 587 1198 658 Apostolus.
1233 587 1374 643 Deus
1401 588 1545 642 enim
1575 604 1676 644 nos
1716 595 1876 643 vocat
1903 587 1971 642 ad

381 685 774 758 pmnitentiam,
803 681 896 737 sed
922 696 1021 736 nos
1041 681 1467 737 thesaurizamus
1495 680 1651 735 iram.
1696 680 1838 735 Deus
1867 695 1968 735 nos

381 779 577 833 invitat
614 775 679 830 ad
710 772 938 840 veniam,
972 771 1068 828 sed
1112 788 1210 828 nos
1237 771 1477 842 quotidie
1521 771 1855 826 cumulamus
1883 769 1968 825 of—

382 867 608 925 fensam.
633 865 751 920 Vim
781 865 892 920 Deo
921 864 1147 920 facimus
1173 863 1330 935 108
1356 863 1729 932 iniquitatibus
1749 861 1965 925 nostris,

380 961 486 1032 ipsi
533 961 582 1015 in
611 975 709 1014 nos
755 959 892 1012 iram
936 956 1242 1012 Divinitatis
1289 971 1576 1010 armamus.
1622 953 1876 1023 Cogimus
1903 954 1970 1008 ad

379 1052 711 1109 ulciscendas
739 1051 1026 1107 criminum
1057 1058 1362 1105 nostrorum
1395 1049 1757 1104 immanitates
1780 1047 1968 1102 nolen-

378 1152 488 1200 tem
532 1142 724 1198 Deum.
773 1141 951 1213 Prope
980 1150 1064 1197 est
1103 1150 1164 1196 ut
1209 1157 1332 1196 eum
1362 1157 1468 1196 non
1511 1141 1886 1211 permittamus
1912 1148 1972 1194 ut

373 1241 579 1304 parcat.
615 1233 750 1288 Nam
780 1249 906 1288 cum
935 1234 991 1287 in
1016 1247 1142 1287 eum
1183 1233 1386 1287 nullum
1434 1246 1669 1301 unquam
1699 1230 1969 1300 injustitia:

372 1325 588 1394 signum
617 1325 816 1380 cadere
845 1334 939 1379 aut
976 1339 1241 1395 apparere
1268 1324 1456 1394 possit,
1501 1323 1580 1378 sic
1608 1325 1811 1391 agimus
1837 1331 1896 1376 ut
1924 1323 1970 1376 si

374 1415 732 1470 enormitates
762 1405 1071 1471 nostrorum
1116 1415 1378 1471 scelerum
1418 1431 1527 1471 non
1557 1415 1850 1481 ulciscitur,
1883 1415 1967 1468 in-

371 1504 550 1575 iustus
577 1522 698 1562 esse
728 1507 993 1563 videatur.
1844 1500 1854 1509 ’

446 1595 516 1650 X.
558 1595 664 1652 Sed
693 1596 946 1653 videlicet
987 1605 1244 1668 peccator
1289 1596 1389 1652 fuit
1436 1597 1724 1667 aliquando
1753 1597 1966 1666 aliquis,

372 1687 604 1744 fortasse
627 1689 740 1759 jam
769 1705 879 1744 non
907 1689 1024 1744 est?
1051 1689 1133 1743 An
1162 1696 1245 1743 est
1269 1689 1414 1744 ullus
1439 1688 1723 1743 criminum
1753 1687 1966 1754 modus,

374 1789 430 1838 et
458 1799 570 1839 non
598 1782 748 1852 prius
775 1789 859 1837 est
883 1789 942 1837 ut
981 1780 1047 1836 de
1070 1781 1178 1835 vita
1203 1781 1450 1836 homines
1479 1794 1642 1849 quam
1672 1765 1744 1834 de
1768 1779 1968 1848 iniqui-

2074 601 2194 640 cum
2223 585 2376 667 multi
2407 585 2517 647 alii,
2544 592 2658 639 tum
2686 584 2957 654 praecipue
2999 583 3076 638 illi
3105 601 3367 642 novorum
3396 587 3666 644 honorum

2073 679 2309 746 religiosi
2332 679 2642 743 ambitores,
2672 687 2729 732 et
2755 686 2880 748 post
2907 686 3186 749 acceptum
3208 682 3539 750 poenitentia:
3564 700 3671 738 no-

2073 787 2218 836 men,
2241 772 2584 842 amplissimte
2613 786 2678 826 ac
2700 772 2849 842 prius
2873 788 2979 827 non
3013 773 3210 828 habitae
3239 776 3525 844 potestatis
3550 792 3666 832 em-

2073 871 2276 932 ptores.
2311 862 2460 918 Adeo
2490 878 2597 918 non
2644 864 2929 918 saeculares
2967 872 3196 932 tantum,
3229 866 3324 921 sed
3351 867 3471 937 plus
3499 869 3668 924 etiam

2073 970 2233 1024 quam
2262 956 2547 1010 saeculares
2576 970 2695 1010 esse
2718 955 3035 1020 voluerunt;
3061 965 3119 1010 ut
3148 973 3256 1011 non
3286 956 3558 1014 sulliceret
3587 960 3671 1014 eis

2072 1045 2218 1114 quod
2247 1055 2371 1101 ante
2397 1046 2627 1112 fuerant,
2663 1046 2770 1100 nisi.
2786 1046 2906 1116 plus
2931 1055 3112 1102 essent
3131 1055 3317 1116 postea
3343 1063 3504 1117 quam
3529 1048 3662 1104 fuis-

2072 1146 2211 1191 sent.
2245 1137 2526 1204 Quomodo
2555 1137 2718 1207 igitur
2739 1137 2874 1192 tales
2903 1137 2987 1191 isti
3011 1137 3380 1207 pcenitentiam
3410 1155 3470 1195 se
3490 1141 3667 1208 egisse

2073 1244 2180 1282 non
2204 1229 2470 1298 pmnitent
2493 1246 2507 1294 ;
2531 1229 2674 1283 sicut
2700 1229 2862 1283 etiam
2892 1228 2968 1282 illi
2997 1228 3064 1282 de
3089 1229 3440 1285 conversione
3466 1247 3530 1285 ac
3552 1231 3668 1286 Deo

2073 1320 2274 1389 aliquid
2302 1321 2589 1389 cogitasse,
2612 1321 2704 1390 qui
2731 1336 2762 1374 a
2791 1320 3110 1389 coniugibus
3138 1320 3371 1390 propriis
3399 1321 3667 1376 abstineri.

2075 1418 2173 1477 tes,
2207 1427 2237 1465 a
2266 1427 2448 1466 rerum
2479 1412 2776 1466 alienarum
2807 1412 3126 1482 pervasione
3153 1428 3262 1467 non
3289 1413 3577 1480 abstinent,
3611 1421 3668 1474 et

2072 1517 2195 1558 cum
2238 1501 2597 1573 profiteantur
2625 1503 3014 1558 continentiam
3042 1519 3348 1573 corporum,
3381 1502 3408 1542 ι)
3436 1504 3669 1560 inconti-

2075 1593 2258 1648 nentia
2327 1594 2732 1649 debacchantur
2786 1595 3108 1649 animorum.
3185 1595 3391 1654 Novum
3444 1613 3671 1667 prorsus

2073 1686 2442 1741 conversionis
2471 1700 2658 1754 genus.
2687 1685 2856 1740 Licita
2908 1701 3016 1740 non
3043 1686 3265 1752 faciunt,
3299 1697 3353 1742 et
3398 1699 3420 1726 α
3464 1689 3667 1749 inlicita

2074 1778 2434 1833 committunt.
2467 1777 2795 1848 Temperant
2820 1794 2848 1831 a
2881 1779 3187 1844 concubitu,
3235 1789 3288 1833 et
3317 1796 3425 1835 non
3455 1789 3664 1852 tempe-

374 1881 490 1929 tate
527 1872 852 1939 discedant?
878 1872 1009 1939 Quis
1037 1873 1184 1927 enim
1214 1887 1321 1927 non
1351 1887 1475 1926 cum
1503 1871 1636 1940 ipsis
1675 1871 1972 1940 iniquitati-
2000 1879 2048 1939 Β
2075 1877 2198 1924 rant
2241 1885 2271 1923 a
2319 1869 2528 1940 rapina.
2577 1867 2716 1934 Quid
2743 1869 2876 1938 agis,
2910 1870 3071 1923 stulta
3101 1872 3409 1939 persuasio?
3439 1870 3664 1932 Peccata

375 1964 479 2021 bus
499 1966 610 2021 suis
630 1966 874 2031 moritur,
897 1973 952 2019 et
992 1979 1114 2019 cum
1145 1963 1274 2033 ipsis
1303 1962 1594 2018 admodum
1633 1971 1792 2031 atque
1814 1964 1866 2017 in
1891 1964 1972 2033 ip-

379 2059 458 2114 sis
484 2059 778 2115 sceleribus
803 2058 1104 2128 sepelitur?
1134 2055 1205 2111 Ut
1230 2071 1359 2110 vere
1386 2056 1454 2128 de
1477 2055 1560 2110 his
1589 2055 1970 2125 propheticqu

385 2150 523 2204 illud
547 2150 847 2204 rectissime
893 2149 997 2203 dici
1023 2148 1192 2217 possit
1241 2165 1252 2199 :
1286 2146 1534 2217 Sepulcra
1561 2163 1756 2212 eorum,
1792 2146 1972 2201 domus

385 2253 567 2293 eorum
594 2239 646 2290 in
677 2247 961 2301 aeternum;
991 2245 1040 2290 et
1067 2237 1349 2306 comparati
1395 2245 1514 2289 sunt
1553 2237 1804 2306 jumentis
1842 2236 1972 2288 insi-

381 2329 660 2402 pientibus,
693 2338 743 2397 et
789 2329 981 2384 similes
1027 2330 1153 2400 facti
1181 2337 1299 2381 sunt
1330 2327 1434 2381 illis
1466 2327 1638 2400 (Psal.
1669 2344 1847 2393 XLVIII,
1881 2325 1967 2390 12,

381 2419 492 2490 15).
526 2420 702 2490 Atque
755 2420 958 2474 utinam
999 2418 1286 2488 jumentis!
1341 2418 1533 2474 Melius
1561 2420 1762 2489 quippe
1809 2417 1973 2473 fuerit

379 2508 616 2565 belluina
644 2511 999 2582 imprudentia
1042 2510 1307 2580 deviasse.
1338 2508 1472 2564 lllud
1503 2511 1654 2581 pejus
1701 2518 1757 2565 et
1783 2510 1969 2565 crimi-

376 2605 580 2671 nosius,
608 2604 732 2672 quia
765 2621 871 2660 non
892 2605 1195 2673 ignorantia
1214 2605 1331 2671 Dei,
1357 2604 1452 2660 sed
1478 2604 1825 2674 despectione
1851 2619 1973 2674 pec-

377 2705 585 2752 carunt.
619 2696 794 2766 Atque
842 2697 947 2752 hoc
988 2697 1240 2752 videlicet
1269 2697 1396 2752 laici
1440 2696 1832 2763 tantummodo,
1863 2713 1970 2753 non

377 2787 592 2856 quidam
612 2786 788 2843 etiam
842 2788 1201 2843 clericorum?
1243 2787 1534 2842 smeulares
1575 2789 1966 2855 tantummodo,

376 2892 487 2933 non
513 2879 671 2933 multi
699 2879 863 2934 etiam
887 2878 1162 2945 religiosi?
1189 2878 1354 2932 immo
1376 2878 1475 2933 sub
1497 2881 1678 2948 specie
1698 2879 1971 2949 religionis

380 2969 528 3024 vitiis
556 2970 903 3024 saecularibus
941 2969 1235 3039 mancipati
1267 2987 1280 3022 :
1312 2970 1406 3038 qui
1452 2970 1657 3030 scilicet
1687 2979 1808 3040 post
1832 2979 1973 3027 vete-

385 3073 508 3112 rum
553 3057 876 3127 llagitiorum
929 3060 1128 3128 probra
1190 3068 1244 3114 et
1289 3059 1511 3115 crimina
1559 3060 1714 3115 titulo
1759 3061 1972 3118 sibimet

386 3149 693 3203 sanctitatis
719 3149 997 3219 inscripto,
1022 3165 1131 3204 non
1156 3150 1565 3206 conversatione
1588 3151 1698 3216 alii,
1730 3151 1823 3207 sed
1841 3168 1970 3222 pro-

2078 1961 2353 2016 interdixit
2400 1961 2560 2025 Deus,
2609 1957 2635 1996 δ
2667 1975 2774 2015 non
2804 1961 3162 2015 matrimonia.
3195 1961 3312 2016 Non
3341 1965 3665 2022 conveniunt

2075 2050 2267 2104 vestris
2310 2049 2502 2104 studiis
2540 2049 2680 2105 facta
2712 2059 2908 2104 vestra.
2959 2050 3077 2105 Non
3105 2051 3312 2108 debetis
3357 2070 3474 2109 esse
3507 2056 3664 2114 amici

2075 2141 2382 2204 criminum,
2405 2141 2497 2209 qui
2526 2141 2706 2196 dicitis
2746 2157 2841 2196 vos
2865 2151 2888 2179 ⁶
2919 2151 3214 2198 sectatores
3242 2160 3361 2201 esse
3386 2146 3664 2202 virtutum.

2075 2231 2468 2300 Prteposterum
2492 2239 2575 2285 est
2603 2231 2746 2299 quod
2769 2233 2947 2300 agitis.
2978 2233 3095 2289 Non
3116 2243 3199 2290 est
3227 2236 3333 2292 hoc
3359 2239 3664 2306 conversio,

2073 2323 2168 2378 sed
2208 2323 2436 2378 aversio.
2481 2322 2617 2390 Quia
2665 2324 2777 2392 jam
2827 2325 3054 2394 pridem,
3106 2336 3163 2382 ut
3191 2328 3332 2383 fama
3376 2338 3476 2393 est,
3528 2347 3665 2400 opus

2073 2413 2238 2467 etiam
2280 2414 2493 2469 honesti
2524 2415 2851 2471 matrimonii
2899 2418 3208 2489 reliquistis,
3250 2421 3464 2476 tandem
3493 2437 3523 2475 a
3550 2439 3664 2478 see.

2073 2503 2188 2558 lere
2215 2511 2442 2559 cessate.
2476 2503 2545 2560 Et
2573 2505 2789 2575 quidem
2807 2507 3012 2577 justum
3042 2518 3143 2577 est,
3174 2520 3233 2565 ut
3258 2513 3326 2567 ab
3357 2515 3503 2568 omni
3543 2530 3663 2570 sce~

2071 2597 2202 2652 lere.
2237 2597 2344 2652 Sed
2390 2606 2570 2654 tamen
2602 2600 2647 2654 si
2689 2616 2796 2656 non
2843 2603 2910 2658 ab
2939 2605 3106 2668 omni,
3138 2605 3261 2673 quia
3309 2606 3412 2660 hoc
3437 2605 3662 2665 fortassc

2071 2689 2262 2744 durum
2289 2698 2344 2745 et
2381 2691 2714 2762 impossibile
2741 2710 2861 2749 esse
2884 2696 3119 2760 creditis,
3152 2705 3300 2750 certe
3325 2697 3409 2750 vel
3439 2713 3469 2750 a
3491 2699 3663 2752 maxi-v

2071 2799 2161 2837 mo
2217 2792 2272 2838 et
2313 2784 2643 2854 prodigioso.
2677 2785 2828 2850 Esto,
2870 2787 3024 2855 juxta
3081 2795 3152 2852 te,
3191 2789 3514 2858 quicumque
3574 2792 3662 2848 illa

2071 2891 2148 2941 es,
2181 2875 2341 2930 vicini
2386 2884 2529 2932 stare
2569 2893 2675 2932 non
2712 2877 2949 2932 valeant.
2997 2876 3155 2945 Esto,
3199 2895 3463 2950 pauperes
3500 2883 3660 2939 habi-

2071 2978 2188 3025 tare
2254 2985 2362 3025 non
2419 2971 2644 3040 possint.
2709 2969 2869 3034 Esto,
2931 2973 3004 3027 sis
3067 2983 3385 3043 persecutor
3458 2979 3659 3034 multo-
3747 3019 3754 3024 μ

2070 3077 2186 3115 rum
2215 3061 2437 3138 inopum
2478 3071 2825 3132 vastatorque
2879 3065 3219 3120 miserorum.
3272 3067 3404 3124 Esto
3432 3071 3661 3128 alllictor

2073 3157 2335 3221 omnium,
2363 3154 2654 3211 dummodo
2701 3163 3101 3214 extraneorum.
3151 3159 3411 3229 Tandem,
3456 3179 3660 3233 quaeso,

382 3240 617 3297 fessione
652 3257 848 3296 nomen
881 3249 1087 3296 tantum
1113 3242 1475 3309 demutavere,
1505 3259 1615 3299 non
1660 3245 1826 3299 vitam
1857 3255 1884 3283 α
1911 3253 1968 3301 et
1991 3261 2038 3325 ο
2067 3247 2154 3301 vel
2184 3248 2287 3302 tuis
2311 3262 2507 3317 parce;
2541 3257 2597 3304 et
2642 3251 2686 3304 si
2736 3266 2844 3306 non
2872 3252 3120 3309 omnibus
3145 3254 3269 3320 tuis,
3321 3257 3445 3326 quia
3493 3260 3660 3315 etiam

379 3347 642 3387 summam
696 3331 860 3387 divini
889 3333 1064 3387 cultus
1111 3333 1351 3388 habitum
1391 3335 1562 3404 magis
1597 3350 1758 3406 quam
1787 3346 1967 3392 actum

379 3422 766 3487 existimantes,
801 3431 1004 3478 vestem
1027 3425 1398 3480 tantummodo
1419 3440 1642 3491 exuere,
1672 3443 1782 3483 non
1811 3445 1966 3484 men-

379 3520 511 3567 tem.
543 3510 698 3568 Unde
744 3513 819 3568 illi
849 3529 908 3569 se
935 3514 1142 3571 minore
1171 3515 1370 3571 invidia
1396 3518 1714 3575 criminosos
1741 3528 1964 3590 putant;
1989 3518 1992 3520 ’

379 3603 470 3673 qui
498 3619 619 3659 cum
669 3606 1041 3675 paenitentiam
1087 3608 1240 3677 quasi
1294 3610 1468 3677 egisse
1515 3611 1782 3679 dicantur,
1830 3614 1970 3670 sicut

380 3710 559 3751 mores
587 3697 864 3767 pristinos,
898 3698 971 3751 ita
1013 3699 1176 3753 etiam
1205 3699 1446 3754 habitum
1484 3716 1593 3757 non
1635 3703 1963 3773 relinquunt.

379 3786 513 3844 Nam
535 3789 715 3845 taliter
739 3789 908 3845 ferme
929 3791 1111 3845 omnia
1132 3799 1316 3859 agunt,
1346 3800 1405 3846 ut
1431 3808 1525 3848 eos
1545 3809 1654 3849 non
1677 3804 1787 3850 tam
1808 3804 1967 3866 putes

381 3887 536 3934 antea
564 3881 936 3960 paenitentiam
966 3883 1250 3937 criminum
1280 3883 1451 3952 egisse
1486 3899 1648 3954 quam
1676 3897 1865 3957 postea
1892 3887 1970 3957 ip-
1997 3913 2004 3918 η

384 3968 494 4024 sius
512 3973 841 4040 poenitentia:
869 3975 1151 4040 poenitere,
1197 3990 1296 4030 nec
1342 3983 1450 4030 tam
1481 3978 1628 4047 prius
1654 3980 1968 4049 paenituisse

393 4063 550 4134 109
576 4065 717 4132 quod
737 4067 877 4120 male
899 4067 1127 4122 vixerint
1155 4083 1315 4137 quam
1343 4079 1530 4140 postea
1559 4072 1703 4140 quod
1746 4089 1804 4128 se
1841 4090 1968 4143 pro-

387 4153 631 4208 miserint
654 4155 794 4210 bene
822 4171 938 4211 esse
961 4158 1218 4214 victuros.
1249 4158 1437 4215 Sciunt
1462 4177 1548 4216 me
1579 4177 1764 4217 verum
1793 4164 1962 4235 loqui,

2075 3338 2177 3393 hoc
2221 3337 2445 3394 forsitan
2474 3355 2763 3398 onerosum
2793 3343 2889 3399 tibi
2930 3352 2985 3399 et
3023 3360 3188 3416 grave
3223 3347 3432 3417 judicas
3474 3352 3518 3405 si
3559 3354 3664 3408 tuis

2075 3433 2323 3488 omnibus
2350 3435 2506 3506 110
2532 3451 2742 3506 parcas,
2775 3453 2938 3508 parce
2965 3439 3154 3495 saltem
3187 3442 3270 3496 vel
3298 3443 3402 3498 illis
3434 3445 3536 3500 tuis
3565 3445 3662 3514 qui

2078 3533 2128 3578 te
2158 3541 2266 3580 non
2288 3525 2536 3582 allinibus
2559 3537 2766 3584 tantum
2789 3529 2908 3584 aliis
2932 3538 3024 3586 aut
3051 3533 3387 3603 pr0pinquis,
3419 3536 3513 3591 sed
3536 3553 3661 3606 per-

2076 3617 2223 3672 sonis
2248 3617 2411 3671 etiam
2438 3618 2851 3674 devinctissimis
2898 3628 2954 3674 et
2998 3622 3312 3690 pignoribus
3331 3626 3660 3683 cbarissimis

2075 3707 2444 3774 praetulerunt.
2477 3705 2544 3758 Et
2570 3708 2700 3774 quid
2728 3708 2904 3761 dicam
2954 3709 3021 3762 de
3067 3711 3377 3778 pignoribus
3407 3730 3471 3768 ac
3499 3714 3659 3772 ﬁliis?

2073 3794 2433 3850 Pmctulerunt
2462 3810 2514 3851 te
2541 3797 2702 3851 etiam
2744 3799 3024 3855 animabus
3051 3816 3190 3870 pene
3213 3818 3276 3857 ac
3298 3806 3496 3873 spebus
3523 3812 3654 3877 suis,

2073 3903 2180 3943 non
2210 3887 2426 3958 quidem
2475 3887 2840 3955 laudabiliter;
2888 3897 2943 3943 et
2987 3906 3226 3947 errorem
3265 3910 3422 3950 suum
3464 3900 3556 3968 qui
3582 3901 3658 3960 ita

2073 3981 2200 4050 egit,
2233 3981 2347 4051 ipse
2370 3981 2666 4051 cognoscit.
2699 3979 2804 4037 Sed
2831 3981 2960 4052 quid
2979 3984 3047 4038 ad
3068 3991 3121 4039 te
3142 3992 3344 4052 tamen,
3365 3990 3452 4044 cui
3480 3991 3657 4061 ipsum

2073 4076 2175 4130 hoc
2200 4075 2448 4146 praestitit
2475 4075 2620 4146 quod
2642 4077 2875 4131 erravit?
2914 4076 3028 4133 Hoc
3066 4080 3210 4134 enim
3250 4082 3368 4151 plus
3389 4085 3438 4139 ei
3468 4085 3654 4156 debes,

2072 4169 2197 4236 quia
2227 4168 2529 4224 dilectionis
2569 4178 2673 4224 tum
2716 4170 2993 4226 nimietate
3022 4174 3282 4241 peccavit.
3315 4177 3500 4235 Caecus
3529 4182 3652 4251 qui-

1543 4271 1882 4329 STEPHANI
1921 4275 2192 4332 BALUZII
2225 4277 2453 4332 NOTAE.

457 4391 482 4419 ⁸
521 4380 705 4436 Secuti
746 4397 928 4438 sumus
955 4384 1056 4439 hoc
1083 4385 1203 4440 loco
1233 4385 1611 4440 auctoritatem
1641 4386 1958 4445 editionum.

385 4451 569 4506 Codex
589 4449 929 4506 Corbeiensis
953 4454 1032 4508 sic
1057 4455 1251 4511 habet:
1275 4454 1345 4508 Et
1373 4466 1580 4508 sumant
1607 4457 1767 4511 divini
1797 4459 1962 4514 cultus

386 4521 619 4594 habitum
640 4523 804 4592 magis
832 4541 982 4594 quam
1019 4535 1216 4588 actum,
1249 4527 1602 4580 existimantes
1632 4537 1817 4582 vestem
1848 4539 1964 4582 tan-

386 4591 649 4669 tummodo
678 4591 878 4669 cinere,
910 4611 1016 4669 non
1047 4605 1283 4669 mentem.
1318 4595 1408 4651 Sic
1448 4611 1576 4669 ergo
1607 4613 1706 4652 nos
1733 4599 1965 4669 scripse-

380 4677 564 4716 ramus
586 4662 640 4715 in
669 4663 839 4730 prima
860 4664 1116 4719 editione.
1142 4665 1250 4720 Sed
1271 4681 1411 4722 nunc
1433 4662 1605 4722 visum
1629 4677 1712 4724 est
1731 4662 1965 4726 retinere

379 4740 621 4788 veterem
651 4731 956 4788 lectionem.

451 4801 478 4840 δ
515 4801 1179 4877 Ita_codex_Corbeiensis.
1211 4804 1279 4859 Et
1308 4807 1380 4861 ita
1406 4808 1686 4877 legendum
1708 4825 1826 4866 esse
1853 4825 1970 4865 mo-
1991 4797 2046 4858 D

381 4879 576 4946 nuerat
604 4870 998 4946 Rittershusius
1034 4891 1136 4945 pro
1165 4892 1230 4931 eo
1270 4877 1413 4946 quod
1459 4870 1722 4935 éditiones
1767 4882 1969 4936 habent

377 4945 432 4995 in
460 4944 912 4998 incontinentiam.

456 5011 743 5087 {sanctus
772 5012 1065 5087 Gregorius
1087 5017 1176 5087 lib.
1206 5034 1277 5082 ιιι,
1309 5018 1462 5087 epist.
1496 5018 1594 5072 59:
1623 5017 1756 5083 Quia
1783 5021 1968 5075 illicita

379 5098 436 5135 se
479 5083 656 5149 fecisse
700 5083 1024 5149 meminerat,
1049 5083 1376 5142 laudabiliter
1412 5105 1443 5139 a
1478 5089 1628 5142 licitis
1659 5089 1966 5144 abstinebat.

379 5150 529 5227 Yide
557 5150 648 5227 lib.
691 5167 760 5206 vn
804 5152 1098 5227 Capitular.
1132 5171 1250 5227 cap.
1284 5157 1370 5224 61,
1401 5165 1455 5212 et
1493 5156 1738 5227 Capitula
1783 5159 1968 5214 Karoli

376 5219 551 5294 Caivi
559 5220 639 5272 tit.
672 5236 854 5288 xxvnl,
884 5219 1004 5294 cap.
1039 5224 1124 5277 η.

449 5288 476 5327 ά
516 5289 745 5372 Damnat
773 5307 869 5347 eos
907 5288 998 5362 qui
1040 5297 1422 5372 continentiam
1462 5297 1707 5372 professi,
1740 5298 1954 5372 interim

374 5377 412 5442 a_
435 5375 616 5442 rerum
644 5360 941 5442 alienarum
963 5367 1279 5442 pervasione
1305 5383 1411 5422 non
1435 5360 1814 5442 abhorrebant,
1834 5370 1956 5442 abs-

373 5432 610 5485 tinentes
647 5445 680 5484 a
721 5429 908 5498 licitis,
942 5429 997 5488 et
1045 5436 1226 5492 illicita
1274 5439 1687 5494 committentes.
1754 5429 1956 5495 Deinde

372 5500 527 5575 addit
567 5507 791 5571 peccata
821 5503 1162 5575 interdixisse
1208 5507 1403 5573 Deum,
1457 5524 1563 5564 non
1593 5509 1954 5575 matrimonia,

369 5572 911 5654 est,castos._v_iri
933 5583 988 5629 et
1015 5579 1200 5632 uxoris
1235 5572 1532 5654 amplexus.
1566 5582 1816 5636 Attamen
1845 5572 1956 5654 non

369 5643 449 5698 ait
470 5643 672 5719 licitum
701 5643 920 5719 cuilibet
946 5660 1064 5719 esse
1103 5649 1293 5716 quovis
1319 5643 1562 5719 iempore
1605 5667 1826 5706 uxorem
1853 5653 1954 5705 du-

368 5729 517 5770 eere.
540 5711 722 5790 __Quod
766 5712 888 5769 ideo
919 5717 1089 5790 visum
1120 5711 1210 5790 est
1256 5711 1536 5790 annotare,
1585 5736 1652 5774 ne
1681 5722 1801 5790 quis
1829 5721 1954 5775 hinc

367 5799 495 5839 cum
540 5781 706 5836 Baleo
733 5792 917 5838 contra
947 5785 1200 5844 Panistici
1228 5789 1488 5842 cwlibatus
1518 5781 1796 5844 assertores
1843 5791 1954 5843 col-

368 5852 504 5924 ligat
547 5853 710 5916 licere
753 5852 1120 5913 sacerdotibus
1147 5873 1368 5916 uxorem
1413 5859 1626 5916 ducere.
1659 5859 1793 5913 Nam
1831 5858 1951 5914 Sal-

657 5947 936 6041 ΡΑτιιοι..
981 5951 1146 6013 Llll.

2067 4393 2257 4473 vianus
2279 4392 2374 4474 hic.
2395 4407 2501 4448 non
2542 4393 2780 4474 loquitur
2799 4395 3298 4474 deracerdotibus,
3328 4403 3422 4458 sed
3449 4405 3516 4461 de
3545 4409 3649 4466 illis

2068 4465 2330 4536 quincum
2360 4465 2413 4516 in
2451 4465 2702 4536 coniugio
2725 4465 3000 4536 constituti
3034 4477 3232 4534 essent,
3261 4465 3657 4536 continentiam

2069 4531 2478 4608 profitebantur.
2509 4531 2660 4608 Quod
2702 4542 2862 4608 aetate
2905 4535 2993 4590 illa
3021 4531 3449 4606 vulgatissimum
3488 4531 3658 4608 fuisse

2067 4603 2249 4680 multis
2284 4603 2604 4680 testimoniis
2634 4603 2833 4680 conﬁci
2882 4617 3080 4676 posset.
3118 4603 3399 4671 'Videndus
3446 4603 3658 4680 tantum

2069 4674 2369 4760 ξεξνίελιιιιβ,
2383 4689 2523 4760 [cum
2550 4673 2604 4726 in
2633 4673 2737 4729 hoc
2755 4673 2898 4756 loco,
2923 4684 3035 4760 gum
3055 4680 3231 4760 etiam
3261 4683 3394 4760 infra
3432 4673 3632 4760 p.

2070 4742 2195 4807 2'51,
2225 4735 2361 4796 255.7
2381 4741 2645 4798 Caeterum
2674 4759 2740 4798 ex
2777 4735 2895 4869 iﬂso
2924 4745 3176 4804 Salviano
3204 4735 3653 4822 pid'biiui'rui‘s’gé

2073 4813 2160 4867 illa
2189 4819 2345 4868 aetate
2375 4813 2586 4869 aliquod
2610 4827 2779 4869 genus
2837 4817 3074 4869 ominum
3103 4822 3193 4869 «mi
3224 4825 3460 4869 omnth
3487 4833 3650 4869 viloln

2073 4813 2160 4889 illa
2189 4819 2345 4868 aetate
2375 4813 2586 4889 aliquod
2610 4813 3074 4889 genushominum
3103 4813 3460 4889 qui'caalibem
3487 4813 3650 4885 viiii];

2077 4882 2356 4955 ducerent,
2397 4882 2646 4955 nimirum
2692 4885 2992 4954 religiosos.
3022 4882 3156 4944 Nam
3198 4893 3253 4947 in
3302 4895 3438 4952 libro
3485 4882 3648 4955 tertio

2077 4951 2333 5032 adversus
2360 4954 2637 5032 avaritiam
2655 4951 2986 5032 radarguens
3007 4975 3102 5032 eos
3124 4964 3216 5032 qui
3241 4979 3373 5032 opes
3401 4951 3465 5020 ac
3491 4951 3652 5023 faeni.

2076 5030 2359 5105 tates‘suas
2389 5025 2460 5105 ita
2491 5024 2629 5079 inter
2655 5024 2854 5105 liberos
2881 5045 3007 5105 suos
3044 5024 3352 5086 dividebant
3375 5042 3434 5086 ut
3462 5034 3525 5088 iis
3553 5040 3649 5105 qui

2076 5093 2327 5148 smculum
2354 5093 2683 5170 reliquerant
2721 5099 3106 5170 usumfructum
3149 5107 3353 5152 tantum
3381 5093 3649 5170 portionis

2075 5178 2184 5217 suae
2211 5163 2601 5237 permitterent,
2633 5168 3014 5237 proprietatem
3042 5163 3399 5237 denegarem,
3426 5173 3502 5228 ait
3549 5177 3650 5236 de-

2074 5248 2220 5287 mum
2245 5235 2297 5306 in
2326 5247 2449 5306 pag.
2480 5234 2575 5288 26l
2607 5234 2856 5306 parentes
2881 5236 3001 5306 iilos
3049 5235 3152 5290 hac
3186 5237 3398 5295 ratione
3440 5234 3648 5306 factum

2074 5250 2220 5287 mum
2245 5251 2297 5288 ιιι
2365 5250 2449 5302 ag.
2480 5250 2575 5288 zut
2607 5250 2856 5306 parentes
2881 5250 3001 5288 Illos
3049 5250 3152 5290 nac
3186 5250 3398 5295 ratione
3440 5250 3647 5306 factum

2059 5318 2213 5377 suum
2251 5250 2539 5360 deibndere
2565 5307 2752 5360 solitos
2783 5312 2840 5377 ut
2884 5303 3125 5377 dicerent
3160 5321 3269 5377 non
3316 5309 3516 5373 debere
3564 5320 3647 5377 his

2057 5374 2348 5448 quidquam
2391 5391 2697 5448 mansurum
2740 5373 2968 5438 relinqui
3014 5374 3105 5448 qui
3156 5374 3294 5435 ﬁlios
3331 5397 3440 5440 non
3487 5373 3650 5448 habe:
3733 5441 3742 5444 _

2059 5453 2181 5522 rent
2204 5443 2424 5522 ‘qnibus
2480 5444 2761 5522 facultates
2826 5456 2951 5522 sua‘s
3005 5443 3397 5522 relinquerent.
3448 5443 3647 5522 Quibus

2058 5517 2212 5590 enim,
2248 5511 2526 5590 inquinat,
2579 5512 2809 5590 relictam
2845 5511 3192 5590 substantiam
3245 5511 3647 5585 relicturtrsttttvt

2059 5578 2207 5660 tilias
2226 5578 2637 5660 non'lia‘bentes?
2666 5578 3091 5660 Quibusverbis
3123 5578 3650 5659 manifeStenindieai

2061 5649 2342 5708 Salvianus
2364 5651 2525 5704 fuisse
2553 5656 2667 5702 tum
2688 5649 2904 5720 aliquod
2924 5657 3045 5712 vitae
3079 5649 3396 5719 institutum,
3422 5663 3510 5718 cui
3538 5649 3646 5720 an;

2062 5739 2200 5779 nexa
2231 5729 2347 5776 erat
2375 5725 2646 5788 perpetum
2665 5724 2929 5788 professio
2949 5730 3311 5786 continentia.

2139 5803 2161 5829 ε
2201 5787 2591 5874 ςοάθσιίᾨρςδεη
2615 5787 2987 5874 adfectatores;
3016 5796 3254 5854 Colbert.
3285 5810 3341 5857 et
3375 5801 3649 5871 editiones

2061 5859 2359 5916 Brassicaui
2387 5865 2442 5914 et
2460 5855 2744 5930 Galesinii,
2772 5855 3051 5933 e/fectores.

3340 5966 3376 6024 Β
