4234 6262
414 410 534 501 (ma

1498 409 1586 466 DE
1625 408 2151 475 GUBERNATIONE
2188 409 2301 466 DEI
2338 408 2465 464 LIB.
2513 407 2594 463 Vl.

3574 404 3675 460 110

419 518 484 605 ,ιη
514 518 643 591 quid
670 520 969 586 recidimus,
1000 534 1124 577 ecce
1147 519 1202 575 in
1229 520 1358 591 quid
1382 530 1506 599 post
1532 522 1678 578 illam
1703 520 1995 591 Christiani
2021 523 2076 586 Α
2098 525 2237 581 mala
2262 537 2361 593 pro
2381 520 2538 577 bonis
2555 518 2818 587 diligunt;
2848 532 2950 575 nos
2967 531 3089 574 cum
3133 516 3415 575 scientiam
3440 510 3684 577 veritatis

432 610 619 685 populi
647 611 929 681 puritatem
972 625 1078 679 qua
1124 626 1313 667 omnes
1358 611 1627 682 quondam
1672 612 2002 668 immaculati
2103 615 2415 681 habemus,
2438 626 2559 682 qua:
2585 610 2696 667 sint
2717 610 2859 666 bona
2883 610 3084 679 optime
3110 607 3139 648 δ
3162 608 3406 669 novimus
3435 609 3454 631 ‘
3482 610 3678 669 modis.

434 700 607 769 erant,
630 718 755 757 ecce
774 696 827 755 in
853 694 979 772 quid
997 698 1202 756 redacti
1230 706 1430 767 sumu’s,
1455 708 1514 757 ut
1529 701 1745 757 beatam
1764 700 1879 758 fore
1899 699 2002 758 Eo-
2030 702 2037 707 ’

436 792 654 851 clesiam
675 786 973 861 iudicemus
992 831 1009 859 ,
1037 790 1083 847 si
1112 788 1195 848 vel
1241 799 1445 847 tantum
1484 793 1538 848 in
1566 809 1623 849 se
1650 792 1777 848 boni
1804 794 2004 849 habeat

438 893 691 956 quantum
711 883 853 939 mali.
876 882 1010 938 Nam
1023 883 1295 954 quomodo
1315 896 1420 938 non
1432 884 1643 939 beatam
1659 884 2000 946 arbitremur,

438 976 484 1033 si
509 973 734 1031 mediam
787 974 956 1044 plebis
1006 982 1213 1046 partem
1257 970 1483 1029 haberet
1510 973 1816 1039 innoxiam,
1845 987 2005 1041 quam
2050 1006 2060 1015 ς

437 1083 573 1142 pene
600 1075 765 1122 totam
794 1083 938 1123 nunc
962 1082 1083 1123 esse
1110 1064 1410 1137 plangimus
1448 1065 1830 1122 criminosam?
1855 1060 2007 1120 Unde

435 1155 718 1231 superﬂue,
741 1175 863 1215 cum
887 1156 994 1214 hoc
1017 1156 1089 1214 ita
1127 1159 1218 1222 sit,
1264 1156 1530 1229 superﬂue
1553 1156 1751 1211 dudum
1790 1155 1857 1212 de
1897 1171 2004 1212 uno

431 1252 575 1307 malo
621 1244 790 1305 locuti
835 1265 1039 1316 sumus,
1068 1245 1335 1321 superﬂue
1364 1248 1520 1303 unius
1565 1246 1766 1303 scelera
1791 1242 2009 1301 deﬂevi-

432 1360 571 1399 mus.
597 1341 707 1396 Aut
734 1357 922 1397 omnes
949 1341 1112 1408 enim,
1143 1347 1236 1395 aut
1262 1355 1399 1411 pene
1426 1355 1614 1395 omnes
1651 1336 1810 1393 ﬂendi
1848 1344 2011 1408 atque

433 1428 653 1504 lugendi
677 1440 821 1487 sunt.
855 1428 988 1488 Nam
1017 1440 1109 1487 aut
1148 1428 1364 1502 plurimi
1394 1431 1528 1487 tales
1555 1442 1699 1494 sunt,
1722 1437 1816 1484 aut
1841 1437 2010 1497 certe,

434 1528 701 1600 quodnon
717 1522 891 1584 minus
911 1527 1261 1587 criminosum
1282 1534 1382 1591 est,
1399 1526 1619 1596 cupiunt
1638 1524 1769 1580 tales
1790 1538 1929 1589 esse,
1958 1530 2015 1578 et

435 1622 682 1679 laborant
703 1630 827 1679 actu
854 1623 1121 1677 malorum
1148 1606 1371 1692 operum
1399 1636 1509 1675 non
1538 1621 1771 1691 impares
1809 1618 2010 1684 videri;

437 1729 501 1771 ac
521 1726 619 1785 per
639 1714 745 1770 hoc
772 1714 935 1770 etiam
960 1714 1006 1770 si
1034 1714 1240 1770 minora
1267 1714 1409 1768 mala
1432 1712 1655 1775 faciunt,
1684 1712 1810 1782 quia
1839 1712 2015 1766 minus

436 1811 683 1876 possunt,
707 1820 814 1860 non
842 1804 1019 1859 minus
1042 1811 1220 1859 tamen
1238 1802 1365 1859 mali
1384 1809 1527 1868 sunt,
1552 1801 1678 1872 quia
1700 1802 1891 1858 nolunt
1916 1800 2018 1859 mi-

2104 705 2363 773 Primum,
2409 704 2555 775 quod
2604 703 2737 759 nihil
2789 703 2955 758 ferme
2994 703 3082 761 vel
3108 702 3391 760 criminum
3416 703 3506 763 vel
3527 703 3682 774 ﬂagi.

2107 798 2300 853 tiorum
2320 800 2404 851 est
2429 793 2575 866 quod
2600 794 2655 849 in
2675 793 2996 864 spectaculis
3022 808 3133 848 non
3160 793 3265 861 sit;
3294 792 3389 857 ubi
3414 809 3684 853 summum

2108 886 2416 943 deliciarum
2470 899 2640 955 genus
2683 892 2765 940 est
2806 885 2943 939 mori
2970 885 3237 953 homines,
3266 892 3383 955 aut,
3417 887 3565 957 quod
3601 896 3689 947 est

2108 988 2283 1041 morte
2306 978 2517 1048 gravius
2554 976 2926 1046 acerbiusque,
2977 977 3224 1044 lacerari,
3276 979 3430 1052 115
3476 981 3685 1051 expleri

2107 1070 2343 1151 ferarum
2396 1069 2545 1125 alvos
2586 1068 2837 1125 humanis
2877 1068 3148 1135 carnibus,
3193 1070 3406 1129 comedi
3439 1071 3688 1133 homines

2111 1175 2235 1215 cum
2270 1158 2727 1216 circumstantium
2782 1158 2986 1225 laetitia,
3039 1160 3479 1229 conspicientium
3531 1164 3660 1219 volu

2112 1258 2292 1320 ptate;
2321 1249 2427 1305 hoc
2453 1256 2555 1319 est,
2585 1264 2693 1305 non
2714 1249 2892 1305 minus
2917 1250 3350 1320 penehomiuum
3385 1255 3693 1323 aspectibus

2113 1355 2274 1413 quam
2294 1339 2588 1395 bestiarum
2607 1338 2856 1396 dentibus
2881 1339 3148 1396 devorari.
3178 1340 3356 1411 Atque
3376 1343 3552 1399 uthoc
3576 1342 3691 1411 ﬁat,

2115 1435 2260 1491 orbis
2304 1435 2633 1506 impendium
2671 1441 2773 1492 est.
2814 1434 3005 1505 Magna
3029 1436 3177 1493 enim
3210 1435 3415 1495 curaid
3441 1437 3616 1506 agitur
3637 1445 3696 1495 et

2115 1525 2440 1581 elaboratur.
2491 1525 2769 1583 Adeuntur
2812 1524 2976 1581 etiam
3016 1525 3135 1582 loca
3173 1525 3373 1593 abdita,
3401 1526 3696 1585 lustrantur

2115 1615 2245 1671 invii
2288 1615 2470 1683 saltus,
2519 1624 2872 1689 peragrantur
2911 1616 3056 1672 silvae
3108 1615 3524 1686 inexplicabiles,
3566 1632 3697 1673 con—

2117 1706 2717 1779 scendunturnubii'era:
2736 1706 2919 1778 Alpes,
2947 1713 3296 1778 penetrantur
3314 1705 3552 1762 niviferac
3578 1705 3694 1761 val-

2118 1797 2230 1879 les;
2261 1805 2315 1853 et
2342 1804 2401 1853 ut
2426 1797 2672 1853 devorari
2700 1797 2910 1869 possint
2935 1813 2965 1851 a
2993 1794 3122 1852 ieris
3150 1797 3353 1854 viscera
3394 1798 3692 1865 hominum,

440 1912 540 1953 nus
567 1911 706 1961 esse,
732 1895 777 1950 si
820 1894 1046 1966 possint.
1076 1893 1346 1963 Denique,
1375 1891 1522 1962 quod
1566 1906 1731 1947 unum
1754 1897 2013 1962 possunt,
2043 1893 2092 1953 Β
2119 1904 2228 1944 non
2275 1888 2403 1943 licet
2445 1896 2691 1943 naturam
2733 1903 2914 1945 rerum
2940 1886 3142 1958 aliquid
3189 1887 3697 1966 baberesecretum.

442 1986 529 2043 vel
554 1994 683 2043 voto
708 1986 842 2041 tales
867 1993 1015 2051 sunt,
1041 2000 1104 2039 ac
1146 1983 1423 2040 voluntate
1457 1981 1616 2054 114
1642 1997 1752 2037 non
1775 1981 2013 2047 cedunt;

448 2085 504 2132 et
522 2078 577 2132 in
595 2084 851 2146 quantum
876 2074 1099 2131 facultas
1113 2075 1367 2146 suppetit,
1387 2089 1644 2147 superare
1662 2072 2013 2130 contendunt.

438 2154 550 2219 Est
575 2162 715 2218 enim
739 2204 753 2229 ,
791 2162 918 2219 licet
957 2163 1009 2218 in
1036 2163 1378 2221 dissimilibus
1422 2164 1579 2221 rebus
1600 2205 1615 2232 ,
1646 2165 1763 2221 hac
1803 2164 2018 2220 illorum

451 2248 723 2309 aemulatio
767 2269 883 2324 qua:
906 2255 1167 2310 bonorum
1185 2273 1201 2323 ;
1231 2263 1289 2311 ut
1321 2256 1457 2313 sicut
1494 2256 1626 2312 boni
1655 2263 1849 2327 optant
1889 2269 2020 2311 cun-

452 2353 570 2402 ctos
594 2338 876 2401 honestate
900 2347 1155 2401 mentium
1177 2347 1406 2414 vincere,
1423 2348 1501 2404 sic
1514 2346 1643 2403 mali
1658 2347 1875 2419 cupiant
1893 2360 2021 2418 pra-

418 2436 612 2493 vitate
640 2453 910 2507 superare.
959 2432 1091 2493 Nam
1120 2439 1257 2494 sicut
1303 2438 1416 2497 haec
1442 2439 1710 2495 bonorum
1736 2437 1910 2511 gloria
1936 2443 2023 2493 est

442 2539 503 2584 ut
528 2528 766 2600 quotidie
809 2528 1058 2586 meliores
1085 2531 1225 2597 sint,
1257 2531 1335 2588 sic
1364 2531 1626 2587 malorum
1672 2531 1917 2587 omnium
1961 2535 2023 2585 ut

442 2612 759 2687 deteriores;
782 2629 836 2675 et
857 2621 996 2677 sicut
1022 2623 1211 2693 optimi
1232 2623 1457 2692 cupiunt
1477 2623 1732 2678 virtutum
1752 2622 2026 2678 universa-

442 2726 561 2764 rum
588 2710 800 2765 culmen
850 2710 1160 2779 ascendere,
1186 2712 1266 2767 sic
1309 2712 1531 2783 pessimi
1584 2720 1775 2783 optant
1817 2712 2024 2783 palmas
2076 2712 2079 2721 ’

442 2798 543 2856 Sibi
571 2798 942 2858 universorum
971 2801 1237 2857 scelerum
1288 2802 1576 2858 vindicare.
1609 2801 1676 2871 Et
1703 2804 1808 2860 hoc
1840 2803 2026 2873 utique

438 2882 498 2945 in
520 2892 716 2945 malum
744 2901 991 2947 nostrum
1009 2893 1244 2947 maxime
1266 2892 1455 2958 nostri,
1472 2892 1575 2949 hoc
1595 2901 1694 2961 est,
1716 2891 2027 2963 Christiani,

448 2981 543 3049 qui
595 2976 802 3037 scilicet
821 3022 840 3046 ,
870 2990 933 3037 ut
973 2981 1085 3052 jam
1136 2983 1399 3049 diximus,
1428 2982 1685 3041 malitiam
1711 2987 2027 3056 sapientiam

452 3079 664 3142 putant,
698 3080 752 3127 et
792 3070 860 3128 de
888 3073 1079 3142 quibus
1105 3070 1249 3131 Deus
1276 3074 1579 3145 specialiter
1602 3076 1764 3132 dicit:
1797 3076 2027 3133 Perdam

452 3166 760 3236 sapientiam
787 3167 1105 3238 sapientum,
1147 3175 1199 3222 et
1225 3168 1534 3223 intellectum
1567 3169 1894 3241 prudentium
1936 3187 2023 3223 re-

2117 1978 2225 2041 .Sed
2250 1976 2384 2045 haec,
2428 1979 2625 2049 inquis,
2655 1994 2765 2057 non
2802 1992 3015 2050 semper
3059 1977 3211 2035 ﬁunt.
3254 1976 3474 2035 Certun
3500 1987 3601 2039 est.
3630 1962 3700 2037 Et

2118 2070 2375 2145 praeclara
2397 2070 2596 2125 erroris
2615 2076 2698 2125 est
2717 2069 3011 2139 excusatio,
3038 2069 3162 2141 quia
3182 2084 3288 2125 non
3315 2084 3527 2141 semper
3548 2070 3700 2124 ﬁunt.

2120 2162 2285 2230 Quasi
2315 2176 2441 2217 vero
2470 2176 2702 2231 unquam
2729 2157 2846 2217 ﬁeri
2873 2160 3105 2219 debeant
3127 2175 3249 2234 qua
3273 2160 3441 2216 Deum
3470 2160 3701 2227 tradant;

2120 2260 2214 2311 aut
2237 2252 2379 2318 ideo,
2405 2266 2526 2320 qua:
2545 2251 2685 2307 mala
2706 2258 2852 2319 sunt,
2877 2250 3017 2309 bene
3045 2250 3195 2321 ﬁant,
3217 2251 3346 2325 quia
3372 2266 3480 2307 nou
3502 2249 3704 2321 iugiter

2122 2345 2272 2400 ﬂant.
2315 2344 2450 2399 Nam
2486 2351 2540 2399 et
2581 2343 2863 2400 homicidae
2906 2342 3156 2401 homines
3183 2352 3534 2418 non‘sempet'
3556 2345 3706 2401 occi-

2123 2437 2287 2509 dunt;
2342 2444 2397 2491 et
2441 2434 2724 2507 homicidae
2750 2443 2931 2509 tamen
2978 2445 3123 2504 sunt,
3161 2437 3325 2495 etiam
3352 2438 3569 2509 quando
3596 2454 3707 2494 non

2125 2528 2392 2597 occidunt,
2422 2528 2547 2603 quia
2575 2527 2844 2584 interdum
2864 2529 3176 2599 polluuntur
3203 2530 3511 2587 homicidio.
3534 2528 3605 2583 Et
3623 2529 3707 2583 la-

2125 2628 2313 2677 trones
2340 2634 2528 2674 omnes
2555 2634 2663 2674 non
2683 2634 2897 2691 semper
2918 2620 3326 2684 latrocinantur,
3350 2618 3445 2674 sed
3472 2618 3710 2674 latrones

2125 2721 2307 2771 tamen
2333 2727 2453 2768 esse
2480 2728 2590 2768 non
2616 2711 2868 2769 desinunt
2889 2730 2902 2765 :
2927 2711 3052 2783 quia
3071 2710 3234 2766 etiam
3256 2709 3556 2765 cumrebus
3583 2709 3710 2779 ipsis

2126 2802 2407 2859 latrocinia
2460 2817 2566 2858 non
2594 2810 2777 2871 agunt,
2808 2801 2999 2857 animis
3024 2809 3204 2856 tamen
3232 2815 3265 2857 a
3291 2800 3575 2857 latrocinio
3598 2816 3711 2859 non

2126 2896 2406 2959 recedunt.
2451 2894 2542 2952 Sic
2573 2896 2756 2964 utique
2784 2910 2973 2951 omnes
2996 2894 3053 2950 hi
3079 2894 3171 2965 qui
3192 2894 3512 2966 spectaculis
3557 2894 3712 2951 istius

2127 2989 2275 3047 modi
2320 2988 2672 3056 delectantur,
2729 2988 2891 3043 etiam
2930 2988 3146 3058 quando
3194 3004 3304 3044 non
3331 2996 3595 3059 spectant,
3622 2989 3711 3045 in-

2127 3082 2276 3141 noxii
2319 3087 2501 3137 tamen
2547 3097 2579 3136 a
2625 3080 3054 3155 speaaudorum
3102 3081 3324 3151 piaculis
3381 3089 3563 3139 mente
3601 3098 3713 3139 non

2129 3183 2271 3244 sunt,
2327 3175 2454 3247 quia
2484 3190 2696 3246 semper
2720 3175 2924 3242 vellent
2959 3182 3224 3245 spectare,
3264 3175 3309 3231 si
3332 3183 3571 3247 possent.
3602 3174 3716 3231 Nec

445 3252 675 3331 probabo
697 3248 738 3327 (Ι
759 3253 878 3311 Cor.
900 3272 938 3321 ι,
973 3253 1080 3325 19).
1114 3254 1354 3327 Cumque
1375 3257 1662 3328 Apostolus
1679 3260 1876 3316 clamet
1906 3276 1923 3314 :
1955 3258 2018 3315 Si
2048 3259 2094 3323 C
2127 3267 2301 3325 solum
2327 3267 2451 3336 hoc,
2480 3266 2577 3323 sed
2606 3273 2736 3324 sunt
2778 3266 2885 3321 alia
2912 3266 3140 3336 majora.
3187 3264 3326 3333 Quid
3354 3267 3533 3323 enim?
3560 3266 3712 3323 Nun-

444 3344 558 3428 quis
586 3342 781 3398 videtur
804 3346 1032 3416 sapiens,
1062 3345 1248 3401 stultus
1274 3347 1371 3418 ﬁat
1396 3355 1451 3401 at
1478 3350 1546 3402 sit
1589 3352 1794 3420 sapiet»
1826 3348 2019 3428 (ῌέον.

444 3424 496 3519 3,
522 3433 645 3508 18);
670 3434 777 3493 hoc
813 3445 895 3492 est
920 3438 1119 3504 dicere,
1154 3437 1214 3495 Si
1254 3441 1375 3507 quis
1403 3442 1515 3496 vult
1542 3458 1664 3498 esse
1691 3424 1929 3512 sapiens,
1953 3443 2025 3498 sit

442 3524 637 3594 bonus,
662 3528 789 3598 quia
816 3544 975 3585 nemo
998 3545 1131 3586 vere
1157 3531 1372 3600 sapiens
1400 3533 1501 3588 nisi
1525 3549 1651 3589 vere
1677 3533 1853 3591 bonus
1877 3552 1891 3588 :
1924 3549 2025 3589 nos

444 3606 731 3688 ediverso,
766 3629 790 3657 ι
816 3616 1079 3675 malarum
1118 3622 1376 3677 mentium
1406 3623 1537 3679 vitio
1570 3630 1642 3689 et,
1676 3631 1734 3678 ut
1762 3624 2026 3680 Divinitas

444 3711 518 3766 ait
544 3707 722 3784 (Rom.
751 3728 791 3778 ι,
819 3708 934 3785 28),
962 3713 1196 3785 reprobo
1217 3729 1377 3771 sensu
1400 3716 1696 3775 bonitatem
1724 3733 1824 3788 pro
1843 3717 2023 3773 stulti-

444 3798 517 3858 tia
532 3802 897 3874 repudiantes,
925 3813 981 3859 et
1001 3806 1294 3877 nequitiam
1315 3822 1412 3877 pro
1434 3808 1697 3878 sapientia
1717 3808 2022 3879 diligentes,

446 3892 597 3949 tanto
619 3894 857 3964 quotidie
878 3895 1255 3966 prudentiores
1279 3912 1399 3953 esse
1419 3913 1518 3954 nos
1537 3899 1804 3955 credimus
1823 3906 2028 3971 quanto

451 3982 662 4055 pejores
690 4001 889 4041 sumus.

523 4070 589 4127 Π.
617 4071 688 4127 Et
706 4090 823 4143 quae
834 4072 1069 4145 tandem,
1082 4086 1233 4147 rogo,
1251 4093 1373 4150 spes
1388 4082 1777 4139 emendationis
1797 4083 1852 4138 in
1871 4081 2030 4139 nobis

455 4164 555 4232 est,
587 4166 680 4237 qui
707 4182 812 4220 non
838 4182 1018 4224 errore
1037 4170 1301 4240 opinionis
1321 4173 1389 4227 ad
1410 4175 1609 4229 malum
1636 4174 1901 4244 ducimur,
1932 4175 2030 4232 sed

452 4259 630 4317 studio
674 4259 830 4314 mala:
857 4260 1143 4318 voluntatis
1169 4263 1457 4322 adnitimur
1487 4274 1546 4322 ut
1573 4283 1791 4338 semper
1816 4268 2032 4338 pejores

450 4364 568 4406 esse
588 4350 905 4425 videamur?
931 4349 999 4406 Et
1022 4353 1146 4411 hinc
1164 4367 1245 4411 est
1264 4357 1409 4428 quod
1430 4358 1632 4412 dudum
1665 4366 1887 4429 questus
1912 4376 2031 4417 sum

451 4438 747 4497 deteriores
770 4459 869 4498 nos
894 4442 1062 4500 multo
1079 4460 1195 4501 esse
1223 4462 1385 4517 quam
1406 4446 1668 4504 barbaros
1688 4466 1705 4500 :
1737 4449 1863 4520 quia
1910 4450 2033 4507 illos

455 4533 753 4602 ignorantia
774 4535 905 4605 legis
931 4546 1171 4606 excusat,
1194 4554 1293 4595 nos
1317 4541 1541 4596 scientia
1566 4550 1803 4597 accusat.
1833 4542 1913 4598 Illi
1936 4560 2033 4615 per

2128 3356 2255 3429 quid
2283 3372 2390 3414 non
2437 3357 2747 3414 consulibus
2772 3364 2830 3413 et
2852 3356 2989 3428 pulli
3035 3357 3209 3415 adhuc
3235 3357 3512 3426 gentilium
3549 3357 3731 3413 sacrit

2128 3448 2390 3518 legiorum
2416 3464 2568 3506 more
2588 3455 2899 3521 pascuntur,
2928 3454 2984 3504 et
3002 3448 3232 3503 volantis
3255 3463 3446 3517 penna:
3493 3448 3715 3515 auguria

2129 3549 2458 3613 quaeruntur,
2484 3558 2549 3597 ac
2568 3556 2706 3611 pene
2723 3540 2902 3595 omnia
2932 3538 3066 3594 ﬁunt
3091 3554 3208 3607 quae
3233 3540 3393 3594 etiam
3421 3539 3495 3595 illi
3538 3552 3716 3607 quon-

2129 3632 2255 3688 dam
2283 3634 2476 3705 pagani
2505 3640 2713 3686 veteres
2734 3629 2924 3684 irivola
2945 3636 3105 3698 atque
3125 3629 3401 3683 inridenda
3421 3629 3714 3705 duxerunt?

2130 3720 2200 3799 Et
2221 3737 2344 3778 cum
2371 3722 2486 3777 tunc
2511 3722 2689 3776 omnia
2738 3719 2840 3788 ipsi
2868 3726 3027 3785 agant
3053 3719 3147 3787 qui
3173 3718 3329 3772 annis
3367 3718 3584 3773 nomina
3612 3720 3715 3776 tri-

2130 3812 2320 3879 buunt,
2366 3816 2422 3867 et
2460 3826 2494 3866 a
2519 3808 2712 3879 quibus
2740 3806 2867 3862 anni
2904 3806 3005 3876 ipsi
3028 3806 3308 3862 exordium
3327 3818 3564 3872 sumunt,
3596 3824 3715 3863 cre-

2132 3902 2307 3959 dimus
2330 3901 2490 3958 nobis
2517 3901 2656 3956 bene
2684 3912 2854 3955 annos
2873 3911 3033 3968 posse
3060 3895 3354 3969 procedere
3371 3896 3465 3966 qui
3492 3912 3523 3952 a
3551 3899 3714 3955 rebus

2132 3993 2329 4050 talibus
2376 3992 2689 4049 ordiuntur?
2738 3992 2915 4063 Atque
2963 3988 3168 4045 utinam
3193 3989 3331 4045 sicut
3355 3989 3471 4047 haec
3490 3990 3714 4060 propter

2134 4090 2382 4147 consules
2426 4096 2637 4145 tantum
2664 4084 2817 4153 ﬁunt,
2855 4086 3012 4157 116
3036 4086 3108 4140 ita
3153 4084 3276 4141 illos
3313 4084 3518 4143 tantum
3561 4085 3716 4143 ince-

2134 4166 2340 4238 starent
2367 4189 2585 4252 propter
2614 4195 2751 4251 quos
2789 4178 2940 4233 ﬁunt.
2989 4175 3123 4232 Illud
3149 4183 3232 4232 est
3262 4175 3637 4233 feralissimum
3662 4183 3719 4232 et

2136 4271 2529 4345 gravissimum,
2578 4268 2724 4337 quod
2770 4267 2897 4321 dum
2932 4279 3198 4321 consensu
3226 4265 3439 4335 publice
3467 4274 3716 4334 aguntur,

2134 4362 2312 4417 honor
2330 4361 2775 4431 paucissimorum
2800 4355 2859 4411 ﬁt
2886 4356 3087 4415 crimen
3117 4355 3384 4421 omnium;
3411 4365 3433 4395 ο
3470 4371 3537 4411 ac
3578 4356 3718 4411 sicut

2136 4452 2359 4523 singulis
2404 4451 2560 4508 annis
2603 4450 2717 4507 bini
2752 4449 3166 4517 inaugurentur,
3213 4462 3384 4519 prope
3423 4456 3511 4506 est
3556 4454 3615 4504 ut
3658 4447 3715 4503 in

2138 4548 2286 4603 omni
2305 4545 2506 4601 mundo
2524 4544 2704 4601 nullus
2723 4542 2934 4600 evadat.

455 4624 775 4695 iiuperitiam
819 4626 1077 4698 veritatis,
1123 4632 1249 4702 quia
1275 4647 1395 4703 quae
1436 4641 1563 4689 sunt
1598 4634 1741 4691 bona
1765 4639 2031 4705 nesciunt,
2061 4632 2113 4693 D
2208 4636 2297 4694 Ill.
2321 4637 2427 4695 Sed
2453 4637 2520 4693 de
2544 4637 2628 4692 his
2650 4643 2904 4707 putemus
2928 4635 3033 4692 hoc
3053 4635 3185 4712 satis
3210 4650 3331 4694 esse
3348 4637 3495 4708 quod
3520 4636 3721 4695 dictum

1638 4752 1975 4811 STEPHANI
2010 4753 2284 4810 BALUZII
2318 4750 2549 4808 NOTAE.
3178 4746 3181 4749 ’

528 4859 554 4887 ⁸
579 4849 874 4932 Petronius
894 4854 953 4907 in
980 4855 1208 4932 ὥςωῴ
1232 4863 1495 4932 matronae
1530 4859 1815 4929 Ephesium
1846 4881 1859 4915 :
1888 4863 2030 4919 Vitio

452 4923 616 5046 armis
657 4923 897 5004 humana
934 4928 1195 4996 concupiit
1230 4929 1363 4985 scire
1388 4932 1503 5001 quis
1540 4923 1631 4984 ait
1656 4934 1780 5002 quid
1818 4935 2027 5005 faceret.

502 5000 669 5044 acutus
699 5009 750 5045 lli
777 4992 916 5046 ilbl‘O
945 4992 1011 5046 de
1036 4992 1154 5046 Vita
1187 4998 1444 5046 Agricolae
1474 5018 1486 5046 :
1516 4996 1792 5046 Prnm-ium
1821 5005 2027 5046 hirmnm‘

502 4992 669 5072 scitus
698 4993 750 5072 in
777 4992 916 5072 libro
945 4988 1011 5048 de
1036 4988 1162 5072 Vita
1187 4988 1444 5072 Agricola:
1474 5018 1486 5052 :
1512 4988 1792 5072 Proprium
1818 4988 2033 5059 immani

456 5062 647 5134 ingenii
675 5070 749 5115 est
770 5060 942 5134 egisse
969 5078 1114 5134 quem
1145 5060 1361 5121 lavacris.

531 5129 558 5211 ὲ
679 5128 1093 5211 οηίῐξίαξωδηω
1114 5138 1370 5194 editionis
1392 5140 1508 5211 haec
1530 5142 1735 5211 scripta
1764 5154 1889 5196 sunt
1920 5162 1931 5196 :
1968 5143 2033 5196 In

457 5203 614 5254 κτενί
638 5203 918 5284 6W
942 5215 1251 5284 ωριαιιιιι
1279 5220 1356 5284 es!
1381 5210 1557 5284 decue
1585 5203 1668 5266 ἀεὶ
1705 5213 1922 5284 ριεφιίάο
1965 5214 2036 5267 Et

456 5284 575 5351 {ero
604 5270 761 5351 multa
785 5268 965 5329 deesse
991 5276 1103 5347 quis
1131 5293 1234 5351 non
1261 5279 1465 5351 videat?
1486 5350 1493 5351 ί
1508 5280 1573 5351 in
1622 5268 1894 5338 codicibus
1932 5299 2030 5339 no-

451 5339 580 5393 stris
607 5339 1080 5423 nihil‘anng'tatum
1110 5356 1191 5401 est
1221 5349 1540 5423 istiusmodi,
1568 5366 1741 5423 neque
1772 5352 1921 5408 locus
1948 5370 2032 5406 va-

609 5409 849 5496 relictus.
872 5412 1284 5496 'Veruumep_
1313 5421 1438 5490 quia
1485 5409 1767 5496 constabat
1797 5422 1898 5477 ista
1927 5440 2032 5496 non

452 5492 579 5549 95.“
604 5494 752 5547 8³³³,
800 5498 902 5543 nos
932 5486 988 5539 in
1022 5486 1125 5542 hac
1149 5486 1397 5547 editione
1436 5492 1697 5549 asterisco
1738 5494 2034 5548 ualidam

452 5547 630 5622 labem
653 5564 773 5622 esse
804 5556 1125 5612 censuimus.

495 5616 798 5706 ξθῆιξῐξραὶίὶξ
826 5624 1149 5706 editiqnibus
1177 5628 1371 5706 legitur
1389 5648 1409 5706 ⁸ε
1438 5648 1499 5685 ac
1527 5632 1571 5687 si
1604 5633 1912 5706 ea:_singu_lis
1941 5651 2037 5706 an-

450 5691 539 5775 an
554 5687 1067 5775 ἐρίζει
1084 5687 1433 5775 corp'eiensss
1483 5718 1508 5775 ξ.
1542 5718 1613 5775 ac
1638 5687 2032 5775 sicut‘singuas

654 5768 768 5855 «3ξεῖ
787 5758 1177 5855 marmur
1194 5766 1427 5855 legerem
1446 5788 1459 5821 ;
1478 5769 1549 5855 Ae
1570 5772 1634 5834 si,
1669 5775 1798 5855 35935:
1817 5758 2033 5855 είῃξηιιξρ

450 5830 629 5895 annis,
663 5830 788 5898 bini,
838 5830 944 5889 etc.
979 5830 1425 5893 Solebant'enim
1466 5830 1677 5896 veteres
1717 5830 1941 5906 librarii,
1976 5848 2039 5896 ut

2132 4864 2244 4933 jam
2271 4863 2614 4933 observatum
2640 4870 2727 4917 est
2754 4878 2785 4918 a
2802 4863 2937 4917 viris
2957 4864 3332 4921 eruditissimis
3351 4905 3366 4930 ,
3419 4881 3524 4920 non
3552 4866 3718 4933 gemi-

2138 4932 2270 4990 nare
2310 4932 2528 5004 easdem
2569 4933 2834 5003 syllabas;
2874 4941 2940 4989 et
2966 4935 3089 4991 ideo
3129 4935 3437 5004 frequenter
3463 4932 3719 5004 voeabula

2138 5002 2511 5077 monosyllaba
2537 5002 2866 5077 omittebant
2885 5014 3107 5077 propter
3121 5002 3264 5077 hunc
3281 5017 3507 5077 morem.
3533 5002 3719 5077 Simile

2139 5070 2493 5144 autem'huic
2540 5074 2630 5144 rei
2660 5070 2966 5144 exemplum
2986 5070 3182 5144 'exstat
3225 5073 3280 5126 in
3307 5071 3482 5138 capite
3530 5070 3719 5144 ultimo

2140 5142 2418 5211 Evangelii
2439 5143 2730 5198 secundum
2752 5140 3155 5207 Joannem;'ubi
3175 5153 3296 5193 cum
3322 5147 3376 5191 et
3399 5153 3586 5195 sensus
3608 5140 3724 5211 ipse

2141 5221 2198 5268 et
2217 5212 2580 5269 editioﬂraem
2600 5213 3188 5277 vetustissimoruqu
3206 5214 3465 5277 praeterea
3481 5212 3725 5267 codicum

2142 5282 2457 5355 Latinorum
2479 5285 2773 5340 auctoritas
2796 5280 3074 5355 postulent
3098 5277 3205 5355 legi
3231 5297 3242 5330 :
3365 5281 3441 5335 sic
3468 5299 3582 5337 eum
3602 5283 3725 5338 male

2143 5370 2352 5408 manere
2379 5354 2539 5408 donec
2569 5347 3149 5421 veniam,'qu_i_d_ad__te,
3172 5348 3342 5421 dlodie
3373 5358 3548 5409 tamen
3588 5370 3727 5410 con-

2143 5426 2475 5479 stantissima
2499 5424 2552 5477 in
2581 5421 2806 5489 vulgatis
2822 5416 3154 5489 reditionlbus
3176 5418 3343 5477 lectio
3366 5433 3467 5489 est,
3489 5423 3579 5478 Sic
3607 5440 3721 5477 cum

2144 5498 2259 5549 voto
2290 5509 2516 5555 manare,
2538 5487 2694 5563 _ete.,'
2722 5487 2922 5563 omissa
2946 5502 3084 5563 νομί
3228 5489 3318 5547 Sic
3345 5487 3485 5563 apud
3513 5492 3724 5546 Cassia-

2138 5582 2279 5621 «num
2300 5565 2390 5620 lib.
2415 5579 2493 5617 vn
2521 5561 2589 5616 de
2602 5557 2983 5633 incarnatione
3007 5558 3220 5633 Domini
3246 5557 3451 5633 cap.“
3470 5563 3723 5627 scriptum

2151 5643 2252 5701 est,
2276 5647 2477 5706 necesse
2500 5638 2577 5706 est
2619 5636 2674 5681 ut
2692 5628 2809 5682 sine
2846 5639 3013 5706 matre
3036 5632 3107 5687 ibi
3134 5628 3356 5706 intelligi
3382 5636 3574 5702 potest;
3605 5643 3727 5706 cum

2145 5698 2328 5777 tamen
2348 5698 2630 5777 legendum
2652 5712 2779 5777 esse
2796 5711 2853 5754 ut
2880 5702 2929 5777 si
2945 5704 3055 5777 sine
3073 5712 3238 5777 matre
3258 5698 3338 5777 et:
3330 5698 3518 5777 sensus
3543 5704 3727 5777 psteri-

2147 5774 2342 5845 dat__et
2385 5765 2539 5845 vetus
2570 5769 2743 5827 codex
2783 5787 2883 5827 ms.
2916 5773 3252 5845 bibliotheca;
3300 5768 3477 5845 [legisti
3497 5806 3510 5819 .
3540 5765 3728 5845 itaque

2151 5842 2327 5900 simile
2348 5840 2625 5912 quippiam
2653 5844 2826 5914 potuit
2870 5841 3125 5897 accidisse
3154 5841 3276 5897 huic
3318 5837 3554 5895 Salviaui
3584 5839 3723 5894 lucu.
3806 5852 3811 5855 '
