4234 6250
558 326 656 385 ω

1495 324 1552 378 S.
1593 321 1909 379 SALVIANI
1950 321 2409 381 MASSILIENSIS
2447 324 2877 383 PRESBYTER!

3730 330 3836 385 119.

549 452 652 506 est,
684 454 824 511 quae,
847 444 906 495 ut
927 439 1028 510 ipsi
1050 437 1340 502 excusatis,
1373 452 1481 492 non
1501 451 1715 506 semper
1735 436 1885 491 ﬁunt.
1920 437 1996 492 De
2016 452 2149 506 quos
2175 442 2228 500 Α
2253 439 2391 494 forte
2417 439 2482 494 ad
2509 440 2876 509 spectaculum
2895 427 3018 510 ριιῆ
3044 446 3322 508 venerant,
3345 438 3413 496 de
3441 439 3653 497 theatro
3685 443 3834 498 adul-

548 535 765 590 tidianis
793 542 971 587 tamen
1009 530 1432 592 obscenitatibus
1475 530 1792 598 loquamur;
1837 545 1971 599 quas
2001 530 2136 585 tales

551 647 616 686 ac
635 639 743 685 tam
760 630 1064 682 innumeras
1091 627 1329 694 legiones
1352 627 1654 682 daemonum
1677 629 2135 697 excogitaverunt,

548 733 608 778 ut
649 723 809 777 etiam
863 722 1103 775 honestae
1153 736 1215 774 ac
1243 721 1424 789 proba:
1460 729 1687 788 mentes,
1720 721 1822 776 etsi
1855 720 2137 776 nonnullas

549 829 734 868 earum
780 826 1034 882 spernere
1085 826 1148 865 ac
1205 811 1414 865 calcare
1453 818 1696 881 possunt,
1741 827 1928 866 omnes
1956 819 2138 866 tamen

546 903 761 974 penitus
799 916 1052 971 superare
1097 902 1186 954 vix
1232 901 1458 970 possint.
1507 901 1656 956 Sicut
1697 902 1841 956 enim
1869 900 2136 956 exercitus

544 994 828 1066 pugnaturi
868 1009 932 1048 ea
971 994 1087 1048 loca
1122 1008 1217 1062 per
1241 1007 1362 1061 qua:
1382 1001 1636 1048 venturas
1667 994 1902 1048 hostium
1933 1000 2137 1047 turmas

543 1086 740 1149 sciunt,
797 1092 889 1138 aut
939 1083 1107 1139 foveis
1149 1083 1470 1138 intercidere
1501 1092 1595 1138 aut
1614 1085 1836 1139 sudibus
1861 1082 2137 1152 prmligere

544 1187 636 1233 aut
666 1188 692 1215 ⁸
721 1177 930 1232 tribulis
959 1178 1215 1232 infestare
1255 1178 1532 1243 dicuntur;
1580 1177 1784 1233 scilicet
1814 1185 1874 1232 ut
1921 1176 2135 1232 etiamsi

542 1286 650 1325 non
671 1269 725 1322 in
747 1270 928 1323 omnia
949 1285 1014 1323 ea
1037 1269 1302 1339 quispiam
1325 1269 1546 1332 incidat,
1571 1270 1748 1324 nullus
1774 1277 1954 1324 tamen
1975 1269 2130 1338 peni—

542 1372 628 1416 tus
671 1360 897 1416 evadat:
931 1361 1006 1414 ita
1054 1362 1216 1415 etiam
1254 1361 1527 1416 daemones
1555 1369 1665 1416 tam
1715 1362 1913 1415 multas
1943 1361 1996 1414 in
2023 1360 2132 1414 vita

542 1454 644 1508 ista
675 1454 909 1508 humano
959 1452 1143 1521 generi
1173 1453 1566 1534 inlecebrarum
1597 1453 1815 1508 insidias
1836 1453 2135 1523 praetende—

541 1553 684 1610 runt,
717 1553 778 1598 ut
802 1545 904 1599 etsi
933 1545 1190 1612 plurimas
1218 1561 1404 1600 earum
1426 1547 1621 1615 aliquis
1663 1544 1899 1614 effugiat,
1950 1553 2131 1599 tamen

541 1653 861 1708 quacunque
888 1637 1149 1706 capiatur.
1183 1636 1445 1706 Equidem
1475 1637 1600 1708 quia
1629 1637 1848 1706 longum
1873 1645 1954 1691 est
1992 1651 2134 1690 nunc

540 1729 717 1806 dicere
742 1729 809 1782 de
837 1729 1104 1792 omnibus,
1136 1729 1546 1798 amphitheatris
1574 1728 1799 1793 scilicet,
1831 1728 1999 1792 odeis,
2050 1727 2134 1780 lu-

2246 535 2348 588 teri
2376 543 2738 589 revertuntur.
2765 533 2880 590 Non
2903 533 3046 588 enim
3066 540 3194 589 tunc
3218 535 3590 590 tantummodo
3615 537 3831 604 quando

2199 693 2206 698 _
2243 626 2492 694 redeunt,
2519 628 2614 682 sed
2642 626 2802 682 etiam
2829 627 3042 697 quando
3062 627 3304 690 veniunt,
3328 625 3677 684 fornicantur.
3700 628 3831 684 Nam

2243 721 2346 777 hoc
2388 721 2506 791 ipso
2533 722 2676 790 quod
2727 721 2918 790 aliquis
2946 736 3060 776 rem
3090 721 3380 776 obscenam
3421 723 3586 791 cupit,
3611 717 3738 777 dum
3766 701 3832 777 ad

2243 815 2513 869 immunda
2537 823 2810 884 properat,
2840 813 3147 869 immundus
3174 823 3276 870 est.

2243 917 2249 955 ε
2313 906 2401 960 IV.
2428 905 2557 971 Quae
2578 922 2700 960 cum
2724 907 2798 958 ita
2818 906 2943 970 sint,
2968 921 3094 960 ecce
3114 906 3294 977 qualia
3347 907 3504 977 118
3531 912 3624 961 aut
3644 921 3830 962 omnes

2242 997 2335 1052 aut
2353 1012 2495 1067 pene
2522 1013 2710 1051 omnes
2739 996 2967 1052 Romani
2997 1007 3179 1064 agunt.
3209 995 3276 1050 Et
3301 1011 3422 1051 cum
3443 997 3558 1051 hmo
3586 996 3659 1050 ita
3690 996 3829 1062 sint;

2240 1089 2332 1157 qui
2360 1088 2486 1141 talia
2517 1088 2740 1156 agimus,
2768 1088 2962 1156 negligi
2984 1103 3084 1142 nos
3128 1104 3157 1141 a
3193 1088 3482 1142 Divinitate
3510 1104 3828 1154 causamur;

2238 1178 2469 1246 relinqui
2496 1193 2597 1232 nos
2626 1193 2655 1231 a
2702 1178 2930 1232 Domino
2958 1185 3146 1233 nostro
3175 1178 3419 1242 dicimus,
3443 1195 3562 1233 cum
3601 1180 3699 1248 ipsi
3722 1179 3830 1260 [θίξ-

2239 1269 2444 1323 minum
2469 1269 2872 1338 relinquamus?
2897 1269 3186 1338 Fingamus
3214 1270 3356 1324 enim
3383 1269 3528 1339 quod
3557 1271 3827 1340 respicere

2239 1377 2338 1415 nos
2384 1361 2642 1415 Dominus
2690 1368 2874 1416 noster
2919 1363 3049 1416 velit
3087 1363 3248 1415 etiam
3275 1377 3384 1416 non
3411 1370 3712 1429 merentes;
3744 1364 3829 1417 vi»

2237 1450 2458 1505 deamus
2483 1451 2531 1504 si
2561 1458 2758 1519 potest.
2792 1449 2933 1506 Ecce
2959 1451 3237 1505 innumera
3259 1449 3688 1506 Christianorum
3708 1439 3828 1506 mil-4

2237 1543 2306 1596 lia
2328 1544 2382 1596 in
2405 1543 2724 1612 spectaculis
2749 1543 2989 1614 quotidie
3017 1559 3198 1598 rerum
3225 1542 3460 1611 turpium
3483 1558 3823 1597 commoran-

2237 1640 2341 1686 tur.
2369 1631 2554 1686 Potest
2576 1645 2704 1700 ergo
2726 1633 2793 1687 ad
2814 1633 2935 1688 illos
2955 1633 3097 1688 Deus
3117 1633 3387 1702 respicere
3405 1633 3500 1700 qui
3529 1632 3663 1686 tales
3678 1632 3826 1687 sunt?

2237 1718 2424 1776 Potest
2451 1722 2519 1776 ad
2547 1738 2642 1776 eos
2661 1723 2934 1792 respicere
2955 1724 3047 1793 qui
3073 1724 3404 1778 bacchantur
3431 1723 3486 1777 in
3532 1723 3709 1790 circis,
3735 1723 3828 1794 qui

539 1821 716 1883 soriis,
771 1820 999 1888 pompis,
1047 1819 1280 1884 athletis,
1331 1819 1719 1888 petaminariis,
1763 1813 2132 1888 pantomimis,
2165 1814 2212 1874 B
2238 1810 2578 1865 mmchantur
2599 1812 2651 1864 in
2675 1812 2936 1866 theatris?
2965 1811 3048 1866 An
3070 1812 3209 1868 forte
3240 1814 3345 1869 hoc
3369 1813 3617 1869 volumus
3643 1821 3701 1869 et
3726 1814 3828 1871 hoc

540 1907 860 1976 ueterisque
886 1909 1172 1978 portentis,
1205 1923 1322 1978 qum
1370 1909 1518 1978 piget
1565 1907 1764 1972 dicere,
1813 1908 1938 1976 quia
1986 1907 2134 1976 piget

538 2000 735 2054 malim
769 2000 872 2054 tale
899 2001 984 2054 vel
1006 2015 1183 2065 nosse,
1213 2000 1281 2054 de
1310 2000 1440 2054 solis
1483 2000 1749 2055 circorum
1779 2015 1842 2055 ac
1888 2000 2132 2053 theatro—

538 2109 653 2147 rum
685 2093 1082 2163 impuritatibus
1123 2094 1261 2148 dico.
1314 2092 1464 2146 Talia
1507 2093 1650 2147 enim
1689 2101 1815 2147 sunt
1860 2107 1979 2161 qua:
2023 2091 2132 2145 illic

535 2184 688 2252 tiunt,
712 2193 772 2240 ut
787 2200 851 2240 ea
875 2201 981 2239 non
1002 2184 1178 2238 solum
1199 2184 1401 2249 dicere,
1431 2182 1527 2238 sed
1548 2184 1712 2238 etiam
1733 2182 2006 2238 recordari
2028 2182 2128 2234 ali-

495 2314 498 2316 -
535 2277 655 2344 quis
684 2277 801 2331 sine
829 2275 1128 2345 pollutione
1157 2293 1265 2331 non
1292 2276 1480 2344 possit.
1516 2276 1634 2329 Alia
1662 2276 1861 2345 quippe
1905 2273 2127 2328 crimina

533 2368 769 2437 singulas
805 2369 906 2423 sibi
943 2367 1110 2423 ferme
1149 2370 1203 2422 in
1246 2369 1401 2423 nobis
1428 2368 1711 2424 vendicanl
1742 2368 2038 2438 portiones,
2071 2374 2130 2421 ut

533 2459 888 2526 cogitationes
914 2459 1140 2514 sordida:
1169 2460 1427 2523 animum,
1479 2467 1539 2513 ut
1584 2459 1837 2529 impudici
1878 2467 2128 2528 aspectus

533 2549 737 2614 oculos,
780 2558 840 2604 ut
869 2549 1080 2605 auditus
1129 2551 1358 2620 improbi
1388 2565 1578 2615 aures;
1613 2551 1686 2604 ita
1715 2559 1775 2605 ut
1797 2566 1920 2604 cum
1950 2566 2019 2604 ex
2044 2551 2126 2604 his

533 2657 698 2697 unum
727 2643 941 2711 aliquod
972 2644 1250 2708 erraverit,
1299 2642 1506 2711 reliqua
1550 2642 1758 2712 possint
1787 2657 1973 2697 carere
1998 2657 2125 2710 pec-

531 2734 682 2789 catis.
716 2733 774 2788 In
807 2734 1031 2788 theatris
1056 2750 1184 2789 vero
1209 2733 1341 2788 nihil
1370 2734 1562 2788 horum
1591 2741 1746 2788 reatu
1766 2740 1945 2796 vacat,
1997 2733 2122 2800 quia

531 2830 585 2877 et
605 2824 1054 2893 concupiscentiis
1083 2825 1291 2878 animus
1319 2832 1374 2878 et
1403 2823 1589 2877 auditu
1617 2838 1776 2878 aures
1811 2831 1866 2877 et
1905 2830 2125 2892 aspectu

531 2914 672 2969 oculi
693 2914 1004 2982 polluuntur
1029 2933 1041 2967 :
1070 2930 1190 2983 qua:
1217 2916 1434 2984 quidem
1481 2917 1632 2987 11⁸1
1677 2917 1857 2971 omnia
1887 2924 1996 2970 tam
2023 2915 2122 2970 lla-

529 3005 722 3074 gitiosa
777 3015 920 3070 sunt,
947 3015 1005 3061 ut
1050 3008 1211 3062 etiam
1245 3009 1515 3078 explicare
1570 3024 1633 3063 ea
1663 3009 1929 3079 quispiam
1961 3017 2123 3077 atque

528 3097 708 3168 eloqui
750 3098 896 3152 salvo
940 3099 1143 3168 pudore
1187 3117 1296 3154 non
1340 3101 1535 3156 valeat.
1570 3099 1701 3165 Quis
1735 3100 1878 3154 enim
1911 3101 2118 3166 integro

2237 1901 2456 1970 dignum
2481 1910 2751 1973 putamus,
2784 1912 2842 1958 ut
2869 1921 2989 1959 cum
3021 1905 3074 1959 in
3104 1906 3260 1962 circis
3290 1922 3390 1962 nos
3419 1916 3475 1962 et
3498 1907 3554 1962 in
3605 1907 3828 1962 theatris
3880 1911 3882 1913 ’

2236 1991 2376 2047 Deus
2422 1993 2618 2058 videat,
2667 2010 2729 2049 ea
2777 2012 2895 2066 qure
2927 2013 3028 2052 nos
3057 1997 3346 2068 aSpicimus
3367 1999 3594 2069 aspiciat
3613 2014 3827 2069 quoque
3873 2042 3884 2050 .

2234 2083 2349 2153 ipse
2397 2085 2693 2151 nobiscum,
2746 2095 2802 2142 et
2857 2090 3217 2160 turpitudines
3245 2107 3379 2162 quas
3408 2108 3508 2148 nos
3534 2094 3823 2159 cernimus,

2235 2186 2419 2230 cernat
2462 2178 2624 2232 etiam
2683 2179 2799 2248 ipse
2840 2181 3156 2238 nobiscum?
3197 2185 3526 2240 Alterutrum
3547 2186 3689 2240 enim
3713 2185 3826 2242 fieri

2234 2283 2457 2323 necesse
2478 2278 2580 2324 est.
2612 2269 2747 2337 Quia
2776 2272 2819 2326 si
2841 2289 2943 2328 nos
2969 2273 3152 2330 videre
3179 2276 3449 2344 dignatur,
3493 2292 3824 2347 consequens

2233 2365 2396 2412 estut
2425 2361 2588 2413 etiam
2620 2362 2710 2415 illa
2742 2362 2833 2417 ubi
2854 2380 2954 2418 nos
2974 2378 3158 2419 sumus
3188 2366 3400 2421 videat?
3421 2376 3514 2422 aut
3533 2369 3579 2423 si
3608 2370 3676 2423 ab
3702 2369 3824 2434 illis,

2229 2447 2370 2517 quod
2401 2465 2506 2502 non
2534 2449 2754 2504 dubium
2784 2461 2886 2518 est,
2919 2455 3112 2508 avertit
3141 2456 3348 2522 oculos,
3379 2457 3542 2510 etiam
3571 2475 3601 2511 a
3647 2459 3822 2522 nobis,

2229 2539 2320 2606 qui
2350 2539 2459 2592 illic
2488 2555 2690 2606 sumus,
2723 2543 2927 2612 pariter
2955 2551 3182 2598 avertat.
3213 2545 3427 2600 Etcum
3450 2548 3563 2602 haec
3586 2549 3660 2603 ita
3691 2551 3817 2616 sint,

2228 2629 2451 2686 facimus
2480 2633 2592 2688 haec
2639 2633 2820 2690 tamen
2861 2652 2926 2692 ac
2963 2637 3080 2692 sine
3103 2638 3400 2694 cessatione
3425 2657 3545 2710 quae
3574 2641 3704 2695 dixi.
3736 2643 3820 2697 An

2227 2720 2367 2777 forte
2407 2724 2461 2776 in
2507 2732 2715 2780 morem
2754 2733 2996 2782 veterum
3024 2742 3357 2797 paganorum
3401 2731 3730 2785 theatrorum
3761 2740 3819 2786 et

2227 2814 2493 2869 circorum
2542 2831 2640 2871 nos
2683 2815 2844 2887 deum
2881 2818 3081 2872 habere
3127 2819 3480 2876 arbitramur?
3530 2819 3818 2875 Faciebant

2227 2906 2371 2961 enim
2410 2909 2525 2964 haec
2571 2908 2648 2962 illi
2698 2909 2988 2980 quondam,
3033 2910 3161 2981 quia
3187 2911 3286 2965 has
3313 2910 3576 2965 idolorum
3599 2926 3818 2966 suorum

2226 2998 2448 3055 delicias
2495 3017 2616 3056 esse
2645 3001 2956 3057 credebant.
2994 3000 3106 3056 Nos
3131 3002 3405 3071 quomodo
3433 3003 3548 3057 haec
3575 3002 3817 3068 facimus,

2225 3091 2316 3160 qui
2348 3091 2525 3146 odisse
2553 3091 2723 3145 Deum
2753 3102 2996 3147 nostrum
3023 3093 3140 3147 hate
3158 3094 3293 3147 certi
3315 3094 3534 3148 sumus?
3557 3092 3820 3148 Autcerte

525 3188 862 3243 verecundia:
891 3198 1034 3244 statu
1076 3190 1254 3245 dicere
1295 3199 1476 3257 queat,
1510 3190 1628 3242 illas
1668 3206 1849 3244 rerum
1879 3190 2116 3259 turpium

2224 3181 2267 3234 si
2293 3181 2508 3250 placere
2537 3182 2633 3234 has
2653 3183 3014 3251 turpitudines
3041 3183 3153 3237 Deo
3176 3185 3442 3247 novimus,
3484 3199 3588 3237 non
3633 3183 3820 3253 prohi-

526 3279 876 3348 imitationes,
894 3282 1011 3336 illas
1027 3298 1217 3337 vocum
1235 3298 1298 3335 ac
1307 3283 1593 3335 verborum
1609 3283 1986 3346 obscenitates,
2006 3282 2122 3336 illas

527 3380 772 3427 motuum
804 3373 1181 3442 turpitudines,
1214 3372 1330 3424 illas
1379 3379 1625 3439 gestuum
1668 3371 1972 3426 foeditates?
2001 3387 2119 3441 qua:

525 3465 709 3532 quanti
762 3464 868 3518 sint
911 3463 1148 3518 criminis
1176 3463 1262 3516 vel
1291 3463 1416 3517 hinc
1445 3463 1669 3531 intelligi
1697 3470 1878 3532 potest
1898 3462 2040 3531 quod
2064 3469 2119 3516 et

524 3555 840 3611 relationem
887 3557 971 3609 sui
1022 3555 1364 3610 interdicunt.
1402 3555 1669 3610 Nonnulla
1716 3557 1913 3626 quippe
1954 3557 2118 3611 etiam

523 3651 758 3705 maxima
788 3650 992 3704 scelera
1020 3649 1277 3704 incolumi
1306 3649 1592 3705 honestate
1620 3649 1905 3705 referentis
1929 3655 1982 3704 et
2012 3665 2114 3704 no-

525 3741 718 3795 minari
748 3750 802 3796 et
832 3741 982 3810 argui
1005 3749 1248 3811 possunt,
1278 3749 1337 3795 ut
1366 3741 1731 3808 homicidium,
1756 3741 2114 3804 latrocinium,

525 3831 867 3896 adulterium,
899 3834 1261 3902 sacrilegium,
1286 3843 1589 3902 cacteraque
1622 3835 1676 3888 in
1705 3836 1849 3888 hunc
1875 3834 2111 3886 modum.

526 3923 668 3979 Solae
697 3926 1030 3979 theatrorum
1079 3924 1416 3992 impuritates
1455 3933 1579 3979 sunt
1607 3940 1726 3990 quae
1753 3926 1980 3978 honeste
2006 3941 2114 3976 non

527 4022 752 4082 possunt
797 4013 879 4064 vel
920 4013 1180 4065 accusari.
1209 4011 1285 4063 Ita
1310 4027 1448 4064 nova
1480 4014 1530 4064 in
1556 4013 1894 4079 coarguenda
1924 4013 2112 4065 harum

523 4083 911 4171 turpitudinum
960 4099 1324 4168 probrositate
1379 4115 1466 4155 res
1513 4101 1691 4154 evenit
1739 4102 2003 4170 arguenti,
2056 4110 2114 4157 ut

522 4209 647 4250 cum
675 4192 877 4262 absque
905 4190 1067 4246 dubio
1089 4191 1345 4246 honestus
1374 4193 1444 4247 sit
1473 4193 1564 4264 qui
1590 4210 1844 4249 accusare
1873 4210 1937 4249 ea
1959 4195 2109 4260 velit,

521 4285 806 4340 honestate
835 4290 1014 4338 tamen
1045 4283 1250 4352 integra
1282 4300 1347 4338 ea
1394 4285 1543 4355 loqui
1593 4293 1646 4339 et
1701 4302 1956 4341 accusare
2002 4303 2112 4341 non

521 4378 710 4447 possit.
769 4375 886 4429 Alia
930 4391 1146 4446 quoque
1193 4377 1373 4431 omnia
1417 4378 1558 4430 mala
1587 4386 1806 4445 agentes
1842 4380 2108 4448 polluunt,

521 4481 632 4522 non
657 4467 900 4520 videntes
932 4467 1016 4519 vel
1044 4466 1344 4520 audientes.
1398 4466 1671 4535 Siquidem
1702 4469 1804 4522 etsi
1851 4469 2108 4538 blasphe-

2225 3271 2328 3326 beo
2357 3273 2486 3339 quin
2515 3272 2631 3326 sine
2652 3274 2955 3326 cessatione
2982 3271 3263 3325 faciamus.
3301 3270 3395 3324 Sin
3425 3287 3554 3325 vero
3583 3273 3638 3324 in
3689 3289 3820 3327 con-

2223 3365 2447 3419 scientia
2478 3371 2660 3418 nostra
2688 3364 2791 3418 hoc
2819 3371 2902 3418 est
2929 3363 3074 3433 quod
3102 3363 3245 3417 Deus
3271 3363 3477 3429 horret,
3501 3362 3645 3433 quod
3665 3378 3819 3419 exse-

2224 3464 2421 3522 cratur,
2454 3454 2598 3525 quod
2627 3454 2766 3509 sicut
2794 3454 2850 3509 in
2873 3455 2957 3509 his
2984 3455 3055 3509 sit
3081 3466 3269 3524 pastus
3289 3454 3509 3521 diaboli,
3538 3455 3613 3509 ita
3643 3455 3816 3512 often-

2222 3549 2304 3604 sio
2333 3548 2448 3612 Dei,
2479 3547 2751 3616 quomodo
2790 3563 2890 3602 nos
2929 3548 2983 3601 in
3037 3547 3278 3603 Ecclesia
3321 3547 3416 3602 Dei
3439 3547 3618 3603 colere
3647 3549 3816 3604 Deum

2224 3640 2471 3706 dicimus,
2497 3639 2590 3708 qui
2615 3640 2667 3693 in
2697 3639 3031 3695 obscenitate
3051 3638 3296 3694 ludorum
3343 3655 3556 3709 semper
3602 3640 3814 3696 diabolo

2224 3731 2572 3795 deservimus,
2603 3739 2658 3784 et
2682 3730 2786 3784 hoc
2804 3729 2956 3799 gnari
2984 3745 3048 3784 ac
3067 3730 3324 3796 scientes,
3367 3730 3434 3785 de
3485 3731 3711 3786 consilio
3756 3737 3815 3786 et

2225 3821 2523 3876 industria?
2576 3819 2643 3872 Et
2683 3836 2802 3890 quae
2858 3821 3032 3885 nobis,
3084 3836 3285 3889 quaeso,
3343 3837 3470 3893 spes
3523 3823 3626 3877 erit
3673 3820 3812 3892 apud

2222 3911 2412 3974 Deum,
2437 3914 2528 3979 qui
2558 3928 2667 3965 non
2690 3928 2820 3966 casu
2848 3920 2941 3967 aut
2969 3913 3331 3982 imprudentia
3353 3914 3521 3970 Deum
3551 3915 3807 3979 laedimus,

2229 4005 2386 4073 119
2440 4003 2535 4057 sed
2561 4004 2812 4074 exemplo
2841 4005 3050 4059 illorum
3077 4006 3347 4075 quondam
3377 4007 3648 4075 gigantum
3677 4022 3812 4077 quos

2220 4095 2421 4150 insanis
2467 4097 2748 4152 conatibus
2789 4113 3024 4166 superna
3053 4106 3289 4173 tentasse
3311 4106 3365 4153 et
3383 4100 3536 4167 quasi
3561 4100 3613 4153 in
3643 4100 3811 4154 nubes
3895 4091 3904 4097 ’

2219 4192 2442 4260 gradum
2469 4193 2652 4248 tulisse
2679 4193 2943 4261 legimus?
2969 4194 3057 4249 Sic
3095 4210 3195 4249 nos
3221 4211 3318 4264 per
3342 4193 3563 4263 injurias
3590 4208 3723 4261 quas
3753 4193 3806 4248 in

2218 4286 2363 4340 omni
2415 4286 2615 4341 mundo
2661 4287 2773 4341 Deo
2811 4303 3025 4357 semper
3045 4287 3343 4352 inferimus,
3373 4286 3522 4356 quasi
3542 4299 3805 4340 consensu

2215 4379 2429 4447 publico
2459 4381 2654 4435 castum
2684 4395 3074 4452 oppugnamus.
3099 4379 3312 4435 Christo
3339 4394 3466 4448 ergo
3499 4379 3552 4449 (ο
3574 4378 3806 4432 amentia

2215 4480 2557 4527 monstruosa
2577 4473 2638 4541 ε),
2669 4471 2886 4527 Christo
2907 4473 3175 4526 circenses
3204 4469 3474 4524 offerimus
3503 4477 3557 4523 et
3587 4468 3805 4535 mimos,

522 4574 668 4614 mum
690 4558 997 4626 quempiam
1019 4557 1223 4622 audias,
1251 4557 1532 4626 sacrilegio
1555 4575 1661 4613 non
1683 4561 1959 4630 pollueris,
1983 4561 2109 4630 quia
2135 4563 2189 4624 D
2215 4568 2268 4614 et
2291 4569 2420 4616 tunc
2449 4563 2552 4617 hoc
2578 4563 2809 4617 maxime
2831 4577 2952 4617 eum
2975 4562 3042 4616 ab
3064 4577 3130 4616 eo
3161 4560 3362 4630 aliquid
3389 4561 3515 4614 boni
3545 4561 3804 4630 capimus,

522 4656 702 4705 mente
731 4647 1010 4715 dissentis;
1034 4657 1088 4703 et
1115 4648 1161 4703 si
1185 4649 1512 4705 intervenias
1537 4649 1844 4718 latrocinio,
1876 4667 1983 4706 non
2024 4651 2108 4706 in-

521 4740 760 4810 quinaris
807 4747 949 4807 actu,
991 4740 1116 4809 quia
1148 4740 1406 4795 abhorres
1430 4741 1630 4796 animo.
1658 4741 1800 4796 Solae
1829 4751 2108 4812 spectacu-

519 4831 695 4888 lorum
724 4832 1058 4902 impuritates
1086 4840 1211 4886 sunt
1235 4848 1354 4902 qua:
1387 4849 1551 4888 unum
1589 4833 1876 4888 admodum
1906 4835 2109 4891 faciunt

519 4932 574 4979 et
593 4925 864 4992 agentium
904 4933 958 4978 et
986 4923 1358 4994 aspicientium
1393 4925 1615 4980 crimen.
1647 4925 1778 4979 Nam
1809 4925 1936 4981 dum
1984 4943 2107 4997 spe-

520 5023 724 5072 ctantes
744 5018 858 5072 haec
877 5018 1231 5087 comprobant
1258 5033 1321 5073 ac
1341 5017 1571 5074 libenter
1598 5019 1800 5084 vident,
1824 5035 2012 5075 omnes
2040 5036 2105 5075 ea

519 5104 636 5159 visu
664 5115 824 5176 atque
847 5124 1065 5164 assensu
1093 5117 1273 5177 agunt.
1303 5107 1372 5162 Ut
1398 5125 1526 5164 vere
1550 5111 1606 5163 in
1625 5125 1721 5164 eos
1749 5113 2103 5180 apostolicum

518 5192 649 5247 illud
677 5198 1019 5263 peculiariter
1047 5199 1223 5264 cadat,
1274 5202 1394 5271 quia
1442 5201 1584 5272 digni
1633 5211 1753 5254 sunt
1806 5211 1969 5255 morte
1997 5220 2102 5256 non

521 5281 685 5335 solum
712 5287 796 5354 qui
826 5289 1024 5356 faciunt
1049 5308 1129 5355 ea,
1157 5291 1250 5346 sed
1271 5293 1428 5345 etiam
1455 5294 1540 5362 qui
1571 5293 1892 5345 consentiunt
1913 5295 2105 5363 facien-

521 5373 654 5427 tibus
683 5373 856 5443 (Rom.
889 5395 924 5443 ι,
956 5381 1066 5449 52).
1090 5382 1278 5450 Itaque
1309 5384 1360 5437 in
1387 5383 1489 5438 illis
1525 5383 1843 5453 imaginibus
1872 5382 2101 5440 fornica—

521 5465 724 5519 tionum
753 5467 926 5522 omnis
947 5470 1166 5523 omnino
1182 5473 1348 5539 plebs
1372 5473 1550 5528 animo
1579 5471 1903 5538 fornicatur;
1932 5481 1987 5527 et
2006 5476 2098 5544 qui

2216 4669 2338 4708 cum
2367 4655 2743 4724 prosperitatis
2763 4654 2831 4708 ab
2857 4669 2923 4708 eo
2953 4653 3154 4722 aliquid
3177 4653 3504 4718 attribuitur,
3529 4660 3621 4706 aut
3643 4653 3805 4707 victo-

2214 4747 2294 4799 ria
2323 4745 2390 4799 de
2408 4745 2655 4800 hostibus
2683 4761 2714 4797 a
2744 4745 3033 4799 Divinitate
3062 4744 3383 4814 praestatur?
3413 4742 3478 4797 Et
3497 4743 3624 4812 quid
3653 4743 3796 4798 aliud

2213 4836 2316 4892 hac
2361 4852 2421 4890 re
2473 4836 2652 4890 facere
2697 4835 2942 4889 videmur
2960 4849 3121 4904 quam
3152 4835 3198 4889 si
3225 4833 3347 4903 quis
3368 4833 3573 4887 homini
3600 4830 3804 4887 beneﬁ-

2211 4914 2352 4981 cium
2400 4925 2648 4994 largienti
2678 4923 2966 4992 injuriosus
2995 4926 3083 4990 sit,
3112 4931 3205 4978 aut
3236 4923 3598 4978 blandientem
3619 4921 3804 4978 convi-

2210 5017 2306 5072 ciis
2327 5017 2515 5082 caedat,
2540 5024 2634 5071 aut
2654 5016 2946 5071 osculantis
2974 5016 3183 5069 vultum
3201 5029 3460 5070 mucrone
3486 5013 3802 5080 transﬁgat?

2210 5105 2486 5175 Interrogo
2535 5107 2678 5161 enim
2718 5121 2906 5160 omnes
2958 5111 3211 5174 potentes
3259 5118 3323 5158 ac
3377 5104 3571 5159 divites
3616 5101 3800 5156 mundi

2208 5197 2388 5266 hujus,
2434 5198 2585 5268 cujus
2624 5197 2821 5267 piaculi
2849 5210 2973 5249 reus
3001 5194 3071 5248 sit
3109 5208 3298 5248 servus
3320 5193 3411 5248 ille
3439 5194 3532 5263 qui
3561 5194 3706 5247 bono
3736 5207 3799 5246 ae

2209 5290 2299 5359 pio
2324 5290 2542 5345 domino
2572 5288 2772 5343 malum
2802 5286 3020 5354 cogitet,
3053 5285 3144 5354 qui
3189 5286 3329 5340 bene
3356 5285 3583 5341 merenti
3614 5283 3799 5339 convi-

2209 5385 2351 5438 cium
2379 5384 2562 5448 faciat,
2595 5391 2650 5438 et
2694 5398 2795 5453 pro
2830 5382 3079 5436 libertate
3107 5396 3269 5452 quam
3290 5384 3486 5453 accipit
3513 5391 3797 5438 contume—

2203 5474 2330 5529 liam
2356 5474 2564 5528 reddat.
2598 5473 2814 5540 Absque
2833 5471 2998 5526 dubio
3024 5472 3247 5527 maximi
3264 5473 3504 5529 criminis
3527 5487 3652 5528 reus
3679 5487 3799 5529 cre-

1669 5566 2036 5624 STIEPHANI
2074 5568 2349 5625 BALUZII
2386 5565 2614 5621 NOTAE.

595 5664 621 5692 ι
658 5653 907 5711 Tribulos
927 5655 1002 5708 ait
1046 5653 1431 5715 Rittershusius
1459 5661 1791 5717 machinulas
1833 5676 1951 5716 esse
1991 5661 2097 5717 fer-

522 5739 660 5788 reas,
687 5725 916 5800 dolosas,
942 5733 1220 5800 tetragona
1254 5728 1443 5790 forma,
1468 5745 1585 5799 qua:
1624 5734 1674 5786 in
1705 5748 2096 5800 quamcumque

521 5803 730 5862 partem
759 5797 1112 5864 incubuerint,
1144 5814 1309 5853 unum
1330 5811 1421 5854 aut
1441 5797 1621 5869 plures
1640 5797 1854 5856 aculeos
1878 5797 2098 5858 infestos

2206 5659 2557 5733 protendunt.
2574 5658 2808 5733 __Latinis
2849 5670 3029 5717 autem
3092 5664 3208 5733 alio
3245 5661 3508 5733 vocabulo
3555 5661 3786 5733 murices

2204 5730 2309 5787 dici
2340 5731 2540 5785 scribit.
2574 5730 2706 5786 Vide
2734 5747 2896 5802 porro
2925 5733 3170 5789 Vossium
3198 5732 3252 5786 in
3283 5731 3652 5802 Etymologico
3685 5730 3792 5787 lin-

2208 5817 2325 5871 gua:
2359 5799 2579 5856 Latinae.
