  <div class='ocr_page' id='page_1' title='image "/cluster/home/n/w/nwhite01/storage/ocr_20150623/53/hvd.32044073505232/062.png"; bbox 0 0 4234 6262; ppageno 0'>
   <div class='ocr_carea' id='block_1_1' title="bbox 421 411 529 467">
    <p class='ocr_par' dir='ltr' id='par_1_1' title="bbox 421 411 529 467">
     <span class='ocr_line' id='line_1_1' title="bbox 421 411 529 467; baseline -0.009 0"><span class='ocrx_word' id='word_1_1' title='bbox 421 411 529 467; x_wconf 67' lang='lat' dir='ltr'><strong>HS</strong></span> 
     </span>
    </p>
   </div>
   <div class='ocr_carea' id='block_1_2' title="bbox 1493 392 2590 453">
    <p class='ocr_par' dir='ltr' id='par_1_2' title="bbox 1493 392 2590 453">
     <span class='ocr_line' id='line_1_2' title="bbox 1493 392 2590 453; baseline -0.004 0"><span class='ocrx_word' id='word_1_2' title='bbox 1493 397 1581 453; x_wconf 83' lang='lat' dir='ltr'><strong>DE</strong></span> <span class='ocrx_word' id='word_1_3' title='bbox 1617 392 2151 453; x_wconf 78' lang='lat' dir='ltr'><strong>GUBERNATIONE</strong></span> <span class='ocrx_word' id='word_1_4' title='bbox 2188 393 2300 451; x_wconf 85' lang='lat' dir='ltr'><strong>DEI</strong></span> <span class='ocrx_word' id='word_1_5' title='bbox 2337 394 2462 450; x_wconf 73' lang='lat' dir='ltr'><strong>LIB.</strong></span> <span class='ocrx_word' id='word_1_6' title='bbox 2504 395 2590 450; x_wconf 84' lang='lat' dir='ltr'><strong>Vl.</strong></span> 
     </span>
    </p>
   </div>
   <div class='ocr_carea' id='block_1_3' title="bbox 3597 399 3702 455">
    <p class='ocr_par' dir='ltr' id='par_1_3' title="bbox 3597 399 3702 455">
     <span class='ocr_line' id='line_1_3' title="bbox 3597 399 3702 455; baseline -0.019 0"><span class='ocrx_word' id='word_1_7' title='bbox 3597 399 3702 455; x_wconf 64' lang='lat'><strong>“6</strong></span> 
     </span>
    </p>
   </div>
   <div class='ocr_carea' id='block_1_4' title="bbox 414 506 3701 588">
    <p class='ocr_par' dir='ltr' id='par_1_4' title="bbox 414 506 3701 588">
     <span class='ocr_line' id='line_1_4' title="bbox 414 506 3701 588; baseline -0.003 -10"><span class='ocrx_word' id='word_1_8' title='bbox 414 521 564 578; x_wconf 91' lang='lat' dir='ltr'><strong>ditur</strong></span> <span class='ocrx_word' id='word_1_9' title='bbox 586 526 682 588; x_wconf 85' lang='lat' dir='ltr'><strong>qut</strong></span> <span class='ocrx_word' id='word_1_10' title='bbox 708 516 908 571; x_wconf 89' lang='lat' dir='ltr'><strong>malum</strong></span> <span class='ocrx_word' id='word_1_11' title='bbox 938 529 1034 584; x_wconf 92' lang='lat' dir='ltr'><strong>pro</strong></span> <span class='ocrx_word' id='word_1_12' title='bbox 1063 513 1207 566; x_wconf 83' lang='lat' dir='ltr'><strong>bono</strong></span> <span class='ocrx_word' id='word_1_13' title='bbox 1232 509 1426 575; x_wconf 97' lang='lat' dir='ltr'><strong>reddit,</strong></span> <span class='ocrx_word' id='word_1_14' title='bbox 1457 509 1545 563; x_wconf 89' lang='lat' dir='ltr'><strong>cui</strong></span> <span class='ocrx_word' id='word_1_15' title='bbox 1598 508 1762 563; x_wconf 88' lang='lat' dir='ltr'><strong>etiam</strong></span> <span class='ocrx_word' id='word_1_16' title='bbox 1805 507 2008 562; x_wconf 84' lang='lat' dir='ltr'><strong>malum</strong></span> <span class='ocrx_word' id='word_1_17' title='bbox 2034 509 2084 567; x_wconf 77' lang='grc' dir='ltr'>Α</span> <span class='ocrx_word' id='word_1_18' title='bbox 2112 517 2413 563; x_wconf 68' lang='lat' dir='ltr'><strong>sectatorem</strong></span> <span class='ocrx_word' id='word_1_19' title='bbox 2434 507 2684 562; x_wconf 87' lang='lat' dir='ltr'><strong>bonorum</strong></span> <span class='ocrx_word' id='word_1_20' title='bbox 2704 525 2932 579; x_wconf 82' lang='lat' dir='ltr'><strong>operum.</strong></span> <span class='ocrx_word' id='word_1_21' title='bbox 2960 506 3060 564; x_wconf 86' lang='lat' dir='ltr'><strong>Ubi</strong></span> <span class='ocrx_word' id='word_1_22' title='bbox 3083 519 3166 565; x_wconf 88' lang='lat' dir='ltr'><strong>est</strong></span> <span class='ocrx_word' id='word_1_23' title='bbox 3188 511 3418 581; x_wconf 89' lang='lat' dir='ltr'><strong>populus</strong></span> <span class='ocrx_word' id='word_1_24' title='bbox 3439 512 3530 568; x_wconf 90' lang='lat' dir='ltr'><strong>ille</strong></span> <span class='ocrx_word' id='word_1_25' title='bbox 3547 528 3701 569; x_wconf 90' lang='lat' dir='ltr'><strong>mun-</strong></span> 
     </span>
    </p>
   </div>
   <div class='ocr_carea' id='block_1_5' title="bbox 416 599 2009 682">
    <p class='ocr_par' dir='ltr' id='par_1_5' title="bbox 416 599 2009 682">
     <span class='ocr_line' id='line_1_5' title="bbox 416 599 2009 682; baseline -0.008 -16"><span class='ocrx_word' id='word_1_26' title='bbox 416 626 521 682; x_wconf 85' lang='lat' dir='ltr'><strong>pro</strong></span> <span class='ocrx_word' id='word_1_27' title='bbox 541 609 685 664; x_wconf 91' lang='lat' dir='ltr'><strong>malo</strong></span> <span class='ocrx_word' id='word_1_28' title='bbox 704 606 928 663; x_wconf 81' lang='lat' dir='ltr'><strong>reddere</strong></span> <span class='ocrx_word' id='word_1_29' title='bbox 955 614 1064 659; x_wconf 89' lang='lat' dir='ltr'><strong>non</strong></span> <span class='ocrx_word' id='word_1_30' title='bbox 1091 603 1300 657; x_wconf 77' lang='lat' dir='ltr'><strong>liceret.</strong></span> <span class='ocrx_word' id='word_1_31' title='bbox 1326 599 1442 655; x_wconf 84' lang='lat' dir='ltr'><strong>Hoc</strong></span> <span class='ocrx_word' id='word_1_32' title='bbox 1459 613 1588 669; x_wconf 86' lang='lat' dir='ltr'><strong>ergo</strong></span> <span class='ocrx_word' id='word_1_33' title='bbox 1613 599 1776 654; x_wconf 84' lang='lat' dir='ltr'><strong>etiam</strong></span> <span class='ocrx_word' id='word_1_34' title='bbox 1795 610 1896 654; x_wconf 84' lang='lat' dir='ltr'><strong>nos</strong></span> <span class='ocrx_word' id='word_1_35' title='bbox 1915 599 2009 668; x_wconf 92' lang='lat' dir='ltr'><strong>qui</strong></span> 
     </span>
    </p>
   </div>
   <div class='ocr_carea' id='block_1_6' title="bbox 425 691 2008 762">
    <p class='ocr_par' dir='ltr' id='par_1_6' title="bbox 425 691 2008 762">
     <span class='ocr_line' id='line_1_6' title="bbox 425 691 2008 762; baseline -0.009 -2"><span class='ocrx_word' id='word_1_36' title='bbox 425 701 717 759; x_wconf 77' lang='lat' dir='ltr'><strong>Christiani</strong></span> <span class='ocrx_word' id='word_1_37' title='bbox 744 698 989 762; x_wconf 82' lang='lat' dir='ltr'><strong>dicimur,</strong></span> <span class='ocrx_word' id='word_1_38' title='bbox 1010 695 1256 751; x_wconf 80' lang='lat' dir='ltr'><strong>facimus.</strong></span> <span class='ocrx_word' id='word_1_39' title='bbox 1278 694 1563 749; x_wconf 88' lang='lat' dir='ltr'><strong>lnritamus</strong></span> <span class='ocrx_word' id='word_1_40' title='bbox 1591 693 1646 747; x_wconf 92' lang='lat' dir='ltr'><strong>in</strong></span> <span class='ocrx_word' id='word_1_41' title='bbox 1699 707 1801 747; x_wconf 87' lang='lat' dir='ltr'><strong>nos</strong></span> <span class='ocrx_word' id='word_1_42' title='bbox 1844 691 2008 747; x_wconf 87' lang='lat' dir='ltr'><strong>mise-</strong></span> 
     </span>
    </p>
   </div>
   <div class='ocr_carea' id='block_1_7' title="bbox 423 786 2011 874">
    <p class='ocr_par' dir='ltr' id='par_1_7' title="bbox 423 786 2011 874">
     <span class='ocr_line' id='line_1_7' title="bbox 423 786 2011 874; baseline -0.01 -18"><span class='ocrx_word' id='word_1_43' title='bbox 423 798 689 856; x_wconf 87' lang='lat' dir='ltr'><strong>ricordem</strong></span> <span class='ocrx_word' id='word_1_44' title='bbox 730 796 897 850; x_wconf 89' lang='lat' dir='ltr'><strong>Deum</strong></span> <span class='ocrx_word' id='word_1_45' title='bbox 946 790 1347 862; x_wconf 89' lang='lat' dir='ltr'><strong>impuritatibus</strong></span> <span class='ocrx_word' id='word_1_46' title='bbox 1382 787 1599 852; x_wconf 88' lang='lat' dir='ltr'><strong>nostris,</strong></span> <span class='ocrx_word' id='word_1_47' title='bbox 1631 786 2011 874; x_wconf 67' lang='lat' dir='ltr'><strong>propinantem</strong></span> 
     </span>
    </p>
   </div>
   <div class='ocr_carea' id='block_1_8' title="bbox 427 881 2005 952">
    <p class='ocr_par' dir='ltr' id='par_1_8' title="bbox 427 881 2005 952">
     <span class='ocr_line' id='line_1_8' title="bbox 427 881 2005 952; baseline -0.01 -2"><span class='ocrx_word' id='word_1_48' title='bbox 427 892 672 950; x_wconf 83' lang='lat' dir='ltr'><strong>sordibus</strong></span> <span class='ocrx_word' id='word_1_49' title='bbox 698 888 961 952; x_wconf 64' lang='lat' dir='ltr'><strong>lmdimus,</strong></span> <span class='ocrx_word' id='word_1_50' title='bbox 993 885 1359 942; x_wconf 81' lang='lat' dir='ltr'><strong>blandientem</strong></span> <span class='ocrx_word' id='word_1_51' title='bbox 1389 881 1596 952; x_wconf 83' lang='lat' dir='ltr'><strong>injuriis</strong></span> <span class='ocrx_word' id='word_1_52' title='bbox 1642 881 2005 937; x_wconf 88' lang='lat' dir='ltr'><strong>verberamus.</strong></span> 
     </span>
    </p>
   </div>
   <div class='ocr_carea' id='block_1_9' title="bbox 495 970 2008 1048">
    <p class='ocr_par' dir='ltr' id='par_1_9' title="bbox 495 970 2008 1048">
     <span class='ocr_line' id='line_1_9' title="bbox 495 970 2008 1048; baseline -0.008 -10"><span class='ocrx_word' id='word_1_53' title='bbox 495 983 559 1038; x_wconf 92' lang='lat' dir='ltr'><strong>V.</strong></span> <span class='ocrx_word' id='word_1_54' title='bbox 596 980 810 1037; x_wconf 78' lang='lat' dir='ltr'><strong>Christo</strong></span> <span class='ocrx_word' id='word_1_55' title='bbox 836 994 968 1048; x_wconf 89' lang='lat' dir='ltr'><strong>ergo</strong></span> <span class='ocrx_word' id='word_1_56' title='bbox 997 979 1054 1046; x_wconf 91' lang='grc' dir='ltr'><strong>(ο</strong></span> <span class='ocrx_word' id='word_1_57' title='bbox 1083 976 1319 1031; x_wconf 77' lang='lat' dir='ltr'><strong>amentia</strong></span> <span class='ocrx_word' id='word_1_58' title='bbox 1345 980 1685 1029; x_wconf 87' lang='lat' dir='ltr'><strong>monstruosa</strong></span> <span class='ocrx_word' id='word_1_59' title='bbox 1702 973 1767 1043; x_wconf 83' lang='lat' dir='ltr'><strong>l),</strong></span> <span class='ocrx_word' id='word_1_60' title='bbox 1791 970 2008 1027; x_wconf 90' lang='lat' dir='ltr'><strong>Christo</strong></span> 
     </span>
    </p>
   </div>
   <div class='ocr_carea' id='block_1_10' title="bbox 424 1060 2011 1134">
    <p class='ocr_par' dir='ltr' id='par_1_10' title="bbox 424 1060 2011 1134">
     <span class='ocr_line' id='line_1_10' title="bbox 424 1060 2011 1134; baseline -0.009 -3"><span class='ocrx_word' id='word_1_61' title='bbox 424 1077 686 1131; x_wconf 87' lang='lat' dir='ltr'><strong>circenses</strong></span> <span class='ocrx_word' id='word_1_62' title='bbox 707 1071 985 1126; x_wconf 69' lang='lat' dir='ltr'><strong>oderimus</strong></span> <span class='ocrx_word' id='word_1_63' title='bbox 1004 1078 1062 1124; x_wconf 88' lang='lat' dir='ltr'><strong>et</strong></span> <span class='ocrx_word' id='word_1_64' title='bbox 1099 1068 1313 1132; x_wconf 81' lang='lat' dir='ltr'><strong>mimos,</strong></span> <span class='ocrx_word' id='word_1_65' title='bbox 1350 1063 1566 1120; x_wconf 84' lang='lat' dir='ltr'><strong>Christo</strong></span> <span class='ocrx_word' id='word_1_66' title='bbox 1592 1079 1693 1134; x_wconf 90' lang='lat' dir='ltr'><strong>pro</strong></span> <span class='ocrx_word' id='word_1_67' title='bbox 1732 1060 2011 1118; x_wconf 82' lang='lat' dir='ltr'><strong>beneﬁciis</strong></span> 
     </span>
    </p>
   </div>
   <div class='ocr_carea' id='block_1_11' title="bbox 423 1153 2011 1222">
    <p class='ocr_par' dir='ltr' id='par_1_11' title="bbox 423 1153 2011 1222">
     <span class='ocr_line' id='line_1_11' title="bbox 423 1153 2011 1222; baseline -0.009 -1"><span class='ocrx_word' id='word_1_68' title='bbox 423 1166 530 1221; x_wconf 85' lang='lat' dir='ltr'><strong>suis</strong></span> <span class='ocrx_word' id='word_1_69' title='bbox 573 1164 915 1219; x_wconf 73' lang='lat' dir='ltr'><strong>theatrorum</strong></span> <span class='ocrx_word' id='word_1_70' title='bbox 949 1160 1186 1215; x_wconf 88' lang='lat' dir='ltr'><strong>obscena</strong></span> <span class='ocrx_word' id='word_1_71' title='bbox 1214 1156 1506 1222; x_wconf 85' lang='lat' dir='ltr'><strong>reddimus,</strong></span> <span class='ocrx_word' id='word_1_72' title='bbox 1537 1153 1757 1210; x_wconf 86' lang='lat' dir='ltr'><strong>Christo</strong></span> <span class='ocrx_word' id='word_1_73' title='bbox 1778 1153 2011 1210; x_wconf 91' lang='lat' dir='ltr'><strong>ludicro-</strong></span> 
     </span>
    </p>
   </div>
   <div class='ocr_carea' id='block_1_12' title="bbox 418 1244 2014 1323">
    <p class='ocr_par' dir='ltr' id='par_1_12' title="bbox 418 1244 2014 1323">
     <span class='ocr_line' id='line_1_12' title="bbox 418 1244 2014 1323; baseline -0.008 -13"><span class='ocrx_word' id='word_1_74' title='bbox 418 1270 538 1310; x_wconf 91' lang='lat' dir='ltr'><strong>rum</strong></span> <span class='ocrx_word' id='word_1_75' title='bbox 558 1253 993 1323; x_wconf 90' lang='lat' dir='ltr'><strong>turpissimorum</strong></span> <span class='ocrx_word' id='word_1_76' title='bbox 1017 1249 1226 1305; x_wconf 86' lang='lat' dir='ltr'><strong>hostias</strong></span> <span class='ocrx_word' id='word_1_77' title='bbox 1239 1246 1609 1301; x_wconf 83' lang='lat' dir='ltr'><strong>immolamus?</strong></span> <span class='ocrx_word' id='word_1_78' title='bbox 1628 1244 1890 1300; x_wconf 80' lang='lat' dir='ltr'><strong>Videlicet</strong></span> <span class='ocrx_word' id='word_1_79' title='bbox 1909 1244 2014 1299; x_wconf 91' lang='lat' dir='ltr'><strong>hoc</strong></span> 
     </span>
    </p>
   </div>
   <div class='ocr_carea' id='block_1_13' title="bbox 421 1336 2007 1415">
    <p class='ocr_par' dir='ltr' id='par_1_13' title="bbox 421 1336 2007 1415">
     <span class='ocr_line' id='line_1_13' title="bbox 421 1336 2007 1415; baseline -0.007 -15"><span class='ocrx_word' id='word_1_80' title='bbox 421 1361 524 1400; x_wconf 88' lang='lat' dir='ltr'><strong>nos</strong></span> <span class='ocrx_word' id='word_1_81' title='bbox 543 1360 644 1415; x_wconf 90' lang='lat' dir='ltr'><strong>pro</strong></span> <span class='ocrx_word' id='word_1_82' title='bbox 675 1344 830 1398; x_wconf 90' lang='lat' dir='ltr'><strong>nobis</strong></span> <span class='ocrx_word' id='word_1_83' title='bbox 856 1343 911 1397; x_wconf 91' lang='lat' dir='ltr'><strong>in</strong></span> <span class='ocrx_word' id='word_1_84' title='bbox 931 1356 1093 1397; x_wconf 89' lang='lat' dir='ltr'><strong>carne</strong></span> <span class='ocrx_word' id='word_1_85' title='bbox 1122 1348 1282 1394; x_wconf 90' lang='lat' dir='ltr'><strong>natus</strong></span> <span class='ocrx_word' id='word_1_86' title='bbox 1300 1336 1548 1393; x_wconf 82' lang='lat' dir='ltr'><strong>Salvator</strong></span> <span class='ocrx_word' id='word_1_87' title='bbox 1572 1344 1759 1392; x_wconf 88' lang='lat' dir='ltr'><strong>noster</strong></span> <span class='ocrx_word' id='word_1_88' title='bbox 1774 1336 2007 1390; x_wconf 88' lang='lat' dir='ltr'><strong>edocuit.</strong></span> 
     </span>
    </p>
   </div>
   <div class='ocr_carea' id='block_1_14' title="bbox 420 1427 2007 1505">
    <p class='ocr_par' dir='ltr' id='par_1_14' title="bbox 420 1427 2007 1505">
     <span class='ocr_line' id='line_1_14' title="bbox 420 1427 2007 1505; baseline -0.008 -13"><span class='ocrx_word' id='word_1_89' title='bbox 420 1435 538 1492; x_wconf 84' lang='lat' dir='ltr'><strong>Hoc</strong></span> <span class='ocrx_word' id='word_1_90' title='bbox 583 1436 671 1490; x_wconf 92' lang='lat' dir='ltr'><strong>vel</strong></span> <span class='ocrx_word' id='word_1_91' title='bbox 715 1449 812 1505; x_wconf 87' lang='lat' dir='ltr'><strong>per</strong></span> <span class='ocrx_word' id='word_1_92' title='bbox 854 1449 914 1489; x_wconf 90' lang='lat' dir='ltr'><strong>se</strong></span> <span class='ocrx_word' id='word_1_93' title='bbox 941 1432 1118 1502; x_wconf 90' lang='lat' dir='ltr'><strong>ipsum</strong></span> <span class='ocrx_word' id='word_1_94' title='bbox 1136 1430 1226 1485; x_wconf 90' lang='lat' dir='ltr'><strong>vel</strong></span> <span class='ocrx_word' id='word_1_95' title='bbox 1252 1445 1349 1501; x_wconf 90' lang='lat' dir='ltr'><strong>per</strong></span> <span class='ocrx_word' id='word_1_96' title='bbox 1375 1428 1653 1499; x_wconf 81' lang='lat' dir='ltr'><strong>apostolos</strong></span> <span class='ocrx_word' id='word_1_97' title='bbox 1679 1427 2007 1498; x_wconf 61' lang='lat' dir='ltr'><strong>praedicavit.</strong></span> 
     </span>
    </p>
   </div>
   <div class='ocr_carea' id='block_1_15' title="bbox 424 1518 2009 1597">
    <p class='ocr_par' dir='ltr' id='par_1_15' title="bbox 424 1518 2009 1597">
     <span class='ocr_line' id='line_1_15' title="bbox 424 1518 2009 1597; baseline -0.004 -18"><span class='ocrx_word' id='word_1_98' title='bbox 424 1525 650 1597; x_wconf 86' lang='lat' dir='ltr'><strong>Propter</strong></span> <span class='ocrx_word' id='word_1_99' title='bbox 703 1525 808 1580; x_wconf 91' lang='lat' dir='ltr'><strong>hoc</strong></span> <span class='ocrx_word' id='word_1_100' title='bbox 835 1525 1084 1579; x_wconf 64' lang='lat' dir='ltr'><strong>humanae</strong></span> <span class='ocrx_word' id='word_1_101' title='bbox 1111 1521 1408 1577; x_wconf 84' lang='lat' dir='ltr'><strong>nativitatis</strong></span> <span class='ocrx_word' id='word_1_102' title='bbox 1432 1518 1810 1576; x_wconf 86' lang='lat' dir='ltr'><strong>verecundiam</strong></span> <span class='ocrx_word' id='word_1_103' title='bbox 1830 1518 2009 1581; x_wconf 89' lang='lat' dir='ltr'><strong>subiit,</strong></span> 
     </span>
    </p>
   </div>
   <div class='ocr_carea' id='block_1_16' title="bbox 426 1607 2015 1682">
    <p class='ocr_par' dir='ltr' id='par_1_16' title="bbox 426 1607 2015 1682">
     <span class='ocr_line' id='line_1_16' title="bbox 426 1607 2015 1682; baseline -0.005 -10"><span class='ocrx_word' id='word_1_104' title='bbox 426 1625 480 1672; x_wconf 92' lang='lat' dir='ltr'><strong>et</strong></span> <span class='ocrx_word' id='word_1_105' title='bbox 492 1626 517 1654; x_wconf 76' lang='grc'>⁸</span> <span class='ocrx_word' id='word_1_106' title='bbox 532 1615 921 1672; x_wconf 86' lang='lat' dir='ltr'><strong>contumeliosa</strong></span> <span class='ocrx_word' id='word_1_107' title='bbox 940 1614 1141 1669; x_wconf 89' lang='lat' dir='ltr'><strong>terreni</strong></span> <span class='ocrx_word' id='word_1_108' title='bbox 1166 1620 1318 1668; x_wconf 91' lang='lat' dir='ltr'><strong>ortus</strong></span> <span class='ocrx_word' id='word_1_109' title='bbox 1331 1611 1592 1682; x_wconf 89' lang='lat' dir='ltr'><strong>principia</strong></span> <span class='ocrx_word' id='word_1_110' title='bbox 1611 1610 1863 1680; x_wconf 87' lang='lat' dir='ltr'><strong>suscepit.</strong></span> <span class='ocrx_word' id='word_1_111' title='bbox 1882 1607 2015 1664; x_wconf 85' lang='lat' dir='ltr'><strong>Pro-</strong></span> 
     </span>
    </p>
   </div>
   <div class='ocr_carea' id='block_1_17' title="bbox 426 1700 2015 1777">
    <p class='ocr_par' dir='ltr' id='par_1_17' title="bbox 426 1700 2015 1777">
     <span class='ocr_line' id='line_1_17' title="bbox 426 1700 2015 1777; baseline -0.006 -15"><span class='ocrx_word' id='word_1_112' title='bbox 426 1715 545 1777; x_wconf 87' lang='lat' dir='ltr'><strong>pter</strong></span> <span class='ocrx_word' id='word_1_113' title='bbox 565 1707 668 1762; x_wconf 92' lang='lat' dir='ltr'><strong>hoc</strong></span> <span class='ocrx_word' id='word_1_114' title='bbox 689 1707 743 1759; x_wconf 91' lang='lat' dir='ltr'><strong>in</strong></span> <span class='ocrx_word' id='word_1_115' title='bbox 764 1706 1026 1776; x_wconf 65' lang='lat' dir='ltr'><strong>pmepio</strong></span> <span class='ocrx_word' id='word_1_116' title='bbox 1040 1704 1230 1773; x_wconf 90' lang='lat' dir='ltr'><strong>jacuit,</strong></span> <span class='ocrx_word' id='word_1_117' title='bbox 1258 1703 1347 1758; x_wconf 92' lang='lat' dir='ltr'><strong>cui</strong></span> <span class='ocrx_word' id='word_1_118' title='bbox 1374 1702 1680 1757; x_wconf 89' lang='lat' dir='ltr'><strong>servierunt</strong></span> <span class='ocrx_word' id='word_1_119' title='bbox 1692 1700 1870 1769; x_wconf 89' lang='lat' dir='ltr'><strong>angeli</strong></span> <span class='ocrx_word' id='word_1_120' title='bbox 1890 1715 2015 1754; x_wconf 90' lang='lat' dir='ltr'><strong>cum</strong></span> 
     </span>
    </p>
   </div>
   <div class='ocr_carea' id='block_1_18' title="bbox 420 1789 2011 1867">
    <p class='ocr_par' dir='ltr' id='par_1_18' title="bbox 420 1789 2011 1867">
     <span class='ocr_line' id='line_1_18' title="bbox 420 1789 2011 1867; baseline -0.006 -16"><span class='ocrx_word' id='word_1_121' title='bbox 420 1797 641 1866; x_wconf 75' lang='lat' dir='ltr'><strong>iaceret.</strong></span> <span class='ocrx_word' id='word_1_122' title='bbox 673 1795 901 1867; x_wconf 88' lang='lat' dir='ltr'><strong>Propter</strong></span> <span class='ocrx_word' id='word_1_123' title='bbox 920 1796 1025 1850; x_wconf 90' lang='lat' dir='ltr'><strong>hoc</strong></span> <span class='ocrx_word' id='word_1_124' title='bbox 1059 1793 1256 1849; x_wconf 85' lang='lat' dir='ltr'><strong>involvi</strong></span> <span class='ocrx_word' id='word_1_125' title='bbox 1283 1808 1343 1848; x_wconf 90' lang='lat' dir='ltr'><strong>se</strong></span> <span class='ocrx_word' id='word_1_126' title='bbox 1370 1807 1673 1862; x_wconf 90' lang='lat' dir='ltr'><strong>pannorum</strong></span> <span class='ocrx_word' id='word_1_127' title='bbox 1702 1789 2011 1861; x_wconf 86' lang='lat' dir='ltr'><strong>crepundiis</strong></span> 
     </span>
    </p>
   </div>
   <div class='ocr_carea' id='block_1_19' title="bbox 2113 600 3700 676">
    <p class='ocr_par' dir='ltr' id='par_1_19' title="bbox 2113 600 3700 676">
     <span class='ocr_line' id='line_1_19' title="bbox 2113 600 3700 676; baseline 0.004 -22"><span class='ocrx_word' id='word_1_128' title='bbox 2113 600 2233 667; x_wconf 90' lang='lat' dir='ltr'><strong>dus,</strong></span> <span class='ocrx_word' id='word_1_129' title='bbox 2256 601 2347 656; x_wconf 91' lang='lat' dir='ltr'><strong>ubi</strong></span> <span class='ocrx_word' id='word_1_130' title='bbox 2368 601 2597 672; x_wconf 90' lang='lat' dir='ltr'><strong>populus</strong></span> <span class='ocrx_word' id='word_1_131' title='bbox 2619 600 2980 670; x_wconf 88' lang='lat' dir='ltr'><strong>acceptabilis,</strong></span> <span class='ocrx_word' id='word_1_132' title='bbox 3002 602 3094 657; x_wconf 91' lang='lat' dir='ltr'><strong>ubi</strong></span> <span class='ocrx_word' id='word_1_133' title='bbox 3107 603 3338 673; x_wconf 87' lang='lat' dir='ltr'><strong>populus</strong></span> <span class='ocrx_word' id='word_1_134' title='bbox 3351 605 3479 659; x_wconf 92' lang='lat' dir='ltr'><strong>boni</strong></span> <span class='ocrx_word' id='word_1_135' title='bbox 3500 607 3700 676; x_wconf 86' lang='lat' dir='ltr'><strong>operis,</strong></span> 
     </span>
    </p>
   </div>
   <div class='ocr_carea' id='block_1_20' title="bbox 2113 692 3697 766">
    <p class='ocr_par' dir='ltr' id='par_1_20' title="bbox 2113 692 3697 766">
     <span class='ocr_line' id='line_1_20' title="bbox 2113 692 3697 766; baseline 0.001 -17"><span class='ocrx_word' id='word_1_136' title='bbox 2113 695 2203 749; x_wconf 88' lang='lat' dir='ltr'><strong>ubi</strong></span> <span class='ocrx_word' id='word_1_137' title='bbox 2250 695 2481 765; x_wconf 89' lang='lat' dir='ltr'><strong>p0pulus</strong></span> <span class='ocrx_word' id='word_1_138' title='bbox 2528 694 2863 749; x_wconf 80' lang='lat' dir='ltr'><strong>sanctitatis?</strong></span> <span class='ocrx_word' id='word_1_139' title='bbox 2911 692 3169 760; x_wconf 72' lang='lat' dir='ltr'><strong>Christus,</strong></span> <span class='ocrx_word' id='word_1_140' title='bbox 3201 696 3372 763; x_wconf 87' lang='lat' dir='ltr'><strong>inquit</strong></span> <span class='ocrx_word' id='word_1_141' title='bbox 3400 696 3697 766; x_wconf 86' lang='lat' dir='ltr'><strong>Scriptura,</strong></span> 
     </span>
    </p>
   </div>
   <div class='ocr_carea' id='block_1_21' title="bbox 2111 783 3704 859">
    <p class='ocr_par' dir='ltr' id='par_1_21' title="bbox 2111 783 3704 859">
     <span class='ocr_line' id='line_1_21' title="bbox 2111 783 3704 859; baseline -0.001 -18"><span class='ocrx_word' id='word_1_142' title='bbox 2111 803 2206 858; x_wconf 88' lang='lat' dir='ltr'><strong>pro</strong></span> <span class='ocrx_word' id='word_1_143' title='bbox 2229 784 2377 841; x_wconf 89' lang='lat' dir='ltr'><strong>nobis</strong></span> <span class='ocrx_word' id='word_1_144' title='bbox 2405 802 2591 857; x_wconf 85' lang='lat' dir='ltr'><strong>passus</strong></span> <span class='ocrx_word' id='word_1_145' title='bbox 2619 794 2715 852; x_wconf 87' lang='lat' dir='ltr'><strong>est,</strong></span> <span class='ocrx_word' id='word_1_146' title='bbox 2773 783 2920 840; x_wconf 88' lang='lat' dir='ltr'><strong>nobis</strong></span> <span class='ocrx_word' id='word_1_147' title='bbox 2975 785 3263 856; x_wconf 73' lang='lat' dir='ltr'><strong>exemplum</strong></span> <span class='ocrx_word' id='word_1_148' title='bbox 3306 786 3597 859; x_wconf 84' lang='lat' dir='ltr'><strong>relinquens</strong></span> <span class='ocrx_word' id='word_1_149' title='bbox 3644 796 3704 840; x_wconf 89' lang='lat' dir='ltr'><strong>ut</strong></span> 
     </span>
    </p>
   </div>
   <div class='ocr_carea' id='block_1_22' title="bbox 2111 878 3703 954">
    <p class='ocr_par' dir='ltr' id='par_1_22' title="bbox 2111 878 3703 954">
     <span class='ocr_line' id='line_1_22' title="bbox 2111 878 3703 954; baseline -0.001 -17"><span class='ocrx_word' id='word_1_150' title='bbox 2111 899 2384 954; x_wconf 75' lang='lat' dir='ltr'><strong>sequamur</strong></span> <span class='ocrx_word' id='word_1_151' title='bbox 2407 884 2624 954; x_wconf 79' lang='lat' dir='ltr'><strong>vestigia</strong></span> <span class='ocrx_word' id='word_1_152' title='bbox 2648 881 2764 953; x_wconf 78' lang='lat' dir='ltr'><strong>ejus</strong></span> <span class='ocrx_word' id='word_1_153' title='bbox 2784 879 2829 951; x_wconf 88' lang='grc'><strong>(1</strong></span> <span class='ocrx_word' id='word_1_154' title='bbox 2868 879 2986 935; x_wconf 88' lang='lat' dir='ltr'><strong>Pet.</strong></span> <span class='ocrx_word' id='word_1_155' title='bbox 3018 897 3075 946; x_wconf 87' lang='grc' dir='ltr'><strong>ιι,</strong></span> <span class='ocrx_word' id='word_1_156' title='bbox 3103 878 3217 953; x_wconf 72' lang='grc'><strong>21).</strong></span> <span class='ocrx_word' id='word_1_157' title='bbox 3248 880 3510 936; x_wconf 83' lang='lat' dir='ltr'><strong>Videlicet</strong></span> <span class='ocrx_word' id='word_1_158' title='bbox 3537 882 3703 936; x_wconf 88' lang='lat' dir='ltr'><strong>vesti-</strong></span> 
     </span>
    </p>
   </div>
   <div class='ocr_carea' id='block_1_23' title="bbox 2112 970 3706 1042">
    <p class='ocr_par' dir='ltr' id='par_1_23' title="bbox 2112 970 3706 1042">
     <span class='ocr_line' id='line_1_23' title="bbox 2112 970 3706 1042; baseline -0.001 -14"><span class='ocrx_word' id='word_1_159' title='bbox 2112 974 2196 1042; x_wconf 90' lang='lat' dir='ltr'><strong>gia</strong></span> <span class='ocrx_word' id='word_1_160' title='bbox 2226 971 2525 1028; x_wconf 86' lang='lat' dir='ltr'><strong>Salvatoris</strong></span> <span class='ocrx_word' id='word_1_161' title='bbox 2550 972 2827 1042; x_wconf 85' lang='lat' dir='ltr'><strong>sequimur</strong></span> <span class='ocrx_word' id='word_1_162' title='bbox 2850 971 2905 1026; x_wconf 94' lang='lat' dir='ltr'><strong>in</strong></span> <span class='ocrx_word' id='word_1_163' title='bbox 2933 971 3110 1037; x_wconf 89' lang='lat' dir='ltr'><strong>circis,</strong></span> <span class='ocrx_word' id='word_1_164' title='bbox 3140 970 3367 1039; x_wconf 90' lang='lat' dir='ltr'><strong>vestigia</strong></span> <span class='ocrx_word' id='word_1_165' title='bbox 3405 970 3706 1026; x_wconf 87' lang='lat' dir='ltr'><strong>Salvatoris</strong></span> 
     </span>
    </p>
   </div>
   <div class='ocr_carea' id='block_1_24' title="bbox 2066 1059 3703 1134">
    <p class='ocr_par' dir='ltr' id='par_1_24' title="bbox 2066 1059 3703 1134">
     <span class='ocr_line' id='line_1_24' title="bbox 2066 1059 3703 1134; baseline -0.001 -15"><span class='ocrx_word' id='word_1_166' title='bbox 2066 1059 2077 1065; x_wconf 86' lang='grc'><strong>’</strong></span> <span class='ocrx_word' id='word_1_167' title='bbox 2110 1064 2385 1134; x_wconf 86' lang='lat' dir='ltr'><strong>sequimur</strong></span> <span class='ocrx_word' id='word_1_168' title='bbox 2407 1064 2463 1118; x_wconf 94' lang='lat' dir='ltr'><strong>in</strong></span> <span class='ocrx_word' id='word_1_169' title='bbox 2487 1062 2731 1119; x_wconf 84' lang='lat' dir='ltr'><strong>theatris.</strong></span> <span class='ocrx_word' id='word_1_170' title='bbox 2757 1060 2888 1116; x_wconf 86' lang='lat' dir='ltr'><strong>Tale</strong></span> <span class='ocrx_word' id='word_1_171' title='bbox 2910 1061 3067 1116; x_wconf 90' lang='lat' dir='ltr'><strong>nobis</strong></span> <span class='ocrx_word' id='word_1_172' title='bbox 3084 1061 3290 1117; x_wconf 86' lang='lat' dir='ltr'><strong>scilicet</strong></span> <span class='ocrx_word' id='word_1_173' title='bbox 3307 1059 3553 1119; x_wconf 88' lang='lat' dir='ltr'><strong>Christus</strong></span> <span class='ocrx_word' id='word_1_174' title='bbox 3579 1061 3703 1117; x_wconf 87' lang='lat' dir='ltr'><strong>reli-</strong></span> 
     </span>
    </p>
   </div>
   <div class='ocr_carea' id='block_1_25' title="bbox 2116 1148 3705 1223">
    <p class='ocr_par' dir='ltr' id='par_1_25' title="bbox 2116 1148 3705 1223">
     <span class='ocr_line' id='line_1_25' title="bbox 2116 1148 3705 1223; baseline -0.001 -16"><span class='ocrx_word' id='word_1_175' title='bbox 2116 1154 2236 1223; x_wconf 91' lang='lat' dir='ltr'><strong>quit</strong></span> <span class='ocrx_word' id='word_1_176' title='bbox 2263 1152 2603 1223; x_wconf 77' lang='lat' dir='ltr'><strong>exemplum;</strong></span> <span class='ocrx_word' id='word_1_177' title='bbox 2634 1165 2797 1221; x_wconf 88' lang='lat' dir='ltr'><strong>quem</strong></span> <span class='ocrx_word' id='word_1_178' title='bbox 2822 1149 2852 1189; x_wconf 69' lang='grc' dir='ltr'>δ</span> <span class='ocrx_word' id='word_1_179' title='bbox 2880 1148 3094 1205; x_wconf 81' lang='lat' dir='ltr'><strong>ﬂevisse</strong></span> <span class='ocrx_word' id='word_1_180' title='bbox 3114 1151 3357 1219; x_wconf 87' lang='lat' dir='ltr'><strong>legimus,</strong></span> <span class='ocrx_word' id='word_1_181' title='bbox 3379 1151 3563 1208; x_wconf 85' lang='lat' dir='ltr'><strong>risisse</strong></span> <span class='ocrx_word' id='word_1_182' title='bbox 3595 1166 3705 1206; x_wconf 91' lang='lat' dir='ltr'><strong>non</strong></span> 
     </span>
    </p>
   </div>
   <div class='ocr_carea' id='block_1_26' title="bbox 2114 1242 3705 1323">
    <p class='ocr_par' dir='ltr' id='par_1_26' title="bbox 2114 1242 3705 1323">
     <span class='ocr_line' id='line_1_26' title="bbox 2114 1242 3705 1323; baseline -0.002 -22"><span class='ocrx_word' id='word_1_183' title='bbox 2114 1247 2358 1315; x_wconf 75' lang='lat' dir='ltr'><strong>legimus.</strong></span> <span class='ocrx_word' id='word_1_184' title='bbox 2412 1245 2480 1299; x_wconf 88' lang='lat' dir='ltr'><strong>Et</strong></span> <span class='ocrx_word' id='word_1_185' title='bbox 2533 1246 2638 1300; x_wconf 88' lang='lat' dir='ltr'><strong>hoc</strong></span> <span class='ocrx_word' id='word_1_186' title='bbox 2690 1252 2976 1312; x_wconf 90' lang='lat' dir='ltr'><strong>utrumque</strong></span> <span class='ocrx_word' id='word_1_187' title='bbox 3011 1258 3114 1313; x_wconf 91' lang='lat' dir='ltr'><strong>pro</strong></span> <span class='ocrx_word' id='word_1_188' title='bbox 3167 1243 3362 1299; x_wconf 88' lang='lat' dir='ltr'><strong>nobis:</strong></span> <span class='ocrx_word' id='word_1_189' title='bbox 3391 1244 3515 1313; x_wconf 88' lang='lat' dir='ltr'><strong>quia</strong></span> <span class='ocrx_word' id='word_1_190' title='bbox 3543 1242 3705 1323; x_wconf 57' lang='lat' dir='ltr'><strong>ﬂetus</strong></span> 
     </span>
    </p>
   </div>
   <div class='ocr_carea' id='block_1_27' title="bbox 2113 1333 3697 1405">
    <p class='ocr_par' dir='ltr' id='par_1_27' title="bbox 2113 1333 3697 1405">
     <span class='ocr_line' id='line_1_27' title="bbox 2113 1333 3697 1405; baseline -0.002 -14"><span class='ocrx_word' id='word_1_191' title='bbox 2113 1336 2458 1405; x_wconf 80' lang='lat' dir='ltr'><strong>compunctio</strong></span> <span class='ocrx_word' id='word_1_192' title='bbox 2505 1342 2590 1389; x_wconf 88' lang='lat' dir='ltr'><strong>est</strong></span> <span class='ocrx_word' id='word_1_193' title='bbox 2627 1334 2838 1399; x_wconf 68' lang='lat' dir='ltr'><strong>animae,</strong></span> <span class='ocrx_word' id='word_1_194' title='bbox 2888 1333 3027 1388; x_wconf 90' lang='lat' dir='ltr'><strong>risus</strong></span> <span class='ocrx_word' id='word_1_195' title='bbox 3063 1333 3340 1404; x_wconf 87' lang='lat' dir='ltr'><strong>corruptio</strong></span> <span class='ocrx_word' id='word_1_196' title='bbox 3385 1333 3697 1404; x_wconf 60' lang='lat' dir='ltr'><strong>disciplinae.</strong></span> 
     </span>
    </p>
   </div>
   <div class='ocr_carea' id='block_1_28' title="bbox 2122 1422 3704 1499">
    <p class='ocr_par' dir='ltr' id='par_1_28' title="bbox 2122 1422 3704 1499">
     <span class='ocr_line' id='line_1_28' title="bbox 2122 1422 3704 1499; baseline -0.003 -18"><span class='ocrx_word' id='word_1_197' title='bbox 2122 1429 2274 1499; x_wconf 69' lang='lat'><strong>121</strong></span> <span class='ocrx_word' id='word_1_198' title='bbox 2306 1424 2374 1480; x_wconf 85' lang='lat' dir='ltr'><strong>Et</strong></span> <span class='ocrx_word' id='word_1_199' title='bbox 2400 1425 2523 1481; x_wconf 90' lang='lat' dir='ltr'><strong>ideo</strong></span> <span class='ocrx_word' id='word_1_200' title='bbox 2551 1424 2785 1490; x_wconf 89' lang='lat' dir='ltr'><strong>dicebat,</strong></span> <span class='ocrx_word' id='word_1_201' title='bbox 2826 1423 2918 1479; x_wconf 78' lang='lat' dir='ltr'><strong>Vce</strong></span> <span class='ocrx_word' id='word_1_202' title='bbox 2944 1422 3084 1478; x_wconf 80' lang='lat' dir='ltr'><strong>vobis</strong></span> <span class='ocrx_word' id='word_1_203' title='bbox 3111 1425 3198 1496; x_wconf 83' lang='lat' dir='ltr'><strong>qui</strong></span> <span class='ocrx_word' id='word_1_204' title='bbox 3224 1422 3426 1489; x_wconf 81' lang='lat' dir='ltr'><strong>ridetis,</strong></span> <span class='ocrx_word' id='word_1_205' title='bbox 3457 1425 3704 1494; x_wconf 88' lang='lat' dir='ltr'><strong>quoniam</strong></span> 
     </span>
    </p>
   </div>
   <div class='ocr_carea' id='block_1_29' title="bbox 2115 1514 3708 1590">
    <p class='ocr_par' dir='ltr' id='par_1_29' title="bbox 2115 1514 3708 1590">
     <span class='ocr_line' id='line_1_29' title="bbox 2115 1514 3708 1590; baseline -0.003 -17"><span class='ocrx_word' id='word_1_206' title='bbox 2115 1521 2302 1590; x_wconf 79' lang='lat' dir='ltr'><strong>ﬂebitis</strong></span> <span class='ocrx_word' id='word_1_207' title='bbox 2352 1517 2503 1590; x_wconf 69' lang='grc' dir='ltr'><strong>(Ιλιιο.</strong></span> <span class='ocrx_word' id='word_1_208' title='bbox 2553 1534 2628 1582; x_wconf 79' lang='lat' dir='ltr'><strong>vr,</strong></span> <span class='ocrx_word' id='word_1_209' title='bbox 2679 1515 2792 1588; x_wconf 75' lang='grc'><strong>25).</strong></span> <span class='ocrx_word' id='word_1_210' title='bbox 2853 1515 2960 1570; x_wconf 88' lang='lat' dir='ltr'><strong>Et:</strong></span> <span class='ocrx_word' id='word_1_211' title='bbox 2992 1514 3141 1569; x_wconf 82' lang='lat' dir='ltr'><strong>Beati</strong></span> <span class='ocrx_word' id='word_1_212' title='bbox 3161 1516 3247 1586; x_wconf 83' lang='lat' dir='ltr'><strong>qui</strong></span> <span class='ocrx_word' id='word_1_213' title='bbox 3276 1516 3432 1585; x_wconf 77' lang='lat' dir='ltr'><strong>ﬂetis,</strong></span> <span class='ocrx_word' id='word_1_214' title='bbox 3462 1516 3708 1586; x_wconf 87' lang='lat' dir='ltr'><strong>quoniam</strong></span> 
     </span>
    </p>
   </div>
   <div class='ocr_carea' id='block_1_30' title="bbox 2114 1605 3711 1680">
    <p class='ocr_par' dir='ltr' id='par_1_30' title="bbox 2114 1605 3711 1680">
     <span class='ocr_line' id='line_1_30' title="bbox 2114 1605 3711 1680; baseline -0.001 -17"><span class='ocrx_word' id='word_1_215' title='bbox 2114 1607 2348 1663; x_wconf 86' lang='lat' dir='ltr'><strong>ridebitis</strong></span> <span class='ocrx_word' id='word_1_216' title='bbox 2389 1606 2576 1680; x_wconf 66' lang='lat' dir='ltr'><strong>(Ibid,</strong></span> <span class='ocrx_word' id='word_1_217' title='bbox 2608 1606 2720 1676; x_wconf 77' lang='lat' dir='ltr'><strong>2i).</strong></span> <span class='ocrx_word' id='word_1_218' title='bbox 2754 1606 2919 1661; x_wconf 86' lang='lat' dir='ltr'><strong>Nobis</strong></span> <span class='ocrx_word' id='word_1_219' title='bbox 2947 1615 3126 1661; x_wconf 91' lang='lat' dir='ltr'><strong>autem</strong></span> <span class='ocrx_word' id='word_1_220' title='bbox 3176 1605 3356 1661; x_wconf 89' lang='lat' dir='ltr'><strong>ridere</strong></span> <span class='ocrx_word' id='word_1_221' title='bbox 3392 1613 3449 1659; x_wconf 90' lang='lat' dir='ltr'><strong>et</strong></span> <span class='ocrx_word' id='word_1_222' title='bbox 3474 1605 3711 1673; x_wconf 86' lang='lat' dir='ltr'><strong>gaudere</strong></span> 
     </span>
    </p>
   </div>
   <div class='ocr_carea' id='block_1_31' title="bbox 2071 1696 3708 1769">
    <p class='ocr_par' dir='ltr' id='par_1_31' title="bbox 2071 1696 3708 1769">
     <span class='ocr_line' id='line_1_31' title="bbox 2071 1696 3708 1769; baseline 0.001 -19"><span class='ocrx_word' id='word_1_223' title='bbox 2071 1740 2083 1750; x_wconf 90' lang='lat'><strong>.</strong></span> <span class='ocrx_word' id='word_1_224' title='bbox 2116 1715 2223 1755; x_wconf 93' lang='lat' dir='ltr'><strong>non</strong></span> <span class='ocrx_word' id='word_1_225' title='bbox 2239 1697 2453 1765; x_wconf 81' lang='lat' dir='ltr'><strong>sumcit,</strong></span> <span class='ocrx_word' id='word_1_226' title='bbox 2466 1700 2569 1755; x_wconf 91' lang='lat' dir='ltr'><strong>nisi</strong></span> <span class='ocrx_word' id='word_1_227' title='bbox 2588 1714 2710 1755; x_wconf 91' lang='lat' dir='ltr'><strong>cum</strong></span> <span class='ocrx_word' id='word_1_228' title='bbox 2727 1705 2951 1769; x_wconf 89' lang='lat' dir='ltr'><strong>peccato</strong></span> <span class='ocrx_word' id='word_1_229' title='bbox 2966 1706 3127 1767; x_wconf 90' lang='lat' dir='ltr'><strong>atque</strong></span> <span class='ocrx_word' id='word_1_230' title='bbox 3138 1697 3346 1752; x_wconf 86' lang='lat' dir='ltr'><strong>insania</strong></span> <span class='ocrx_word' id='word_1_231' title='bbox 3360 1696 3708 1766; x_wconf 85' lang='lat' dir='ltr'><strong>gaudeamus,</strong></span> 
     </span>
    </p>
   </div>
   <div class='ocr_carea' id='block_1_32' title="bbox 2117 1787 3709 1861">
    <p class='ocr_par' dir='ltr' id='par_1_32' title="bbox 2117 1787 3709 1861">
     <span class='ocr_line' id='line_1_32' title="bbox 2117 1787 3709 1861; baseline -0.003 -13"><span class='ocrx_word' id='word_1_232' title='bbox 2117 1794 2220 1849; x_wconf 86' lang='lat' dir='ltr'><strong>nisi</strong></span> <span class='ocrx_word' id='word_1_233' title='bbox 2240 1794 2378 1847; x_wconf 90' lang='lat' dir='ltr'><strong>risus</strong></span> <span class='ocrx_word' id='word_1_234' title='bbox 2398 1799 2586 1847; x_wconf 90' lang='lat' dir='ltr'><strong>noster</strong></span> <span class='ocrx_word' id='word_1_235' title='bbox 2608 1790 3023 1861; x_wconf 88' lang='lat' dir='ltr'><strong>impuritatibus,</strong></span> <span class='ocrx_word' id='word_1_236' title='bbox 3055 1789 3156 1844; x_wconf 88' lang='lat' dir='ltr'><strong>nisi</strong></span> <span class='ocrx_word' id='word_1_237' title='bbox 3169 1787 3381 1857; x_wconf 82' lang='lat' dir='ltr'><strong>ﬂagitiis</strong></span> <span class='ocrx_word' id='word_1_238' title='bbox 3400 1789 3709 1844; x_wconf 88' lang='lat' dir='ltr'><strong>misceatur.</strong></span> 
     </span>
    </p>
   </div>
   <div class='ocr_carea' id='block_1_33' title="bbox 424 1877 3714 1956">
    <p class='ocr_par' dir='ltr' id='par_1_33' title="bbox 424 1877 3714 1956">
     <span class='ocr_line' id='line_1_33' title="bbox 424 1877 3714 1956; baseline -0.002 -14"><span class='ocrx_word' id='word_1_239' title='bbox 424 1888 611 1951; x_wconf 91' lang='lat' dir='ltr'><strong>voluit,</strong></span> <span class='ocrx_word' id='word_1_240' title='bbox 643 1888 735 1956; x_wconf 91' lang='lat' dir='ltr'><strong>qui</strong></span> <span class='ocrx_word' id='word_1_241' title='bbox 763 1888 958 1943; x_wconf 85' lang='lat' dir='ltr'><strong>coelum</strong></span> <span class='ocrx_word' id='word_1_242' title='bbox 983 1886 1204 1954; x_wconf 90' lang='lat' dir='ltr'><strong>regebat</strong></span> <span class='ocrx_word' id='word_1_243' title='bbox 1224 1885 1279 1939; x_wconf 91' lang='lat' dir='ltr'><strong>in</strong></span> <span class='ocrx_word' id='word_1_244' title='bbox 1301 1883 1512 1954; x_wconf 91' lang='lat' dir='ltr'><strong>pannis.</strong></span> <span class='ocrx_word' id='word_1_245' title='bbox 1552 1880 1780 1953; x_wconf 86' lang='lat' dir='ltr'><strong>Pr0pter</strong></span> <span class='ocrx_word' id='word_1_246' title='bbox 1821 1882 1929 1936; x_wconf 92' lang='lat' dir='ltr'><strong>hoc</strong></span> <span class='ocrx_word' id='word_1_247' title='bbox 1956 1882 2011 1935; x_wconf 91' lang='lat' dir='ltr'><strong>in</strong></span> <span class='ocrx_word' id='word_1_248' title='bbox 2037 1881 2088 1942; x_wconf 88' lang='lat' dir='ltr'><strong>B</strong></span> <span class='ocrx_word' id='word_1_249' title='bbox 2186 1884 2283 1938; x_wconf 81' lang='lat' dir='ltr'><strong>Vl.</strong></span> <span class='ocrx_word' id='word_1_250' title='bbox 2316 1883 2464 1951; x_wconf 87' lang='lat' dir='ltr'><strong>Quis,</strong></span> <span class='ocrx_word' id='word_1_251' title='bbox 2480 1897 2631 1952; x_wconf 91' lang='lat' dir='ltr'><strong>rogo,</strong></span> <span class='ocrx_word' id='word_1_252' title='bbox 2651 1882 2739 1938; x_wconf 90' lang='lat' dir='ltr'><strong>hic</strong></span> <span class='ocrx_word' id='word_1_253' title='bbox 2757 1897 2909 1951; x_wconf 82' lang='lat' dir='ltr'><strong>error</strong></span> <span class='ocrx_word' id='word_1_254' title='bbox 2932 1889 3033 1947; x_wconf 90' lang='lat' dir='ltr'><strong>est,</strong></span> <span class='ocrx_word' id='word_1_255' title='bbox 3051 1895 3169 1950; x_wconf 83' lang='lat' dir='ltr'><strong>quae</strong></span> <span class='ocrx_word' id='word_1_256' title='bbox 3187 1880 3427 1935; x_wconf 88' lang='lat' dir='ltr'><strong>sultitia?</strong></span> <span class='ocrx_word' id='word_1_257' title='bbox 3445 1877 3714 1949; x_wconf 81' lang='lat' dir='ltr'><strong>Numquid</strong></span> 
     </span>
    </p>
   </div>
   <div class='ocr_carea' id='block_1_34' title="bbox 426 1958 2013 2053">
    <p class='ocr_par' dir='ltr' id='par_1_34' title="bbox 426 1958 2013 2053">
     <span class='ocr_line' id='line_1_34' title="bbox 426 1958 2013 2053; baseline -0.003 -21"><span class='ocrx_word' id='word_1_258' title='bbox 426 1978 666 2049; x_wconf 89' lang='lat' dir='ltr'><strong>patibulo</strong></span> <span class='ocrx_word' id='word_1_259' title='bbox 708 1958 981 2047; x_wconf 80' lang='lat' dir='ltr'><strong>pependit.</strong></span> <span class='ocrx_word' id='word_1_260' title='bbox 1029 1977 1186 2053; x_wconf 72' lang='lat'><strong>120</strong></span> <span class='ocrx_word' id='word_1_261' title='bbox 1218 1990 1381 2044; x_wconf 89' lang='lat' dir='ltr'><strong>quem</strong></span> <span class='ocrx_word' id='word_1_262' title='bbox 1420 1973 1745 2044; x_wconf 83' lang='lat' dir='ltr'><strong>pendentem</strong></span> <span class='ocrx_word' id='word_1_263' title='bbox 1782 1972 2013 2028; x_wconf 89' lang='lat' dir='ltr'><strong>mundus</strong></span> 
     </span>
    </p>
   </div>
   <div class='ocr_carea' id='block_1_35' title="bbox 431 2064 2013 2137">
    <p class='ocr_par' dir='ltr' id='par_1_35' title="bbox 431 2064 2013 2137">
     <span class='ocr_line' id='line_1_35' title="bbox 431 2064 2013 2137; baseline -0.003 -15"><span class='ocrx_word' id='word_1_264' title='bbox 431 2069 664 2137; x_wconf 77' lang='lat' dir='ltr'><strong>expavit.</strong></span> <span class='ocrx_word' id='word_1_265' title='bbox 698 2066 796 2130; x_wconf 85' lang='lat' dir='ltr'><strong>Qui</strong></span> <span class='ocrx_word' id='word_1_266' title='bbox 823 2076 1033 2137; x_wconf 83' lang='lat' dir='ltr'><strong>propter</strong></span> <span class='ocrx_word' id='word_1_267' title='bbox 1051 2083 1156 2132; x_wconf 85' lang='lat' dir='ltr'><strong>vos,</strong></span> <span class='ocrx_word' id='word_1_268' title='bbox 1184 2066 1358 2135; x_wconf 89' lang='lat' dir='ltr'><strong>inquit</strong></span> <span class='ocrx_word' id='word_1_269' title='bbox 1376 2064 1684 2135; x_wconf 83' lang='lat' dir='ltr'><strong>Apostolus,</strong></span> <span class='ocrx_word' id='word_1_270' title='bbox 1712 2080 1907 2135; x_wconf 86' lang='lat' dir='ltr'><strong>pauper</strong></span> <span class='ocrx_word' id='word_1_271' title='bbox 1927 2066 2013 2136; x_wconf 78' lang='lat' dir='ltr'><strong>fa-</strong></span> 
     </span>
    </p>
   </div>
   <div class='ocr_carea' id='block_1_36' title="bbox 436 2158 2017 2229">
    <p class='ocr_par' dir='ltr' id='par_1_36' title="bbox 436 2158 2017 2229">
     <span class='ocr_line' id='line_1_36' title="bbox 436 2158 2017 2229; baseline -0.001 -17"><span class='ocrx_word' id='word_1_272' title='bbox 436 2168 546 2213; x_wconf 86' lang='lat' dir='ltr'><strong>ctus</strong></span> <span class='ocrx_word' id='word_1_273' title='bbox 572 2169 665 2223; x_wconf 89' lang='lat' dir='ltr'><strong>est,</strong></span> <span class='ocrx_word' id='word_1_274' title='bbox 691 2176 805 2213; x_wconf 85' lang='lat' dir='ltr'><strong>eum</strong></span> <span class='ocrx_word' id='word_1_275' title='bbox 833 2159 970 2213; x_wconf 82' lang='lat' dir='ltr'><strong>dives</strong></span> <span class='ocrx_word' id='word_1_276' title='bbox 997 2167 1147 2222; x_wconf 86' lang='lat' dir='ltr'><strong>esset,</strong></span> <span class='ocrx_word' id='word_1_277' title='bbox 1170 2168 1226 2211; x_wconf 90' lang='lat' dir='ltr'><strong>ut</strong></span> <span class='ocrx_word' id='word_1_278' title='bbox 1252 2158 1392 2212; x_wconf 90' lang='lat' dir='ltr'><strong>illius</strong></span> <span class='ocrx_word' id='word_1_279' title='bbox 1431 2160 1608 2229; x_wconf 80' lang='lat' dir='ltr'><strong>inopia</strong></span> <span class='ocrx_word' id='word_1_280' title='bbox 1643 2174 1730 2212; x_wconf 87' lang='lat' dir='ltr'><strong>vos</strong></span> <span class='ocrx_word' id='word_1_281' title='bbox 1772 2158 2017 2212; x_wconf 87' lang='lat' dir='ltr'><strong>honesta-</strong></span> 
     </span>
    </p>
   </div>
   <div class='ocr_carea' id='block_1_37' title="bbox 438 2246 2016 2321">
    <p class='ocr_par' dir='ltr' id='par_1_37' title="bbox 438 2246 2016 2321">
     <span class='ocr_line' id='line_1_37' title="bbox 438 2246 2016 2321; baseline -0.001 -17"><span class='ocrx_word' id='word_1_282' title='bbox 438 2250 621 2304; x_wconf 85' lang='lat' dir='ltr'><strong>remini</strong></span> <span class='ocrx_word' id='word_1_283' title='bbox 651 2249 715 2320; x_wconf 91' lang='lat' dir='ltr'><strong>(ll</strong></span> <span class='ocrx_word' id='word_1_284' title='bbox 756 2247 873 2303; x_wconf 90' lang='lat' dir='ltr'><strong>Cor.</strong></span> <span class='ocrx_word' id='word_1_285' title='bbox 905 2266 1015 2313; x_wconf 86' lang='lat' dir='ltr'><strong>vm,</strong></span> <span class='ocrx_word' id='word_1_286' title='bbox 1044 2248 1122 2319; x_wconf 81' lang='lat'><strong>9).</strong></span> <span class='ocrx_word' id='word_1_287' title='bbox 1172 2246 1239 2301; x_wconf 84' lang='lat' dir='ltr'><strong>Et</strong></span> <span class='ocrx_word' id='word_1_288' title='bbox 1266 2265 1377 2303; x_wconf 89' lang='lat' dir='ltr'><strong>cum</strong></span> <span class='ocrx_word' id='word_1_289' title='bbox 1404 2250 1457 2303; x_wconf 88' lang='lat' dir='ltr'><strong>in</strong></span> <span class='ocrx_word' id='word_1_290' title='bbox 1478 2251 1665 2321; x_wconf 80' lang='lat' dir='ltr'><strong>forma,</strong></span> <span class='ocrx_word' id='word_1_291' title='bbox 1693 2248 1885 2317; x_wconf 89' lang='lat' dir='ltr'><strong>inquit,</strong></span> <span class='ocrx_word' id='word_1_292' title='bbox 1916 2247 2016 2303; x_wconf 91' lang='lat' dir='ltr'><strong>Dei</strong></span> 
     </span>
    </p>
   </div>
   <div class='ocr_carea' id='block_1_38' title="bbox 435 2341 2016 2412">
    <p class='ocr_par' dir='ltr' id='par_1_38' title="bbox 435 2341 2016 2412">
     <span class='ocr_line' id='line_1_38' title="bbox 435 2341 2016 2412; baseline 0 -19"><span class='ocrx_word' id='word_1_293' title='bbox 435 2348 586 2405; x_wconf 75' lang='lat' dir='ltr'><strong>esset,</strong></span> <span class='ocrx_word' id='word_1_294' title='bbox 610 2341 897 2394; x_wconf 82' lang='lat' dir='ltr'><strong>humiliavit</strong></span> <span class='ocrx_word' id='word_1_295' title='bbox 914 2341 1239 2411; x_wconf 84' lang='lat' dir='ltr'><strong>semetipsum</strong></span> <span class='ocrx_word' id='word_1_296' title='bbox 1258 2357 1413 2412; x_wconf 85' lang='lat' dir='ltr'><strong>usque</strong></span> <span class='ocrx_word' id='word_1_297' title='bbox 1440 2341 1509 2393; x_wconf 90' lang='lat' dir='ltr'><strong>ad</strong></span> <span class='ocrx_word' id='word_1_298' title='bbox 1548 2349 1785 2405; x_wconf 88' lang='lat' dir='ltr'><strong>mortem,</strong></span> <span class='ocrx_word' id='word_1_299' title='bbox 1802 2349 2016 2394; x_wconf 86' lang='lat' dir='ltr'><strong>mortem</strong></span> 
     </span>
    </p>
   </div>
   <div class='ocr_carea' id='block_1_39' title="bbox 430 2428 2019 2502">
    <p class='ocr_par' dir='ltr' id='par_1_39' title="bbox 430 2428 2019 2502">
     <span class='ocr_line' id='line_1_39' title="bbox 430 2428 2019 2502; baseline -0.001 -18"><span class='ocrx_word' id='word_1_300' title='bbox 430 2439 597 2485; x_wconf 83' lang='lat' dir='ltr'><strong>autem</strong></span> <span class='ocrx_word' id='word_1_301' title='bbox 623 2433 787 2484; x_wconf 86' lang='lat' dir='ltr'><strong>crucis</strong></span> <span class='ocrx_word' id='word_1_302' title='bbox 817 2430 1071 2502; x_wconf 81' lang='lat' dir='ltr'><strong>(Philipp.</strong></span> <span class='ocrx_word' id='word_1_303' title='bbox 1088 2448 1144 2496; x_wconf 80' lang='grc' dir='ltr'><strong>ιι,</strong></span> <span class='ocrx_word' id='word_1_304' title='bbox 1162 2429 1214 2497; x_wconf 88' lang='lat'><strong>6,</strong></span> <span class='ocrx_word' id='word_1_305' title='bbox 1230 2430 1306 2500; x_wconf 90' lang='lat'><strong>8).</strong></span> <span class='ocrx_word' id='word_1_306' title='bbox 1336 2431 1452 2487; x_wconf 84' lang='lat' dir='ltr'><strong>Hoc</strong></span> <span class='ocrx_word' id='word_1_307' title='bbox 1477 2447 1579 2487; x_wconf 89' lang='lat' dir='ltr'><strong>nos</strong></span> <span class='ocrx_word' id='word_1_308' title='bbox 1597 2430 1846 2486; x_wconf 87' lang='lat' dir='ltr'><strong>videlicet</strong></span> <span class='ocrx_word' id='word_1_309' title='bbox 1867 2428 2019 2483; x_wconf 88' lang='lat' dir='ltr'><strong>Chri-</strong></span> 
     </span>
    </p>
   </div>
   <div class='ocr_carea' id='block_1_40' title="bbox 425 2518 2016 2591">
    <p class='ocr_par' dir='ltr' id='par_1_40' title="bbox 425 2518 2016 2591">
     <span class='ocr_line' id='line_1_40' title="bbox 425 2518 2016 2591; baseline -0.003 -15"><span class='ocrx_word' id='word_1_310' title='bbox 425 2528 539 2576; x_wconf 89' lang='lat' dir='ltr'><strong>stus</strong></span> <span class='ocrx_word' id='word_1_311' title='bbox 566 2521 772 2585; x_wconf 90' lang='lat' dir='ltr'><strong>imbuit,</strong></span> <span class='ocrx_word' id='word_1_312' title='bbox 812 2536 932 2575; x_wconf 91' lang='lat' dir='ltr'><strong>cum</strong></span> <span class='ocrx_word' id='word_1_313' title='bbox 963 2536 1061 2591; x_wconf 89' lang='lat' dir='ltr'><strong>pro</strong></span> <span class='ocrx_word' id='word_1_314' title='bbox 1082 2521 1239 2576; x_wconf 90' lang='lat' dir='ltr'><strong>nobis</strong></span> <span class='ocrx_word' id='word_1_315' title='bbox 1256 2522 1361 2576; x_wconf 90' lang='lat' dir='ltr'><strong>ista</strong></span> <span class='ocrx_word' id='word_1_316' title='bbox 1390 2521 1663 2576; x_wconf 87' lang='lat' dir='ltr'><strong>toleraret.</strong></span> <span class='ocrx_word' id='word_1_317' title='bbox 1695 2518 2016 2577; x_wconf 67' lang='lat' dir='ltr'><strong>Praeclaram</strong></span> 
     </span>
    </p>
   </div>
   <div class='ocr_carea' id='block_1_41' title="bbox 424 2609 2018 2682">
    <p class='ocr_par' dir='ltr' id='par_1_41' title="bbox 424 2609 2018 2682">
     <span class='ocr_line' id='line_1_41' title="bbox 424 2609 2018 2682; baseline -0.001 -17"><span class='ocrx_word' id='word_1_318' title='bbox 424 2611 662 2682; x_wconf 89' lang='lat' dir='ltr'><strong>passioni</strong></span> <span class='ocrx_word' id='word_1_319' title='bbox 684 2609 800 2680; x_wconf 90' lang='lat' dir='ltr'><strong>ejus</strong></span> <span class='ocrx_word' id='word_1_320' title='bbox 820 2610 1241 2667; x_wconf 88' lang='lat' dir='ltr'><strong>vicissitudinem</strong></span> <span class='ocrx_word' id='word_1_321' title='bbox 1262 2611 1555 2675; x_wconf 90' lang='lat' dir='ltr'><strong>reddimus,</strong></span> <span class='ocrx_word' id='word_1_322' title='bbox 1584 2611 1678 2678; x_wconf 91' lang='lat' dir='ltr'><strong>qui</strong></span> <span class='ocrx_word' id='word_1_323' title='bbox 1700 2625 1821 2664; x_wconf 89' lang='lat' dir='ltr'><strong>cum</strong></span> <span class='ocrx_word' id='word_1_324' title='bbox 1841 2617 2018 2664; x_wconf 91' lang='lat' dir='ltr'><strong>morte</strong></span> 
     </span>
    </p>
   </div>
   <div class='ocr_carea' id='block_1_42' title="bbox 427 2700 2019 2772">
    <p class='ocr_par' dir='ltr' id='par_1_42' title="bbox 427 2700 2019 2772">
     <span class='ocr_line' id='line_1_42' title="bbox 427 2700 2019 2772; baseline -0.001 -17"><span class='ocrx_word' id='word_1_325' title='bbox 427 2702 593 2771; x_wconf 88' lang='lat' dir='ltr'><strong>ipsius</strong></span> <span class='ocrx_word' id='word_1_326' title='bbox 619 2701 1045 2772; x_wconf 88' lang='lat' dir='ltr'><strong>redemptionem</strong></span> <span class='ocrx_word' id='word_1_327' title='bbox 1069 2702 1457 2771; x_wconf 88' lang='lat' dir='ltr'><strong>acceperimus,</strong></span> <span class='ocrx_word' id='word_1_328' title='bbox 1485 2702 1653 2754; x_wconf 89' lang='lat' dir='ltr'><strong>vitam</strong></span> <span class='ocrx_word' id='word_1_329' title='bbox 1694 2701 1744 2753; x_wconf 91' lang='lat' dir='ltr'><strong>ei</strong></span> <span class='ocrx_word' id='word_1_330' title='bbox 1773 2700 2019 2769; x_wconf 89' lang='lat' dir='ltr'><strong>turpissi-</strong></span> 
     </span>
    </p>
   </div>
   <div class='ocr_carea' id='block_1_43' title="bbox 424 2790 2018 2863">
    <p class='ocr_par' dir='ltr' id='par_1_43' title="bbox 424 2790 2018 2863">
     <span class='ocr_line' id='line_1_43' title="bbox 424 2790 2018 2863; baseline 0 -16"><span class='ocrx_word' id='word_1_331' title='bbox 424 2807 569 2847; x_wconf 88' lang='lat' dir='ltr'><strong>mam</strong></span> <span class='ocrx_word' id='word_1_332' title='bbox 609 2807 975 2861; x_wconf 90' lang='lat' dir='ltr'><strong>repensamus.</strong></span> <span class='ocrx_word' id='word_1_333' title='bbox 1007 2791 1263 2863; x_wconf 83' lang='lat' dir='ltr'><strong>Apparuit</strong></span> <span class='ocrx_word' id='word_1_334' title='bbox 1288 2793 1446 2856; x_wconf 88' lang='lat' dir='ltr'><strong>enim,</strong></span> <span class='ocrx_word' id='word_1_335' title='bbox 1479 2790 1654 2857; x_wconf 90' lang='lat' dir='ltr'><strong>inquit</strong></span> <span class='ocrx_word' id='word_1_336' title='bbox 1678 2790 2018 2847; x_wconf 86' lang='lat' dir='ltr'><strong>beatissimus</strong></span> 
     </span>
    </p>
   </div>
   <div class='ocr_carea' id='block_1_44' title="bbox 426 2877 2016 2953">
    <p class='ocr_par' dir='ltr' id='par_1_44' title="bbox 426 2877 2016 2953">
     <span class='ocr_line' id='line_1_44' title="bbox 426 2877 2016 2953; baseline -0.001 -16"><span class='ocrx_word' id='word_1_337' title='bbox 426 2882 647 2949; x_wconf 85' lang='lat' dir='ltr'><strong>Paulus,</strong></span> <span class='ocrx_word' id='word_1_338' title='bbox 687 2886 857 2953; x_wconf 83' lang='lat' dir='ltr'><strong>gratia</strong></span> <span class='ocrx_word' id='word_1_339' title='bbox 888 2881 1118 2935; x_wconf 84' lang='lat' dir='ltr'><strong>Domini</strong></span> <span class='ocrx_word' id='word_1_340' title='bbox 1166 2883 1330 2936; x_wconf 85' lang='lat' dir='ltr'><strong>nostri</strong></span> <span class='ocrx_word' id='word_1_341' title='bbox 1382 2879 1509 2935; x_wconf 85' lang='lat' dir='ltr'><strong>Jesu</strong></span> <span class='ocrx_word' id='word_1_342' title='bbox 1538 2877 1747 2945; x_wconf 83' lang='lat' dir='ltr'><strong>Christi,</strong></span> <span class='ocrx_word' id='word_1_343' title='bbox 1782 2881 2016 2935; x_wconf 89' lang='lat' dir='ltr'><strong>erudiens</strong></span> 
     </span>
    </p>
   </div>
   <div class='ocr_carea' id='block_1_45' title="bbox 430 2970 2016 3042">
    <p class='ocr_par' dir='ltr' id='par_1_45' title="bbox 430 2970 2016 3042">
     <span class='ocr_line' id='line_1_45' title="bbox 430 2970 2016 3042; baseline 0 -17"><span class='ocrx_word' id='word_1_344' title='bbox 430 2989 549 3038; x_wconf 89' lang='lat' dir='ltr'><strong>nos,</strong></span> <span class='ocrx_word' id='word_1_345' title='bbox 578 2983 633 3024; x_wconf 90' lang='lat' dir='ltr'><strong>ut</strong></span> <span class='ocrx_word' id='word_1_346' title='bbox 653 2971 965 3042; x_wconf 84' lang='lat' dir='ltr'><strong>abuegantes</strong></span> <span class='ocrx_word' id='word_1_347' title='bbox 992 2973 1306 3041; x_wconf 84' lang='lat' dir='ltr'><strong>impietatem</strong></span> <span class='ocrx_word' id='word_1_348' title='bbox 1345 2979 1393 3023; x_wconf 92' lang='lat' dir='ltr'><strong>et</strong></span> <span class='ocrx_word' id='word_1_349' title='bbox 1425 2970 1699 3024; x_wconf 63' lang='lat' dir='ltr'><strong>saecularia</strong></span> <span class='ocrx_word' id='word_1_350' title='bbox 1743 2970 2016 3038; x_wconf 77' lang='lat' dir='ltr'><strong>desideria,</strong></span> 
     </span>
    </p>
   </div>
   <div class='ocr_carea' id='block_1_46' title="bbox 436 3060 2017 3132">
    <p class='ocr_par' dir='ltr' id='par_1_46' title="bbox 436 3060 2017 3132">
     <span class='ocr_line' id='line_1_46' title="bbox 436 3060 2017 3132; baseline 0.001 -17"><span class='ocrx_word' id='word_1_351' title='bbox 436 3060 605 3128; x_wconf 80' lang='lat' dir='ltr'><strong>sobrie</strong></span> <span class='ocrx_word' id='word_1_352' title='bbox 623 3070 671 3113; x_wconf 90' lang='lat' dir='ltr'><strong>et</strong></span> <span class='ocrx_word' id='word_1_353' title='bbox 690 3063 774 3131; x_wconf 88' lang='lat' dir='ltr'><strong>pie</strong></span> <span class='ocrx_word' id='word_1_354' title='bbox 786 3070 835 3114; x_wconf 90' lang='lat' dir='ltr'><strong>et</strong></span> <span class='ocrx_word' id='word_1_355' title='bbox 848 3063 990 3130; x_wconf 88' lang='lat' dir='ltr'><strong>juste</strong></span> <span class='ocrx_word' id='word_1_356' title='bbox 1014 3062 1240 3115; x_wconf 82' lang='lat' dir='ltr'><strong>vivamus</strong></span> <span class='ocrx_word' id='word_1_357' title='bbox 1260 3063 1314 3113; x_wconf 86' lang='lat' dir='ltr'><strong>in</strong></span> <span class='ocrx_word' id='word_1_358' title='bbox 1335 3061 1429 3115; x_wconf 86' lang='lat' dir='ltr'><strong>hoc</strong></span> <span class='ocrx_word' id='word_1_359' title='bbox 1444 3061 1649 3124; x_wconf 66' lang='lat' dir='ltr'><strong>saeculo,</strong></span> <span class='ocrx_word' id='word_1_360' title='bbox 1668 3071 2017 3132; x_wconf 71' lang='lat' dir='ltr'><strong>exspectantes</strong></span> 
     </span>
    </p>
   </div>
   <div class='ocr_carea' id='block_1_47' title="bbox 438 3150 2016 3224">
    <p class='ocr_par' dir='ltr' id='par_1_47' title="bbox 438 3150 2016 3224">
     <span class='ocr_line' id='line_1_47' title="bbox 438 3150 2016 3224; baseline 0 -18"><span class='ocrx_word' id='word_1_361' title='bbox 438 3154 640 3206; x_wconf 83' lang='lat' dir='ltr'><strong>beatam</strong></span> <span class='ocrx_word' id='word_1_362' title='bbox 659 3169 801 3222; x_wconf 86' lang='lat' dir='ltr'><strong>spem</strong></span> <span class='ocrx_word' id='word_1_363' title='bbox 820 3161 878 3205; x_wconf 80' lang='lat' dir='ltr'><strong>et</strong></span> <span class='ocrx_word' id='word_1_364' title='bbox 888 3152 1161 3205; x_wconf 84' lang='lat' dir='ltr'><strong>adventum</strong></span> <span class='ocrx_word' id='word_1_365' title='bbox 1195 3150 1407 3205; x_wconf 87' lang='lat' dir='ltr'><strong>Domini</strong></span> <span class='ocrx_word' id='word_1_366' title='bbox 1432 3152 1612 3222; x_wconf 79' lang='lat' dir='ltr'><strong>gloria:</strong></span> <span class='ocrx_word' id='word_1_367' title='bbox 1638 3154 1814 3224; x_wconf 82' lang='lat' dir='ltr'><strong>magni</strong></span> <span class='ocrx_word' id='word_1_368' title='bbox 1841 3152 1939 3207; x_wconf 88' lang='lat' dir='ltr'><strong>Dei</strong></span> <span class='ocrx_word' id='word_1_369' title='bbox 1967 3163 2016 3208; x_wconf 87' lang='lat' dir='ltr'><strong>et</strong></span> 
     </span>
    </p>
   </div>
   <div class='ocr_carea' id='block_1_48' title="bbox 2116 1969 3713 2042">
    <p class='ocr_par' dir='ltr' id='par_1_48' title="bbox 2116 1969 3713 2042">
     <span class='ocr_line' id='line_1_48' title="bbox 2116 1969 3713 2042; baseline -0.001 -13"><span class='ocrx_word' id='word_1_370' title='bbox 2116 1975 2286 2029; x_wconf 71' lang='lat' dir='ltr'><strong>laetari</strong></span> <span class='ocrx_word' id='word_1_371' title='bbox 2329 1973 2542 2029; x_wconf 87' lang='lat' dir='ltr'><strong>assidue</strong></span> <span class='ocrx_word' id='word_1_372' title='bbox 2583 1981 2639 2028; x_wconf 91' lang='lat' dir='ltr'><strong>et</strong></span> <span class='ocrx_word' id='word_1_373' title='bbox 2676 1972 2854 2027; x_wconf 90' lang='lat' dir='ltr'><strong>ridere</strong></span> <span class='ocrx_word' id='word_1_374' title='bbox 2899 1986 3006 2027; x_wconf 88' lang='lat' dir='ltr'><strong>non</strong></span> <span class='ocrx_word' id='word_1_375' title='bbox 3052 1986 3368 2042; x_wconf 89' lang='lat' dir='ltr'><strong>possumus,</strong></span> <span class='ocrx_word' id='word_1_376' title='bbox 3407 1970 3510 2025; x_wconf 91' lang='lat' dir='ltr'><strong>nisi</strong></span> <span class='ocrx_word' id='word_1_377' title='bbox 3546 1969 3713 2028; x_wconf 85' lang='lat' dir='ltr'><strong>risum</strong></span> 
     </span>
    </p>
   </div>
   <div class='ocr_carea' id='block_1_49' title="bbox 2118 2058 3716 2133">
    <p class='ocr_par' dir='ltr' id='par_1_49' title="bbox 2118 2058 3716 2133">
     <span class='ocr_line' id='line_1_49' title="bbox 2118 2058 3716 2133; baseline -0.003 -13"><span class='ocrx_word' id='word_1_378' title='bbox 2118 2073 2363 2121; x_wconf 91' lang='lat' dir='ltr'><strong>nostrum</strong></span> <span class='ocrx_word' id='word_1_379' title='bbox 2389 2072 2554 2133; x_wconf 89' lang='lat' dir='ltr'><strong>atque</strong></span> <span class='ocrx_word' id='word_1_380' title='bbox 2567 2063 2808 2118; x_wconf 63' lang='lat' dir='ltr'><strong>laetitiam</strong></span> <span class='ocrx_word' id='word_1_381' title='bbox 2834 2062 3009 2117; x_wconf 90' lang='lat' dir='ltr'><strong>scelus</strong></span> <span class='ocrx_word' id='word_1_382' title='bbox 3028 2076 3145 2117; x_wconf 86' lang='lat' dir='ltr'><strong>esse</strong></span> <span class='ocrx_word' id='word_1_383' title='bbox 3158 2060 3448 2117; x_wconf 81' lang='lat' dir='ltr'><strong>faciamus?</strong></span> <span class='ocrx_word' id='word_1_384' title='bbox 3464 2060 3544 2113; x_wconf 84' lang='lat' dir='ltr'><strong>An</strong></span> <span class='ocrx_word' id='word_1_385' title='bbox 3573 2058 3716 2115; x_wconf 78' lang='lat' dir='ltr'><strong>forte</strong></span> 
     </span>
    </p>
   </div>
   <div class='ocr_carea' id='block_1_50' title="bbox 2118 2151 3713 2225">
    <p class='ocr_par' dir='ltr' id='par_1_50' title="bbox 2118 2151 3713 2225">
     <span class='ocr_line' id='line_1_50' title="bbox 2118 2151 3713 2225; baseline -0.003 -13"><span class='ocrx_word' id='word_1_386' title='bbox 2118 2156 2511 2213; x_wconf 88' lang='lat' dir='ltr'><strong>infructuosum</strong></span> <span class='ocrx_word' id='word_1_387' title='bbox 2532 2163 2783 2225; x_wconf 90' lang='lat' dir='ltr'><strong>putamus</strong></span> <span class='ocrx_word' id='word_1_388' title='bbox 2806 2153 3056 2224; x_wconf 87' lang='lat' dir='ltr'><strong>gaudium</strong></span> <span class='ocrx_word' id='word_1_389' title='bbox 3075 2153 3322 2224; x_wconf 80' lang='lat' dir='ltr'><strong>simplex,</strong></span> <span class='ocrx_word' id='word_1_390' title='bbox 3352 2167 3454 2207; x_wconf 89' lang='lat' dir='ltr'><strong>nec</strong></span> <span class='ocrx_word' id='word_1_391' title='bbox 3478 2151 3713 2207; x_wconf 80' lang='lat' dir='ltr'><strong>delectat</strong></span> 
     </span>
    </p>
   </div>
   <div class='ocr_carea' id='block_1_51' title="bbox 2118 2241 3713 2312">
    <p class='ocr_par' dir='ltr' id='par_1_51' title="bbox 2118 2241 3713 2312">
     <span class='ocr_line' id='line_1_51' title="bbox 2118 2241 3713 2312; baseline -0.004 -10"><span class='ocrx_word' id='word_1_392' title='bbox 2118 2248 2296 2302; x_wconf 90' lang='lat' dir='ltr'><strong>ridere</strong></span> <span class='ocrx_word' id='word_1_393' title='bbox 2323 2246 2440 2300; x_wconf 87' lang='lat' dir='ltr'><strong>sine</strong></span> <span class='ocrx_word' id='word_1_394' title='bbox 2467 2244 2725 2299; x_wconf 85' lang='lat' dir='ltr'><strong>crimine?</strong></span> <span class='ocrx_word' id='word_1_395' title='bbox 2744 2241 2919 2310; x_wconf 82' lang='lat' dir='ltr'><strong>Quod,</strong></span> <span class='ocrx_word' id='word_1_396' title='bbox 2943 2257 3095 2312; x_wconf 90' lang='lat' dir='ltr'><strong>rogo,</strong></span> <span class='ocrx_word' id='word_1_397' title='bbox 3127 2244 3232 2299; x_wconf 91' lang='lat' dir='ltr'><strong>hoc</strong></span> <span class='ocrx_word' id='word_1_398' title='bbox 3258 2243 3459 2297; x_wconf 89' lang='lat' dir='ltr'><strong>malum</strong></span> <span class='ocrx_word' id='word_1_399' title='bbox 3485 2249 3587 2307; x_wconf 89' lang='lat' dir='ltr'><strong>est,</strong></span> <span class='ocrx_word' id='word_1_400' title='bbox 3619 2249 3713 2296; x_wconf 90' lang='lat' dir='ltr'><strong>aut</strong></span> 
     </span>
    </p>
   </div>
   <div class='ocr_carea' id='block_1_52' title="bbox 2118 2318 3711 2404">
    <p class='ocr_par' dir='ltr' id='par_1_52' title="bbox 2118 2318 3711 2404">
     <span class='ocr_line' id='line_1_52' title="bbox 2118 2318 3711 2404; baseline -0.003 -15"><span class='ocrx_word' id='word_1_401' title='bbox 2118 2336 2241 2404; x_wconf 87' lang='lat' dir='ltr'><strong>quis</strong></span> <span class='ocrx_word' id='word_1_402' title='bbox 2269 2334 2458 2388; x_wconf 82' lang='lat' dir='ltr'><strong>furor?</strong></span> <span class='ocrx_word' id='word_1_403' title='bbox 2488 2331 2810 2398; x_wconf 84' lang='lat' dir='ltr'><strong>Rideamus,</strong></span> <span class='ocrx_word' id='word_1_404' title='bbox 2851 2318 3063 2401; x_wconf 58' lang='lat' dir='ltr'><strong>quaso,</strong></span> <span class='ocrx_word' id='word_1_405' title='bbox 3094 2332 3388 2402; x_wconf 88' lang='lat' dir='ltr'><strong>quamlibet</strong></span> <span class='ocrx_word' id='word_1_406' title='bbox 3416 2332 3711 2387; x_wconf 80' lang='lat' dir='ltr'><strong>immensu-</strong></span> 
     </span>
    </p>
   </div>
   <div class='ocr_carea' id='block_1_53' title="bbox 2118 2423 3712 2494">
    <p class='ocr_par' dir='ltr' id='par_1_53' title="bbox 2118 2423 3712 2494">
     <span class='ocr_line' id='line_1_53' title="bbox 2118 2423 3712 2494; baseline -0.001 -12"><span class='ocrx_word' id='word_1_407' title='bbox 2118 2427 2297 2492; x_wconf 89' lang='lat' dir='ltr'><strong>ratim,</strong></span> <span class='ocrx_word' id='word_1_408' title='bbox 2328 2426 2572 2481; x_wconf 68' lang='lat' dir='ltr'><strong>laetemur</strong></span> <span class='ocrx_word' id='word_1_409' title='bbox 2598 2423 2894 2494; x_wconf 88' lang='lat' dir='ltr'><strong>quamlibet</strong></span> <span class='ocrx_word' id='word_1_410' title='bbox 2908 2424 3430 2494; x_wconf 87' lang='lat' dir='ltr'><strong>jugiter,dummodo</strong></span> <span class='ocrx_word' id='word_1_411' title='bbox 3459 2425 3712 2480; x_wconf 78' lang='lat' dir='ltr'><strong>innocen-</strong></span> 
     </span>
    </p>
   </div>
   <div class='ocr_carea' id='block_1_54' title="bbox 2120 2516 3713 2589">
    <p class='ocr_par' dir='ltr' id='par_1_54' title="bbox 2120 2516 3713 2589">
     <span class='ocr_line' id='line_1_54' title="bbox 2120 2516 3713 2589; baseline 0 -15"><span class='ocrx_word' id='word_1_412' title='bbox 2120 2528 2224 2575; x_wconf 89' lang='lat' dir='ltr'><strong>ter.</strong></span> <span class='ocrx_word' id='word_1_413' title='bbox 2257 2517 2388 2584; x_wconf 67' lang='lat' dir='ltr'><strong>Qute</strong></span> <span class='ocrx_word' id='word_1_414' title='bbox 2414 2516 2665 2573; x_wconf 84' lang='lat' dir='ltr'><strong>vecordia</strong></span> <span class='ocrx_word' id='word_1_415' title='bbox 2705 2523 2791 2572; x_wconf 90' lang='lat' dir='ltr'><strong>est</strong></span> <span class='ocrx_word' id='word_1_416' title='bbox 2829 2523 2886 2572; x_wconf 91' lang='lat' dir='ltr'><strong>et</strong></span> <span class='ocrx_word' id='word_1_417' title='bbox 2931 2517 3162 2573; x_wconf 80' lang='lat' dir='ltr'><strong>amentia</strong></span> <span class='ocrx_word' id='word_1_418' title='bbox 3181 2558 3196 2584; x_wconf 91' lang='lat'><strong>,</strong></span> <span class='ocrx_word' id='word_1_419' title='bbox 3225 2526 3285 2572; x_wconf 91' lang='lat' dir='ltr'><strong>ut</strong></span> <span class='ocrx_word' id='word_1_420' title='bbox 3312 2533 3421 2573; x_wconf 91' lang='lat' dir='ltr'><strong>non</strong></span> <span class='ocrx_word' id='word_1_421' title='bbox 3466 2525 3713 2589; x_wconf 81' lang='lat' dir='ltr'><strong>putemus</strong></span> 
     </span>
    </p>
   </div>
   <div class='ocr_carea' id='block_1_55' title="bbox 2119 2609 3715 2681">
    <p class='ocr_par' dir='ltr' id='par_1_55' title="bbox 2119 2609 3715 2681">
     <span class='ocr_line' id='line_1_55' title="bbox 2119 2609 3715 2681; baseline 0.001 -13"><span class='ocrx_word' id='word_1_422' title='bbox 2119 2614 2283 2668; x_wconf 89' lang='lat' dir='ltr'><strong>risum</strong></span> <span class='ocrx_word' id='word_1_423' title='bbox 2327 2620 2384 2667; x_wconf 92' lang='lat' dir='ltr'><strong>et</strong></span> <span class='ocrx_word' id='word_1_424' title='bbox 2420 2610 2673 2681; x_wconf 89' lang='lat' dir='ltr'><strong>gaudium</strong></span> <span class='ocrx_word' id='word_1_425' title='bbox 2702 2610 2837 2664; x_wconf 90' lang='lat' dir='ltr'><strong>tanti</strong></span> <span class='ocrx_word' id='word_1_426' title='bbox 2864 2624 3003 2676; x_wconf 86' lang='lat' dir='ltr'><strong>esse,</strong></span> <span class='ocrx_word' id='word_1_427' title='bbox 3042 2609 3147 2664; x_wconf 88' lang='lat' dir='ltr'><strong>nisi</strong></span> <span class='ocrx_word' id='word_1_428' title='bbox 3174 2610 3229 2664; x_wconf 93' lang='lat' dir='ltr'><strong>in</strong></span> <span class='ocrx_word' id='word_1_429' title='bbox 3257 2624 3317 2665; x_wconf 92' lang='lat' dir='ltr'><strong>se</strong></span> <span class='ocrx_word' id='word_1_430' title='bbox 3342 2610 3440 2664; x_wconf 90' lang='lat' dir='ltr'><strong>Dei</strong></span> <span class='ocrx_word' id='word_1_431' title='bbox 3467 2610 3715 2670; x_wconf 80' lang='lat' dir='ltr'><strong>habuerit</strong></span> 
     </span>
    </p>
   </div>
   <div class='ocr_carea' id='block_1_56' title="bbox 2120 2701 3713 2775">
    <p class='ocr_par' dir='ltr' id='par_1_56' title="bbox 2120 2701 3713 2775">
     <span class='ocr_line' id='line_1_56' title="bbox 2120 2701 3713 2775; baseline 0.001 -14"><span class='ocrx_word' id='word_1_432' title='bbox 2120 2705 2409 2775; x_wconf 79' lang='lat' dir='ltr'><strong>injuriam?</strong></span> <span class='ocrx_word' id='word_1_433' title='bbox 2438 2704 2690 2774; x_wconf 89' lang='lat' dir='ltr'><strong>injuriam</strong></span> <span class='ocrx_word' id='word_1_434' title='bbox 2722 2705 2936 2774; x_wconf 90' lang='lat' dir='ltr'><strong>utique,</strong></span> <span class='ocrx_word' id='word_1_435' title='bbox 2963 2710 3019 2758; x_wconf 89' lang='lat' dir='ltr'><strong>et</strong></span> <span class='ocrx_word' id='word_1_436' title='bbox 3056 2703 3273 2771; x_wconf 90' lang='lat' dir='ltr'><strong>quidem</strong></span> <span class='ocrx_word' id='word_1_437' title='bbox 3311 2704 3622 2759; x_wconf 80' lang='lat' dir='ltr'><strong>maximam.</strong></span> <span class='ocrx_word' id='word_1_438' title='bbox 3652 2701 3713 2763; x_wconf 85' lang='lat' dir='ltr'><strong>In</strong></span> 
     </span>
    </p>
   </div>
   <div class='ocr_carea' id='block_1_57' title="bbox 2119 2792 3712 2866">
    <p class='ocr_par' dir='ltr' id='par_1_57' title="bbox 2119 2792 3712 2866">
     <span class='ocr_line' id='line_1_57' title="bbox 2119 2792 3712 2866; baseline -0.001 -16"><span class='ocrx_word' id='word_1_439' title='bbox 2119 2792 2438 2865; x_wconf 84' lang='lat' dir='ltr'><strong>spectaculis</strong></span> <span class='ocrx_word' id='word_1_440' title='bbox 2459 2794 2603 2849; x_wconf 91' lang='lat' dir='ltr'><strong>enim</strong></span> <span class='ocrx_word' id='word_1_441' title='bbox 2630 2793 2878 2863; x_wconf 69' lang='lat' dir='ltr'><strong>quaedam</strong></span> <span class='ocrx_word' id='word_1_442' title='bbox 2896 2793 3166 2862; x_wconf 87' lang='lat' dir='ltr'><strong>apostasia</strong></span> <span class='ocrx_word' id='word_1_443' title='bbox 3194 2792 3316 2848; x_wconf 81' lang='lat' dir='ltr'><strong>ﬁdei</strong></span> <span class='ocrx_word' id='word_1_444' title='bbox 3345 2800 3428 2848; x_wconf 91' lang='lat' dir='ltr'><strong>est</strong></span> <span class='ocrx_word' id='word_1_445' title='bbox 3454 2801 3553 2849; x_wconf 88' lang='lat' dir='ltr'><strong>eta</strong></span> <span class='ocrx_word' id='word_1_446' title='bbox 3574 2810 3712 2866; x_wconf 83' lang='lat' dir='ltr'><strong>sym-</strong></span> 
     </span>
    </p>
   </div>
   <div class='ocr_carea' id='block_1_58' title="bbox 2120 2884 3713 2957">
    <p class='ocr_par' dir='ltr' id='par_1_58' title="bbox 2120 2884 3713 2957">
     <span class='ocr_line' id='line_1_58' title="bbox 2120 2884 3713 2957; baseline 0 -16"><span class='ocrx_word' id='word_1_447' title='bbox 2120 2886 2260 2942; x_wconf 89' lang='lat' dir='ltr'><strong>bolis</strong></span> <span class='ocrx_word' id='word_1_448' title='bbox 2288 2887 2454 2956; x_wconf 86' lang='lat' dir='ltr'><strong>ipsius</strong></span> <span class='ocrx_word' id='word_1_449' title='bbox 2482 2894 2536 2940; x_wconf 91' lang='lat' dir='ltr'><strong>et</strong></span> <span class='ocrx_word' id='word_1_450' title='bbox 2551 2884 2862 2941; x_wconf 69' lang='lat' dir='ltr'><strong>cmlestihus</strong></span> <span class='ocrx_word' id='word_1_451' title='bbox 2898 2885 3254 2941; x_wconf 89' lang='lat' dir='ltr'><strong>sacramentis</strong></span> <span class='ocrx_word' id='word_1_452' title='bbox 3267 2885 3481 2941; x_wconf 89' lang='lat' dir='ltr'><strong>lethalis</strong></span> <span class='ocrx_word' id='word_1_453' title='bbox 3505 2902 3713 2957; x_wconf 67' lang='lat' dir='ltr'><strong>praeva-</strong></span> 
     </span>
    </p>
   </div>
   <div class='ocr_carea' id='block_1_59' title="bbox 2120 2977 3713 3049">
    <p class='ocr_par' dir='ltr' id='par_1_59' title="bbox 2120 2977 3713 3049">
     <span class='ocr_line' id='line_1_59' title="bbox 2120 2977 3713 3049; baseline 0.001 -16"><span class='ocrx_word' id='word_1_454' title='bbox 2120 2980 2328 3034; x_wconf 90' lang='lat' dir='ltr'><strong>ricatio.</strong></span> <span class='ocrx_word' id='word_1_455' title='bbox 2352 2977 2483 3044; x_wconf 76' lang='lat' dir='ltr'><strong>Quze</strong></span> <span class='ocrx_word' id='word_1_456' title='bbox 2510 2987 2592 3033; x_wconf 89' lang='lat' dir='ltr'><strong>est</strong></span> <span class='ocrx_word' id='word_1_457' title='bbox 2617 2978 2761 3032; x_wconf 91' lang='lat' dir='ltr'><strong>enim</strong></span> <span class='ocrx_word' id='word_1_458' title='bbox 2789 2978 2845 3032; x_wconf 91' lang='lat' dir='ltr'><strong>in</strong></span> <span class='ocrx_word' id='word_1_459' title='bbox 2870 2978 3139 3049; x_wconf 91' lang='lat' dir='ltr'><strong>baptismo</strong></span> <span class='ocrx_word' id='word_1_460' title='bbox 3166 2979 3387 3037; x_wconf 86' lang='lat' dir='ltr'><strong>salutari</strong></span> <span class='ocrx_word' id='word_1_461' title='bbox 3409 2989 3433 3017; x_wconf 74' lang='grc' dir='ltr'>ε</span> <span class='ocrx_word' id='word_1_462' title='bbox 3460 2977 3713 3035; x_wconf 76' lang='lat' dir='ltr'><strong>Christia-</strong></span> 
     </span>
    </p>
   </div>
   <div class='ocr_carea' id='block_1_60' title="bbox 2121 3067 3713 3151">
    <p class='ocr_par' dir='ltr' id='par_1_60' title="bbox 2121 3067 3713 3151">
     <span class='ocr_line' id='line_1_60' title="bbox 2121 3067 3713 3151; baseline 0.003 -28"><span class='ocrx_word' id='word_1_463' title='bbox 2121 3084 2313 3124; x_wconf 92' lang='lat' dir='ltr'><strong>norum</strong></span> <span class='ocrx_word' id='word_1_464' title='bbox 2341 3070 2513 3139; x_wconf 89' lang='lat' dir='ltr'><strong>prima</strong></span> <span class='ocrx_word' id='word_1_465' title='bbox 2540 3067 2846 3125; x_wconf 78' lang='lat' dir='ltr'><strong>confessio?</strong></span> <span class='ocrx_word' id='word_1_466' title='bbox 3049 3070 3256 3126; x_wconf 88' lang='lat' dir='ltr'><strong>scilicet</strong></span> <span class='ocrx_word' id='word_1_467' title='bbox 3283 3071 3386 3126; x_wconf 88' lang='lat' dir='ltr'><strong>nisi</strong></span> <span class='ocrx_word' id='word_1_468' title='bbox 3427 3078 3486 3125; x_wconf 93' lang='lat' dir='ltr'><strong>ut</strong></span> <span class='ocrx_word' id='word_1_469' title='bbox 3513 3086 3713 3151; x_wconf 78' lang='lat' dir='ltr'><strong>renun-</strong></span> 
     </span>
    </p>
   </div>
   <div class='ocr_carea' id='block_1_61' title="bbox 2120 3148 3714 3235">
    <p class='ocr_par' dir='ltr' id='par_1_61' title="bbox 2120 3148 3714 3235">
     <span class='ocr_line' id='line_1_61' title="bbox 2120 3148 3714 3235; baseline 0.003 -20"><span class='ocrx_word' id='word_1_470' title='bbox 2120 3162 2258 3216; x_wconf 89' lang='lat' dir='ltr'><strong>tiare</strong></span> <span class='ocrx_word' id='word_1_471' title='bbox 2284 3176 2344 3217; x_wconf 91' lang='lat' dir='ltr'><strong>se</strong></span> <span class='ocrx_word' id='word_1_472' title='bbox 2371 3161 2589 3218; x_wconf 90' lang='lat' dir='ltr'><strong>diabolo</strong></span> <span class='ocrx_word' id='word_1_473' title='bbox 2614 3177 2680 3217; x_wconf 92' lang='lat' dir='ltr'><strong>ac</strong></span> <span class='ocrx_word' id='word_1_474' title='bbox 2704 3162 2919 3235; x_wconf 91' lang='lat' dir='ltr'><strong>pompis</strong></span> <span class='ocrx_word' id='word_1_475' title='bbox 2946 3148 3062 3232; x_wconf 87' lang='lat' dir='ltr'><strong>ejus</strong></span> <span class='ocrx_word' id='word_1_476' title='bbox 3108 3167 3271 3232; x_wconf 89' lang='lat' dir='ltr'><strong>atque</strong></span> <span class='ocrx_word' id='word_1_477' title='bbox 3311 3164 3630 3233; x_wconf 87' lang='lat' dir='ltr'><strong>spectaculis</strong></span> <span class='ocrx_word' id='word_1_478' title='bbox 3654 3148 3714 3220; x_wconf 81' lang='lat' dir='ltr'><strong>et</strong></span> 
     </span>
    </p>
   </div>
   <div class='ocr_carea' id='block_1_62' title="bbox 434 3240 3709 3331">
    <p class='ocr_par' dir='ltr' id='par_1_62' title="bbox 434 3240 3709 3331">
     <span class='ocr_line' id='line_1_62' title="bbox 434 3240 3709 3331; baseline 0.004 -36"><span class='ocrx_word' id='word_1_479' title='bbox 434 3242 725 3296; x_wconf 81' lang='lat' dir='ltr'><strong>Saluatoris</strong></span> <span class='ocrx_word' id='word_1_480' title='bbox 772 3244 936 3295; x_wconf 86' lang='lat' dir='ltr'><strong>nostri</strong></span> <span class='ocrx_word' id='word_1_481' title='bbox 961 3240 1086 3295; x_wconf 87' lang='lat' dir='ltr'><strong>Jesu</strong></span> <span class='ocrx_word' id='word_1_482' title='bbox 1127 3240 1357 3296; x_wconf 78' lang='lat' dir='ltr'><strong>Christi:</strong></span> <span class='ocrx_word' id='word_1_483' title='bbox 1385 3243 1472 3313; x_wconf 87' lang='lat' dir='ltr'><strong>qui</strong></span> <span class='ocrx_word' id='word_1_484' title='bbox 1511 3242 1650 3296; x_wconf 86' lang='lat' dir='ltr'><strong>dedit</strong></span> <span class='ocrx_word' id='word_1_485' title='bbox 1690 3246 2016 3315; x_wconf 83' lang='lat' dir='ltr'><strong>semetipsum</strong></span> <span class='ocrx_word' id='word_1_486' title='bbox 2043 3250 2091 3314; x_wconf 75' lang='grc' dir='ltr'>ο</span> <span class='ocrx_word' id='word_1_487' title='bbox 2122 3254 2375 3325; x_wconf 73' lang='lat' dir='ltr'><strong>operibus</strong></span> <span class='ocrx_word' id='word_1_488' title='bbox 2417 3254 2824 3331; x_wconf 44' lang='lat' dir='ltr'><strong>protestantur?</strong></span> <span class='ocrx_word' id='word_1_489' title='bbox 2852 3253 2995 3324; x_wconf 78' lang='lat' dir='ltr'><strong>Ergo</strong></span> <span class='ocrx_word' id='word_1_490' title='bbox 3044 3254 3349 3325; x_wconf 84' lang='lat' dir='ltr'><strong>spectacula</strong></span> <span class='ocrx_word' id='word_1_491' title='bbox 3394 3262 3451 3310; x_wconf 89' lang='lat' dir='ltr'><strong>et</strong></span> <span class='ocrx_word' id='word_1_492' title='bbox 3476 3271 3709 3326; x_wconf 63' lang='lat' dir='ltr'><strong>pompae,</strong></span> 
     </span>
    </p>
   </div>
   <div class='ocr_carea' id='block_1_63' title="bbox 406 3332 2021 3405">
    <p class='ocr_par' dir='ltr' id='par_1_63' title="bbox 406 3332 2021 3405">
     <span class='ocr_line' id='line_1_63' title="bbox 406 3332 2021 3405; baseline 0.004 -22"><span class='ocrx_word' id='word_1_493' title='bbox 406 3350 526 3404; x_wconf 81' lang='lat' dir='ltr'><strong>.pro</strong></span> <span class='ocrx_word' id='word_1_494' title='bbox 546 3332 711 3399; x_wconf 89' lang='lat' dir='ltr'><strong>nobis,</strong></span> <span class='ocrx_word' id='word_1_495' title='bbox 735 3341 792 3385; x_wconf 87' lang='lat' dir='ltr'><strong>ut</strong></span> <span class='ocrx_word' id='word_1_496' title='bbox 810 3349 904 3387; x_wconf 88' lang='lat' dir='ltr'><strong>nos</strong></span> <span class='ocrx_word' id='word_1_497' title='bbox 925 3332 1195 3386; x_wconf 87' lang='lat' dir='ltr'><strong>redimeret</strong></span> <span class='ocrx_word' id='word_1_498' title='bbox 1218 3334 1284 3386; x_wconf 90' lang='lat' dir='ltr'><strong>ab</strong></span> <span class='ocrx_word' id='word_1_499' title='bbox 1313 3334 1453 3386; x_wconf 90' lang='lat' dir='ltr'><strong>omni</strong></span> <span class='ocrx_word' id='word_1_500' title='bbox 1482 3334 1769 3405; x_wconf 85' lang='lat' dir='ltr'><strong>iniquitate,</strong></span> <span class='ocrx_word' id='word_1_501' title='bbox 1798 3342 1849 3388; x_wconf 89' lang='lat' dir='ltr'><strong>et</strong></span> <span class='ocrx_word' id='word_1_502' title='bbox 1875 3352 2021 3389; x_wconf 66' lang='lat' dir='ltr'><strong>murto</strong></span> 
     </span>
    </p>
   </div>
   <div class='ocr_carea' id='block_1_64' title="bbox 422 3422 2018 3495">
    <p class='ocr_par' dir='ltr' id='par_1_64' title="bbox 422 3422 2018 3495">
     <span class='ocr_line' id='line_1_64' title="bbox 422 3422 2018 3495; baseline 0.001 -18"><span class='ocrx_word' id='word_1_503' title='bbox 422 3424 579 3493; x_wconf 80' lang='lat' dir='ltr'><strong>daret</strong></span> <span class='ocrx_word' id='word_1_504' title='bbox 603 3422 701 3478; x_wconf 86' lang='lat' dir='ltr'><strong>sibi</strong></span> <span class='ocrx_word' id='word_1_505' title='bbox 727 3422 971 3495; x_wconf 83' lang='lat' dir='ltr'><strong>populum</strong></span> <span class='ocrx_word' id='word_1_506' title='bbox 1008 3422 1390 3494; x_wconf 82' lang='lat' dir='ltr'><strong>acceptabilem,</strong></span> <span class='ocrx_word' id='word_1_507' title='bbox 1418 3432 1721 3477; x_wconf 86' lang='lat' dir='ltr'><strong>sectatorem</strong></span> <span class='ocrx_word' id='word_1_508' title='bbox 1768 3424 2018 3479; x_wconf 86' lang='lat' dir='ltr'><strong>bonorum</strong></span> 
     </span>
    </p>
   </div>
   <div class='ocr_carea' id='block_1_65' title="bbox 432 3512 2020 3589">
    <p class='ocr_par' dir='ltr' id='par_1_65' title="bbox 432 3512 2020 3589">
     <span class='ocr_line' id='line_1_65' title="bbox 432 3512 2020 3589; baseline 0.002 -20"><span class='ocrx_word' id='word_1_509' title='bbox 432 3533 642 3587; x_wconf 85' lang='lat' dir='ltr'><strong>operum</strong></span> <span class='ocrx_word' id='word_1_510' title='bbox 672 3514 812 3587; x_wconf 71' lang='lat' dir='ltr'><strong>(Tit.</strong></span> <span class='ocrx_word' id='word_1_511' title='bbox 846 3531 882 3580; x_wconf 85' lang='grc' dir='ltr'><strong>ι,</strong></span> <span class='ocrx_word' id='word_1_512' title='bbox 915 3513 1122 3585; x_wconf 76' lang='lat' dir='ltr'><strong>M-M).</strong></span> <span class='ocrx_word' id='word_1_513' title='bbox 1153 3512 1255 3570; x_wconf 89' lang='lat' dir='ltr'><strong>Ubi</strong></span> <span class='ocrx_word' id='word_1_514' title='bbox 1282 3522 1408 3570; x_wconf 88' lang='lat' dir='ltr'><strong>sunt</strong></span> <span class='ocrx_word' id='word_1_515' title='bbox 1427 3517 1520 3584; x_wconf 86' lang='lat' dir='ltr'><strong>qui</strong></span> <span class='ocrx_word' id='word_1_516' title='bbox 1541 3515 1656 3571; x_wconf 64' lang='lat' dir='ltr'><strong>hate</strong></span> <span class='ocrx_word' id='word_1_517' title='bbox 1681 3516 1881 3571; x_wconf 84' lang='lat' dir='ltr'><strong>faciant</strong></span> <span class='ocrx_word' id='word_1_518' title='bbox 1899 3533 2020 3589; x_wconf 82' lang='lat' dir='ltr'><strong>pro—</strong></span> 
     </span>
    </p>
   </div>
   <div class='ocr_carea' id='block_1_66' title="bbox 430 3603 2017 3677">
    <p class='ocr_par' dir='ltr' id='par_1_66' title="bbox 430 3603 2017 3677">
     <span class='ocr_line' id='line_1_66' title="bbox 430 3603 2017 3677; baseline 0.003 -16"><span class='ocrx_word' id='word_1_519' title='bbox 430 3615 551 3676; x_wconf 89' lang='lat' dir='ltr'><strong>pter</strong></span> <span class='ocrx_word' id='word_1_520' title='bbox 576 3621 696 3677; x_wconf 82' lang='lat' dir='ltr'><strong>quae</strong></span> <span class='ocrx_word' id='word_1_521' title='bbox 720 3606 932 3661; x_wconf 87' lang='lat' dir='ltr'><strong>venisse</strong></span> <span class='ocrx_word' id='word_1_522' title='bbox 958 3603 1231 3661; x_wconf 89' lang='lat' dir='ltr'><strong>Christum</strong></span> <span class='ocrx_word' id='word_1_523' title='bbox 1260 3606 1552 3676; x_wconf 84' lang='lat' dir='ltr'><strong>Apostolus</strong></span> <span class='ocrx_word' id='word_1_524' title='bbox 1573 3607 1741 3663; x_wconf 86' lang='lat' dir='ltr'><strong>dicit?</strong></span> <span class='ocrx_word' id='word_1_525' title='bbox 1770 3607 1871 3664; x_wconf 88' lang='lat' dir='ltr'><strong>Ubi</strong></span> <span class='ocrx_word' id='word_1_526' title='bbox 1891 3619 2017 3666; x_wconf 90' lang='lat' dir='ltr'><strong>sunt</strong></span> 
     </span>
    </p>
   </div>
   <div class='ocr_carea' id='block_1_67' title="bbox 432 3695 2017 3771">
    <p class='ocr_par' dir='ltr' id='par_1_67' title="bbox 432 3695 2017 3771">
     <span class='ocr_line' id='line_1_67' title="bbox 432 3695 2017 3771; baseline 0.005 -21"><span class='ocrx_word' id='word_1_527' title='bbox 432 3697 523 3766; x_wconf 89' lang='lat' dir='ltr'><strong>qui</strong></span> <span class='ocrx_word' id='word_1_528' title='bbox 569 3697 831 3752; x_wconf 83' lang='lat' dir='ltr'><strong>desideria</strong></span> <span class='ocrx_word' id='word_1_529' title='bbox 878 3697 1056 3752; x_wconf 67' lang='lat' dir='ltr'><strong>sxeculi</strong></span> <span class='ocrx_word' id='word_1_530' title='bbox 1101 3695 1326 3766; x_wconf 88' lang='lat' dir='ltr'><strong>fugiant,</strong></span> <span class='ocrx_word' id='word_1_531' title='bbox 1374 3697 1465 3752; x_wconf 92' lang='lat' dir='ltr'><strong>ubi</strong></span> <span class='ocrx_word' id='word_1_532' title='bbox 1515 3699 1607 3767; x_wconf 92' lang='lat' dir='ltr'><strong>qui</strong></span> <span class='ocrx_word' id='word_1_533' title='bbox 1640 3700 1805 3755; x_wconf 87' lang='lat' dir='ltr'><strong>vitam</strong></span> <span class='ocrx_word' id='word_1_534' title='bbox 1833 3703 1933 3771; x_wconf 82' lang='lat' dir='ltr'><strong>pie</strong></span> <span class='ocrx_word' id='word_1_535' title='bbox 1950 3717 2017 3758; x_wconf 91' lang='lat' dir='ltr'><strong>ac</strong></span> 
     </span>
    </p>
   </div>
   <div class='ocr_carea' id='block_1_68' title="bbox 430 3787 2018 3859">
    <p class='ocr_par' dir='ltr' id='par_1_68' title="bbox 430 3787 2018 3859">
     <span class='ocr_line' id='line_1_68' title="bbox 430 3787 2018 3859; baseline 0.003 -18"><span class='ocrx_word' id='word_1_536' title='bbox 430 3787 572 3857; x_wconf 89' lang='lat' dir='ltr'><strong>juste</strong></span> <span class='ocrx_word' id='word_1_537' title='bbox 623 3795 806 3856; x_wconf 88' lang='lat' dir='ltr'><strong>agant,</strong></span> <span class='ocrx_word' id='word_1_538' title='bbox 855 3787 945 3841; x_wconf 89' lang='lat' dir='ltr'><strong>ubi</strong></span> <span class='ocrx_word' id='word_1_539' title='bbox 984 3788 1077 3856; x_wconf 90' lang='lat' dir='ltr'><strong>qui</strong></span> <span class='ocrx_word' id='word_1_540' title='bbox 1117 3802 1335 3859; x_wconf 86' lang='lat' dir='ltr'><strong>sperare</strong></span> <span class='ocrx_word' id='word_1_541' title='bbox 1358 3802 1417 3842; x_wconf 89' lang='lat' dir='ltr'><strong>se</strong></span> <span class='ocrx_word' id='word_1_542' title='bbox 1444 3788 1834 3857; x_wconf 84' lang='lat' dir='ltr'><strong>spembeatam</strong></span> <span class='ocrx_word' id='word_1_543' title='bbox 1861 3792 2018 3847; x_wconf 90' lang='lat' dir='ltr'><strong>bonis</strong></span> 
     </span>
    </p>
   </div>
   <div class='ocr_carea' id='block_1_69' title="bbox 433 3879 2011 3954">
    <p class='ocr_par' dir='ltr' id='par_1_69' title="bbox 433 3879 2011 3954">
     <span class='ocr_line' id='line_1_69' title="bbox 433 3879 2011 3954; baseline 0.004 -18"><span class='ocrx_word' id='word_1_544' title='bbox 433 3881 685 3951; x_wconf 89' lang='lat' dir='ltr'><strong>operibus</strong></span> <span class='ocrx_word' id='word_1_545' title='bbox 731 3879 1037 3945; x_wconf 85' lang='lat' dir='ltr'><strong>ostendant,</strong></span> <span class='ocrx_word' id='word_1_546' title='bbox 1080 3888 1137 3935; x_wconf 91' lang='lat' dir='ltr'><strong>et</strong></span> <span class='ocrx_word' id='word_1_547' title='bbox 1163 3880 1557 3937; x_wconf 86' lang='lat' dir='ltr'><strong>immaculatam</strong></span> <span class='ocrx_word' id='word_1_548' title='bbox 1585 3884 1751 3937; x_wconf 89' lang='lat' dir='ltr'><strong>vitam</strong></span> <span class='ocrx_word' id='word_1_549' title='bbox 1775 3895 2011 3954; x_wconf 87' lang='lat' dir='ltr'><strong>agentes,</strong></span> 
     </span>
    </p>
   </div>
   <div class='ocr_carea' id='block_1_70' title="bbox 440 3972 2015 4050">
    <p class='ocr_par' dir='ltr' id='par_1_70' title="bbox 440 3972 2015 4050">
     <span class='ocr_line' id='line_1_70' title="bbox 440 3972 2015 4050; baseline 0.006 -25"><span class='ocrx_word' id='word_1_550' title='bbox 440 3972 541 4027; x_wconf 88' lang='lat' dir='ltr'><strong>hoc</strong></span> <span class='ocrx_word' id='word_1_551' title='bbox 559 3972 674 4043; x_wconf 87' lang='lat' dir='ltr'><strong>ipso</strong></span> <span class='ocrx_word' id='word_1_552' title='bbox 694 3988 753 4028; x_wconf 86' lang='lat' dir='ltr'><strong>se</strong></span> <span class='ocrx_word' id='word_1_553' title='bbox 776 3973 1061 4044; x_wconf 86' lang='lat' dir='ltr'><strong>perhibent</strong></span> <span class='ocrx_word' id='word_1_554' title='bbox 1100 3987 1325 4042; x_wconf 91' lang='lat' dir='ltr'><strong>regnum</strong></span> <span class='ocrx_word' id='word_1_555' title='bbox 1371 3974 1468 4030; x_wconf 89' lang='lat' dir='ltr'><strong>Dei</strong></span> <span class='ocrx_word' id='word_1_556' title='bbox 1520 3986 1836 4047; x_wconf 82' lang='lat' dir='ltr'><strong>exspectare</strong></span> <span class='ocrx_word' id='word_1_557' title='bbox 1888 3981 2015 4050; x_wconf 87' lang='lat' dir='ltr'><strong>quia</strong></span> 
     </span>
    </p>
   </div>
   <div class='ocr_carea' id='block_1_71' title="bbox 442 4065 2017 4136">
    <p class='ocr_par' dir='ltr' id='par_1_71' title="bbox 442 4065 2017 4136">
     <span class='ocr_line' id='line_1_71' title="bbox 442 4065 2017 4136; baseline 0.008 -22"><span class='ocrx_word' id='word_1_558' title='bbox 442 4070 714 4117; x_wconf 90' lang='lat' dir='ltr'><strong>merentur</strong></span> <span class='ocrx_word' id='word_1_559' title='bbox 754 4065 1030 4133; x_wconf 85' lang='lat' dir='ltr'><strong>accipere?</strong></span> <span class='ocrx_word' id='word_1_560' title='bbox 1080 4065 1258 4131; x_wconf 80' lang='lat' dir='ltr'><strong>Venit,</strong></span> <span class='ocrx_word' id='word_1_561' title='bbox 1295 4067 1493 4136; x_wconf 67' lang='lat' dir='ltr'><strong>inquit,&quot;</strong></span> <span class='ocrx_word' id='word_1_562' title='bbox 1544 4068 1804 4125; x_wconf 91' lang='lat' dir='ltr'><strong>Dominus</strong></span> <span class='ocrx_word' id='word_1_563' title='bbox 1861 4069 2017 4127; x_wconf 74' lang='lat' dir='ltr'><strong>Iesus</strong></span> 
     </span>
    </p>
   </div>
   <div class='ocr_carea' id='block_1_72' title="bbox 444 4148 2014 4232">
    <p class='ocr_par' dir='ltr' id='par_1_72' title="bbox 444 4148 2014 4232">
     <span class='ocr_line' id='line_1_72' title="bbox 444 4148 2014 4232; baseline 0.008 -27"><span class='ocrx_word' id='word_1_564' title='bbox 444 4148 715 4218; x_wconf 85' lang='lat' dir='ltr'><strong>Christus,</strong></span> <span class='ocrx_word' id='word_1_565' title='bbox 763 4163 818 4207; x_wconf 90' lang='lat' dir='ltr'><strong>ut</strong></span> <span class='ocrx_word' id='word_1_566' title='bbox 861 4156 1130 4210; x_wconf 87' lang='lat' dir='ltr'><strong>mundaret</strong></span> <span class='ocrx_word' id='word_1_567' title='bbox 1173 4157 1270 4212; x_wconf 89' lang='lat' dir='ltr'><strong>sibi</strong></span> <span class='ocrx_word' id='word_1_568' title='bbox 1315 4159 1561 4230; x_wconf 87' lang='lat' dir='ltr'><strong>populum</strong></span> <span class='ocrx_word' id='word_1_569' title='bbox 1622 4163 2014 4232; x_wconf 87' lang='lat' dir='ltr'><strong>acceptabilem,</strong></span> 
     </span>
    </p>
   </div>
   <div class='ocr_carea' id='block_1_73' title="bbox 2125 3348 3711 3420">
    <p class='ocr_par' dir='ltr' id='par_1_73' title="bbox 2125 3348 3711 3420">
     <span class='ocr_line' id='line_1_73' title="bbox 2125 3348 3711 3420; baseline -0.002 -15"><span class='ocrx_word' id='word_1_570' title='bbox 2125 3350 2287 3405; x_wconf 90' lang='lat' dir='ltr'><strong>etiam</strong></span> <span class='ocrx_word' id='word_1_571' title='bbox 2311 3348 2466 3419; x_wconf 82' lang='lat' dir='ltr'><strong>juxta</strong></span> <span class='ocrx_word' id='word_1_572' title='bbox 2504 3356 2744 3406; x_wconf 90' lang='lat' dir='ltr'><strong>nostram</strong></span> <span class='ocrx_word' id='word_1_573' title='bbox 2771 3348 3187 3420; x_wconf 85' lang='lat' dir='ltr'><strong>professionem,</strong></span> <span class='ocrx_word' id='word_1_574' title='bbox 3240 3363 3406 3419; x_wconf 86' lang='lat' dir='ltr'><strong>opera</strong></span> <span class='ocrx_word' id='word_1_575' title='bbox 3443 3356 3568 3403; x_wconf 88' lang='lat' dir='ltr'><strong>sunt</strong></span> <span class='ocrx_word' id='word_1_576' title='bbox 3593 3348 3711 3402; x_wconf 88' lang='lat' dir='ltr'><strong>dia-</strong></span> 
     </span>
    </p>
   </div>
   <div class='ocr_carea' id='block_1_74' title="bbox 2122 3436 3713 3511">
    <p class='ocr_par' dir='ltr' id='par_1_74' title="bbox 2122 3436 3713 3511">
     <span class='ocr_line' id='line_1_74' title="bbox 2122 3436 3713 3511; baseline -0.004 -14"><span class='ocrx_word' id='word_1_577' title='bbox 2122 3442 2252 3497; x_wconf 87' lang='lat' dir='ltr'><strong>boli.</strong></span> <span class='ocrx_word' id='word_1_578' title='bbox 2285 3440 2588 3508; x_wconf 84' lang='lat' dir='ltr'><strong>Quomodo,</strong></span> <span class='ocrx_word' id='word_1_579' title='bbox 2621 3457 2655 3495; x_wconf 90' lang='grc' dir='ltr'>ο</span> <span class='ocrx_word' id='word_1_580' title='bbox 2681 3438 3008 3504; x_wconf 88' lang='lat' dir='ltr'><strong>Christiane,</strong></span> <span class='ocrx_word' id='word_1_581' title='bbox 3037 3439 3340 3511; x_wconf 89' lang='lat' dir='ltr'><strong>spectacula</strong></span> <span class='ocrx_word' id='word_1_582' title='bbox 3360 3446 3485 3509; x_wconf 90' lang='lat' dir='ltr'><strong>post</strong></span> <span class='ocrx_word' id='word_1_583' title='bbox 3510 3436 3713 3508; x_wconf 77' lang='lat' dir='ltr'><strong>baptis-</strong></span> 
     </span>
    </p>
   </div>
   <div class='ocr_carea' id='block_1_75' title="bbox 2121 3527 3713 3600">
    <p class='ocr_par' dir='ltr' id='par_1_75' title="bbox 2121 3527 3713 3600">
     <span class='ocr_line' id='line_1_75' title="bbox 2121 3527 3713 3600; baseline -0.003 -13"><span class='ocrx_word' id='word_1_584' title='bbox 2121 3547 2268 3587; x_wconf 90' lang='lat' dir='ltr'><strong>mum</strong></span> <span class='ocrx_word' id='word_1_585' title='bbox 2297 3532 2556 3600; x_wconf 89' lang='lat' dir='ltr'><strong>sequeris,</strong></span> <span class='ocrx_word' id='word_1_586' title='bbox 2584 3545 2704 3599; x_wconf 59' lang='lat' dir='ltr'><strong>quas</strong></span> <span class='ocrx_word' id='word_1_587' title='bbox 2729 3542 2867 3599; x_wconf 87' lang='lat' dir='ltr'><strong>opus</strong></span> <span class='ocrx_word' id='word_1_588' title='bbox 2894 3545 3014 3585; x_wconf 90' lang='lat' dir='ltr'><strong>esse</strong></span> <span class='ocrx_word' id='word_1_589' title='bbox 3041 3529 3240 3584; x_wconf 89' lang='lat' dir='ltr'><strong>diaboli</strong></span> <span class='ocrx_word' id='word_1_590' title='bbox 3262 3527 3576 3583; x_wconf 80' lang='lat' dir='ltr'><strong>conﬁteris?</strong></span> <span class='ocrx_word' id='word_1_591' title='bbox 3604 3527 3713 3583; x_wconf 84' lang='lat' dir='ltr'><strong>Re-</strong></span> 
     </span>
    </p>
   </div>
   <div class='ocr_carea' id='block_1_76' title="bbox 2122 3616 3712 3686">
    <p class='ocr_par' dir='ltr' id='par_1_76' title="bbox 2122 3616 3712 3686">
     <span class='ocr_line' id='line_1_76' title="bbox 2122 3616 3712 3686; baseline -0.004 -10"><span class='ocrx_word' id='word_1_592' title='bbox 2122 3620 2380 3677; x_wconf 89' lang='lat' dir='ltr'><strong>nuntiasti</strong></span> <span class='ocrx_word' id='word_1_593' title='bbox 2405 3618 2576 3674; x_wconf 89' lang='lat' dir='ltr'><strong>semel</strong></span> <span class='ocrx_word' id='word_1_594' title='bbox 2619 3616 2834 3672; x_wconf 89' lang='lat' dir='ltr'><strong>diabolo</strong></span> <span class='ocrx_word' id='word_1_595' title='bbox 2863 3625 2921 3671; x_wconf 93' lang='lat' dir='ltr'><strong>et</strong></span> <span class='ocrx_word' id='word_1_596' title='bbox 2958 3617 3278 3686; x_wconf 88' lang='lat' dir='ltr'><strong>spectaculis</strong></span> <span class='ocrx_word' id='word_1_597' title='bbox 3315 3616 3459 3684; x_wconf 91' lang='lat' dir='ltr'><strong>ejus;</strong></span> <span class='ocrx_word' id='word_1_598' title='bbox 3509 3632 3574 3670; x_wconf 90' lang='lat' dir='ltr'><strong>ac</strong></span> <span class='ocrx_word' id='word_1_599' title='bbox 3618 3632 3712 3685; x_wconf 87' lang='lat' dir='ltr'><strong>per</strong></span> 
     </span>
    </p>
   </div>
   <div class='ocr_carea' id='block_1_77' title="bbox 2120 3704 3710 3775">
    <p class='ocr_par' dir='ltr' id='par_1_77' title="bbox 2120 3704 3710 3775">
     <span class='ocr_line' id='line_1_77' title="bbox 2120 3704 3710 3775; baseline -0.006 -9"><span class='ocrx_word' id='word_1_600' title='bbox 2120 3714 2225 3766; x_wconf 89' lang='lat' dir='ltr'><strong>hoc</strong></span> <span class='ocrx_word' id='word_1_601' title='bbox 2246 3723 2463 3764; x_wconf 87' lang='lat' dir='ltr'><strong>necesse</strong></span> <span class='ocrx_word' id='word_1_602' title='bbox 2489 3714 2573 3761; x_wconf 90' lang='lat' dir='ltr'><strong>est</strong></span> <span class='ocrx_word' id='word_1_603' title='bbox 2599 3714 2661 3759; x_wconf 91' lang='lat' dir='ltr'><strong>ut</strong></span> <span class='ocrx_word' id='word_1_604' title='bbox 2685 3705 2922 3775; x_wconf 90' lang='lat' dir='ltr'><strong>prudens</strong></span> <span class='ocrx_word' id='word_1_605' title='bbox 2942 3713 2998 3759; x_wconf 93' lang='lat' dir='ltr'><strong>et</strong></span> <span class='ocrx_word' id='word_1_606' title='bbox 3016 3706 3211 3770; x_wconf 90' lang='lat' dir='ltr'><strong>sciens,</strong></span> <span class='ocrx_word' id='word_1_607' title='bbox 3242 3705 3369 3758; x_wconf 90' lang='lat' dir='ltr'><strong>dum</strong></span> <span class='ocrx_word' id='word_1_608' title='bbox 3398 3704 3465 3757; x_wconf 89' lang='lat' dir='ltr'><strong>ad</strong></span> <span class='ocrx_word' id='word_1_609' title='bbox 3494 3712 3710 3772; x_wconf 85' lang='lat' dir='ltr'><strong>specta-</strong></span> 
     </span>
    </p>
   </div>
   <div class='ocr_carea' id='block_1_78' title="bbox 2120 3792 3712 3864">
    <p class='ocr_par' dir='ltr' id='par_1_78' title="bbox 2120 3792 3712 3864">
     <span class='ocr_line' id='line_1_78' title="bbox 2120 3792 3712 3864; baseline -0.005 -7"><span class='ocrx_word' id='word_1_610' title='bbox 2120 3802 2240 3857; x_wconf 90' lang='lat' dir='ltr'><strong>cula</strong></span> <span class='ocrx_word' id='word_1_611' title='bbox 2260 3814 2490 3864; x_wconf 89' lang='lat' dir='ltr'><strong>remeas,</strong></span> <span class='ocrx_word' id='word_1_612' title='bbox 2514 3794 2582 3851; x_wconf 92' lang='lat' dir='ltr'><strong>ad</strong></span> <span class='ocrx_word' id='word_1_613' title='bbox 2601 3794 2874 3850; x_wconf 86' lang='lat' dir='ltr'><strong>diabolum</strong></span> <span class='ocrx_word' id='word_1_614' title='bbox 2894 3802 2951 3850; x_wconf 93' lang='lat' dir='ltr'><strong>te</strong></span> <span class='ocrx_word' id='word_1_615' title='bbox 2967 3796 3141 3850; x_wconf 89' lang='lat' dir='ltr'><strong>redire</strong></span> <span class='ocrx_word' id='word_1_616' title='bbox 3155 3807 3466 3860; x_wconf 89' lang='lat' dir='ltr'><strong>cognoscas.</strong></span> <span class='ocrx_word' id='word_1_617' title='bbox 3487 3792 3712 3862; x_wconf 88' lang='lat' dir='ltr'><strong>Utrique</strong></span> 
     </span>
    </p>
   </div>
   <div class='ocr_carea' id='block_1_79' title="bbox 2119 3885 3713 3953">
    <p class='ocr_par' dir='ltr' id='par_1_79' title="bbox 2119 3885 3713 3953">
     <span class='ocr_line' id='line_1_79' title="bbox 2119 3885 3713 3953; baseline -0.004 -6"><span class='ocrx_word' id='word_1_618' title='bbox 2119 3892 2264 3948; x_wconf 89' lang='lat' dir='ltr'><strong>enim</strong></span> <span class='ocrx_word' id='word_1_619' title='bbox 2312 3889 2392 3945; x_wconf 90' lang='lat' dir='ltr'><strong>rei</strong></span> <span class='ocrx_word' id='word_1_620' title='bbox 2421 3886 2581 3944; x_wconf 86' lang='lat' dir='ltr'><strong>simul</strong></span> <span class='ocrx_word' id='word_1_621' title='bbox 2607 3885 2949 3953; x_wconf 87' lang='lat' dir='ltr'><strong>renuntiasti,</strong></span> <span class='ocrx_word' id='word_1_622' title='bbox 2980 3892 3036 3941; x_wconf 89' lang='lat' dir='ltr'><strong>et</strong></span> <span class='ocrx_word' id='word_1_623' title='bbox 3056 3899 3223 3940; x_wconf 91' lang='lat' dir='ltr'><strong>unum</strong></span> <span class='ocrx_word' id='word_1_624' title='bbox 3268 3892 3556 3951; x_wconf 85' lang='lat' dir='ltr'><strong>utrumque</strong></span> <span class='ocrx_word' id='word_1_625' title='bbox 3595 3899 3713 3940; x_wconf 81' lang='lat' dir='ltr'><strong>esse</strong></span> 
     </span>
    </p>
   </div>
   <div class='ocr_carea' id='block_1_80' title="bbox 2118 3974 3707 4044">
    <p class='ocr_par' dir='ltr' id='par_1_80' title="bbox 2118 3974 3707 4044">
     <span class='ocr_line' id='line_1_80' title="bbox 2118 3974 3707 4044; baseline -0.008 -5"><span class='ocrx_word' id='word_1_626' title='bbox 2118 3984 2320 4040; x_wconf 87' lang='lat' dir='ltr'><strong>dixisti.</strong></span> <span class='ocrx_word' id='word_1_627' title='bbox 2344 3981 2403 4037; x_wconf 88' lang='lat' dir='ltr'><strong>Si</strong></span> <span class='ocrx_word' id='word_1_628' title='bbox 2431 3980 2499 4035; x_wconf 87' lang='lat' dir='ltr'><strong>ad</strong></span> <span class='ocrx_word' id='word_1_629' title='bbox 2526 3992 2693 4035; x_wconf 86' lang='lat' dir='ltr'><strong>unum</strong></span> <span class='ocrx_word' id='word_1_630' title='bbox 2710 3976 3019 4043; x_wconf 90' lang='lat' dir='ltr'><strong>reverteris,</strong></span> <span class='ocrx_word' id='word_1_631' title='bbox 3035 3976 3103 4032; x_wconf 89' lang='lat' dir='ltr'><strong>ad</strong></span> <span class='ocrx_word' id='word_1_632' title='bbox 3120 3983 3408 4044; x_wconf 90' lang='lat' dir='ltr'><strong>utrumque</strong></span> <span class='ocrx_word' id='word_1_633' title='bbox 3434 3974 3707 4028; x_wconf 87' lang='lat' dir='ltr'><strong>remeasti.</strong></span> 
     </span>
    </p>
   </div>
   <div class='ocr_carea' id='block_1_81' title="bbox 2119 4066 3710 4141">
    <p class='ocr_par' dir='ltr' id='par_1_81' title="bbox 2119 4066 3710 4141">
     <span class='ocr_line' id='line_1_81' title="bbox 2119 4066 3710 4141; baseline -0.006 -13"><span class='ocrx_word' id='word_1_634' title='bbox 2119 4075 2443 4130; x_wconf 79' lang='lat' dir='ltr'><strong>Abrenuntio</strong></span> <span class='ocrx_word' id='word_1_635' title='bbox 2480 4074 2634 4138; x_wconf 86' lang='lat' dir='ltr'><strong>enim,</strong></span> <span class='ocrx_word' id='word_1_636' title='bbox 2665 4071 2863 4141; x_wconf 91' lang='lat' dir='ltr'><strong>inquis,</strong></span> <span class='ocrx_word' id='word_1_637' title='bbox 2905 4068 3130 4136; x_wconf 87' lang='lat' dir='ltr'><strong>diabolo,</strong></span> <span class='ocrx_word' id='word_1_638' title='bbox 3160 4068 3378 4141; x_wconf 87' lang='lat' dir='ltr'><strong>pompis,</strong></span> <span class='ocrx_word' id='word_1_639' title='bbox 3408 4066 3710 4139; x_wconf 86' lang='lat' dir='ltr'><strong>spectaculis</strong></span> 
     </span>
    </p>
   </div>
   <div class='ocr_carea' id='block_1_82' title="bbox 2120 4158 3767 4238">
    <p class='ocr_par' dir='ltr' id='par_1_82' title="bbox 2120 4158 3767 4238">
     <span class='ocr_line' id='line_1_82' title="bbox 2120 4158 3767 4238; baseline -0.007 -16"><span class='ocrx_word' id='word_1_640' title='bbox 2120 4178 2170 4222; x_wconf 91' lang='lat' dir='ltr'><strong>et</strong></span> <span class='ocrx_word' id='word_1_641' title='bbox 2198 4165 2435 4238; x_wconf 88' lang='lat' dir='ltr'><strong>operibus</strong></span> <span class='ocrx_word' id='word_1_642' title='bbox 2481 4166 2614 4236; x_wconf 81' lang='lat' dir='ltr'><strong>ejus.</strong></span> <span class='ocrx_word' id='word_1_643' title='bbox 2646 4162 2714 4218; x_wconf 86' lang='lat' dir='ltr'><strong>Et</strong></span> <span class='ocrx_word' id='word_1_644' title='bbox 2741 4162 2869 4233; x_wconf 90' lang='lat' dir='ltr'><strong>quid</strong></span> <span class='ocrx_word' id='word_1_645' title='bbox 2916 4162 3153 4234; x_wconf 81' lang='lat' dir='ltr'><strong>postea?</strong></span> <span class='ocrx_word' id='word_1_646' title='bbox 3194 4160 3380 4227; x_wconf 87' lang='lat' dir='ltr'><strong>Credo,</strong></span> <span class='ocrx_word' id='word_1_647' title='bbox 3431 4158 3625 4227; x_wconf 85' lang='lat' dir='ltr'><strong>inquis,</strong></span> <span class='ocrx_word' id='word_1_648' title='bbox 3654 4159 3711 4213; x_wconf 85' lang='lat' dir='ltr'><strong>in</strong></span> <span class='ocrx_word' id='word_1_649' title='bbox 3764 4198 3767 4203; x_wconf 72' lang='grc'>.</span> 
     </span>
    </p>
   </div>
   <div class='ocr_carea' id='block_1_83' title="bbox 1605 4270 2521 4331">
    <p class='ocr_par' dir='ltr' id='par_1_83' title="bbox 1605 4270 2521 4331">
     <span class='ocr_line' id='line_1_83' title="bbox 1605 4270 2521 4331; baseline 0.003 -7"><span class='ocrx_word' id='word_1_650' title='bbox 1605 4270 1944 4328; x_wconf 85' lang='lat' dir='ltr'><strong>STEPHANI</strong></span> <span class='ocrx_word' id='word_1_651' title='bbox 1982 4275 2254 4331; x_wconf 84' lang='lat' dir='ltr'><strong>BALUZII</strong></span> <span class='ocrx_word' id='word_1_652' title='bbox 2291 4273 2521 4330; x_wconf 67' lang='grc' dir='ltr'><strong>ΝΟΤᾹῨ..</strong></span> 
     </span>
    </p>
   </div>
   <div class='ocr_carea' id='block_1_84' title="bbox 512 4353 2019 4426">
    <p class='ocr_par' dir='ltr' id='par_1_84' title="bbox 512 4353 2019 4426">
     <span class='ocr_line' id='line_1_84' title="bbox 512 4353 2019 4426; baseline 0.006 -18"><span class='ocrx_word' id='word_1_653' title='bbox 512 4363 539 4392; x_wconf 83' lang='grc'><strong>⁸</strong></span> <span class='ocrx_word' id='word_1_654' title='bbox 578 4353 858 4426; x_wconf 85' lang='lat' dir='ltr'><strong>lnfra__lih.</strong></span> <span class='ocrx_word' id='word_1_655' title='bbox 881 4370 940 4426; x_wconf 27' lang='lat' dir='ltr'><strong>In</strong></span> <span class='ocrx_word' id='word_1_656' title='bbox 986 4354 1238 4411; x_wconf 89' lang='lat' dir='ltr'><strong>adversus</strong></span> <span class='ocrx_word' id='word_1_657' title='bbox 1290 4358 1601 4422; x_wconf 84' lang='lat' dir='ltr'><strong>Avaritiam,</strong></span> <span class='ocrx_word' id='word_1_658' title='bbox 1633 4373 1757 4426; x_wconf 89' lang='lat' dir='ltr'><strong>pag.</strong></span> <span class='ocrx_word' id='word_1_659' title='bbox 1797 4358 1919 4425; x_wconf 70' lang='lat'><strong>227,</strong></span> <span class='ocrx_word' id='word_1_660' title='bbox 1952 4362 2019 4418; x_wconf 80' lang='lat' dir='ltr'><strong>de</strong></span> 
     </span>
    </p>
   </div>
   <div class='ocr_carea' id='block_1_85' title="bbox 360 4418 2018 4498">
    <p class='ocr_par' dir='ltr' id='par_1_85' title="bbox 360 4418 2018 4498">
     <span class='ocr_line' id='line_1_85' title="bbox 360 4418 2018 4498; baseline 0.004 -18"><span class='ocrx_word' id='word_1_661' title='bbox 360 4487 371 4493; x_wconf 90' lang='lat'>_</span> <span class='ocrx_word' id='word_1_662' title='bbox 435 4424 683 4480; x_wconf 90' lang='lat' dir='ltr'><strong>Christo:</strong></span> <span class='ocrx_word' id='word_1_663' title='bbox 703 4418 1022 4498; x_wconf 77' lang='lat' dir='ltr'><strong>Humiliatus</strong></span> <span class='ocrx_word' id='word_1_664' title='bbox 1048 4443 1204 4497; x_wconf 89' lang='lat' dir='ltr'><strong>usque</strong></span> <span class='ocrx_word' id='word_1_665' title='bbox 1226 4427 1295 4480; x_wconf 89' lang='lat' dir='ltr'><strong>ad</strong></span> <span class='ocrx_word' id='word_1_666' title='bbox 1317 4426 1528 4498; x_wconf 82' lang='lat' dir='ltr'><strong>humani</strong></span> <span class='ocrx_word' id='word_1_667' title='bbox 1554 4418 1753 4481; x_wconf 63' lang='lat' dir='ltr'><strong>eirdrdii</strong></span> <span class='ocrx_word' id='word_1_668' title='bbox 1774 4418 2018 4498; x_wconf 72' lang='lat' dir='ltr'><strong>pudorem</strong></span> 
     </span>
    </p>
   </div>
   <div class='ocr_carea' id='block_1_86' title="bbox 438 4497 2017 4567">
    <p class='ocr_par' dir='ltr' id='par_1_86' title="bbox 438 4497 2017 4567">
     <span class='ocr_line' id='line_1_86' title="bbox 438 4497 2017 4567; baseline 0.005 -19"><span class='ocrx_word' id='word_1_669' title='bbox 438 4506 486 4548; x_wconf 89' lang='lat' dir='ltr'><strong>et</strong></span> <span class='ocrx_word' id='word_1_670' title='bbox 532 4511 831 4567; x_wconf 12' lang='lat' dir='ltr'><strong>pannorum,</strong></span> <span class='ocrx_word' id='word_1_671' title='bbox 862 4497 1197 4567; x_wconf 40' lang='lat' dir='ltr'><strong>inluviemAet</strong></span> <span class='ocrx_word' id='word_1_672' title='bbox 1239 4497 1478 4567; x_wconf 67' lang='lat' dir='ltr'><strong>pmsepii</strong></span> <span class='ocrx_word' id='word_1_673' title='bbox 1505 4497 1781 4567; x_wconf 74' lang='lat' dir='ltr'><strong>vilitatem.</strong></span> <span class='ocrx_word' id='word_1_674' title='bbox 1824 4497 2017 4557; x_wconf 82' lang='lat' dir='ltr'><strong>Hiero—</strong></span> 
     </span>
    </p>
   </div>
   <div class='ocr_carea' id='block_1_87' title="bbox 2123 4361 3707 4485">
    <p class='ocr_par' dir='ltr' id='par_1_87' title="bbox 2123 4361 3707 4485">
     <span class='ocr_line' id='line_1_87' title="bbox 2123 4361 3707 4485; baseline 0.001 -67"><span class='ocrx_word' id='word_1_675' title='bbox 2123 4363 2403 4485; x_wconf 48' lang='lat' dir='ltr'><strong>epistqlgn</strong></span> <span class='ocrx_word' id='word_1_676' title='bbox 2416 4362 2642 4432; x_wconf 88' lang='lat' dir='ltr'><strong>primam</strong></span> <span class='ocrx_word' id='word_1_677' title='bbox 2658 4361 2903 4416; x_wconf 88' lang='lat' dir='ltr'><strong>Leidradi</strong></span> <span class='ocrx_word' id='word_1_678' title='bbox 2920 4362 3307 4432; x_wconf 89' lang='lat' dir='ltr'><strong>archiepiscopi</strong></span> <span class='ocrx_word' id='word_1_679' title='bbox 3320 4361 3707 4431; x_wconf 88' lang='lat' dir='ltr'><strong>Lugdunensis,</strong></span> 
     </span>
     <span class='ocr_line' id='line_1_88' title="bbox 2123 4449 2395 4485; baseline 0 0"><span class='ocrx_word' id='word_1_680' title='bbox 2123 4449 2245 4485; x_wconf 74' lang='lat' dir='ltr'><strong>nan.</strong></span> <span class='ocrx_word' id='word_1_681' title='bbox 2384 4474 2395 4485; x_wconf 96' lang='lat'><strong>.</strong></span> 
     </span>
    </p>
   </div>
   <div class='ocr_carea' id='block_1_88' title="bbox 2123 4433 3714 4585">
    <p class='ocr_par' dir='ltr' id='par_1_88' title="bbox 2123 4433 3714 4585">
     <span class='ocr_line' id='line_1_89' title="bbox 2123 4433 3714 4585; baseline 0.003 -30"><span class='ocrx_word' id='word_1_682' title='bbox 2123 4433 2863 4585; x_wconf 31' lang='lat' dir='ltr'><strong>gagsiigpactiohutvocat</strong></span> <span class='ocrx_word' id='word_1_683' title='bbox 2883 4502 3120 4585; x_wconf 58' lang='lat' dir='ltr'><strong>lsidprus</strong></span> <span class='ocrx_word' id='word_1_684' title='bbox 3146 4502 3198 4585; x_wconf 74' lang='lat' dir='ltr'><strong>in</strong></span> <span class='ocrx_word' id='word_1_685' title='bbox 3227 4501 3364 4557; x_wconf 91' lang='lat' dir='ltr'><strong>libro</strong></span> <span class='ocrx_word' id='word_1_686' title='bbox 3389 4503 3625 4585; x_wconf 71' lang='lat' dir='ltr'><strong>secundo</strong></span> <span class='ocrx_word' id='word_1_687' title='bbox 3646 4505 3714 4559; x_wconf 87' lang='lat' dir='ltr'><strong>de</strong></span> 
     </span>
    </p>
   </div>
   <div class='ocr_carea' id='block_1_89' title="bbox 2126 4571 3710 4645">
    <p class='ocr_par' dir='ltr' id='par_1_89' title="bbox 2126 4571 3710 4645">
     <span class='ocr_line' id='line_1_90' title="bbox 2126 4571 3710 4645; baseline -0.001 -18"><span class='ocrx_word' id='word_1_688' title='bbox 2126 4571 2523 4645; x_wconf 79' lang='lat' dir='ltr'><strong>Ecclesiasticis</strong></span> <span class='ocrx_word' id='word_1_689' title='bbox 2547 4571 2754 4645; x_wconf 73' lang='lat' dir='ltr'><strong>ciliciis,</strong></span> <span class='ocrx_word' id='word_1_690' title='bbox 2788 4588 2906 4642; x_wconf 89' lang='lat' dir='ltr'><strong>cap.</strong></span> <span class='ocrx_word' id='word_1_691' title='bbox 2932 4571 3001 4625; x_wconf 72' lang='lat'><strong>24</strong></span> <span class='ocrx_word' id='word_1_692' title='bbox 3029 4571 3256 4645; x_wconf 16' lang='lat' dir='ltr'><strong>:APrima</strong></span> <span class='ocrx_word' id='word_1_693' title='bbox 3287 4574 3456 4645; x_wconf 86' lang='lat' dir='ltr'><strong>pactio</strong></span> <span class='ocrx_word' id='word_1_694' title='bbox 3497 4581 3573 4625; x_wconf 87' lang='lat' dir='ltr'><strong>est</strong></span> <span class='ocrx_word' id='word_1_695' title='bbox 3610 4591 3710 4645; x_wconf 84' lang='lat' dir='ltr'><strong>qua</strong></span> 
     </span>
    </p>
   </div>
   <div class='ocr_carea' id='block_1_90' title="bbox 2122 4642 3713 4723">
    <p class='ocr_par' dir='ltr' id='par_1_90' title="bbox 2122 4642 3713 4723">
     <span class='ocr_line' id='line_1_91' title="bbox 2122 4642 3713 4723; baseline 0.001 -27"><span class='ocrx_word' id='word_1_696' title='bbox 2122 4646 2449 4723; x_wconf 70' lang='lat' dir='ltr'><strong>renuntiatur</strong></span> <span class='ocrx_word' id='word_1_697' title='bbox 2476 4642 2680 4723; x_wconf 72' lang='lat' dir='ltr'><strong>diabolo</strong></span> <span class='ocrx_word' id='word_1_698' title='bbox 2713 4651 2762 4723; x_wconf 71' lang='lat' dir='ltr'><strong>et</strong></span> <span class='ocrx_word' id='word_1_699' title='bbox 2790 4645 2991 4723; x_wconf 79' lang='lat' dir='ltr'><strong>pompis</strong></span> <span class='ocrx_word' id='word_1_700' title='bbox 3011 4643 3199 4723; x_wconf 58' lang='lat' dir='ltr'><strong>ejuset</strong></span> <span class='ocrx_word' id='word_1_701' title='bbox 3224 4642 3713 4723; x_wconf 55' lang='lat' dir='ltr'><strong>universm&#39;conver-</strong></span> 
     </span>
    </p>
   </div>
   <div class='ocr_carea' id='block_1_91' title="bbox 437 4704 3712 4781">
    <p class='ocr_par' dir='ltr' id='par_1_91' title="bbox 437 4704 3712 4781">
     <span class='ocr_line' id='line_1_92' title="bbox 437 4704 3712 4781; baseline 0.002 -22"><span class='ocrx_word' id='word_1_702' title='bbox 437 4704 613 4781; x_wconf 66' lang='lat' dir='ltr'><strong>Filius</strong></span> <span class='ocrx_word' id='word_1_703' title='bbox 636 4708 745 4771; x_wconf 88' lang='lat' dir='ltr'><strong>Dei,</strong></span> <span class='ocrx_word' id='word_1_704' title='bbox 778 4704 1001 4781; x_wconf 79' lang='lat' dir='ltr'><strong>hominis</strong></span> <span class='ocrx_word' id='word_1_705' title='bbox 1029 4704 1201 4759; x_wconf 88' lang='lat' dir='ltr'><strong>Filius</strong></span> <span class='ocrx_word' id='word_1_706' title='bbox 1228 4704 1548 4773; x_wconf 82' lang='lat' dir='ltr'><strong>nasceretur,</strong></span> <span class='ocrx_word' id='word_1_707' title='bbox 1566 4707 1737 4781; x_wconf 78' lang='lat' dir='ltr'><strong>decem</strong></span> <span class='ocrx_word' id='word_1_708' title='bbox 1766 4704 2018 4766; x_wconf 80' lang='lat' dir='ltr'><strong>mensium</strong></span> <span class='ocrx_word' id='word_1_709' title='bbox 2047 4772 2091 4781; x_wconf 81' lang='lat'><strong><em>_</em></strong></span> <span class='ocrx_word' id='word_1_710' title='bbox 2122 4716 2314 4767; x_wconf 87' lang='lat' dir='ltr'><strong>sationi</strong></span> <span class='ocrx_word' id='word_1_711' title='bbox 2344 4714 2503 4766; x_wconf 89' lang='lat' dir='ltr'><strong>illius.</strong></span> <span class='ocrx_word' id='word_1_712' title='bbox 2541 4704 2804 4765; x_wconf 68' lang='lat' dir='ltr'><strong>Caesarius</strong></span> <span class='ocrx_word' id='word_1_713' title='bbox 2833 4713 2886 4765; x_wconf 91' lang='lat' dir='ltr'><strong>in</strong></span> <span class='ocrx_word' id='word_1_714' title='bbox 2910 4704 3252 4781; x_wconf 69' lang='lat' dir='ltr'><strong>expositione</strong></span> <span class='ocrx_word' id='word_1_715' title='bbox 3282 4712 3403 4766; x_wconf 86' lang='lat' dir='ltr'><strong>Iidei</strong></span> <span class='ocrx_word' id='word_1_716' title='bbox 3430 4731 3442 4765; x_wconf 92' lang='lat'><strong>:</strong></span> <span class='ocrx_word' id='word_1_717' title='bbox 3475 4711 3712 4781; x_wconf 83' lang='lat' dir='ltr'><strong>Interro-</strong></span> 
     </span>
    </p>
   </div>
   <div class='ocr_carea' id='block_1_92' title="bbox 434 4772 3713 4854">
    <p class='ocr_par' dir='ltr' id='par_1_92' title="bbox 434 4772 3713 4854">
     <span class='ocr_line' id='line_1_93' title="bbox 434 4772 3713 4854; baseline 0.002 -25"><span class='ocrx_word' id='word_1_718' title='bbox 434 4776 648 4848; x_wconf 76' lang='lat' dir='ltr'><strong>fastidia</strong></span> <span class='ocrx_word' id='word_1_719' title='bbox 677 4778 968 4854; x_wconf 77' lang='lat' dir='ltr'><strong>sustineret,</strong></span> <span class='ocrx_word' id='word_1_720' title='bbox 1002 4784 1180 4854; x_wconf 70' lang='lat' dir='ltr'><strong>partus</strong></span> <span class='ocrx_word' id='word_1_721' title='bbox 1204 4786 1523 4854; x_wconf 76' lang='lat' dir='ltr'><strong>exspectaret</strong></span> <span class='ocrx_word' id='word_1_722' title='bbox 1543 4777 1835 4854; x_wconf 80' lang='lat' dir='ltr'><strong>adventum,</strong></span> <span class='ocrx_word' id='word_1_723' title='bbox 1853 4783 2019 4854; x_wconf 82' lang='lat' dir='ltr'><strong>invol-</strong></span> <span class='ocrx_word' id='word_1_724' title='bbox 2044 4772 2099 4833; x_wconf 78' lang='grc' dir='ltr'><strong>Ι)</strong></span> <span class='ocrx_word' id='word_1_725' title='bbox 2122 4800 2308 4854; x_wconf 87' lang='lat' dir='ltr'><strong>gamnr</strong></span> <span class='ocrx_word' id='word_1_726' title='bbox 2334 4784 2470 4835; x_wconf 88' lang='lat' dir='ltr'><strong>enim</strong></span> <span class='ocrx_word' id='word_1_727' title='bbox 2491 4782 2543 4835; x_wconf 87' lang='lat' dir='ltr'><strong>in</strong></span> <span class='ocrx_word' id='word_1_728' title='bbox 2566 4781 2819 4854; x_wconf 80' lang='lat' dir='ltr'><strong>baptismo</strong></span> <span class='ocrx_word' id='word_1_729' title='bbox 2848 4772 3019 4854; x_wconf 69' lang='lat' dir='ltr'><strong>utrum</strong></span> <span class='ocrx_word' id='word_1_730' title='bbox 3042 4780 3457 4837; x_wconf 87' lang='lat' dir='ltr'><strong>abrenuntiemus</strong></span> <span class='ocrx_word' id='word_1_731' title='bbox 3486 4780 3713 4846; x_wconf 84' lang='lat' dir='ltr'><strong>diabolo,</strong></span> 
     </span>
    </p>
   </div>
   <div class='ocr_carea' id='block_1_93' title="bbox 433 4846 2017 4922">
    <p class='ocr_par' dir='ltr' id='par_1_93' title="bbox 433 4846 2017 4922">
     <span class='ocr_line' id='line_1_94' title="bbox 433 4846 2017 4922; baseline 0.004 -23"><span class='ocrx_word' id='word_1_732' title='bbox 433 4846 634 4922; x_wconf 73' lang='lat' dir='ltr'><strong>veretur</strong></span> <span class='ocrx_word' id='word_1_733' title='bbox 679 4847 886 4915; x_wconf 85' lang='lat' dir='ltr'><strong>pannis,</strong></span> <span class='ocrx_word' id='word_1_734' title='bbox 933 4846 1269 4916; x_wconf 83' lang='lat' dir='ltr'><strong>subjiceretur</strong></span> <span class='ocrx_word' id='word_1_735' title='bbox 1296 4848 1629 4922; x_wconf 76' lang='lat' dir='ltr'><strong>parentibus,“</strong></span> <span class='ocrx_word' id='word_1_736' title='bbox 1663 4865 1753 4919; x_wconf 88' lang='lat' dir='ltr'><strong>per</strong></span> <span class='ocrx_word' id='word_1_737' title='bbox 1786 4852 2017 4922; x_wconf 86' lang='lat' dir='ltr'><strong>singulas</strong></span> 
     </span>
    </p>
   </div>
   <div class='ocr_carea' id='block_1_94' title="bbox 437 4915 2024 4992">
    <p class='ocr_par' dir='ltr' id='par_1_94' title="bbox 437 4915 2024 4992">
     <span class='ocr_line' id='line_1_95' title="bbox 437 4915 2024 4992; baseline 0.003 -23"><span class='ocrx_word' id='word_1_738' title='bbox 437 4915 670 4992; x_wconf 71' lang='lat' dir='ltr'><strong>adoleret</strong></span> <span class='ocrx_word' id='word_1_739' title='bbox 698 4924 900 4992; x_wconf 72' lang='lat' dir='ltr'><strong>letales,</strong></span> <span class='ocrx_word' id='word_1_740' title='bbox 932 4923 982 4967; x_wconf 86' lang='lat' dir='ltr'><strong>et</strong></span> <span class='ocrx_word' id='word_1_741' title='bbox 1009 4924 1124 4984; x_wconf 87' lang='lat' dir='ltr'><strong>post</strong></span> <span class='ocrx_word' id='word_1_742' title='bbox 1156 4915 1493 4992; x_wconf 72' lang='lat' dir='ltr'><strong>contumelias</strong></span> <span class='ocrx_word' id='word_1_743' title='bbox 1520 4915 1726 4992; x_wconf 77' lang='lat' dir='ltr'><strong>vocum,</strong></span> <span class='ocrx_word' id='word_1_744' title='bbox 1748 4915 1943 4992; x_wconf 63' lang='lat' dir='ltr'><strong>alapas</strong></span> <span class='ocrx_word' id='word_1_745' title='bbox 1971 4930 2024 4975; x_wconf 87' lang='lat' dir='ltr'><strong>et</strong></span> 
     </span>
    </p>
   </div>
   <div class='ocr_carea' id='block_1_95' title="bbox 438 4984 2021 5110">
    <p class='ocr_par' dir='ltr' id='par_1_95' title="bbox 438 4984 2021 5110">
     <span class='ocr_line' id='line_1_96' title="bbox 438 4984 2021 5110; baseline 0.004 -73"><span class='ocrx_word' id='word_1_746' title='bbox 438 4986 665 5056; x_wconf 82' lang='lat' dir='ltr'><strong>flagella,</strong></span> <span class='ocrx_word' id='word_1_747' title='bbox 697 4987 863 5068; x_wconf 73' lang='lat' dir='ltr'><strong>crucis</strong></span> <span class='ocrx_word' id='word_1_748' title='bbox 891 5001 1089 5066; x_wconf 76' lang='lat' dir='ltr'><strong>quoque</strong></span> <span class='ocrx_word' id='word_1_749' title='bbox 1112 5001 1210 5107; x_wconf 52' lang='lat' dir='ltr'><strong>pro</strong></span> <span class='ocrx_word' id='word_1_750' title='bbox 1238 4984 1385 5041; x_wconf 89' lang='lat' dir='ltr'><strong>nobis</strong></span> <span class='ocrx_word' id='word_1_751' title='bbox 1404 4987 1559 5110; x_wconf 56' lang='lat' dir='ltr'><strong>geret</strong></span> <span class='ocrx_word' id='word_1_752' title='bbox 1586 4984 1933 5056; x_wconf 80' lang='lat' dir='ltr'><strong>maledictum,</strong></span> <span class='ocrx_word' id='word_1_753' title='bbox 1964 5001 2021 5043; x_wconf 85' lang='lat' dir='ltr'><strong>ut</strong></span> 
     </span>
     <span class='ocr_line' id='line_1_97' title="bbox 439 5055 2020 5110; baseline 0.002 -3"><span class='ocrx_word' id='word_1_754' title='bbox 439 5071 531 5108; x_wconf 89' lang='lat' dir='ltr'><strong>nos</strong></span> <span class='ocrx_word' id='word_1_755' title='bbox 560 5072 590 5107; x_wconf 93' lang='lat' dir='ltr'><strong>a</strong></span> <span class='ocrx_word' id='word_1_756' title='bbox 618 5055 892 5108; x_wconf 74' lang='lat' dir='ltr'><strong>maledicto</strong></span> <span class='ocrx_word' id='word_1_757' title='bbox 926 5055 1053 5110; x_wconf 74' lang='lat' dir='ltr'><strong>leats</strong></span> <span class='ocrx_word' id='word_1_758' title='bbox 1079 5071 1110 5107; x_wconf 92' lang='lat' dir='ltr'><strong>a</strong></span> <span class='ocrx_word' id='word_1_759' title='bbox 1145 5055 1379 5110; x_wconf 89' lang='lat' dir='ltr'><strong>solveret.</strong></span> <span class='ocrx_word' id='word_1_760' title='bbox 1456 5067 1557 5110; x_wconf 79' lang='lat' dir='ltr'><strong>atri</strong></span> <span class='ocrx_word' id='word_1_761' title='bbox 1589 5061 1756 5110; x_wconf 79' lang='lat' dir='ltr'><strong>factus</strong></span> <span class='ocrx_word' id='word_1_762' title='bbox 1783 5059 2020 5110; x_wconf 86' lang='lat' dir='ltr'><strong>obediens</strong></span> 
     </span>
    </p>
   </div>
   <div class='ocr_carea' id='block_1_96' title="bbox 439 5055 2020 5121">
    <p class='ocr_par' dir='ltr' id='par_1_96' title="bbox 439 5055 2020 5121">
     <span class='ocr_line' id='line_1_98' title="bbox 439 5055 2020 5121; baseline 0.004 -14"><span class='ocrx_word' id='word_1_763' title='bbox 439 5055 531 5108; x_wconf 87' lang='lat' dir='ltr'><strong>nos</strong></span> <span class='ocrx_word' id='word_1_764' title='bbox 560 5072 590 5107; x_wconf 92' lang='lat' dir='ltr'><strong>a</strong></span> <span class='ocrx_word' id='word_1_765' title='bbox 618 5055 892 5108; x_wconf 86' lang='lat' dir='ltr'><strong>maledicto</strong></span> <span class='ocrx_word' id='word_1_766' title='bbox 926 5055 1053 5121; x_wconf 81' lang='lat' dir='ltr'><strong>legis</strong></span> <span class='ocrx_word' id='word_1_767' title='bbox 1079 5055 1379 5121; x_wconf 90' lang='lat' dir='ltr'><strong>absolveret,</strong></span> <span class='ocrx_word' id='word_1_768' title='bbox 1404 5055 1557 5112; x_wconf 85' lang='lat' dir='ltr'><strong>Patri</strong></span> <span class='ocrx_word' id='word_1_769' title='bbox 1588 5061 1756 5121; x_wconf 78' lang='lat' dir='ltr'><strong>factus</strong></span> <span class='ocrx_word' id='word_1_770' title='bbox 1783 5055 2020 5113; x_wconf 87' lang='lat' dir='ltr'><strong>obediens</strong></span> 
     </span>
    </p>
   </div>
   <div class='ocr_carea' id='block_1_97' title="bbox 439 5124 2022 5195">
    <p class='ocr_par' dir='ltr' id='par_1_97' title="bbox 439 5124 2022 5195">
     <span class='ocr_line' id='line_1_99' title="bbox 439 5124 2022 5195; baseline 0.005 -19"><span class='ocrx_word' id='word_1_771' title='bbox 439 5140 597 5195; x_wconf 88' lang='lat' dir='ltr'><strong>usque</strong></span> <span class='ocrx_word' id='word_1_772' title='bbox 615 5125 685 5177; x_wconf 89' lang='lat' dir='ltr'><strong>ad</strong></span> <span class='ocrx_word' id='word_1_773' title='bbox 702 5134 935 5195; x_wconf 84' lang='lat' dir='ltr'><strong>mortem.</strong></span> <span class='ocrx_word' id='word_1_774' title='bbox 960 5124 1038 5195; x_wconf 81' lang='lat' dir='ltr'><strong>Ita</strong></span> <span class='ocrx_word' id='word_1_775' title='bbox 1069 5124 1326 5194; x_wconf 89' lang='lat' dir='ltr'><strong>legendus</strong></span> <span class='ocrx_word' id='word_1_776' title='bbox 1349 5137 1433 5182; x_wconf 90' lang='lat' dir='ltr'><strong>est</strong></span> <span class='ocrx_word' id='word_1_777' title='bbox 1465 5128 1553 5183; x_wconf 90' lang='lat' dir='ltr'><strong>hic</strong></span> <span class='ocrx_word' id='word_1_778' title='bbox 1587 5124 1899 5195; x_wconf 81' lang='lat' dir='ltr'><strong>Hieronymi</strong></span> <span class='ocrx_word' id='word_1_779' title='bbox 1939 5129 2022 5184; x_wconf 89' lang='lat' dir='ltr'><strong>lo-</strong></span> 
     </span>
    </p>
   </div>
   <div class='ocr_carea' id='block_1_98' title="bbox 440 5192 2017 5317">
    <p class='ocr_par' dir='ltr' id='par_1_98' title="bbox 440 5192 2017 5317">
     <span class='ocr_line' id='line_1_100' title="bbox 440 5192 2017 5317; baseline 0.003 -69"><span class='ocrx_word' id='word_1_780' title='bbox 440 5192 540 5317; x_wconf 56' lang='lat'><strong>:33</strong></span> <span class='ocrx_word' id='word_1_781' title='bbox 591 5194 729 5317; x_wconf 50' lang='lat' dir='ltr'><strong>graud</strong></span> <span class='ocrx_word' id='word_1_782' title='bbox 778 5192 1141 5263; x_wconf 29' lang='lat' dir='ltr'><strong>Agobardum‘</strong></span> <span class='ocrx_word' id='word_1_783' title='bbox 1176 5196 1232 5250; x_wconf 91' lang='lat' dir='ltr'><strong>in</strong></span> <span class='ocrx_word' id='word_1_784' title='bbox 1276 5195 1415 5251; x_wconf 86' lang='lat' dir='ltr'><strong>libro</strong></span> <span class='ocrx_word' id='word_1_785' title='bbox 1455 5196 1711 5253; x_wconf 89' lang='lat' dir='ltr'><strong>adversus</strong></span> <span class='ocrx_word' id='word_1_786' title='bbox 1763 5192 2017 5264; x_wconf 81' lang='lat' dir='ltr'><strong>Felicem,</strong></span> 
     </span>
    </p>
   </div>
   <div class='ocr_carea' id='block_1_99' title="bbox 504 5278 2025 5405">
    <p class='ocr_par' dir='ltr' id='par_1_99' title="bbox 504 5278 2025 5405">
     <span class='ocr_line' id='line_1_101' title="bbox 504 5278 2025 5405; baseline 0.005 -18"><span class='ocrx_word' id='word_1_787' title='bbox 504 5278 829 5389; x_wconf 46' lang='lat' dir='ltr'><strong>ﬁ.l‘iziiiiirum</strong></span> <span class='ocrx_word' id='word_1_788' title='bbox 873 5334 959 5405; x_wconf 84' lang='lat' dir='ltr'><strong>ob</strong></span> <span class='ocrx_word' id='word_1_789' title='bbox 988 5342 1220 5390; x_wconf 88' lang='lat' dir='ltr'><strong>mortem</strong></span> <span class='ocrx_word' id='word_1_790' title='bbox 1265 5334 1473 5397; x_wconf 85' lang='lat' dir='ltr'><strong>Lazari.</strong></span> <span class='ocrx_word' id='word_1_791' title='bbox 1504 5335 1656 5391; x_wconf 91' lang='lat' dir='ltr'><strong>Unde</strong></span> <span class='ocrx_word' id='word_1_792' title='bbox 1694 5333 2025 5405; x_wconf 88' lang='lat' dir='ltr'><strong>collegerunt</strong></span> 
     </span>
    </p>
   </div>
   <div class='ocr_carea' id='block_1_100' title="bbox 439 5402 2027 5463">
    <p class='ocr_par' dir='ltr' id='par_1_100' title="bbox 439 5402 2027 5463">
     <span class='ocr_line' id='line_1_102' title="bbox 439 5402 2027 5463; baseline 0.004 -6"><span class='ocrx_word' id='word_1_793' title='bbox 439 5402 607 5458; x_wconf 69' lang='lat' dir='ltr'><strong>Judaei</strong></span> <span class='ocrx_word' id='word_1_794' title='bbox 656 5406 801 5459; x_wconf 88' lang='lat' dir='ltr'><strong>illum</strong></span> <span class='ocrx_word' id='word_1_795' title='bbox 843 5403 1001 5458; x_wconf 90' lang='lat' dir='ltr'><strong>valde</strong></span> <span class='ocrx_word' id='word_1_796' title='bbox 1047 5413 1282 5459; x_wconf 89' lang='lat' dir='ltr'><strong>amatum</strong></span> <span class='ocrx_word' id='word_1_797' title='bbox 1327 5405 1487 5461; x_wconf 88' lang='lat' dir='ltr'><strong>fuisse</strong></span> <span class='ocrx_word' id='word_1_798' title='bbox 1534 5406 1563 5459; x_wconf 79' lang='lat' dir='ltr'><strong>a</strong></span> <span class='ocrx_word' id='word_1_799' title='bbox 1611 5402 1857 5461; x_wconf 47' lang='lat' dir='ltr'><strong>Christo:</strong></span> <span class='ocrx_word' id='word_1_800' title='bbox 1893 5407 2027 5463; x_wconf 85' lang='lat' dir='ltr'><strong>Nam</strong></span> 
     </span>
    </p>
   </div>
   <div class='ocr_carea' id='block_1_101' title="bbox 334 5474 2028 5547">
    <p class='ocr_par' dir='ltr' id='par_1_101' title="bbox 334 5474 2028 5547">
     <span class='ocr_line' id='line_1_103' title="bbox 334 5474 2028 5547; baseline 0.003 -19"><span class='ocrx_word' id='word_1_801' title='bbox 334 5513 339 5516; x_wconf 58' lang='grc' dir='ltr'><strong>ρ</strong></span> <span class='ocrx_word' id='word_1_802' title='bbox 439 5489 705 5547; x_wconf 75' lang='lat' dir='ltr'><strong>suprema:</strong></span> <span class='ocrx_word' id='word_1_803' title='bbox 747 5474 851 5530; x_wconf 58' lang='lat' dir='ltr'><strong>illas</strong></span> <span class='ocrx_word' id='word_1_804' title='bbox 877 5475 1127 5547; x_wconf 78' lang='lat' dir='ltr'><strong>lacrymae</strong></span> <span class='ocrx_word' id='word_1_805' title='bbox 1151 5477 1465 5547; x_wconf 77' lang='lat' dir='ltr'><strong>amantium</strong></span> <span class='ocrx_word' id='word_1_806' title='bbox 1510 5477 1677 5545; x_wconf 90' lang='lat' dir='ltr'><strong>magis</strong></span> <span class='ocrx_word' id='word_1_807' title='bbox 1715 5486 1840 5532; x_wconf 92' lang='lat' dir='ltr'><strong>sunt</strong></span> <span class='ocrx_word' id='word_1_808' title='bbox 1866 5491 2028 5547; x_wconf 90' lang='lat' dir='ltr'><strong>quam</strong></span> 
     </span>
    </p>
   </div>
   <div class='ocr_carea' id='block_1_102' title="bbox 391 5544 2029 5615">
    <p class='ocr_par' dir='ltr' id='par_1_102' title="bbox 391 5544 2029 5615">
     <span class='ocr_line' id='line_1_104' title="bbox 391 5544 2029 5615; baseline 0.002 -15"><span class='ocrx_word' id='word_1_809' title='bbox 391 5594 397 5600; x_wconf 87' lang='lat'><strong>.</strong></span> <span class='ocrx_word' id='word_1_810' title='bbox 440 5544 803 5615; x_wconf 51' lang='lat' dir='ltr'><strong>mirantium,</strong></span> <span class='ocrx_word' id='word_1_811' title='bbox 825 5544 1073 5615; x_wconf 47' lang='lat' dir='ltr'><strong>quamvis</strong></span> <span class='ocrx_word' id='word_1_812' title='bbox 1091 5545 1253 5600; x_wconf 90' lang='lat' dir='ltr'><strong>etiam</strong></span> <span class='ocrx_word' id='word_1_813' title='bbox 1272 5544 1615 5601; x_wconf 64' lang='lat' dir='ltr'><strong>maerentium</strong></span> <span class='ocrx_word' id='word_1_814' title='bbox 1630 5548 1735 5602; x_wconf 88' lang='lat' dir='ltr'><strong>sint</strong></span> <span class='ocrx_word' id='word_1_815' title='bbox 1755 5555 1806 5602; x_wconf 87' lang='lat' dir='ltr'><strong>et</strong></span> <span class='ocrx_word' id='word_1_816' title='bbox 1828 5544 2029 5603; x_wconf 85' lang='lat' dir='ltr'><strong>amicos</strong></span> 
     </span>
    </p>
   </div>
   <div class='ocr_carea' id='block_1_103' title="bbox 442 5612 2030 5684">
    <p class='ocr_par' dir='ltr' id='par_1_103' title="bbox 442 5612 2030 5684">
     <span class='ocr_line' id='line_1_105' title="bbox 442 5612 2030 5684; baseline 0.001 -15"><span class='ocrx_word' id='word_1_817' title='bbox 442 5612 881 5671; x_wconf 80' lang='lat' dir='ltr'><strong>desiderantium.</strong></span> <span class='ocrx_word' id='word_1_818' title='bbox 915 5612 1057 5684; x_wconf 87' lang='lat' dir='ltr'><strong>Eant</strong></span> <span class='ocrx_word' id='word_1_819' title='bbox 1083 5630 1227 5670; x_wconf 88' lang='lat' dir='ltr'><strong>nunc</strong></span> <span class='ocrx_word' id='word_1_820' title='bbox 1250 5616 1343 5684; x_wconf 90' lang='lat' dir='ltr'><strong>qui</strong></span> <span class='ocrx_word' id='word_1_821' title='bbox 1371 5632 1469 5672; x_wconf 92' lang='lat' dir='ltr'><strong>nos</strong></span> <span class='ocrx_word' id='word_1_822' title='bbox 1497 5632 1708 5673; x_wconf 90' lang='lat' dir='ltr'><strong>omnem</strong></span> <span class='ocrx_word' id='word_1_823' title='bbox 1732 5618 2030 5673; x_wconf 89' lang='lat' dir='ltr'><strong>humanita-</strong></span> 
     </span>
    </p>
   </div>
   <div class='ocr_carea' id='block_1_104' title="bbox 443 5683 2026 5755">
    <p class='ocr_par' dir='ltr' id='par_1_104' title="bbox 443 5683 2026 5755">
     <span class='ocr_line' id='line_1_106' title="bbox 443 5683 2026 5755; baseline 0.003 -17"><span class='ocrx_word' id='word_1_824' title='bbox 443 5692 554 5755; x_wconf 78' lang='lat' dir='ltr'><strong>tem</strong></span> <span class='ocrx_word' id='word_1_825' title='bbox 580 5699 781 5755; x_wconf 55' lang='lat' dir='ltr'><strong>eguere</strong></span> <span class='ocrx_word' id='word_1_826' title='bbox 794 5683 986 5755; x_wconf 87' lang='lat' dir='ltr'><strong>juhent</strong></span> <span class='ocrx_word' id='word_1_827' title='bbox 1007 5683 1061 5738; x_wconf 93' lang='lat' dir='ltr'><strong>in</strong></span> <span class='ocrx_word' id='word_1_828' title='bbox 1090 5683 1281 5755; x_wconf 79' lang='lat' dir='ltr'><strong>dolore</strong></span> <span class='ocrx_word' id='word_1_829' title='bbox 1306 5700 1369 5740; x_wconf 90' lang='lat' dir='ltr'><strong>ac</strong></span> <span class='ocrx_word' id='word_1_830' title='bbox 1390 5685 1601 5742; x_wconf 90' lang='lat' dir='ltr'><strong>Stoicos</strong></span> <span class='ocrx_word' id='word_1_831' title='bbox 1624 5702 1802 5755; x_wconf 87' lang='lat' dir='ltr'><strong>agere,</strong></span> <span class='ocrx_word' id='word_1_832' title='bbox 1833 5687 2026 5742; x_wconf 88' lang='lat' dir='ltr'><strong>mulie-</strong></span> 
     </span>
    </p>
   </div>
   <div class='ocr_carea' id='block_1_105' title="bbox 410 5753 2027 5826">
    <p class='ocr_par' dir='ltr' id='par_1_105' title="bbox 410 5753 2027 5826">
     <span class='ocr_line' id='line_1_107' title="bbox 410 5753 2027 5826; baseline 0.002 -19"><span class='ocrx_word' id='word_1_833' title='bbox 410 5822 413 5825; x_wconf 14' lang='grc' dir='ltr'>δ</span> <span class='ocrx_word' id='word_1_834' title='bbox 438 5753 667 5826; x_wconf 78' lang='lat' dir='ltr'><strong>briaque</strong></span> <span class='ocrx_word' id='word_1_835' title='bbox 695 5755 860 5811; x_wconf 85' lang='lat' dir='ltr'><strong>corda</strong></span> <span class='ocrx_word' id='word_1_836' title='bbox 886 5754 1088 5810; x_wconf 89' lang='lat' dir='ltr'><strong>habere</strong></span> <span class='ocrx_word' id='word_1_837' title='bbox 1114 5753 1297 5826; x_wconf 77' lang='lat' dir='ltr'><strong>dicunt</strong></span> <span class='ocrx_word' id='word_1_838' title='bbox 1336 5755 1473 5826; x_wconf 14' lang='lat' dir='ltr'><strong>illos,</strong></span> <span class='ocrx_word' id='word_1_839' title='bbox 1493 5757 1637 5811; x_wconf 91' lang='lat' dir='ltr'><strong>viros</strong></span> <span class='ocrx_word' id='word_1_840' title='bbox 1663 5753 1765 5826; x_wconf 71' lang='lat' dir='ltr'><strong>qui</strong></span> <span class='ocrx_word' id='word_1_841' title='bbox 1805 5755 1932 5809; x_wconf 71' lang='lat' dir='ltr'><strong>ﬂeuit</strong></span> <span class='ocrx_word' id='word_1_842' title='bbox 1972 5756 2027 5826; x_wconf 82' lang='lat' dir='ltr'><strong>in</strong></span> 
     </span>
    </p>
   </div>
   <div class='ocr_carea' id='block_1_106' title="bbox 436 5823 2027 5887">
    <p class='ocr_par' dir='ltr' id='par_1_106' title="bbox 436 5823 2027 5887">
     <span class='ocr_line' id='line_1_108' title="bbox 436 5823 2027 5887; baseline -0.001 -9"><span class='ocrx_word' id='word_1_843' title='bbox 436 5823 723 5884; x_wconf 75' lang='lat' dir='ltr'><strong>funeribus</strong></span> <span class='ocrx_word' id='word_1_844' title='bbox 760 5839 983 5884; x_wconf 80' lang='lat' dir='ltr'><strong>suorum</strong></span> <span class='ocrx_word' id='word_1_845' title='bbox 1021 5824 1336 5882; x_wconf 83' lang='lat' dir='ltr'><strong>amicorum.</strong></span> <span class='ocrx_word' id='word_1_846' title='bbox 1379 5823 1512 5880; x_wconf 81' lang='lat' dir='ltr'><strong>Vide</strong></span> <span class='ocrx_word' id='word_1_847' title='bbox 1542 5823 1708 5887; x_wconf 70' lang='lat' dir='ltr'><strong>notas</strong></span> <span class='ocrx_word' id='word_1_848' title='bbox 1722 5834 1934 5880; x_wconf 84' lang='lat' dir='ltr'><strong>nostras</strong></span> <span class='ocrx_word' id='word_1_849' title='bbox 1961 5824 2027 5878; x_wconf 88' lang='lat' dir='ltr'><strong>ad</strong></span> 
     </span>
    </p>
   </div>
   <div class='ocr_carea' id='block_1_107' title="bbox 2123 4850 3716 4924">
    <p class='ocr_par' dir='ltr' id='par_1_107' title="bbox 2123 4850 3716 4924">
     <span class='ocr_line' id='line_1_109' title="bbox 2123 4850 3716 4924; baseline -0.001 -18"><span class='ocrx_word' id='word_1_850' title='bbox 2123 4850 2324 4924; x_wconf 76' lang='lat' dir='ltr'><strong>pompis</strong></span> <span class='ocrx_word' id='word_1_851' title='bbox 2352 4860 2401 4905; x_wconf 88' lang='lat' dir='ltr'><strong>et</strong></span> <span class='ocrx_word' id='word_1_852' title='bbox 2441 4850 2679 4924; x_wconf 76' lang='lat' dir='ltr'><strong>aperibus</strong></span> <span class='ocrx_word' id='word_1_853' title='bbox 2706 4852 2851 4924; x_wconf 85' lang='lat' dir='ltr'><strong>ej_us;</strong></span> <span class='ocrx_word' id='word_1_854' title='bbox 2890 4861 2939 4924; x_wconf 85' lang='lat' dir='ltr'><strong>et</strong></span> <span class='ocrx_word' id='word_1_855' title='bbox 2966 4850 3419 4924; x_wconf 81' lang='lat' dir='ltr'><strong>abrenuntiaturos</strong></span> <span class='ocrx_word' id='word_1_856' title='bbox 3458 4868 3551 4924; x_wconf 82' lang='lat' dir='ltr'><strong>nos</strong></span> <span class='ocrx_word' id='word_1_857' title='bbox 3594 4868 3716 4905; x_wconf 85' lang='lat' dir='ltr'><strong>uoce</strong></span> 
     </span>
    </p>
   </div>
   <div class='ocr_carea' id='block_1_108' title="bbox 2123 4921 3715 4992">
    <p class='ocr_par' dir='ltr' id='par_1_108' title="bbox 2123 4921 3715 4992">
     <span class='ocr_line' id='line_1_110' title="bbox 2123 4921 3715 4992; baseline -0.001 -16"><span class='ocrx_word' id='word_1_858' title='bbox 2123 4921 2285 4977; x_wconf 81' lang='lat' dir='ltr'><strong>libera</strong></span> <span class='ocrx_word' id='word_1_859' title='bbox 2323 4921 2713 4992; x_wconf 63' lang='lat' dir='ltr'><strong>respondemus.</strong></span> <span class='ocrx_word' id='word_1_860' title='bbox 2739 4921 2872 4975; x_wconf 86' lang='lat' dir='ltr'><strong>Tum</strong></span> <span class='ocrx_word' id='word_1_861' title='bbox 2916 4922 2967 4976; x_wconf 89' lang='lat' dir='ltr'><strong>in</strong></span> <span class='ocrx_word' id='word_1_862' title='bbox 2998 4922 3097 4977; x_wconf 90' lang='lat' dir='ltr'><strong>hac</strong></span> <span class='ocrx_word' id='word_1_863' title='bbox 3122 4938 3217 4992; x_wconf 83' lang='lat' dir='ltr'><strong>seu</strong></span> <span class='ocrx_word' id='word_1_864' title='bbox 3246 4921 3580 4992; x_wconf 82' lang='lat' dir='ltr'><strong>confessione</strong></span> <span class='ocrx_word' id='word_1_865' title='bbox 3616 4937 3715 4975; x_wconf 84' lang='lat' dir='ltr'><strong>seu</strong></span> 
     </span>
    </p>
   </div>
   <div class='ocr_carea' id='block_1_109' title="bbox 2124 4989 3709 5062">
    <p class='ocr_par' dir='ltr' id='par_1_109' title="bbox 2124 4989 3709 5062">
     <span class='ocr_line' id='line_1_111' title="bbox 2124 4989 3709 5062; baseline -0.001 -17"><span class='ocrx_word' id='word_1_866' title='bbox 2124 4993 2378 5062; x_wconf 83' lang='lat' dir='ltr'><strong>pactione</strong></span> <span class='ocrx_word' id='word_1_867' title='bbox 2395 4989 2673 5062; x_wconf 83' lang='lat' dir='ltr'><strong>constituit</strong></span> <span class='ocrx_word' id='word_1_868' title='bbox 2692 4990 3095 5047; x_wconf 88' lang='lat' dir='ltr'><strong>fundamentum</strong></span> <span class='ocrx_word' id='word_1_869' title='bbox 3120 4991 3245 5046; x_wconf 87' lang='lat' dir='ltr'><strong>ﬁdei</strong></span> <span class='ocrx_word' id='word_1_870' title='bbox 3275 4999 3471 5062; x_wconf 66' lang='lat' dir='ltr'><strong>nostra:</strong></span> <span class='ocrx_word' id='word_1_871' title='bbox 3493 4989 3709 5045; x_wconf 88' lang='lat' dir='ltr'><strong>dicens:</strong></span> 
     </span>
    </p>
   </div>
   <div class='ocr_carea' id='block_1_110' title="bbox 2126 5058 3714 5131">
    <p class='ocr_par' dir='ltr' id='par_1_110' title="bbox 2126 5058 3714 5131">
     <span class='ocr_line' id='line_1_112' title="bbox 2126 5058 3714 5131; baseline -0.002 -16"><span class='ocrx_word' id='word_1_872' title='bbox 2126 5058 2186 5131; x_wconf 61' lang='lat' dir='ltr'><strong>Si</strong></span> <span class='ocrx_word' id='word_1_873' title='bbox 2215 5078 2334 5131; x_wconf 89' lang='lat' dir='ltr'><strong>ergo</strong></span> <span class='ocrx_word' id='word_1_874' title='bbox 2359 5059 2453 5113; x_wconf 83' lang='lat' dir='ltr'><strong>hoc</strong></span> <span class='ocrx_word' id='word_1_875' title='bbox 2492 5060 2627 5129; x_wconf 86' lang='lat' dir='ltr'><strong>quod</strong></span> <span class='ocrx_word' id='word_1_876' title='bbox 2648 5063 2869 5130; x_wconf 69' lang='lat' dir='ltr'><strong>prirnum</strong></span> <span class='ocrx_word' id='word_1_877' title='bbox 2899 5072 2994 5125; x_wconf 90' lang='lat' dir='ltr'><strong>est,</strong></span> <span class='ocrx_word' id='word_1_878' title='bbox 3037 5071 3101 5131; x_wconf 78' lang='lat' dir='ltr'><strong>et</strong></span> <span class='ocrx_word' id='word_1_879' title='bbox 3122 5063 3192 5131; x_wconf 74' lang='lat' dir='ltr'><strong>in</strong></span> <span class='ocrx_word' id='word_1_880' title='bbox 3200 5077 3301 5131; x_wconf 80' lang='lat' dir='ltr'><strong>quo</strong></span> <span class='ocrx_word' id='word_1_881' title='bbox 3323 5058 3714 5128; x_wconf 81' lang='lat' dir='ltr'><strong>fundamentum</strong></span> 
     </span>
    </p>
   </div>
   <div class='ocr_carea' id='block_1_111' title="bbox 2126 5128 3713 5202">
    <p class='ocr_par' dir='ltr' id='par_1_111' title="bbox 2126 5128 3713 5202">
     <span class='ocr_line' id='line_1_113' title="bbox 2126 5128 3713 5202; baseline -0.001 -19"><span class='ocrx_word' id='word_1_882' title='bbox 2126 5128 2436 5202; x_wconf 57' lang='lat' dir='ltr'><strong>Christiana!</strong></span> <span class='ocrx_word' id='word_1_883' title='bbox 2464 5128 2729 5202; x_wconf 76' lang='lat' dir='ltr'><strong>religionis</strong></span> <span class='ocrx_word' id='word_1_884' title='bbox 2759 5133 3025 5202; x_wconf 61' lang='lat' dir='ltr'><strong>consistit,</strong></span> <span class='ocrx_word' id='word_1_885' title='bbox 3067 5128 3300 5202; x_wconf 82' lang='lat' dir='ltr'><strong>ﬁdeliter_</strong></span> <span class='ocrx_word' id='word_1_886' title='bbox 3331 5141 3713 5202; x_wconf 82' lang='lat' dir='ltr'><strong>conservamus,</strong></span> 
     </span>
    </p>
   </div>
   <div class='ocr_carea' id='block_1_112' title="bbox 2130 5196 3714 5270">
    <p class='ocr_par' dir='ltr' id='par_1_112' title="bbox 2130 5196 3714 5270">
     <span class='ocr_line' id='line_1_114' title="bbox 2130 5196 3714 5270; baseline -0.003 -15"><span class='ocrx_word' id='word_1_887' title='bbox 2130 5208 2233 5255; x_wconf 90' lang='lat' dir='ltr'><strong>etc.</strong></span> <span class='ocrx_word' id='word_1_888' title='bbox 2266 5198 2335 5253; x_wconf 86' lang='lat' dir='ltr'><strong>Et</strong></span> <span class='ocrx_word' id='word_1_889' title='bbox 2362 5200 2522 5269; x_wconf 91' lang='lat' dir='ltr'><strong>paulo</strong></span> <span class='ocrx_word' id='word_1_890' title='bbox 2551 5196 2673 5270; x_wconf 77' lang='lat' dir='ltr'><strong>post</strong></span> <span class='ocrx_word' id='word_1_891' title='bbox 2705 5219 2717 5252; x_wconf 88' lang='lat'><strong>:</strong></span> <span class='ocrx_word' id='word_1_892' title='bbox 2750 5199 3049 5270; x_wconf 76' lang='lat' dir='ltr'><strong>Consideret</strong></span> <span class='ocrx_word' id='word_1_893' title='bbox 3083 5196 3425 5270; x_wconf 80' lang='lat' dir='ltr'><strong>unusquisque</strong></span> <span class='ocrx_word' id='word_1_894' title='bbox 3445 5198 3714 5270; x_wconf 74' lang='lat' dir='ltr'><strong>conscien-</strong></span> 
     </span>
    </p>
   </div>
   <div class='ocr_carea' id='block_1_113' title="bbox 2132 5263 3715 5338">
    <p class='ocr_par' dir='ltr' id='par_1_113' title="bbox 2132 5263 3715 5338">
     <span class='ocr_line' id='line_1_115' title="bbox 2132 5263 3715 5338; baseline -0.001 -16"><span class='ocrx_word' id='word_1_895' title='bbox 2132 5272 2257 5323; x_wconf 87' lang='lat' dir='ltr'><strong>tiam</strong></span> <span class='ocrx_word' id='word_1_896' title='bbox 2276 5263 2452 5336; x_wconf 67' lang='lat' dir='ltr'><strong>suam;</strong></span> <span class='ocrx_word' id='word_1_897' title='bbox 2478 5278 2527 5323; x_wconf 89' lang='lat' dir='ltr'><strong>et</strong></span> <span class='ocrx_word' id='word_1_898' title='bbox 2547 5263 2589 5322; x_wconf 77' lang='lat' dir='ltr'><strong>si</strong></span> <span class='ocrx_word' id='word_1_899' title='bbox 2613 5286 2667 5323; x_wconf 89' lang='lat' dir='ltr'><strong>se</strong></span> <span class='ocrx_word' id='word_1_900' title='bbox 2687 5264 3119 5338; x_wconf 69' lang='lat' dir='ltr'><strong>implesseviderit</strong></span> <span class='ocrx_word' id='word_1_901' title='bbox 3137 5263 3272 5332; x_wconf 85' lang='lat' dir='ltr'><strong>quod</strong></span> <span class='ocrx_word' id='word_1_902' title='bbox 3290 5263 3545 5338; x_wconf 83' lang='lat' dir='ltr'><strong>promisit,</strong></span> <span class='ocrx_word' id='word_1_903' title='bbox 3568 5268 3715 5338; x_wconf 84' lang='lat' dir='ltr'><strong>abre-</strong></span> 
     </span>
    </p>
   </div>
   <div class='ocr_carea' id='block_1_114' title="bbox 2132 5331 3713 5405">
    <p class='ocr_par' dir='ltr' id='par_1_114' title="bbox 2132 5331 3713 5405">
     <span class='ocr_line' id='line_1_116' title="bbox 2132 5331 3713 5405; baseline -0.001 -13"><span class='ocrx_word' id='word_1_904' title='bbox 2132 5341 2400 5393; x_wconf 86' lang='lat' dir='ltr'><strong>nuntiasse</strong></span> <span class='ocrx_word' id='word_1_905' title='bbox 2434 5331 2649 5393; x_wconf 74' lang='lat' dir='ltr'><strong>diabolo</strong></span> <span class='ocrx_word' id='word_1_906' title='bbox 2690 5347 2739 5390; x_wconf 86' lang='lat' dir='ltr'><strong>et</strong></span> <span class='ocrx_word' id='word_1_907' title='bbox 2758 5331 2964 5405; x_wconf 75' lang='lat' dir='ltr'><strong>pompis</strong></span> <span class='ocrx_word' id='word_1_908' title='bbox 2991 5331 3156 5405; x_wconf 73' lang='lat' dir='ltr'><strong>illius,</strong></span> <span class='ocrx_word' id='word_1_909' title='bbox 3182 5331 3298 5405; x_wconf 11' lang='lat' dir='ltr'><strong>non?</strong></span> <span class='ocrx_word' id='word_1_910' title='bbox 3326 5334 3492 5388; x_wconf 88' lang='lat' dir='ltr'><strong>solum</strong></span> <span class='ocrx_word' id='word_1_911' title='bbox 3530 5336 3713 5400; x_wconf 84' lang='lat' dir='ltr'><strong>verbis,</strong></span> 
     </span>
    </p>
   </div>
   <div class='ocr_carea' id='block_1_115' title="bbox 2133 5401 3716 5479">
    <p class='ocr_par' dir='ltr' id='par_1_115' title="bbox 2133 5401 3716 5479">
     <span class='ocr_line' id='line_1_117' title="bbox 2133 5401 3716 5479; baseline -0.002 -16"><span class='ocrx_word' id='word_1_912' title='bbox 2133 5409 2223 5463; x_wconf 87' lang='lat' dir='ltr'><strong>sed</strong></span> <span class='ocrx_word' id='word_1_913' title='bbox 2249 5410 2403 5462; x_wconf 87' lang='lat' dir='ltr'><strong>etiam</strong></span> <span class='ocrx_word' id='word_1_914' title='bbox 2432 5407 2666 5479; x_wconf 82' lang='lat' dir='ltr'><strong>operibus</strong></span> <span class='ocrx_word' id='word_1_915' title='bbox 2678 5401 3041 5479; x_wconf 57' lang='lat' dir='ltr'><strong>Iecognoscat,</strong></span> <span class='ocrx_word' id='word_1_916' title='bbox 3073 5401 3229 5471; x_wconf 80' lang='lat' dir='ltr'><strong>ﬁdem</strong></span> <span class='ocrx_word' id='word_1_917' title='bbox 3249 5403 3503 5479; x_wconf 72' lang='lat' dir='ltr'><strong>integram</strong></span> <span class='ocrx_word' id='word_1_918' title='bbox 3523 5424 3582 5479; x_wconf 77' lang='lat' dir='ltr'><strong>se</strong></span> <span class='ocrx_word' id='word_1_919' title='bbox 3609 5424 3716 5479; x_wconf 69' lang='lat' dir='ltr'><strong>ser-</strong></span> 
     </span>
    </p>
   </div>
   <div class='ocr_carea' id='block_1_116' title="bbox 2134 5471 3715 5549">
    <p class='ocr_par' dir='ltr' id='par_1_116' title="bbox 2134 5471 3715 5549">
     <span class='ocr_line' id='line_1_118' title="bbox 2134 5471 3715 5549; baseline -0.004 -16"><span class='ocrx_word' id='word_1_920' title='bbox 2134 5495 2281 5533; x_wconf 81' lang='lat' dir='ltr'><strong>vasse</strong></span> <span class='ocrx_word' id='word_1_921' title='bbox 2309 5471 2644 5549; x_wconf 77' lang='lat' dir='ltr'><strong>congaudent.</strong></span> <span class='ocrx_word' id='word_1_922' title='bbox 2674 5471 2778 5549; x_wconf 71' lang='lat' dir='ltr'><strong>Per</strong></span> <span class='ocrx_word' id='word_1_923' title='bbox 2804 5471 3247 5549; x_wconf 76' lang='lat' dir='ltr'><strong>pontpas_autem</strong></span> <span class='ocrx_word' id='word_1_924' title='bbox 3290 5471 3488 5549; x_wconf 73' lang='lat' dir='ltr'><strong>diaboli</strong></span> <span class='ocrx_word' id='word_1_925' title='bbox 3521 5475 3715 5549; x_wconf 73' lang='lat' dir='ltr'><strong>in_telli~</strong></span> 
     </span>
    </p>
   </div>
   <div class='ocr_carea' id='block_1_117' title="bbox 2130 5538 3716 5617">
    <p class='ocr_par' dir='ltr' id='par_1_117' title="bbox 2130 5538 3716 5617">
     <span class='ocr_line' id='line_1_119' title="bbox 2130 5538 3716 5617; baseline -0.004 -16"><span class='ocrx_word' id='word_1_926' title='bbox 2130 5549 2334 5617; x_wconf 82' lang='lat' dir='ltr'><strong>gebant</strong></span> <span class='ocrx_word' id='word_1_927' title='bbox 2362 5538 2472 5601; x_wconf 59' lang='lat' dir='ltr'><strong>tu&#39;In</strong></span> <span class='ocrx_word' id='word_1_928' title='bbox 2507 5538 2821 5617; x_wconf 72' lang='lat' dir='ltr'><strong>spectacula</strong></span> <span class='ocrx_word' id='word_1_929' title='bbox 2836 5548 2896 5617; x_wconf 66' lang='lat' dir='ltr'><strong>et</strong></span> <span class='ocrx_word' id='word_1_930' title='bbox 2910 5538 3161 5617; x_wconf 72' lang='lat' dir='ltr'><strong>stultitias</strong></span> <span class='ocrx_word' id='word_1_931' title='bbox 3189 5543 3446 5617; x_wconf 79' lang='lat' dir='ltr'><strong>gentium,</strong></span> <span class='ocrx_word' id='word_1_932' title='bbox 3477 5544 3716 5617; x_wconf 73' lang='lat' dir='ltr'><strong>utdocet</strong></span> 
     </span>
    </p>
   </div>
   <div class='ocr_carea' id='block_1_118' title="bbox 2133 5610 3716 5680">
    <p class='ocr_par' dir='ltr' id='par_1_118' title="bbox 2133 5610 3716 5680">
     <span class='ocr_line' id='line_1_120' title="bbox 2133 5610 3716 5680; baseline -0.004 -9"><span class='ocrx_word' id='word_1_933' title='bbox 2133 5610 2218 5671; x_wconf 69' lang='lat' dir='ltr'><strong>vel</strong></span> <span class='ocrx_word' id='word_1_934' title='bbox 2266 5617 2454 5670; x_wconf 89' lang='lat' dir='ltr'><strong>unicus</strong></span> <span class='ocrx_word' id='word_1_935' title='bbox 2506 5610 2807 5680; x_wconf 83' lang='lat' dir='ltr'><strong>Salvianus.</strong></span> <span class='ocrx_word' id='word_1_936' title='bbox 2864 5611 3213 5680; x_wconf 87' lang='lat' dir='ltr'><strong>Sequioribus</strong></span> <span class='ocrx_word' id='word_1_937' title='bbox 3259 5613 3463 5667; x_wconf 69' lang='lat' dir='ltr'><strong>saeculis</strong></span> <span class='ocrx_word' id='word_1_938' title='bbox 3518 5611 3716 5680; x_wconf 87' lang='lat' dir='ltr'><strong>diaboli</strong></span> 
     </span>
    </p>
   </div>
   <div class='ocr_carea' id='block_1_119' title="bbox 2132 5678 3713 5758">
    <p class='ocr_par' dir='ltr' id='par_1_119' title="bbox 2132 5678 3713 5758">
     <span class='ocr_line' id='line_1_121' title="bbox 2132 5678 3713 5758; baseline -0.004 -19"><span class='ocrx_word' id='word_1_939' title='bbox 2132 5684 2345 5758; x_wconf 86' lang='lat' dir='ltr'><strong>pompis</strong></span> <span class='ocrx_word' id='word_1_940' title='bbox 2372 5679 2682 5758; x_wconf 76' lang='lat' dir='ltr'><strong>renuntiare</strong></span> <span class='ocrx_word' id='word_1_941' title='bbox 2711 5678 3028 5758; x_wconf 68' lang='lat' dir='ltr'><strong>dicebantur</strong></span> <span class='ocrx_word' id='word_1_942' title='bbox 3055 5686 3147 5751; x_wconf 91' lang='lat' dir='ltr'><strong>qui</strong></span> <span class='ocrx_word' id='word_1_943' title='bbox 3178 5683 3339 5736; x_wconf 87' lang='lat' dir='ltr'><strong>vitam</strong></span> <span class='ocrx_word' id='word_1_944' title='bbox 3351 5679 3713 5758; x_wconf 59' lang='lat' dir='ltr'><strong>monasticam</strong></span> 
     </span>
    </p>
   </div>
   <div class='ocr_carea' id='block_1_120' title="bbox 2134 5746 3765 5876">
    <p class='ocr_par' dir='ltr' id='par_1_120' title="bbox 2134 5746 3765 5876">
     <span class='ocr_line' id='line_1_122' title="bbox 2134 5746 3765 5876; baseline -0.005 -66"><span class='ocrx_word' id='word_1_945' title='bbox 2134 5746 2604 5876; x_wconf 51' lang='lat' dir='ltr'><strong>amplecltaebantur,</strong></span> <span class='ocrx_word' id='word_1_946' title='bbox 2643 5748 2796 5821; x_wconf 85' lang='lat' dir='ltr'><strong>cujus</strong></span> <span class='ocrx_word' id='word_1_947' title='bbox 2822 5753 2899 5810; x_wconf 91' lang='lat' dir='ltr'><strong>rei</strong></span> <span class='ocrx_word' id='word_1_948' title='bbox 2930 5746 3204 5808; x_wconf 80' lang='lat' dir='ltr'><strong>innumera</strong></span> <span class='ocrx_word' id='word_1_949' title='bbox 3244 5746 3474 5827; x_wconf 86' lang='lat' dir='ltr'><strong>proferri</strong></span> <span class='ocrx_word' id='word_1_950' title='bbox 3499 5758 3712 5816; x_wconf 77' lang='lat' dir='ltr'><strong>possent</strong></span> <span class='ocrx_word' id='word_1_951' title='bbox 3748 5752 3765 5765; x_wconf 72' lang='lat'><strong><em>‘</em></strong></span> 
     </span>
     <span class='ocr_line' id='line_1_123' title="bbox 2134 5834 2399 5876; baseline 0 0"><span class='ocrx_word' id='word_1_952' title='bbox 2134 5834 2325 5876; x_wconf 79' lang='lat' dir='ltr'><strong>exemp</strong></span> <span class='ocrx_word' id='word_1_953' title='bbox 2387 5862 2399 5876; x_wconf 90' lang='lat'><strong>.</strong></span> 
     </span>
    </p>
   </div>
   <div class='ocr_carea' id='block_1_121' title="bbox 2134 5834 2399 5890">
    <p class='ocr_par' dir='ltr' id='par_1_121' title="bbox 2134 5834 2399 5890">
     <span class='ocr_line' id='line_1_124' title="bbox 2134 5834 2399 5890; baseline 0 -13"><span class='ocrx_word' id='word_1_954' title='bbox 2134 5834 2399 5890; x_wconf 76' lang='lat' dir='ltr'><strong>exempta.</strong></span> 
     </span>
    </p>
   </div>
  </div>
