4234 6262
364 408 471 467 H7

1445 398 1533 456 DE
1572 394 2106 456 GUBERNATIGNE
2144 392 2255 452 DEI
2298 396 2419 451 LIB.
2464 396 2548 453 Vl.

3543 398 3648 456 m

368 529 559 587 deleta
576 533 679 583 est.
711 525 832 580 Non
856 522 1039 593 agitur
1060 519 1394 590 Agﬁppinw;
1426 516 1525 572 sed
1556 516 1683 587 quia
1720 514 1964 568 hostibus
1992 514 2044 573 Α
2068 518 2312 577 atrorum,
2370 523 2425 566 et
2472 527 2689 587 propter
2731 520 3138 575 abominationet
3177 534 3309 590 quas
3344 516 3573 589 fecistis:
3602 523 3649 569 et

370 623 559 694 plena.
594 614 713 674 Non
743 616 921 686 agitur
953 612 1008 669 in
1050 613 1411 668 Treverorum
1449 609 1582 663 urbe
1624 604 1963 663 excellentis-

374 714 543 778 sima;
585 708 687 765 sed
714 708 841 777 quia
882 703 1227 776 quadruplici
1249 704 1335 757 est
1358 699 1639 757 eversione
1674 704 1961 767 prostrata.

375 804 497 859 Non
544 801 716 869 agitur
735 797 971 865 denique
994 795 1049 849 in
1096 792 1340 865 plurimis
1365 790 1520 863 lu
1539 789 1830 845 Galliarum
1868 800 1963 842 ur-

374 895 540 951 bibus
562 899 615 947 et
634 890 1031 959 Hispaniarum.
1062 884 1135 940 Et
1163 885 1286 940 ideo
1315 896 1399 938 vat
1422 883 1581 938 nobis
1605 888 1766 950 aque
1793 881 1967 949 i'mpuL

372 984 633 1040 ritatiiius
648 979 866 1041 nostris,
898 986 979 1032 va
997 974 1154 1032 nobis
1180 971 1728 1044 atqueiniquitatibus
1746 970 1963 1026 nostris.

378 1076 511 1143 Quae
547 1086 671 1143 spes
693 1063 1021 1125 Christianis
1035 1066 1283 1138 plebibus
1312 1071 1437 1121 ante
1457 1063 1627 1119 Deum
1667 1069 1767 1128 est,
1798 1074 1967 1131 quam

376 1166 660 1237 doquidem
690 1170 763 1219 ei
801 1162 897 1217 illo
920 1166 1177 1230 tempore
1207 1160 1269 1214 in
1301 1156 1522 1214 urbibus
1571 1152 1827 1211 Romanis
1857 1155 1968 1209 haec

373 1261 514 1315 mala
538 1274 647 1315 non
675 1255 821 1323 sunt,
852 1272 918 1312 ex
948 1270 1061 1326 quo
1086 1256 1139 1310 in
1168 1254 1525 1309 Barbarorum
1565 1251 1686 1321 jure
1716 1265 1832 1305 esse
1854 1264 1967 1304 cm-

371 1349 611 1425 perunt?
653 1351 739 1406 Ac
774 1365 873 1421 per
906 1348 1013 1405 hoc
1049 1348 1317 1403 vitiositas
1360 1354 1413 1400 et
1443 1352 1469 1384 ι
1500 1344 1779 1415 imperitas
1817 1342 1970 1411 quasi

371 1443 705 1513 germanitas
756 1434 997 1511 qmcdam
1046 1449 1128 1495 est
1177 1434 1539 1493 Romanorum
1587 1436 1971 1508 hominumIet

374 1534 529 1604 quasi
556 1547 719 1587 mens
740 1542 901 1600 atque
929 1538 1142 1596 natura,
1173 1528 1298 1598 quia
1320 1527 1391 1581 ibi
1419 1526 1685 1597 prmeipue
1700 1527 1828 1579 vitia
1853 1525 1971 1579 ubi-

378 1638 594 1695 cunque
638 1621 890 1679 Romani.
936 1620 1047 1677 Sed
1091 1621 1269 1691 gravis
1298 1626 1380 1675 est
1402 1617 1627 1673 forsitan
1669 1618 1781 1672 haec
1810 1625 1971 1686 atque

377 1718 565 1788 iniqua
589 1717 926 1787 conquestio.
953 1712 1151 1770 Gravis
1168 1709 1434 1783 profecto,
1477 1710 1527 1764 si
1558 1709 1707 1766 falsa.
1741 1708 1809 1763 At
1837 1723 1971 1777 quo-
2014 1736 2025 1745 κ

375 1805 561 1877 modo,
617 1806 813 1879 inquis,
860 1806 1139 1877 quomodo
1162 1818 1275 1861 non
1320 1800 1484 1866 falsa,
1535 1816 1657 1857 cum
1704 1801 1761 1855 in
1785 1800 1972 1871 paucis

2071 604 2214 673 facta
2242 613 2473 659 «Merra
2503 616 2667 661 rutra
2694 611 2748 662 in
2778 609 3140 666 desolationem
3161 615 3573 679 "superstitet
3596 610 3651 660 in
3772 656 3775 659 .

2067 693 2407 748 maledictum
2430 695 2641 765 (Im.
2674 713 2817 764 xuv,
2849 699 2938 765 Ἡ,
2960 697 3081 771 ΞΞ).
3114 698 3221 755 Per
3242 700 3357 754 haec
3386 712 3516 767 ergo
3539 698 3650 767 jam

2068 779 2275 836 factum
2302 792 2413 850 est,
2438 794 2497 839 ut
2517 787 2689 856 maior
2715 804 2843 859 pars
2858 788 3095 844 Romani
3115 790 3262 845 orbis
3289 791 3343 844 in
3371 789 3653 845 desolatios

2070 882 2358 929 nemesset
2384 883 2438 930 et
2466 877 2519 931 in
2541 886 2814 948 stuporem
2843 889 2901 935 et
2926 882 2981 935 in
3007 881 3367 937 maledicum.

2141 962 2231 1017 IX.
2272 964 2453 1035 Atque
2476 967 2685 1022 utinam
2709 978 2831 1025 aeta
2870 972 3240 1028 tantummodo
3277 972 3426 1044 prius
3453 980 3650 1036 essent,

2071 1067 2126 1113 et
2153 1074 2315 1128 agere
2342 1061 2455 1116 haec
2499 1060 2742 1117 Romana
2773 1065 3039 1120 vitiositas
3080 1066 3369 1135 aliquando
3396 1073 3649 1125 cessaret.

2070 1150 2339 1216 Forsitan,
2370 1163 2429 1208 ut
2456 1155 2717 1225 scriptum
2746 1165 2848 1223 est,
2881 1158 3267 1229 propitiaretur
3295 1156 3436 1214 Deus
3461 1173 3654 1230 pecca-

2068 1244 2140 1297 tis
2169 1246 2379 1299 nostris.
2414 1245 2521 1301 Sed
2548 1262 2885 1318 nequaquam
2908 1251 2983 1304 ita
2997 1252 3221 1320 agimus,
3238 1260 3298 1306 ut
3315 1252 3652 1322 propitietur.

2072 1333 2209 1389 Mala
2239 1338 2387 1391 enim
2423 1340 2813 1396 incessabiliter
2846 1343 3001 1397 malis
3029 1343 3295 1409 addimus,
3326 1351 3382 1398 et
3425 1345 3659 1413 peccatis

2072 1426 2297 1494 peccata
2324 1430 2690 1499 cumulamus;
2720 1441 2916 1489 etcum
2945 1435 3179 1489 maxima
3209 1435 3378 1490 nostri
3406 1451 3532 1507 pars
3545 1436 3659 1505 jam
3762 1490 3767 1495 ,

2072 1519 2311 1586 perierit,
2344 1521 2403 1575 id
2427 1523 2633 1591 agimus
2657 1532 2717 1579 ut
2750 1539 3035 1595 pereamus
3081 1542 3288 1582 omnes.
3321 1525 3472 1595 Quis,
3504 1542 3657 1597 rogo,

2072 1612 2305 1669 interﬁci
2335 1615 2563 1669 alterum
2606 1617 2758 1685 juxta
2789 1632 2848 1672 se
2883 1619 3049 1686 videt,
3079 1627 3133 1674 et
3160 1620 3274 1690 ipse
3301 1636 3409 1674 non
3438 1619 3664 1674 metuit?

2073 1701 2209 1768 Quis
2235 1703 2452 1758 domum
2483 1706 2649 1761 vicini
2676 1708 2761 1762 sui
2788 1708 2977 1764 ardere
3014 1711 3205 1776 cernit,
3242 1718 3295 1764 et
3321 1724 3429 1765 non
3451 1709 3662 1766 efﬁcere

2074 1795 2324 1850 omnibus
2345 1797 2520 1852 modis
2550 1799 2739 1855 nititur
2764 1814 2832 1855 ne
2858 1802 2977 1871 ipse
3002 1801 3248 1857 incendio
3267 1803 3666 1859 concremetur?

377 1908 530 1955 nunc
551 1898 725 1955 ferme“
744 1894 1004 1953 Romanis
1026 1890 1250 1952 urbibus
1277 1892 1412 1949 flant
1440 1893 1541 1948 ista
1569 1906 1689 1961 quas
1718 1890 1967 1956 diximus,
2004 1886 2049 1948 Β
2077 1886 2184 1943 Nos
2214 1903 2320 1942 non
2366 1888 2397 1927 ι’
2426 1891 2634 1945 vicinos
2664 1901 2878 1948 nostros
2924 1900 3136 1948 tantum
3183 1895 3372 1950 ardere
3409 1895 3661 1962 vidimus,

378 1992 648 2062 plurimas
693 1996 877 2045 autem
913 1988 1022 2058 iam
1067 1984 1263 2043 barum
1299 1985 1671 2057 impuritatum
1708 1984 1829 2038 labe
1863 1998 1973 2037 non

381 2084 584 2155 pollui;
613 2083 710 2137 ubi
741 2083 873 2137 licet
899 2081 1007 2136 sint
1050 2080 1171 2135 loca
1200 2080 1317 2149 ipsa
1356 2092 1419 2132 ac
1459 2074 1730 2131 domicilia
1773 2074 1975 2128 erroris

390 2162 624 2243 antiqui,
655 2184 995 2243 nequaquam
1034 2178 1215 2225 tamen
1256 2176 1484 2239 aguntur
1529 2167 1621 2221 illa
1667 2181 1787 2235 quis
1827 2166 1975 2235 prius

391 2270 513 2318 acta
537 2266 676 2317 sunt.
708 2260 1170 2317 Considerandum
1194 2272 1320 2329 ergo
1347 2267 1631 2328 utrumque
1658 2265 1759 2322 est,
1793 2256 1844 2310 id
1870 2262 1970 2321 est,

389 2356 516 2426 quid
544 2356 611 2410 sit
637 2355 784 2425 quod
817 2355 992 2410 adhuc
1031 2355 1149 2409 loca
1178 2354 1290 2424 ipsa
1318 2368 1380 2408 ac
1418 2351 1714 2407 diversoria
1743 2347 1976 2403 ludicro-

385 2456 519 2507 rum,
536 2445 662 2509 sint,
696 2443 901 2501 ludicra
930 2453 1117 2499 autem
1138 2457 1258 2499 esse
1282 2442 1633 2498 cessaverint.
1659 2438 1800 2495 Loca
1830 2439 1974 2493 enim

380 2542 436 2593 ct
473 2535 777 2592 habitacula
805 2535 1197 2607 turpitudinum
1237 2533 1439 2589 idcirco
1468 2532 1647 2587 adhuc
1670 2537 1815 2593 sunt,
1846 2528 1973 2598 quia

379 2624 487 2683 illic
512 2626 721 2698 impura
748 2626 924 2683 omnis
961 2627 1108 2698 prius
1146 2630 1268 2681 acta
1294 2631 1436 2679 sunt.
1486 2622 1639 2677 Nunc
1668 2628 1848 2675 autem
1888 2620 1968 2673 lu-

380 2718 527 2775 dicra
554 2720 671 2789 ipsa
699 2718 821 2774 ideo
850 2734 964 2773 non
988 2725 1238 2785 aguntur,
1269 2715 1399 2783 quia
1424 2714 1508 2781 agi
1534 2713 1649 2780 jam
1672 2724 1787 2780 pne
1811 2711 1974 2765 mise-

380 2810 457 2865 ria
498 2811 753 2881 temporis
799 2816 971 2877 atque
1002 2812 1243 2877 egestate
1280 2818 1392 2860 non
1443 2811 1689 2873 possunt.
1732 2800 1802 2855 Et
1854 2801 1976 2856 ideo

382 2900 528 2972 quod
566 2904 717 2974 prius
755 2909 943 2956 actum
970 2905 1072 2964 est,
1120 2897 1431 2953 vitiositatis
1477 2895 1608 2960 fuit;
1654 2894 1799 2964 quod
1832 2908 1978 2950 nunc

385 3008 500 3048 non
521 2993 714 3061 agitur,
744 2990 1105 3046 necessitatis.
1129 2987 1419 3043 Calamitas
1446 2988 1589 3042 enim
1611 2986 1727 3042 fisci
1750 2993 1803 3042 et
1828 3001 1980 3041 men-

391 3084 583 3140 dicitas
606 3085 718 3154 jam
746 3080 983 3137 Romani
1007 3081 1321 3136 mrariiamn
1347 3080 1489 3145 sinit,
1514 3087 1574 3135 ut
1592 3078 1791 3150 ubique
1808 3078 1862 3134 in
1892 3092 1978 3135 res

390 3179 701 3247 nugatorias
748 3175 975 3247 perditas
1015 3172 1403 3245 profundantnr
1453 3186 1713 3243 expensa
1746 3170 1977 3227 Pereunt

2075 1977 2171 2031 sed
2202 1977 2305 2047 ipsi
2328 1978 2439 2048 jam
2469 1994 2535 2035 ex
2578 1983 2809 2037 maxiina
2839 1992 3146 2039 nostrorum
3189 2000 3474 2056 corporum
3511 1982 3683 2057 parte

2077 2072 2324 2125 arsimus.
2356 2070 2425 2125 Et
2452 2073 2581 2142 quid
2610 2075 2731 2140 hoc,
2756 2076 2891 2146 proh
2918 2077 3085 2144 nefas,
3115 2078 3244 2134 mali
3271 2080 3389 2134 est?
3403 2080 3661 2147 Arsimus,

2076 2162 2337 2226 ursimus;
2370 2174 2425 2217 et
2454 2172 2632 2219 tamen
2657 2164 2899 2222 flammas
2926 2169 3120 2238 quibus
3143 2170 3255 2240 jam
3283 2170 3528 2236 arsimus,
3557 2184 3665 2225 non

2076 2253 2346 2310 timemus.
2372 2254 2505 2310 Nam
2524 2257 2675 2326 quod
2689 2272 2796 2313 non
2826 2260 3041 2330 ubique,
3073 2270 3133 2317 ut
3158 2262 3287 2331 dixi,
3304 2271 3530 2332 agantur
3546 2274 3663 2335 qua:

2074 2345 2224 2413 prius
2252 2350 2371 2400 acta
2398 2356 2542 2414 sunt,
2575 2350 2804 2405 miserim
2851 2360 2933 2407 est
2968 2350 3315 2422 beneﬁcium,
3363 2356 3527 2429 126
3557 2371 3664 2411 non

2076 2438 2389 2507 disciplinae.
2408 2441 2651 2511 Denique
2675 2440 2835 2499 facile
2852 2444 2957 2502 hoc
2981 2449 3173 2517 probo.
3197 2448 3273 2503 Da
3302 2450 3446 2504 enim
3472 2450 3664 2520 prioris

2078 2527 2338 2599 temporis
2365 2538 2583 2598 statum,
2612 2544 2667 2587 et
2694 2535 2875 2589 statim
2904 2537 3104 2607 ubique
3131 2546 3255 2593 sunt
3282 2553 3401 2608 qua:
3428 2539 3662 2595 fuerunt.

2078 2618 2206 2676 Plus
2233 2622 2691 2693 addo;q'uantum
2720 2626 2788 2681 ad
2815 2635 2942 2682 vota
2972 2627 3248 2684 hominum
3276 2632 3530 2700 pertinet,
3565 2630 3670 2686 etsi

2072 2711 2187 2780 iam
2214 2728 2323 2767 non
2346 2714 2543 2783 ubique
2564 2724 2709 2783 sunt,
2738 2718 2935 2786 ubique
2956 2718 3130 2774 adhuc
3147 2728 3290 2787 sunt,
3314 2720 3440 2789 quia
3467 2716 3668 2790 ubiqud

2078 2818 2142 2858 ea
2170 2806 2402 2875 populus
2447 2807 2611 2863 vellet
2639 2823 2759 2864 esse
2785 2809 3077 2866 Romanus.
3107 2808 3243 2865 Cum
3276 2811 3419 2866 enim
3466 2812 3535 2866 ab
3560 2811 3667 2867 ho;

2077 2896 2222 2951 mine
2249 2898 2393 2951 mala
2438 2912 2527 2953 res
2555 2900 2669 2955 sola
2698 2901 3022 2957 necessitate
3051 2916 3158 2958 non
3189 2903 3394 2972 agitur,
3424 2903 3541 2975 ipsa
3586 2900 3669 2964 rei
3748 2901 3763 2905 ’

2078 2991 2251 3060 turpis
2285 2990 2552 3060 cupiditas
2597 3008 2696 3063 pro
2749 2994 2963 3050 actione
2990 2995 3296 3051 damnatur.
3334 2994 3501 3065 Nam,
3530 2996 3669 3053 sicut
3721 3059 3725 3063 _

2076 3079 2209 3145 dixi,
2244 3080 2399 3149 juxta
2430 3081 2643 3137 Domini
2668 3085 2837 3139 nostri
2864 3084 3112 3141 dictum:
3147 3083 3249 3151 Qui
3283 3087 3551 3143 mulierem
3594 3089 3668 3143 vi-
3776 3074 3781 3081 ”

2080 3172 2214 3225 derit
2239 3173 2309 3225 ad
2337 3175 2820 3245 concupiscendum,
2854 3193 2969 3231 reus
2991 3186 3071 3232 est
3096 3176 3341 3234 adulterii
3359 3180 3517 3235 corde
3542 3194 3673 3236 conc

387 3270 564 3325 adhuc
591 3264 883 3338 quamlibet
904 3265 1164 3331 multa,et
1190 3262 1347 3334 quasi
1372 3264 1427 3319 in
1445 3276 1656 3319 omnm
1685 3263 1976 3334 proficiam
2001 3250 2050 3317 0
2079 3262 2209 3332 copti
2238 3261 2452 3331 (Matth.
2475 3274 2531 3333 v,
2554 3263 2676 3336 28),
2709 3266 3010 3336 intelligere
3033 3282 3321 3339 possumus
3345 3271 3479 3341 quid
3503 3271 3670 3327 etiam

384 3369 498 3426 tur;
531 3358 627 3415 sed
653 3357 812 3414 modo
834 3356 1023 3412 tamen
1051 3357 1231 3427 perire
1267 3354 1379 3425 iam
1409 3363 1553 3410 tanta
1592 3370 1701 3410 non
1745 3362 1971 3425 queunt,

338 3514 343 3517 ,
383 3455 506 3524 quia
538 3466 648 3508 non
675 3460 801 3507 sunt
828 3457 978 3505 tanta
1007 3458 1127 3520 qua:
1154 3457 1397 3519 pereant.
1447 3444 1585 3504 Nam
1610 3455 1871 3518 quantum
1905 3447 1976 3502 ad

382 3552 569 3601 votum
598 3550 795 3600 nostra!
824 3540 1057 3598 libidinis
1086 3550 1251 3611 atque
1274 3541 1646 3611 impurissimm
1661 3539 1969 3611 voluptatis,

383 3642 691 3706 optaremus
717 3632 960 3704 profecto
989 3633 1075 3704 vel
1201 3630 1305 3687 hoc
1330 3631 1705 3686 tantummodo
1731 3631 1849 3701 plus
1877 3632 1974 3686 ha-

382 3727 540 3792 bere,
579 3733 643 3780 ut
681 3740 962 3797 possemus
990 3724 1045 3778 in
1095 3722 1206 3779 hoc
1239 3722 1582 3797 turpitudinis
1623 3723 1797 3777 lutum
1818 3724 1974 3793 plura

382 3795 717 3875 convertere.
743 3813 808 3869 Et
828 3828 916 3870 res
943 3813 1142 3884 probat
1161 3795 1364 3883 quanta
1390 3811 1670 3883 prodigere
1693 3813 1973 3878 vellemus,

383 3909 429 3965 si
456 3908 695 3979 opulenti
739 3920 981 3964 essemus
1020 3918 1083 3962 ac
1119 3904 1414 3977 splendidi,
1452 3902 1607 3979 125
1635 3921 1757 3960 cum
1785 3906 1970 3976 prodi-

388 4012 577 4069 gamus
600 4007 749 4054 tanta
774 3999 1027 4055 mendici.
1060 3997 1138 4053 Ea
1167 4006 1250 4053 est
1277 4000 1420 4053 enim
1448 3998 1596 4053 labes
1629 3998 1973 4067 praesentium

387 4100 601 4148 morum
628 4100 789 4161 atque
829 4092 1082 4163 perditio,
1112 4098 1171 4147 ut
1191 4098 1310 4147 cum
1333 4090 1445 4162 jam
1474 4107 1583 4147 non
1612 4091 1811 4147 habeat
1834 4106 1973 4162 pan-

260 4234 271 4240 .
389 4182 573 4255 pertas
599 4180 745 4252 quod
768 4185 934 4254 possit
960 4181 1203 4253 perdere,
1236 4182 1410 4238 adhuc
1435 4190 1617 4238 tamen
1658 4183 1789 4238 velit
1814 4184 1975 4239 vitio-

386 4270 519 4333 sitas
546 4273 666 4348 plus
694 4278 889 4348 perire.
932 4272 1048 4332 Non
1076 4282 1158 4333 est
1191 4284 1320 4346 ergo
1347 4274 1495 4348 quod
1540 4264 1771 4332 blandiri
1818 4276 1973 4334 nobis

383 4368 588 4441 aliquid
634 4364 690 4422 in
732 4365 836 4423 hac
886 4370 1038 4438 parte
1072 4370 1369 4439 possimus,
1411 4375 1470 4421 ut
1505 4368 1745 4422 dicamus
1781 4384 1887 4423 non
1918 4369 1974 4425 iu

386 4456 634 4515 omnibus
673 4470 818 4514 nunc
846 4458 1066 4514 urbibus
1107 4459 1192 4528 agi
1234 4459 1324 4514 illa
1353 4454 1473 4527 qua:
1501 4452 1650 4530 prius
1678 4464 1795 4513 acta
1825 4467 1968 4514 sunt.

385 4542 511 4604 Ideo
539 4547 681 4603 cuitu
718 4562 827 4604 non
864 4551 920 4604 in
948 4550 1197 4606 omnibus
1221 4549 1331 4619 iam
1370 4554 1631 4617 aguntur,
1660 4550 1783 4619 quia
1814 4552 1973 4607 urbes

386 4640 475 4697 ubi
503 4642 798 4710 agebantur
823 4639 933 4706 illa,
959 4636 1074 4710 jam
1112 4648 1220 4696 non
1249 4648 1404 4706 sunt;
1436 4648 1491 4695 et
1519 4639 1609 4695 ubi
1636 4641 1853 4710 quidem
1874 4642 1968 4698 diu
1992 4629 2046 4689 Ῑ)

384 4738 502 4789 acta
530 4739 677 4796 sunt,
708 4730 764 4788 id
812 4731 1108 4791 eil’ecerunt
1154 4738 1212 4786 ut
1235 4732 1327 4787 ubi
1358 4731 1445 4787 illa
1492 4733 1819 4801 agebantur,
1850 4748 1971 4790 esse

383 4836 490 4881 non
510 4824 740 4897 possint;
770 4826 1039 4896 sicutipse
1059 4822 1202 4880 Deus
1240 4824 1305 4879 ad
1333 4832 1646 4895 peccatores
1662 4828 1872 4883 locutus
1886 4836 1969 4882 est

382 4930 477 4987 per
503 4915 825 4986 prophetam
844 4958 857 4980 ,
887 4917 1015 4985 quia
1044 4918 1227 4970 horum
1257 4916 1555 4971 recordatus
1584 4926 1662 4971 est
1687 4918 1963 4983 Dominus,

385 5018 429 5061 et
458 5009 709 5074 ascendit,
739 5010 930 5078 inquit,
963 5020 1116 5081 super
1144 5024 1234 5063 cor
1258 5011 1389 5080 ejus,
1421 5019 1470 5063 et
1498 5026 1601 5065 non
1630 5022 1833 5081 poterat
1858 5011 1967 5067 Do.

385 5099 552 5173 minus
597 5100 732 5153 ultra
778 5109 987 5171 portare
1014 5109 1223 5171 propter
1259 5100 1510 5155 malitiam
1556 5103 1840 5158 studiorum
1887 5118 1971 5159 rea

2076 3353 2125 3407 si
2151 3368 2239 3408 res
2268 3362 2453 3424 turpes
2480 3363 2645 3426 atque
2682 3358 3014 3415 damnabiles
3052 3363 3374 3418 necessitate
3400 3376 3509 3417 non
3556 3363 3670 3433 agi;

2076 3459 2213 3511 mus,
2246 3461 2344 3516 pro
2376 3448 2491 3518 ipsa
2521 3455 2703 3505 tamen
2730 3466 2918 3505 rerum
2942 3453 3177 3522 turpium
3204 3455 3483 3510 voluntate
3517 3455 3671 3510 dam;

2076 3550 2285 3590 natnur.
2311 3536 2381 3592 Et
2399 3538 2530 3606 quid
2558 3539 2735 3595 dicam
2763 3541 2832 3595 de
2864 3541 3180 3597 voluntate?
3205 3559 3393 3600 omnes
3421 3546 3536 3600 haec
3563 3543 3671 3600 fetu

2075 3643 2182 3695 me,
2208 3645 2333 3684 cum
2371 3640 2617 3700 possunt,
2642 3641 2826 3701 agunt.
2859 3634 3100 3703 Denique
3126 3636 3410 3704 cujuslibet
3436 3638 3669 3693 civitatis

2076 3720 2265 3773 incolae
2310 3718 2623 3776 Ravennam
2665 3732 2759 3776 aut
2805 3723 3033 3777 Romam
3060 3726 3342 3791 venerint,
3391 3739 3515 3794 pars
3542 3728 3701 3782 sunt

2076 3810 2337 3865 Romanae
2354 3812 2527 3881 plebis
2555 3814 2609 3867 in
2638 3815 2802 3879 circo,
2822 3828 2948 3883 pars
2975 3823 3099 3869 sunt
3127 3816 3313 3885 populi
3340 3816 3668 3875 Ravennatis

2076 3905 2131 3959 in
2154 3905 2384 3961 theatro.
2412 3905 2490 3961 Ac
2513 3918 2615 3976 per
2638 3906 2743 3962 hoc
2771 3921 2935 3961 nemo
2958 3921 3019 3962 se
3038 3907 3159 3963 loco
3186 3916 3283 3963 aut
3304 3908 3544 3966 absentia
3572 3926 3669 3968 ex-

2075 4007 2324 4056 cusatum
2352 4008 2526 4072 putet.
2545 4000 2745 4081 Omnes
2772 4000 3105 4072 turpitudine
3123 4016 3303 4057 rerum
3324 4017 3490 4058 unum
3519 4015 3665 4075 sunt,

2074 4093 2167 4160 qui
2195 4092 2297 4147 sibi
2326 4108 2507 4148 rerum
2530 4092 2775 4163 turpium
2802 4092 3079 4148 voluntate
3106 4093 3397 4149 sociantur.
3428 4086 3496 4149 Et
3520 4093 3669 4150 blan-

2075 4184 2253 4239 dimur
2279 4186 2438 4241 nobis
2466 4186 2693 4254 insuper
2716 4184 2785 4239 de
2813 4184 3082 4255 probitate
3106 4200 3338 4253 morum,
3367 4180 3669 4242 blandimur

2075 4278 2232 4333 nobis
2276 4277 2345 4331 de
2398 4271 2789 4347 turpitudinum
2829 4278 3091 4331 raritate?
3116 4274 3233 4344 Ego
3258 4277 3487 4347 amplius
3526 4274 3669 4346 dico,

2074 4383 2183 4423 non
2211 4369 2385 4423 solum
2416 4369 2503 4438 agi
2530 4383 2673 4423 nunc
2699 4367 2817 4422 illas
2857 4366 3182 4421 ludicrorum
3213 4365 3489 4421 infamiam
3518 4369 3670 4424 labes

2074 4474 2192 4529 qua:
2219 4460 2369 4530 prius
2396 4467 2530 4515 acta
2557 4467 2702 4522 sunt,
2727 4456 2822 4513 sed
2840 4456 3180 4513 criminosius
3205 4458 3379 4513 multo
3393 4456 3477 4526 agi
3505 4468 3668 4527 quam

2072 4555 2226 4626 prius
2266 4560 2402 4609 actae
2439 4561 2581 4608 sunt.
2615 4551 2773 4607 Tunc
2794 4552 2939 4606 enim
2993 4550 3200 4619 integra
3246 4546 3476 4605 Romani
3522 4549 3669 4606 orbis

2072 4646 2315 4700 membra
2345 4644 2631 4709 ﬂorebant,
2655 4650 2882 4711 angusta
2911 4656 3032 4697 esse
3058 4643 3253 4698 horrea
3283 4643 3509 4714 publica;
3534 4638 3669 4714 opes

2074 4736 2337 4795 fecerant.
2371 4742 2688 4790 cunctarum
2707 4733 2921 4788 urbium
2949 4732 3098 4788 cives
3123 4730 3323 4788 divitiis
3361 4747 3426 4789 ac
3462 4731 3670 4789 deliciis

2076 4826 2395 4893 attinebant;
2427 4827 2517 4881 vix
2569 4832 2784 4896 poterat
2834 4825 3110 4895 religionis
3161 4826 3485 4893 auctoritas,
3526 4826 3671 4880 inter

2073 4927 2283 4973 tantam
2310 4932 2493 4973 rerum
2520 4916 2951 4982 exuberantiam,
3000 4930 3211 4972 mormn
3249 4923 3438 4971 tenere
3474 4927 3669 4969 censu-

2074 5025 2211 5064 ram.
2246 5008 2615 5087 Pascebantur
2639 5008 2857 5078 quidem
2878 5016 3007 5067 tunc
3032 5008 3229 5077 passim
3257 5006 3313 5061 in
3341 5004 3475 5060 locis
3498 5003 3667 5072 pluri-

2074 5104 2176 5161 mis
2191 5110 2439 5160 auctores
2452 5104 2687 5175 turpium
2698 5104 3054 5173 voluptatum,
3079 5098 3174 5154 sed
3200 5098 3357 5166 plena
3378 5109 3443 5149 ac
3467 5093 3665 5150 referta

1561 5234 1898 5292 STEPHANI
1936 5232 2208 5293 BALUZII
2244 5234 2474 5293 ΝΟΤᾸΞ.

384 5350 807 5407 Massiliensium.
840 5351 985 5407 Sane
1024 5352 1275 5407 mendum
1320 5351 1406 5408 hic
1457 5352 1676 5407 subesse
1715 5352 1970 5423 suspicati

384 5431 508 5492 sunt
529 5422 628 5492 viri
649 5423 816 5490 docti,
839 5423 983 5492 quod
1003 5423 1129 5477 huic
1149 5423 1363 5477 lectiuni
1382 5426 1642 5492 reptignet
1661 5421 1965 5489 Salvianus,

375 5488 475 5561 qui
503 5506 569 5548 eo
596 5488 718 5562 loco
746 5488 983 5562 loquitur
1010 5493 1065 5546 in
1091 5492 1365 5561 singulari.
1392 5488 1659 5547 Phalerea
1687 5493 1837 5547 locus
1860 5488 1969 5547 non

384 5560 501 5616 erat
528 5561 721 5645 agendi
749 5560 1099 5626 de'Massilia,
1127 5560 1287 5631 quam
1316 5574 1478 5618 nemo
1514 5562 1749 5646 prodidit
1776 5563 1973 5618 barba-

384 5640 562 5687 rerum
581 5633 888 5687 incursione
905 5640 1021 5687 tum
1045 5630 1204 5685 fuisse
1224 5640 1507 5687 vastatam.
1531 5633 1599 5687 Et
1618 5634 1738 5687 licet
1763 5642 1969 5687 vastata

380 5640 562 5687 rerum
581 5640 888 5690 mem-smne
905 5640 1021 5687 tum
1045 5640 1204 5685 fuisse
1224 5640 1507 5688 vastatam.
1531 5640 1599 5687 Et
1619 5640 1738 5688 licet
1763 5642 1969 5687 vastata

378 5698 584 5769 finisset,
615 5716 712 5758 cur
731 5712 851 5757 eam
873 5704 1016 5757 inter
1041 5702 1201 5756 urbes
1218 5700 1516 5758 Gel-inania:
1543 5713 1597 5758 et
1619 5702 1843 5771 Belgicae
1870 5717 1969 5757 no-

377 5773 641 5844 minaret,
688 5779 799 5844 tam
822 5772 1012 5844 procul
1041 5785 1073 5826 α
1099 5771 1484 5844 ίΝιὶῲοηρηεὶῗ
1516 5773 1606 5827 Vir
1643 5773 1970 5844 clarissimus

379 5842 683 5911 Hadrianus
709 5840 953 5901 Valesius
972 5844 1073 5899 ista
1094 5842 1397 5914 intelligens
1424 5843 1676 5898 admunet
1694 5856 1793 5929 pro
1821 5840 1966 5899 Mat-

2077 5351 2363 5427 είιίσβοίξηι
2403 5351 2685 5427 108.906!!!“
2714 5361 2846 5427 τεεο
2875 5343 3286 5427 Βουέωφίμξι·
3315 5342 3449 5427 0!!se
3470 5346 3667 5427 sitim

2078 5431 2165 5477 est
2191 5423 2244 5476 in
2273 5412 2550 5483 Rauracis,
2584 5416 2869 5483 Moguntiaa
2892 5412 3055 5484 paulo
3088 5412 3666 5473 vicinior.'Probabiiis

2076 5492 2420 5562 conjectura,
2445 5490 2553 5562 nisi
2581 5495 2827 5562 veterum
2863 5483 3110 5541 codicum
3149 5486 3441 5545 auctoritas
3479 5487 3568 5542 hic
3593 5488 3665 5543 de

2074 5556 2196 5617 sola
2219 5556 2597 5630 Moguntia‘agi
2618 5556 2857 5630 doceret.

2148 5642 2176 5709 ξ
2203 5626 2386 5709 usus;
2415 5627 2674 5709 ροιδεηη
2704 5626 2969 5709 mytilus.

2146 5701 2174 5741 ιι
2203 5701 2259 5755 Id
2288 5707 2389 5762 est,
2424 5696 2706 5768 Trevegos.
2738 5693 2877 5754 Hinc
2902 5712 3033 5768 ergo
3056 5698 3324 5767 colligitur
3350 5693 3661 5750 Salvium

2073 5787 2182 5825 non
2212 5770 2373 5824 fuisse
2394 5765 2565 5824 oatria
2586 5765 2992 5825 Treverenseml
