4234 6250
569 376 676 432 H9

1507 372 1564 428 S.
1606 371 1922 427 SALVIANI
1959 369 2421 426 MASSIIJE-NSIS
2469 369 2897 426 PRESBYTER!

3750 379 3851 434 1m

567 497 725 546 erant
765 488 964 542 omnia.
997 487 1166 542 Nemo
1195 495 1435 556 sumptus
1482 488 1560 540 rei
1590 486 1814 557 publicae
1863 485 2152 556 cogitabat,
2182 485 2237 546 Α
2261 484 2474 552 luisset,
2506 487 2608 540 nisi
2647 489 2913 544 rationem
2942 490 3326 548 misericordiae
3363 495 3665 551 severitatis
3712 501 3850 558 ratio

565 595 728 636 nemo
748 579 1043 649 dispendia,
1071 580 1198 648 quia
1228 595 1336 635 non
1363 580 1693 636 sentiebatur
1719 595 1972 650 expensa.
2006 581 2156 648 Quae-

564 670 721 727 rebat
747 671 1144 740 quodammodo
1190 673 1305 740 ipsa
1353 687 1440 727 res
1486 671 1728 742 publica,
1759 673 1850 727 ubi
1901 673 2154 743 perderet

561 761 705 830 quod
748 775 919 830 penus
947 769 1130 830 posset
1151 762 1266 829 jam
1292 761 1384 816 vix
1411 763 1672 833 recipere.
1731 765 1882 834 127
1932 762 1999 818 Et
2027 763 2148 820 ideo

559 851 803 906 cumulus
833 851 1137 906 divitiarum
1165 855 1258 922 qui
1279 851 1393 921 jam
1426 853 1539 908 fere
1576 853 1794 910 modum
1822 863 2146 922 excesserat,

559 941 722 998 etiam
751 941 805 994 in
834 957 920 1001 res
940 943 1246 1011 nugatorias
1265 943 1613 998 redundabat.
1633 943 1786 999 Nunc
1813 952 1992 1000 autem
2020 944 2150 1014 quid

557 1030 663 1085 dici
704 1031 917 1100 potest?
947 1031 1305 1088 Recesserunt
1332 1048 1362 1086 a
1404 1034 1558 1089 nobis
1585 1035 1754 1104 copia:
1781 1046 2011 1105 veteres,
2062 1053 2149 1093 re-

557 1130 836 1175 cesserunt
871 1122 1110 1192 priorum
1153 1132 1455 1192 temporum
1486 1123 1796 1192 facultates;
1829 1131 2012 1185 miseri
2035 1130 2148 1198 jam

554 1229 760 1280 sumus,
791 1224 846 1268 et
874 1214 1102 1268 necdum
1131 1229 1364 1282 nugaces
1414 1232 1533 1272 esse
1580 1234 1869 1276 cessamus.
1903 1221 2148 1293 Cumque

553 1305 715 1357 etiam
745 1305 978 1374 pupillis,
1012 1305 1250 1376 prodigis
1279 1318 1305 1343 ⁸
1336 1307 1420 1362 vel
1449 1309 1772 1378 prodigiosis
1805 1313 1979 1366 soleat
2015 1315 2142 1369 sub-

553 1399 736 1452 venire
764 1407 1086 1468 paupertas,
1119 1400 1384 1470 simulque
1412 1413 1472 1457 ut
1498 1403 1802 1460 destiterint
1850 1422 1969 1462 esse
2008 1407 2147 1462 divi-

443 1485 452 1494 ’
551 1498 650 1553 tes,
675 1488 925 1544 desinunt
952 1506 1170 1562 quoque
1198 1509 1317 1549 esse
1338 1495 1546 1561 vitiosi;
1580 1511 1680 1551 nos
1707 1505 1914 1552 tantum
1943 1515 2144 1554 novum

547 1596 716 1650 genus
744 1583 1070 1652 pupillorum
1121 1602 1185 1642 ac
1233 1589 1568 1658 perditorum
1614 1605 1816 1653 sumus,
1849 1591 1903 1644 in
1950 1592 2144 1659 quibus

548 1672 824 1742 Opulentia
868 1690 988 1730 esse
1035 1677 1210 1744 desiit,
1251 1679 1347 1734 sed
1391 1681 1629 1750 nequitia
1675 1681 1950 1751 perdurat.
1994 1682 2142 1738 Adeo

545 1779 650 1819 nos
679 1782 804 1830 non,
841 1775 896 1820 ut
943 1768 1034 1822 alii
1079 1770 1343 1837 homines,
1389 1787 1578 1826 causas
1629 1773 2056 1842 corruptelarum
2085 1775 2138 1828 in

2261 577 2494 631 vicisset.
2530 575 2680 632 Unus
2699 579 2843 634 enim
2873 580 3118 636 incautus
3147 585 3328 652 periit,
3360 601 3429 641 ne
3462 589 3617 644 multi
3644 605 3740 660 per
3762 593 3846 646 iu-

2257 667 2524 723 cautelam
2545 676 2733 740 postea
2752 669 3080 741 deperirent.
3097 671 3163 727 Et
3181 675 3308 744 quid
3325 675 3392 731 de
3405 679 3629 748 singulis
3647 680 3848 739 dicam?

2260 756 2521 815 Universa
2573 775 2705 829 gens
2750 761 3114 828 Hebraeorum,
3165 781 3284 820 cum
3326 783 3425 837 per
3467 773 3715 827 ’eremum
3747 775 3847 830 iter

2255 859 2456 918 ageret,
2523 846 2649 921 quia
2697 854 3195 911 consuetudinarias
3246 874 3436 916 carnes
3489 863 3842 935 desideravit,

2211 1005 2218 1014 I
2253 951 2462 1014 partem
2479 960 2590 998 sua:
2617 945 2790 1015 plebis
2819 947 2998 1002 amisit
3027 946 3221 1020 (Num.
3253 965 3326 1016 ιι,
3358 951 3393 1004 4
3419 953 3604 1026 seqq.).
3646 955 3848 1026 thui-

2253 1031 2377 1087 dem
2426 1033 2769 1090 interdictum
2801 1037 3028 1092 necdum
3057 1037 3233 1094 fuerat
3262 1057 3330 1096 ne
3357 1042 3717 1112 desideraret;
3751 1047 3847 1102 sed

2251 1121 2434 1192 legali,
2459 1133 2519 1179 ut
2547 1140 2690 1190 reor,
2724 1127 3078 1184 observantia:
3104 1129 3369 1200 proﬁcere
3396 1133 3537 1191 Deus
3564 1137 3753 1203 voluit,
3787 1148 3848 1194 ut

2251 1213 2512 1268 rebellem
2560 1218 3054 1288 concupiscentiam
3105 1231 3385 1277 coerceret
3425 1242 3438 1276 :
3482 1241 3589 1296 quo
3633 1225 3873 1296 facilius_

2252 1306 2460 1360 scilicet
2489 1316 2714 1364 cunctus
2743 1311 2972 1380 populus
3000 1299 3320 1381 agnosceret
3353 1325 3612 1383 quantum
3639 1319 3847 1376 evitare

2249 1396 2471 1481 deberet
2517 1413 2635 1468 qua:
2680 1400 2821 1456 Deus
2866 1403 3080 1473 scriptis
3126 1405 3435 1461 caelestibus
3478 1408 3844 1481 interdiceret,

2249 1476 2465 1556 qu‘ando
2495 1491 2658 1544 etiam
2685 1491 2776 1546 illa
2791 1507 2914 1546 eum
2937 1493 3170 1550 admissa
3193 1495 3451 1551 laederent
3470 1512 3591 1566 qua:
3614 1476 3845 1557 necdum

2249 1579 2368 1647 lege
2415 1582 2691 1636 vetuisset.
2734 1582 3003 1639 Laborem
3049 1601 3267 1657 quoque
3301 1605 3362 1644 se
3407 1590 3675 1646 sustinere
3703 1592 3844 1649 idem

2246 1673 2477 1742 populus
2499 1675 2758 1742 ingemuit
2788 1674 2973 1748 (Num.
3002 1693 3111 1744 xxi,
3143 1677 3385 1752 4seqq.),
3414 1690 3469 1736 et
3494 1689 3720 1752 propter
3741 1683 3844 1742 hoc

2245 1765 2416 1834 plagis
2444 1766 2751 1822 ccelestibus
2780 1768 3199 1837 verberabatur;
3253 1787 3360 1826 non
3402 1773 3528 1840 quia
3577 1773 3843 1832 laboranti

543 1853 851 1922 inlecebris,
883 1857 978 1911 sed
1006 1859 1059 1913 in
1081 1859 1333 1917 cordibus
1360 1863 1641 1929 habemus,
1673 1870 1728 1918 et
1756 1865 2022 1919 vitiositas
2042 1881 2138 1920 no-

2247 1871 2464 1925 gemere
2501 1873 2612 1913 non
2637 1857 2816 1924 liceat,
2847 1859 2941 1916 sed
2968 1861 3208 1929 ingratus
3247 1863 3457 1918 scilicet
3483 1862 3584 1918 fuit
3609 1865 3842 1933 gemitus

544 1953 657 2002 stra
685 1962 840 2003 mens
892 1957 1078 2005 nostra
1125 1960 1234 2018 est;
1287 1960 1345 2007 ut
1373 1953 1441 2007 ad
1489 1953 1855 2011 emendandos
1893 1971 1994 2012 nos
2030 1973 2137 2012 non

541 2034 860 2093 facultatum
915 2040 1208 2110 ablatione,
1260 2043 1356 2098 sed
1404 2045 1669 2099 malarqu
1721 2061 1902 2101 rerum
1953 2063 2139 2104 amore

541 2144 848 2202 peccemus.

613 2221 679 2278 Χ.
724 2223 936 2291 Quanta
985 2233 1165 2282 autem
1211 2228 1337 2283 vitia
1394 2227 1760 2285 Romanorum
1809 2231 1916 2286 sint
1943 2235 2136 2301 quibus

539 2314 786 2370 barbarae
837 2325 1026 2384 gentes
1077 2335 1187 2374 non
1233 2321 1668 2389 coinquinantur,
1703 2323 1828 2378 licet
1873 2325 2135 2382 hactenus

544 2409 680 2464 satis
708 2409 954 2477 dixerim,
987 2411 1178 2467 addam
1208 2421 1390 2470 tamen
1428 2416 1596 2470 multa
1623 2431 1745 2486 quae
1784 2417 1995 2473 desunt.
2029 2420 2136 2475 Sed

541 2501 676 2558 illud
727 2503 992 2560 admoneo
1049 2515 1228 2563 tamen
1287 2517 1576 2578 antequam
1628 2509 1835 2576 dicam,
1867 2529 1936 2568 ne
1965 2515 2132 2570 ullum

538 2595 758 2664 penitus
785 2597 955 2666 culpae
976 2612 1143 2666 genus
1167 2599 1312 2669 quod
1341 2601 1408 2656 ad
1435 2603 1816 2658 contumeliam
1845 2603 1942 2659 Dei
1964 2608 2132 2674 perti-

541 2691 656 2751 net,
689 2686 938 2755 cuiquam
968 2689 1085 2744 leve
1111 2706 1228 2746 esse
1257 2692 1520 2748 videatur.
1544 2691 1573 2732 δ
1596 2691 1653 2748 Si
1681 2695 1824 2748 enim
1853 2694 2133 2752 inlustrem

541 2790 608 2830 ac
633 2789 1022 2847 pnepoteutem
1046 2783 1216 2848 virum
1238 2798 1574 2853 nequaquam
1595 2787 1918 2842 exhonorari
1939 2802 1970 2841 a
1997 2802 2134 2856 quo-

540 2880 704 2933 quam
753 2870 898 2935 licet,
929 2881 983 2925 et
1030 2875 1075 2926 si
1102 2875 1385 2943 quisquam
1415 2877 1868 2942 exhonoraverit,
1901 2879 2133 2935 decretis

537 2956 806 3023 legalibus
827 2975 952 3014 reus
979 2962 1203 3029 sistitur,
1235 2974 1290 3020 et
1318 2966 1632 3035 injuriarum
1662 2977 1815 3026 actor
1837 2971 1958 3040 jure
1977 2971 2132 3028 dam-

486 3052 492 3057 '
541 3054 736 3113 natur;
769 3059 972 3116 quanto
991 3054 1186 3128 _utique
1207 3056 1430 3124 majoris
1459 3059 1656 3127 piaculi
1685 3063 1886 3116 crimen
1916 3072 2015 3129 est,
2053 3065 2135 3117 in-

537 3139 805 3208 juriosum
843 3146 1146 3214 quempiam
1177 3147 1288 3202 Deo
1318 3151 1472 3203 esse?
1500 3149 1726 3221 Semper
1754 3155 1897 3208 enim
1927 3171 2026 3223 per
2053 3158 2135 3210 di-

2243 1951 2414 2006 Deum
2445 1954 2598 2021 quasi
2638 1963 2915 2009 auctorem
2949 1955 3288 2011 immoderati
3328 1957 3532 2013 laboris
3560 1974 3836 2017 accusans.

2242 2044 2322 2098 Ex
2347 2061 2455 2114 quo
2483 2047 2709 2115 intelligi
2738 2049 2993 2104 convenit
3038 2059 3300 2118 quantum
3347 2051 3563 2122 placere
3607 2053 3718 2109 Deo
3745 2054 3838 2111 de-

2240 2136 2370 2192 beat
2415 2139 2508 2207 qui
2558 2154 2744 2194 rerum
2809 2139 3172 2208 jucundamm
3230 2143 3564 2199 beatitudine
3615 2143 3834 2211 fruitur,

2241 2231 2456 2298 quando
2487 2231 2651 2285 etiam
2679 2231 2747 2286 de
2789 2231 2873 2286 his
2906 2233 3062 2301 queri
3089 2249 3198 2289 non
3227 2233 3354 2290 licet
3381 2249 3502 2304 quae
3530 2235 3739 2304 ingrata
3761 2237 3837 2290 vi-

2240 2322 2486 2378 dcautur.

2313 2415 2399 2468 Xl.
2435 2416 2705 2481 Quaeritur
2759 2417 2983 2472 forsitan
3033 2433 3293 2486 quorsum
3336 2421 3437 2474 ista
3489 2419 3837 2490 pertineant?

2240 2508 2507 2573 Quorsum
2557 2509 2761 2575 absque
2808 2508 2972 2561 dubio
3015 2509 3117 2561 nisi
3147 2517 3208 2562 ut
3236 2509 3368 2562 nihil
3397 2510 3515 2564 leve
3543 2493 3836 2565 aestimetur

2239 2613 2346 2666 quo
2378 2597 2517 2651 Deus
2547 2597 2799 2652 lzeditur?
2830 2597 2907 2652 De
2937 2597 3073 2651 ludis
3124 2599 3267 2652 enim
3308 2599 3535 2668 publicis
3586 2601 3832 2664 dicimus,

2246 2691 2402 2761 129
2421 2689 2664 2743 ludibriis
2693 2689 2896 2744 scilicet
2923 2689 3037 2758 spei
3075 2695 3294 2752 nostrae,
3322 2688 3562 2743 ludibriis
3589 2691 3714 2744 vitae
3735 2707 3835 2744 no-

2238 2789 2383 2835 strar.
2409 2783 2542 2834 Nam
2561 2781 2689 2835 dum
2718 2782 2770 2834 in
2801 2780 3022 2834 theatris
3051 2789 3118 2834 et
3141 2780 3297 2834 circis
3327 2780 3574 2845 ludimus,
3621 2781 3832 2849 deperi—

2238 2889 2376 2940 mus,
2401 2872 2695 2928 secundum
2744 2872 2871 2927 illud
2899 2873 3082 2941 utique
3127 2873 3328 2927 dictum
3356 2872 3618 2928 sermonis
3645 2873 3782 2927 sacri
3815 2891 3828 2926 :

2242 2963 2442 3019 Stultus
2489 2983 2581 3036 per
2627 2967 2790 3020 risum
2837 2974 3080 3036 operatur
3119 2966 3285 3020 scelus
3317 2963 3493 3037 (Prov.
3523 2980 3575 3030 χ,
3620 2963 3734 3034 25).
3767 2962 3834 3016 Et

2240 3071 2338 3109 nos
2367 3057 2547 3123 itaque
2567 3056 2695 3110 dum
2726 3057 2867 3111 inter
2887 3057 3062 3126 turpia
3093 3071 3156 3110 ac
3197 3055 3528 3111 dedecorosa
3557 3053 3792 3108 ridemus
3813 3093 3829 3118 ,

2238 3147 2440 3201 scelera
2469 3149 2887 3213 committimus;
2919 3157 2973 3202 et
2995 3149 3209 3216 quidem
3237 3150 3443 3203 scelera
3463 3165 3570 3202 non
3593 3148 3828 3210 minima,

541 3231 808 3300 gnitatem
839 3233 1087 3303 injuriam
1117 3237 1438 3304 perferentis
1466 3243 1834 3312 crescitculpa
1864 3246 2129 3306 facientis:
2163 3241 2209 3304 C
2240 3238 2334 3293 sed
2364 3239 2418 3291 in
2448 3238 2551 3292 hoc
2579 3239 2696 3308 ipso
2725 3239 3056 3307 poenaliora;
3094 3241 3218 3306 quia
3247 3255 3370 3292 cum
3399 3237 3683 3291 videantur
3710 3256 3834 3308 spc-

541 3323 667 3390 quia
695 3339 919 3379 necesse
940 3334 1022 3379 est
1049 3334 1253 3394 quanto
1295 3326 1469 3395 major
1504 3340 1588 3384 est
1630 3347 1860 3401 persona
1886 3334 2003 3402 ejus
2039 3340 2133 3405 qui

542 3416 927 3472 contumeliam
960 3420 1193 3487 patitur,
1228 3427 1377 3474 tanto
1408 3421 1584 3492 major
1623 3424 1693 3478 sit
1720 3439 1859 3479 noxa
1899 3427 2014 3495 ejus
2039 3429 2132 3497 qui

542 3507 690 3562 facit.
724 3507 792 3562 Et
819 3509 946 3564 hinc
973 3517 1056 3564 est
1083 3511 1228 3579 quod
1257 3511 1483 3579 legimus
1511 3515 1565 3568 in
1595 3515 1713 3584 lege
1745 3515 1951 3588 (Exod.
1978 3537 2068 3575 χχι
2086 3521 2128 3592 ),

545 3601 710 3655 etiam
737 3618 833 3657 eos
861 3604 954 3672 qui
985 3603 1232 3682 videntur
1259 3613 1449 3660 contra
1477 3607 1788 3664 mandatum
1817 3627 2028 3666 sacrum
2051 3614 2132 3669 le-

543 3693 627 3747 via
657 3693 866 3759 fecisse,
890 3698 1227 3753 severissime
1256 3706 1436 3754 tamen
1465 3715 1585 3756 esse
1605 3703 1840 3772 punitos.
1874 3701 1944 3758 Ut
1971 3705 2132 3760 intel-

542 3782 829 3852 ligeremus
856 3789 1061 3845 scilicet
1113 3790 1188 3844 nil
1237 3790 1305 3846 ad
1350 3791 1518 3848 Deum
1564 3795 1841 3864 pertinens
1870 3796 1986 3852 leve
2015 3813 2133 3854 esse

542 3877 874 3947 ducendum;
905 3885 1034 3951 quia
1064 3885 1227 3939 etiam
1257 3885 1402 3952 quod
1439 3887 1722 3942 videbatur
1743 3889 1991 3956 exiguum
2013 3906 2134 3944 esse

542 3972 722 4042 culpa,
754 3974 955 4043 grande
984 3977 1086 4029 hoc
1110 3975 1340 4030 faciebat
1381 3976 1686 4031 Diviuitatis
1720 3979 1934 4046 injuria.
1976 3982 2134 4049 128

543 4061 786 4130 Denique
813 4061 919 4116 Oza
960 4064 1048 4116 ille
1077 4064 1264 4116 levites
1306 4063 1401 4116 Dei
1436 4064 1565 4132 quid
1593 4074 1778 4118 contra
1820 4065 2131 4121 mandatum

543 4154 763 4207 caeleste
791 4151 935 4217 fecit,
959 4154 1104 4221 quod
1143 4153 1482 4216 vacillantem
1511 4171 1693 4210 arcam
1735 4157 1943 4212 Domini
1974 4162 2133 4216 susti-

542 4260 674 4300 nere
704 4246 927 4300 tentavit
956 4246 1019 4317 (ll
1051 4246 1177 4319 Reg.
1215 4249 1329 4318 vi)?
1357 4249 1498 4304 Nihil
1527 4252 1670 4306 enim
1699 4254 1824 4308 hinc
1870 4263 1988 4309 erat
2015 4254 2133 4325 lege

543 4347 890 4410 prteceptum.
923 4338 992 4392 Et
1018 4340 1199 4395 statim
1236 4340 1362 4395 dum
1392 4343 1721 4411 sustinebat,
1765 4355 1790 4386 ο
1839 4349 2133 4405 exstinctus
2188 4405 2192 4408 .

545 4441 658 4498 est;
684 4448 791 4487 non
821 4433 965 4501 quia,
999 4441 1058 4486 ut
1076 4433 1316 4498 videtur,
1349 4434 1415 4488 ad
1443 4435 1676 4504 speciem
1701 4440 2004 4494 contumaci
2035 4442 2134 4496 ali-

545 4525 673 4594 quid
719 4533 810 4578 aut
855 4522 1152 4578 inofficiosa
1197 4527 1386 4582 saltem
1435 4536 1615 4583 mente
1663 4533 2011 4596 commiserit,
2038 4535 2133 4588 sed

2238 3331 2320 3384 cie
2341 3344 2461 3384 esse
2483 3330 2672 3397 proba,
2709 3329 2869 3382 rebus
2904 3335 3031 3380 sunt
3082 3327 3324 3381 exitiosis
3370 3327 3830 3395 pestilentissima.

2236 3420 2368 3473 Nam
2421 3435 2542 3472 cum
2581 3419 2689 3472 duo
2728 3418 2837 3471 sint
2879 3417 3113 3471 maxima
3157 3416 3319 3481 mala,
3353 3416 3405 3470 id
3445 3425 3548 3482 est,
3581 3418 3628 3472 si
3666 3418 3832 3474 homo

2237 3519 2330 3565 aut
2350 3527 2408 3566 se
2438 3511 2611 3580 ipsum
2640 3510 2908 3580 perimat,
2938 3515 3032 3563 aut
3060 3509 3229 3564 Deum
3267 3510 3457 3576 laedat;
3486 3511 3592 3565 hoc
3618 3519 3828 3566 utrum-

2237 3617 2342 3671 que
2391 3603 2445 3656 in
2502 3601 2640 3657 ludis
2689 3601 2916 3672 publicis
2955 3601 3149 3671 agitur.
3183 3600 3317 3655 Nam
3346 3617 3444 3672 per
3472 3603 3832 3673 turpitudines

2239 3698 2552 3753 criminosas
2579 3704 2782 3751 aeterna
2804 3695 2912 3749 illic
2938 3694 3082 3749 salus
3101 3689 3415 3749 Christianze
3435 3695 3608 3765 plebis
3629 3697 3830 3750 exstin-

2237 3789 2432 3858 guitur,
2466 3796 2520 3842 et
2561 3803 2659 3857 per
2685 3787 2972 3855 sacrilegas
2999 3786 3410 3855 superstitiones
3449 3786 3702 3855 majestas
3747 3787 3829 3840 di-

2235 3881 2360 3932 vina
2415 3879 2663 3933 violatur.
2725 3878 2953 3931 Dubium
3000 3879 3144 3932 enim
3196 3895 3304 3934 non
3350 3885 3432 3933 est
3461 3879 3607 3948 quod
3631 3877 3828 3934 lteduut

2237 3971 2424 4034 Deum,
2457 3977 2645 4039 utpote
2678 3969 2838 4023 idolis
2881 3980 3228 4024 consecrate.
3261 3969 3469 4025 Colitur
3513 3986 3745 4040 namque
3773 3981 3827 4025 et

2235 4064 2535 4117 honoratur
2577 4061 2815 4116 Minerva
2858 4063 2913 4116 iu
2953 4065 3262 4134 gymnasiis,
3295 4062 3476 4117 Venus
3505 4064 3556 4116 in
3582 4063 3822 4128 theatris,

2236 4153 2513 4222 Neptunus
2537 4153 2591 4206 in
2620 4151 2796 4218 circis,
2829 4152 2972 4207 Mars
3002 4154 3054 4208 in
3084 4155 3279 4219 arenis,
3313 4153 3606 4208 Mercurius
3647 4155 3700 4206 in
3727 4169 3824 4224 pa-

2235 4245 2460 4310 lmstris;
2492 4251 2545 4298 et
2571 4244 2693 4299 ideo
2715 4260 2814 4313 pro
2843 4245 3103 4312 qualitate
3132 4253 3410 4300 auctorum
3440 4245 3609 4300 cultus
3632 4253 3714 4298 est
3734 4260 3826 4299 su-

2235 4338 2632 4408 perstitionum.
2700 4335 2969 4405 Quidquid
3022 4339 3479 4394 immunditiarum
3539 4345 3658 4399 est,
3719 4337 3824 4392 hoc

2235 4435 2518 4484 exercetur
2544 4429 2596 4482 in
2626 4429 2878 4492 theatris;
2910 4429 3165 4497 quidquid
3187 4430 3543 4493 luxuriarum,
3577 4429 3628 4481 in
3657 4427 3823 4497 palze-

2237 4521 2400 4587 stris;
2443 4520 2701 4590 quidquid
2759 4520 3240 4584 immodcrationis,
3275 4521 3327 4576 in
3354 4521 3539 4586 circis;
3567 4520 3824 4590 quidquid

546 4617 662 4686 ipso
707 4613 885 4670 officio
915 4614 1242 4674 inoﬂiciosus
1277 4618 1377 4673 fuit
1404 4621 1495 4690 qui
1525 4620 1726 4690 injussa
1772 4628 2129 4695 ρι-ωειιωρείι,
2158 4616 2213 4677 D
2235 4612 2450 4678 furoris,
2475 4612 2531 4666 in
2559 4612 2756 4668 caveis.
2784 4612 2922 4666 Alibi
2943 4618 3027 4665 est
3056 4611 3407 4680 impudicitia,
3426 4612 3552 4666 alibi
3583 4612 3820 4677 lascivia,

545 4706 722 4760 Homo
765 4706 1072 4762 Israelitica:
1099 4709 1270 4778 plebis
1309 4726 1431 4766 cum
1459 4712 1601 4780 ligna
1631 4713 1865 4770 sabbatis
1885 4717 2132 4787 collegis-

545 4805 646 4862 set,
679 4798 891 4852 occisus
910 4806 993 4853 est
1021 4797 1207 4869 (Num.
1239 4817 1328 4866 xv,
1361 4801 1430 4856 52
1457 4803 1655 4875 seqq.);
1687 4813 1744 4860 et
1771 4807 1902 4871 hoc,
1929 4806 2131 4876 judicio

543 4889 774 4958 acjussu
796 4890 912 4956 Dei,
943 4890 1167 4959 piissimi
1186 4893 1392 4948 scilicet
1433 4910 1498 4950 ac
1529 4895 2014 4954 misericordissimi
2037 4900 2129 4969 ju-

542 4979 694 5047 dicis,
725 4992 780 5039 et
805 4984 896 5054 qui
918 4997 1142 5054 parcere
1169 4985 1374 5056 absque
1392 4984 1555 5042 dubio
1575 5004 1736 5058 quam
1752 4990 1998 5047 occidere
2010 5009 2126 5048 ma-

2235 4708 2360 4763 alibi
2409 4706 2841 4776 intemperantia,
2895 4704 3021 4757 alibi
3062 4704 3266 4758 insania
3303 4705 3538 4772 :ubique
3589 4705 3820 4769 dxemon,

2236 4801 2399 4854 immo
2427 4814 2524 4869 per
2549 4797 2759 4864 singula
2783 4795 3111 4850 ludicrorum
3140 4795 3254 4850 loca
3273 4837 3287 4862 ,
3330 4796 3579 4850 universa
3619 4795 3821 4850 dmino-

2235 4912 2362 4950 num
2389 4902 2648 4949 monstra.
2673 4878 2970 4948 Prtesident
2997 4891 3140 4945 enim
3181 4890 3396 4944 sedibus
3418 4905 3516 4944 suo
3537 4889 3702 4943 cultui
3723 4889 3820 4941 de-

2235 4989 2442 5048 dicatis.
2485 4986 2562 5041 Ac
2580 5000 2680 5056 per
2705 4985 2810 5039 hoc
2828 4985 2881 5039 in
2914 4981 3232 5053 spectaculis
3260 4980 3556 5036 istiusmodi
3578 4996 3684 5035 non
3704 4979 3821 5034 sola

1720 5099 2060 5158 STEPHANI
2097 5100 2370 5160 BALUle
2405 5095 2634 5152 ΝΟΤᾸΕ.

615 5200 639 5227 ι
671 5191 988 5248 Redundare
1031 5193 1264 5248 arbitror
1291 5207 1453 5249 voces
1482 5193 1598 5248 illas
1625 5201 1680 5248 et
1706 5195 2127 5252 admonitionem

589 5275 676 5336 sse_
688 5261 920 5327 librarii;
950 5264 1042 5336 qui
1071 5279 1192 5318 cum
1221 5264 1516 5336 ambigeret
1541 5264 1795 5336 quidnam
1827 5269 2002 5336 potius
2041 5268 2123 5322 le-

589 5275 660 5312 'se
689 5275 920 5327 uurarn;
950 5278 1042 5332 qut
1071 5279 1192 5318 cum
1221 5275 1514 5333 ambigeret
1541 5275 1795 5332 quidnam
1827 5275 2002 5336 potius
2042 5275 2123 5322 le-

522 5275 937 5408 gendumesset
965 5333 1018 5385 in
1048 5335 1338 5405 exemplari
1367 5349 1475 5408 quo
1504 5334 1550 5408 is_
1583 5335 1850 5408 utebatur,
1874 5339 2123 5408 prodigis,

520 5397 612 5451 ian
632 5400 972 5475 prodigiosis,
1000 5397 1284 5475 utrumque
1305 5397 1504 5475 posuit,
1537 5404 1725 5460 lectori
1742 5397 1998 5475 judicium
2024 5397 2122 5461 "in;

541 5470 752 5545 tegi-um
773 5470 1098 5545 relinquens.
1120 5470 1262 5529 idem
1301 5470 1446 5545 enim
1475 5476 1665 5531 accidit
1690 5470 1759 5530 in'
1771 5476 1909 5531 libro
1929 5485 2124 5545 quarto

542 5537 800 5616 adversus
820 5537 1134 5608 Avaritiam,
1152 5558 1272 5612 pag.
1290 5543 1414 5616 282,
1433 5545 1500 5599 ad
1521 5546 1669 5600 illum
1690 5545 1888 5616 locum,
1904 5537 2126 5616 quadam

541 5609 830 5684 gdjectione
868 5609 1308 5684 conantur-[cum
1349 5609 1409 5668 in
1444 5616 1730 5672 recentiori
1759 5609 1947 5670 codice
1976 5616 2123 5684 regio

541 5679 752 5758 legatur
773 5681 1010 5758 _quqdam
1030 5681 1298 5758 allectique
1321 5685 1398 5738 uel
1418 5687 1728 5758 allegatione
1755 5694 2025 5739 conantur.
2039 5679 2130 5738 'lta

542 5751 744 5825 pariter
772 5752 823 5805 in
868 5751 1147 5808 Vincentio
1175 5752 1459 5820 Lirinensi,
1493 5751 1638 5812 num.
1671 5756 1761 5820 30,
1781 5771 1886 5825 .pro
1923 5764 2132 5825 sanctus

544 5818 820 5894 Gregorius
841 5826 1106 5896 epismpus
1127 5833 1174 5877 et
1196 5818 1458 5898 confessor
1478 5828 1541 5880 de
1564 5825 1613 5877 Ν
1620 5818 1770 5878 azian
1780 5818 1836 5877 io
1859 5826 2051 5893 legitur
2079 5824 2132 5878 in

2231 5193 2508 5251 codicibus
2552 5206 2716 5244 manu
2754 5187 2965 5257 scriptis
3011 5185 3277 5257 confesgor
3306 5183 3696 5257 d_e_1_anzando
3745 5189 3818 5240 vel

2232 5262 2500 5318 Nazabos.
2545 5259 2682 5314 Vide
2721 5253 2880 5314 notas
2899 5256 2964 5310 ad
2992 5253 3148 5324 epist.
3181 5253 3216 5307 5
3244 5262 3300 5309 et
3329 5254 3434 5308 122
3457 5256 3593 5326 Lupi
3625 5255 3816 5310 [πειτα-

2232 5350 2443 5389 τιεηειε.

2302 5404 2331 5444 δ
2360 5403 2495 5478 nde
2523 5401 2658 5478 infra
2677 5412 2799 5478 pas:
2828 5393 2948 5478 n.9-
2976 5466 3009 5478 .,
3062 5465 3076 5478 .
3244 5468 3255 5478 .
3541 5465 3580 5478 ,,

2311 5486 2334 5514 ε
2369 5465 2714 5529 Brassicanus
2758 5465 2835 5521 ita
2887 5465 3015 5532 legit
3062 5465 3204 5523 hunc
3241 5468 3419 5524 locum
3479 5485 3490 5520 :
3533 5465 3604 5519 Et
3644 5469 3817 5520 statim

2231 5547 2353 5598 dum
2384 5540 2583 5596 tenebat
2608 5553 2898 5610 percussus
2937 5544 3030 5590 est.
3085 5535 3324 5610 Utraque
3354 5537 3512 5593 lectio
3540 5537 3681 5591 bona
3712 5547 3813 5592 est.

2230 5615 2364 5669 Nam
2398 5612 2475 5666 sic
2519 5608 2709 5677 legitur
2739 5609 2790 5661 in
2841 5608 2975 5662 libro
3019 5608 3256 5664 secundo
3295 5609 3518 5676 Regum,
3545 5623 3666 5676 cap.
3715 5624 3765 5662 v1
3797 5648 3823 5676 ._

2236 5683 2510 5752 Iratusgue
2535 5690 2612 5733 est
2656 5679 3012 5750 indignatione
3037 5679 3291 5734 Dominus
3329 5690 3507 5737 contra
3545 5677 3817 5752 Ommatet

2235 5747 2482 5825 percussit
2519 5767 2654 5825 eum_
2680 5747 2832 5825 super
2881 5752 3175 5817 temeritate,
3225 5753 3309 5821 qui
3356 5761 3584 5808 mortuus
3623 5760 3699 5802 est
3745 5747 3818 5804 ibi

2228 5819 2382 5894 juxta
2410 5838 2584 5875 arcam
2613 5819 2728 5880 Dei.
