4234 6262
249 408 357 467 ωδ
1326 400 1415 458 ω
1450 394 1921 458 θυεειιιλπω

1836 394 1979 452 IJNE
2016 394 2128 451 DEI
2166 392 2293 455 LIB.
2340 394 2420 451 Vl.
3406 392 3508 450 η·

251 523 531 581 «toribus
577 521 780 585 timor,
838 534 905 575 ne
949 522 1128 588 posset
1189 530 1308 572 esse
1363 515 1590 571 cautela.
1645 513 1830 581 itaque
1855 514 1900 573 Α
1931 509 2059 578 quid
2103 515 2254 578 petas
2301 521 2411 561 non
2451 503 2828 561 considerare?
2868 509 2960 558 aut
2997 503 3127 573 quid
3169 509 3277 559 tam
3314 503 3509 576 perditi

252 614 515 673 Barbarie
557 625 699 685 pene
742 615 797 669 in
839 618 1131 682 conspectu
1183 610 1421 665 mnium
1465 608 1600 672 sitis,
1657 605 1834 661 utullus
1938 602 2093 657 luxus
2114 614 2275 669 quam
2305 599 2357 652 in
2386 597 2641 652 luctures
2664 594 2968 651 desiderare
2993 594 3511 665 luxurim?autquid

258 716 383 766 erat
403 716 579 763 metus
604 706 908 769 hominum,
939 716 1047 757 non
1075 701 1321 758 custodia
1338 700 1635 756 civitatum.
1663 696 1833 751 Tanta

259 799 561 855 animarum
610 797 694 852 vel
741 794 919 866 potius
952 800 1301 863 peccatorum
1341 790 1553 847 caeltas
1597 788 1723 852 fuit,
1777 793 1835 840 ut

262 905 389 946 clm
414 890 615 958 absque
631 887 793 943 dubio
818 885 996 940 nullus
1023 883 1201 954 perire
1224 882 1404 947 vellet,
1435 880 1613 936 nullus
1656 886 1833 933 tamen

264 979 320 1035 id
348 986 527 1048 ageret
555 993 627 1032 ne
653 976 870 1047 periret.
904 974 1100 1029 Totum
1126 972 1329 1028 incuria
1357 979 1413 1026 et
1440 970 1723 1039 segnities,
1755 976 1838 1023 to-

266 1076 380 1124 tum
401 1069 716 1136 negligentia
748 1074 802 1121 et
822 1066 968 1134 gula,
998 1073 1167 1120 totum
1190 1064 1424 1119 ebrietas
1443 1069 1499 1117 et
1526 1060 1835 1117 somnolen-

265 1159 337 1213 tia
360 1158 702 1228 possidebant
724 1174 738 1222 ;
762 1156 1054 1211 secundum
1081 1154 1210 1208 illud
1228 1153 1433 1207 scilicet
1453 1151 1597 1220 quod
1617 1150 1686 1204 de
1714 1149 1834 1203 tali-

262 1248 359 1305 bus
374 1250 635 1319 scriptum
664 1254 749 1303 est
782 1266 795 1301 ι
831 1245 966 1311 Quia
1010 1262 1163 1317 sopor
1199 1244 1408 1299 Domini
1436 1246 1668 1298 inruere!
1689 1258 1838 1311 super

263 1356 348 1395 eos
374 1339 604 1412 (HReg.
640 1356 785 1403 xxvi,
819 1338 929 1408 l9).
972 1338 1146 1407 Sopor
1189 1337 1388 1406 quippe
1425 1334 1739 1398 infunditur,
1783 1342 1840 1387 ut

265 1431 485 1502 perditio
512 1431 890 1501 subsequatur.
909 1427 1043 1483 Cum
1064 1428 1229 1494 enim,
1242 1435 1300 1481 ut
1318 1427 1572 1495 scriptum
1592 1432 1672 1478 est
1685 1422 1838 1494 (Gen.

266 1536 409 1586 xvut,
438 1520 553 1593 20),
584 1520 864 1591 completis
892 1518 1262 1588 iniquitatibus
1307 1516 1419 1571 suis
1444 1524 1694 1586 peccator
1720 1514 1841 1583 quis

269 1619 504 1666 meretur
529 1620 591 1666 ut
615 1619 822 1682 pereat,
849 1609 1186 1681 providentia
1216 1608 1284 1662 ab
1305 1622 1372 1662 eo
1400 1606 1603 1661 tollitur
1627 1621 1693 1667 ne
1713 1620 1833 1675 per-

270 1703 438 1759 iturus
464 1704 668 1758 evadat.
699 1703 804 1759 Sed
841 1703 957 1757 lucc
979 1702 1257 1756 hactenus.
1281 1698 1424 1754 Satis
1454 1699 1615 1762 enim,
1657 1706 1715 1751 ut
1751 1711 1837 1750 ar-

273 1789 457 1857 bitror,
478 1792 619 1861 quod
639 1792 893 1863 proposui
920 1791 1193 1846 evidenter
1213 1789 1440 1854 ostendi,
1464 1803 1534 1843 ne
1561 1789 1612 1842 in
1634 1801 1840 1842 summa

1936 691 2201 746 cruentius
2239 703 2401 758 quam
2428 688 2480 742 in
2510 687 2665 741 malis
2693 700 2815 741 esse
2837 685 3177 740 etmalorum
3205 686 3508 754 intelligen-

1938 783 2065 836 tiam
2092 797 2201 836 non
2219 780 2455 857 habere?
2476 777 2789 847 Quanquam
2810 777 2865 831 iu
2883 776 2967 831 bis
2989 776 3239 832 omnibus
3256 777 3401 831 nulla
3421 792 3512 831 res

1935 875 2111 930 minus
2156 871 2417 942 culpanda
2445 877 2529 924 est
2573 883 2739 938 quam
2779 866 3013 921 amentia
3040 885 3052 920 :
3082 866 3207 935 quia
3261 866 3513 923 voluntas

1936 961 2165 1020 crimeu'
2182 979 2291 1018 non
2340 961 2525 1025 habet,
2550 960 2641 1015 ubi
2670 957 2851 1013 furore
2872 964 3143 1028 peccatur.
3192 956 3311 1024 Quo
3339 957 3512 1025 magis

1936 1059 2020 1114 bis
2036 1058 2104 1114 de
2127 1057 2326 1127 quibus
2349 1054 2618 1123 loquimur
2644 1050 2929 1108 accusandi
2953 1059 3095 1117 sunt,
3126 1051 3251 1119 quia
3278 1050 3395 1105 sani
3422 1051 3508 1105 in—

1937 1150 2233 1206 saniebaut.
2262 1146 2543 1202 Circenses
2569 1157 2697 1212 ergo
2728 1142 2946 1197 Treveri
2966 1141 3297 1207 desideratis,
3327 1149 3385 1196 et
3405 1141 3511 1197 hoe

1936 1246 2149 1309 vastati,
2172 1244 2275 1297 hoc
2302 1239 2609 1309 expugnati,
2639 1243 2762 1307 post
2781 1234 3007 1301 cladem,
3029 1240 3153 1303 post
3178 1233 3509 1302 sanguinem,

1938 1344 2063 1407 post
2088 1333 2366 1403 supplicia,
2397 1338 2521 1400 post
2538 1327 2923 1398 captivitatem,
2949 1331 3073 1395 post
3095 1330 3177 1378 tot
3203 1337 3401 1377 evers'e
3420 1338 3510 1405 ur-_-

1939 1398 2020 1480 bis
2049 1398 2300 1478 excidia?
2340 1398 2477 1486 Quid
2509 1416 2901 1489 lacrymabilius
2946 1415 3047 1469 hac
3086 1412 3342 1475 stultitia,
3385 1398 3515 1480 quid

1940 1514 2234 1570 luctuosius
2259 1512 2361 1566 bac
2387 1508 2658 1564 amentia?
2680 1506 2892 1570 Fateor,
2923 1504 3249 1559 miserrimos
3277 1516 3395 1556 esse
3416 1516 3512 1556 vos

1941 1607 2143 1663 credidi
2170 1620 2290 1660 cum
2338 1600 2544 1656 excidia
2573 1598 2715 1669 passi
2761 1597 2927 1661 estis;
2954 1595 3049 1650 sed
3094 1594 3397 1653 miseriores
3416 1606 3513 1647 vos

1941 1698 2098 1763 video
2117 1712 2237 1751 cum
2268 1690 2572 1763 spectacula
2614 1688 2915 1759 postulatis.
2961 1684 3217 1739 Putabam
3256 1684 3397 1737 enim
3415 1697 3512 1736 vos

1944 1762 1995 1842 in
2019 1785 2239 1842 excidiis
2262 1762 2377 1836 rem
2402 1787 2606 1834 tantum
2627 1786 2789 1849 atq-ue
2808 1777 3186 1839 substantiam;
3210 1774 3512 1829 nesciebam

276 1882 487 1950 quidem
538 1900 713 1939 rerum
766 1883 1073 1939 discrimine
1131 1882 1283 1953 135
1326 1895 1568 1935 cessasse
1615 1892 1843 1946 unquam
1874 1879 1922 1940 ι
1948 1880 2110 1932 etiam
2138 1888 2351 1930 sensum
2374 1880 2537 1940 atque
2566 1868 2967 1937 intelligentiam
3012 1864 3322 1936 perdidisse.
3349 1864 3517 1917 Thea.

284 1972 410 2026 vitia
438 1970 622 2035 civium
649 1989 816 2042 usque
846 1974 914 2027 ad
951 1972 1156 2027 excidia
1191 1972 1483 2026 civitatum.
1630 2034 1637 2041 _

350 2059 461 2115 XV.
496 2062 661 2131 Atque
680 2064 794 2118 haec
806 2062 1021 2118 fuerunt
1048 2061 1290 2126 fortasse,
1303 2059 1414 2129 iam
1441 2073 1549 2112 non
1576 2064 1719 2123 sunt,
1742 2064 1839 2109 aut

290 2163 517 2217 unquam
546 2166 658 2205 esse
683 2152 984 2206 cessabunt.
1012 2150 1302 2211 Videlicet,
1332 2149 1375 2203 si
1404 2164 1505 2218 qua
1535 2148 1710 2203 adhuc
1735 2148 1834 2202 ho-

272 2238 373 2292 ’die
400 2248 494 2292 aut
519 2241 699 2295 civitas
719 2248 810 2295 aut
836 2241 1106 2310 provincia
1134 2240 1216 2294 vel
1238 2240 1403 2309 plagis
1427 2240 1730 2299 caelestibus
1748 2252 1845 2293 cm-

280 2330 446 2396 ditur,
496 2333 572 2387 vel
604 2333 798 2403 hostili
839 2333 1184 2403 populatione
1210 2339 1471 2397 vastatur;
1509 2330 1843 2395 bumiliatur,

271 2422 617 2487 convertitur,
633 2424 963 2497 emendatur,
976 2431 1031 2478 et
1048 2438 1154 2478 non
1174 2430 1395 2479 cunctos
1426 2422 1594 2477 ferme
1615 2406 1846 2493 Romani

264 2509 499 2565 nominis
524 2511 751 2582 populos
774 2514 921 2583 prius
948 2512 1031 2567 est
1058 2514 1281 2570 interire
1302 2530 1465 2584 quam
1492 2515 1708 2583 corrigi,
1733 2528 1843 2568 non

260 2598 405 2669 prius
424 2600 573 2670 ipsos
584 2616 740 2672 quam
750 2603 803 2658 in
815 2603 943 2674 ipsis
961 2604 1091 2659 vitia
1110 2620 1221 2659 non
1241 2621 1378 2664 esse.
1398 2607 1638 2675 Denique
1656 2606 1845 2671 idbrer

266 2691 400 2748 viter
429 2694 647 2763 probari
659 2697 1025 2765 potestexcisa
1047 2696 1471 2763 tercontinuatis
1482 2695 1847 2751 eversionibus

266 2793 290 2820 λ
322 2800 529 2840 summa
569 2786 699 2841 urbe
743 2786 1037 2854 Gallorum,
1072 2803 1195 2843 cum
1233 2788 1411 2841 omnis
1433 2788 1619 2842 civitas
1637 2787 1848 2840 bustum

264 2881 428 2937 esset,
460 2875 615 2929 malis
654 2884 709 2929 et
743 2884 867 2945 post
904 2875 1116 2930 excidia
1138 2876 1523 2933 crescentibus.
1555 2875 1686 2929 Nam
1714 2891 1849 2945 quos

264 2961 443 3017 hostis
468 2963 520 3016 in
548 2958 758 3018 excidio
798 2979 906 3019 non
944 2965 1239 3030 occiderat,
1267 2972 1392 3034 post
1411 2965 1672 3020 excidium
1696 2966 1841 3020 cala-

264 3053 437 3107 mitas
480 3054 777 3119 obruebat;
823 3071 942 3110 cum
981 3056 1035 3109 id
1075 3057 1219 3125 quod
1268 3057 1323 3111 in
1366 3057 1577 3113 eXeidio
1604 3067 1843 3114 evaserat

264 3143 462 3209 morti,
483 3151 608 3213 post
627 3145 889 3200 excidium
910 3156 1017 3201 non
1039 3155 1341 3215 superesset
1362 3148 1665 3202 calamitati.
1697 3150 1843 3205 Alios

1945 1982 2026 2027 tra
2054 1971 2215 2039 igitur
2234 1964 2493 2037 qumritis,
2520 1964 2721 2016 circum
2760 1976 2790 2013 a
2834 1958 3163 2029 principibus
3190 1957 3512 2039 postulatis?

1942 2062 2061 2125 Cui,
2078 2034 2289 2130 quaeso,
2311 2053 2492 2119 statui,
2521 2053 2607 2107 cui
2630 2051 2848 2121 populo,
2863 2050 2950 2104 cui
2969 2048 3207 2106 civitati?
3230 2034 3360 2102 Urbi
3381 2062 3511 2101 exu-

1942 2161 2037 2208 stas
2065 2166 2129 2205 ac
2154 2146 2398 2220 perditzc,
2418 2144 2561 2215 plebi
2590 2144 2811 2212 captivae
2832 2150 2885 2196 ct
2905 2143 3256 2210 interempta},
3272 2154 3390 2209 quas
3417 2148 3511 2193 aut

1941 2242 2100 2313 periit
2127 2246 2218 2294 aut
2240 2240 2418 2305 luget;
2445 2235 2511 2289 de
2532 2249 2635 2303 qua
2655 2235 2817 2289 etiam
2837 2234 2880 2286 si
2909 2233 3036 2301 quid
3059 2238 3320 2302 superest,
3346 2237 3513 2285 totum

1943 2332 2263 2390 calamitatis
2315 2335 2443 2394 est;
2490 2340 2608 2395 quae
2666 2332 2855 2380 cuncta
2900 2332 2991 2378 aut
3032 2320 3391 2377 mmstitudine
3436 2330 3513 2376 est

1944 2424 2123 2488 anxia,
2152 2428 2245 2475 aut
2270 2418 2523 2490 lacrymis
2539 2417 2817 2480 exhausta,
2850 2423 2940 2469 aut
2962 2413 3188 2468 orbitate
3214 2404 3514 2482 prostrata;

1943 2518 1998 2571 in
2045 2528 2148 2584 qua
2187 2512 2393 2567 nescias
2438 2524 2576 2580 pene
2605 2508 2757 2577 cujus
2802 2508 2871 2562 sit
2908 2522 3026 2561 sors
3054 2506 3288 2574 pcjorac
3313 2502 3516 2567 durior,

1946 2606 2349 2663 interfectorum
2401 2618 2468 2655 an
2497 2601 2832 2655 viventium?
2865 2599 3046 2652 Tanta:
3086 2596 3226 2651 enim
3253 2601 3378 2647 sunt
3414 2592 3514 2645 mi-

1944 2700 2097 2755 seria:
2124 2696 2493 2766 superstitum,
2522 2701 2582 2748 ut
2614 2691 2978 2746 infelicitatem
3021 2688 3245 2743 vicerint
3278 2692 3513 2739 mortuo-

1944 2805 2080 2844 rum.
2104 2785 2331 2842 Ludicra
2350 2798 2477 2854 ergo
2498 2784 2708 2854 publica
2731 2781 2928 2835 Trever
2953 2778 3123 2849 petis?
3153 2776 3272 2842 Ubi,
3300 2787 3502 2844 quaso,

1946 2877 2282 2935 exercenda?
2323 2891 2391 2930 an
2425 2889 2586 2945 super
2612 2875 2768 2929 busta
2806 2878 2862 2925 et
2890 2870 3115 2942 cineres,
3138 2881 3295 2938 super
3316 2871 3516 2941 ossaet

1947 2969 2259 3039 sanguinem
2305 2963 2748 3037 peremptorum?
2774 2960 2901 3027 Qua:
2941 2960 3087 3031 enim
3102 2958 3247 3013 urbis
3285 2972 3409 3027 pars
3436 2955 3517 3011 his

1946 3062 2100 3117 malis
2120 3060 2367 3116 omnibus
2389 3058 2579 3113 vacat?
2607 3056 2757 3128 137
2782 3053 2883 3108 Ubi
2906 3068 3012 3108 non
3051 3068 3211 3108 cruor
3236 3051 3403 3114 fusus,
3426 3050 3517 3106 ubi

1947 3171 2056 3210 non
2078 3161 2245 3210 strata
2270 3167 2518 3223 corpora,
2541 3151 2631 3205 ubi
2659 3163 2767 3204 non
2802 3147 3136 3203 concisorum
3169 3145 3407 3201 membra
3446 3143 3518 3198 Ia-

267 3236 415 3290 enim
443 3234 700 3306 impressa
745 3237 903 3291 altius
948 3239 1166 3292 vulnera
1207 3239 1378 3306 longis
1398 3240 1659 3294 mortibus
1687 3256 1846 3296 neca-
1871 3240 1923 3307 ὓ
1948 3248 2167 3301 cerata?
2198 3245 2405 3314 Ubique
2434 3244 2597 3298 facies
2615 3250 2787 3312 captae
2806 3239 2976 3304 urbis,
2998 3237 3194 3307 ubique
3212 3237 3405 3291 horror
3426 3250 3517 3290 ca-
3546 3244 3553 3248 ’

260 3326 420 3403 bant,
472 3327 610 3383 alios
654 3328 927 3383 ambustas
961 3329 1197 3383 hostium
1242 3328 1473 3384 ﬂammis
1515 3331 1674 3384 etiam
1719 3340 1845 3402 post

264 3412 508 3470 ﬂammas
547 3429 706 3485 poma
745 3416 1044 3485 torquebat.
1080 3408 1183 3471 Alii
1226 3410 1515 3473 interibant
1545 3419 1685 3473 fame
1706 3460 1723 3485 ,
1752 3421 1844 3474 alii

263 3505 529 3572 nuditate,
579 3498 670 3560 alii
711 3506 1072 3572 tabescentes,
1124 3492 1212 3561 alii
1253 3509 1528 3577 rigentes:
1562 3524 1629 3564 ao
1664 3510 1741 3564 sic
1788 3510 1843 3564 in

262 3611 429 3651 unum
467 3596 669 3680 exitum
720 3597 915 3651 mortis
960 3612 1059 3667 per
1100 3597 1314 3680 diversa
1357 3600 1619 3654 moriendi
1646 3615 1844 3670 genera

263 3675 616 3757 conmebant.
649 3683 714 3739 Et
733 3687 860 3755 quid
881 3687 1070 3756 plura?
1096 3674 1319 3743 Excidio
1348 3690 1505 3744 unius
1536 3692 1678 3745 urbis
1705 3690 1845 3746 allii-

262 3768 530 3847 gebantur
570 3792 785 3846 quoque
828 3778 945 3832 alia:
983 3778 1247 3834 civitates.
1290 3780 1543 3837 Jacebant
1585 3784 1845 3852 siquidem

260 3868 489 3939 passim,
513 3868 656 3936 quod
676 3868 791 3937 ipse
811 3868 917 3922 vidi
938 3875 1105 3949 atque
1129 3857 1376 3949 sustinui,
1398 3872 1671 3942 utriusque
1684 3889 1846 3928 sexus

262 3950 525 4031 cadavera
550 3958 709 4021 nuda,
740 3946 943 4024 lacera,
966 3948 1112 4014 urbis
1140 3946 1323 4017 Oculos
1349 3946 1692 4035 incestantia,
1731 3966 1846 4019 avi-

261 4049 365 4119 bus
405 4046 731 4115 canibusque
768 4049 984 4103 laniata.
1032 4038 1174 4107 Lues
1212 4062 1326 4107 erat
1352 4042 1660 4120 viventium,
1687 4042 1846 4111 fmtor

261 4132 529 4215 funereus
556 4147 904 4193 mortuorum.
920 4134 1063 4198 Mors
1089 4143 1156 4199 de
1182 4153 1354 4200 morte
1382 4147 1845 4203 exbalabatur.~Ac

261 4233 362 4298 sic,
396 4233 559 4287 etiam
588 4226 677 4301 qui
706 4222 931 4287 excidiis
952 4250 1109 4306 supra
1136 4237 1291 4293 dicta:
1341 4240 1487 4294 urbis
1530 4256 1638 4294 non
1680 4241 1846 4295 inter-

256 4325 493 4387 fuerant,
516 4324 654 4376 mala
682 4314 845 4377 alieni
868 4314 1060 4380 excidii
1086 4320 1446 4397 perferebant.
1469 4328 1535 4382 Et
1566 4330 1694 4397 quid
1722 4338 1853 4398 post

258 4416 396 4477 haec,
422 4415 660 4482 inquam,
692 4406 824 4483 quid
864 4422 987 4484 post
1024 4408 1137 4472 lucc
1189 4419 1405 4472 omnia?
1434 4417 1563 4484 Quis
1581 4420 1846 4474 aestimare

259 4502 370 4557 hoc
402 4496 649 4557 amentiis
688 4518 857 4571 genus
878 4496 1089 4574 possit?
1109 4493 1274 4561 Pauci
1296 4496 1503 4561 nobiles
1524 4508 1616 4575 qui
1636 4508 1843 4565 excidio

1945 3338 2225 3407 ptivitatis,
2248 3338 2447 3405 ubique
2492 3336 2665 3404 imago
2703 3334 2911 3389 mortis.
2942 3330 3130 3386 lacent
3160 3329 3397 3397 reliquiae
3436 3328 3518 3382 in-

1941 3428 2257 3483 felicissimae
2308 3428 2480 3498 plebis
2550 3442 2711 3497 super
2795 3423 3031 3480 tumulos
3076 3430 3099 3459 ο
3149 3420 3519 3475 defunctorum

1945 3532 2199 3584 suorum,
2240 3525 2296 3572 et
2342 3525 2401 3572 tu
2440 3518 2707 3572 circenses
2743 3515 2933 3582 rogas?
2961 3513 3119 3579 Nigra
3165 3517 3247 3564 est
3275 3509 3520 3564 incendio

1944 3607 2149 3673 civitas,
2207 3612 2263 3662 et
2313 3614 2373 3660 tu
2419 3607 2622 3659 vultum
2677 3601 2977 3656 feStivitatis
3029 3599 3283 3666 usurpas?
3315 3597 3519 3664 Lugent

1944 3706 2164 3763 cuncta,
2198 3704 2253 3749 tu
2283 3697 2436 3748 lzetus
2464 3708 2540 3747 es.
2585 3692 2805 3759 Insuper
2857 3690 3019 3744 etiam
3061 3686 3343 3740 inlecebris
3373 3684 3519 3751 ﬂagi»

1944 3785 2245 3841 tiosissimis
2273 3784 2440 3835 Deum
2468 3793 2761 3850 provocas,
2791 3786 2845 3830 et
2889 3773 3352 3844 superstitionibus
3399 3787 3518 3841 pes-

1951 3875 2103 3930 simis
2131 3874 2265 3927 iram
2292 3870 2593 3925 Divinitatis
2622 3868 2825 3920 inritas.
2857 3865 2971 3919 Non
3000 3863 3166 3916 miror
3191 3859 3370 3929 plane,
3403 3876 3507 3914 non

1944 3966 2111 4020 miror
2153 3963 2246 4017 tibi
2285 3944 2526 4017 evenisse
2564 3957 2703 4013 mala
2730 3971 2849 4026 qum
2892 3940 3179 4009 consecuta
3208 3957 3350 4004 sunt.
3382 3949 3514 4003 Nam

1944 4058 2068 4127 quia
2108 4063 2163 4110 te
2209 4055 2312 4109 tria
2353 4051 2560 4108 excidia
2590 4066 2697 4106 non
2726 4052 3091 4111 correxerunt,
3121 4050 3312 4117 quarto
3340 4041 3516 4115 perire

1944 4148 2202 4203 meruisti.
3118 4210 3123 4213 _
3324 4208 3329 4209 ί

2015 4224 2149 4291 XV‘l.
2192 4220 2317 4290 Haec
2355 4241 2536 4287 autem
2563 4232 2741 4286 omnia
2770 4231 2892 4284 ideo
2919 4228 3189 4298 copiosius
3209 4226 3366 4296 paulo
3387 4242 3518 4296 pro—

1945 4330 2050 4384 lata
2079 4336 2220 4393 sunt,
2250 4334 2315 4381 ut
2336 4325 2684 4395 probaremus
2710 4321 2913 4378 scilicet
2939 4320 3115 4375 omnia
3144 4332 3262 4386 qua:
3289 4317 3515 4385 pertuli-

1944 4437 2082 4484 mus,
2114 4435 2223 4477 non
2253 4415 2663 4491 improvidentia
2690 4429 2787 4468 nos
2814 4413 2909 4491 Dei
2937 4419 3096 4481 atque
3126 4407 3391 4485 neglectu,
3420 4404 3515 4460 sed

1940 4511 2146 4592 justitia
2165 4550 2181 4576 ,
2210 4509 2303 4565 sed
2328 4492 2560 4579 judicio,
2591 4506 2684 4562 sed
2712 4505 3013 4576 aequissima
3041 4499 3435 4582 dispensatione
3462 4504 3516 4553 et

255 4589 661 4679 superfuerant,
692 4595 840 4662 quasi
870 4609 968 4664 pro
989 4611 1199 4649 summo
1224 4590 1416 4651 deleta:
1438 4596 1584 4652 urbis
1604 4588 1842 4655 remedio
1874 4570 2253 4670 Ddignissima
2294 4570 2647 4679 retributione
2688 4570 2976 4661 tolerasse,
3019 4570 3194 4671 neque
3234 4570 3395 4646 ullam
3421 4584 3518 4660 pe-

253 4683 535 4738 circenses
572 4674 646 4736 ab
692 4682 725 4720 δ’
753 4682 1165 4754 imperatoribus
1218 4680 1583 4755 postulabant.
1628 4681 1839 4743 Vellem

244 4774 383 4832 milii
412 4768 521 4830 hoc
552 4775 671 4831 loco
714 4768 787 4830 ad
835 4768 1232 4846 exsequendam
1262 4794 1441 4833 rerum
1470 4780 1838 4849 indignitatem

252 4857 443 4951 parem
494 4864 713 4935 negotio
736 4858 1099 4938 eloquentiam
1127 4858 1271 4937 dari;
1302 4862 1508 4928 scilicet
1546 4882 1609 4929 ut
1632 4884 1836 4932 tantum

251 4954 469 5013 virtutis
498 4962 655 5014 esset
688 4951 740 5013 in
781 4960 1145 5029 querimonia,
1352 4974 1610 5034 quantum
1639 4968 1840 5026 doloris

251 5049 305 5102 in
337 5052 524 5128 causa.
583 5046 715 5115 Q‘uis‘
754 5044 898 5104 enim
950 5053 1218 5107 :es’timare
1257 5054 1428 5122 possit
1456 5055 1581 5124 quid
1607 5058 1836 5128 primum

251 5137 304 5191 in
335 5138 428 5191 his
454 5136 521 5191 de
542 5136 739 5206 quibus
780 5138 1033 5203 diximus,
1063 5142 1419 5197 accusandum
1466 5142 1553 5208 sit,
1584 5132 1839 5215 irreligio-

250 5229 405 5294 sitas,
445 5238 529 5282 stu
562 5229 813 5293 smltitiuc
837 5245 916 5284 an
956 5231 1186 5298 horia,
1219 5236 1298 5287 ait»
1333 5235 1605 5289 mensis?
1645 5236 1839 5290 Totum

250 5322 463 5390 quippe
482 5319 662 5374 iii-illis
680 5322 781 5375 esi.
816 5319 961 5387 Qttid
984 5322 1135 5376 enim
1156 5323 1511 5393 irreligiosum
1553 5330 1712 5395 quam
1743 5338 1838 5396 pe-

252 5421 368 5468 tere
396 5404 604 5483 aliquid
627 5414 687 5469 in
711 5408 961 5483 iniuriam
984 5404 1120 5471 Dei?
1157 5425 1251 5471 aut
1272 5418 1400 5487 quid
1442 5418 1656 5473 stultius
1681 5434 1841 5488 quam

1944 4695 2087 4749 nitus
2116 4693 2342 4748 Romani
2371 4693 2517 4747 orbis
2546 4688 2893 4767 autRomani
2924 4685 3153 4765 nominis
3190 4683 3513 4754 portionem,

1943 4777 2232 4853 quamlibet
2259 4768 2492 4851 graviter
2518 4782 2685 4852 plagis
2728 4778 3033 4835 caelestibus
3053 4791 3263 4855 ansam,
3286 4789 3519 4845 unquam

1942 4875 2104 4930 fuisse
2144 4882 2456 4949 correctam.
2500 4856 2565 4926 Et
2606 4856 2724 4926 ideo
2773 4866 3105 4939 nequaquam
3147 4852 3227 4947 uti
3252 4878 3518 4936 meremur

1942 4964 2251 5035 prosperis,
2302 4964 2424 5031 quia
2469 4978 2574 5017 non
2616 4961 2933 5031 corrigimur
2969 4958 3224 5035 adversis.
3266 4950 3517 5018 Quamvis

1943 5024 2098 5108 iiobis
2127 5024 2287 5105 etiam
2318 5024 2545 5118 indignis
2572 5024 2837 5104 interdum
2868 5049 3165 5102 tribuantur
3189 5024 3327 5094 bona
3354 5055 3367 5089 :
3391 5037 3516 5102 quia

1939 5132 2112 5199 bonus
2158 5134 2443 5206 Daminus,
2493 5143 2645 5210 quasi
2687 5136 3181 5209 indulgentissimus.
3210 5136 3380 5197 pater,
3413 5126 3513 5178 etsi

1942 5248 2047 5292 nos
2071 5237 2455 5305 noan
2484 5222 2610 5307 sinit
2637 5228 2739 5309 prd
2758 5212 2987 5309 peccatis
3008 5214 3203 5303 nostris
3224 5214 3516 5309 lruibili‘a‘ri’,

1941 5337 2050 5385 nun
2078 5322 2168 5383 diu
2200 5336 2377 5383 tamen
2419 5310 2627 5396 pa’ti't'ur‘
2657 5302 2819 5385 affligi
2834 5316 2853 5391 ς’
2914 5320 2967 5367 ει
2996 5311 3116 5364 ἱᾶΕο
3146 5308 3287 5364 nullo
3315 5302 3520 5379 asperis

1944 5422 2107 5476 rebus
2150 5422 2379 5489 castigat
2413 5430 2541 5472 suos
2578 5427 2674 5484 pro
2713 5402 3030 5472 disciplinar
3050 5414 3195 5456 nunc
3219 5400 3522 5469 tranquillis

1429 5518 1773 5587 ΒῨΕΡΗᾹΝῨ
1802 5528 2073 5587 BALUZﬂ‘
2106 5518 2332 5585 NOTAE.

321 5624 359 5701 'f
378 5611 567 5701 ιἰξῖςετν
596 5612 937 5701 Tremens;
966 5628 1194 5701 utesse
1231 5617 1471 5701 ρκῡιίοεξί
1504 5610 1642 5701 idem
1673 5612 1835 5701 Vele-

248 5684 505 5761 ξὶιιςδίζῖ
525 5684 727 5744 eadem'
747 5690 1067 5761 tempestate
1095 5684 1380 5761 Cassia:qu
1410 5694 1472 5761 in
1504 5695 1638 5748 libro
1652 5695 1832 5761 primo

250 5759 312 5831 de
364 5756 740 5831 [pramation‘e
789 5748 999 5816 D'o'mini
1028 5748 1237 5831 capp?
1263 5758 1587 5822 mentionem
1634 5748 1834 5818 faciens

252 5826 489 5915 ejusdem
521 5832 667 5901 urbis
696 5826 1045 5900 Treverensis
1068 5826 1353 5903 {sullicere
1396 5834 1603 5911 putavit
1641 5834 1684 5891 si
1717 5846 1833 5901 eam

1944 5624 2248 5692 nominaret
2276 5618 2557 5692 033.830“?!
2588 5596 2865 5692 3513?“?
2894 5588 3102 5692 1³ῗρθωῖ
3342 5664 3363 5692 ,-
3382 5652 3503 5692 si“;

2015 5668 2248 5755 5713352;
2262 5668 2589 5742 abwilo‘norio
2618 5668 3026 5745 ct'Constantio,
3048 5685 3108 5732 ut
3130 5668 3363 5747 explicat
3381 5668 3519 5744 idem

1941 5761 2252 5889 νῃξρῗέἓιῗξικ
2280 5821 2515 5893 Colbrrt.
2551 5828 2605 5880 ct
2632 5828 2842 5889 veteres
2864 5804 3014 5887 edit},
3039 5820 3377 5887 moratam,
