4234 6250
685 391 784 446 127

1635 387 1693 442 5.
1733 385 2051 444 SALVIANI
2089 377 2546 444 MASSILIENSIS
2583 384 3004 442 PRESBYTER]

3852 391 3957 448 123

686 511 830 567 fovet
865 526 966 582 pro
995 509 1340 577 indulgentia.
1383 507 1531 561 Sicut
1559 507 1702 561 enim
1743 508 1931 578 optimi
1960 522 2024 563 ac
2050 506 2267 577 peritis-
2293 509 2349 567 Δ
2374 505 2470 558 tim
2497 505 2792 571 currimus,
2843 520 3071 574 corpora
3101 507 3249 562 humi
3279 510 3596 576 sternimus,
3628 509 3808 566 mixtis
3834 527 3957 567 cum

685 605 804 659 simi
831 602 1025 656 medici
1064 600 1406 654 dissimilibus
1447 600 1648 654 morbis
1675 615 1830 655 curas
1856 600 2098 670 dispares
2125 616 2263 671 pra:-

684 699 850 756 stant,
883 699 1045 758 atque
1073 690 1190 744 aliis
1217 705 1315 760 per
1341 689 1516 745 dulcia
1545 691 1898 745 medicamina
1918 733 1931 756 ,
1965 692 2082 746 aliis
2113 701 2140 729 ι
2167 707 2266 761 per

683 798 867 837 amara
910 791 1256 848 succurrunt,
1311 792 1367 838 et
1393 783 1655 852 quosdam
1683 794 1876 840 curant
1904 787 2263 840 cauteriorum

684 871 992 934 adustione,
1025 873 1285 941 quosdam
1313 874 1694 941 malagmatum
1722 876 2114 945 placabilitate,
2147 878 2265 932 aliis

683 964 936 1018 adhibent
971 965 1159 1020 duram
1205 965 1331 1020 ferri
1359 965 1386 1004 ι’
1416 969 1837 1037 prosectionem,
1871 970 1988 1026 aliis
2015 971 2263 1025 blandam

681 1056 964 1111 infundunt
992 1058 1098 1113 olei
1127 1059 1431 1124 lenitatem;
1464 1068 1518 1113 et
1545 1068 1726 1114 tamen
1746 1061 2118 1117 diversissimis
2139 1063 2266 1118 licet

681 1150 822 1204 curis
868 1149 1055 1204 eadem
1098 1151 1241 1204 salus
1287 1152 1582 1218 quaeritur:
1621 1154 1776 1224 138
1804 1153 1876 1207 ita
1923 1155 2084 1208 etiam
2126 1156 2265 1209 Deus

680 1249 893 1307 noster,
944 1243 987 1295 si
1036 1242 1252 1310 quando
1291 1258 1389 1296 nos
1418 1244 1585 1312 plagis
1614 1245 1997 1300 a‘itsterioribus
2026 1255 2258 1313 coercet,

678 1334 831 1402 quasi
871 1333 1122 1387 cauteriis
1162 1349 1225 1388 ac
1263 1335 1592 1390 sectionibus
1620 1344 1805 1402 curat;
1837 1337 2052 1406 quando
2079 1344 2261 1392 autem

677 1425 837 1478 rebus
866 1425 1139 1493 prosperis
1167 1423 1392 1490 refovet,
1424 1427 1576 1493 quasi
1607 1428 1732 1482 oleo
1762 1442 1825 1481 ac
1851 1429 2261 1497 malagmatibus

678 1519 1005 1573 consolatur.
1060 1519 1163 1575 Per
1190 1521 1455 1575 diversam
1485 1523 1628 1575 enim
1657 1522 2069 1577 medicaminum
2101 1539 2260 1593 opem

677 1611 744 1664 ad
772 1626 930 1664 unam
963 1627 1061 1666 nos
1087 1613 1199 1665 vult
1228 1613 1524 1681 perducere
1553 1614 1856 1668 sanitatem.
1891 1615 2077 1669 Solent
2105 1616 2260 1684 quip-

675 1715 744 1772 pe
802 1703 962 1757 etiam
1022 1703 1378 1772 nequissimos
1433 1720 1617 1759 servos
1662 1720 1798 1773 quos
1843 1705 2102 1775 supplicia
2150 1722 2257 1762 non

676 1795 1027 1858 correxerint,
1059 1794 1422 1849 blandimenta
1453 1797 1750 1864 corrigere;
1783 1806 1837 1850 et
1865 1812 2000 1865 quos
2029 1797 2258 1852 dominis

2365 597 2496 652 ﬁetu
2523 597 2730 667 gaudiis
2757 599 3142 670 supplicamus,
3175 611 3198 640 ο
3232 601 3580 657 inlustramus
3603 602 3840 659 donariis
3866 620 3955 660 sa-

2365 689 2473 744 cris
2502 691 2686 745 limina
2709 733 2724 756 ,
2774 707 2897 747 aras
2931 693 3244 748 muneribus
3272 695 3589 764 implemus;
3621 705 3677 751 et
3703 698 3827 767 quia
3857 698 3956 768 ipsi

2364 781 2509 836 dono
2538 783 2679 836 illius
2722 783 2844 839 festi
2894 799 3110 848 sumus,
3159 785 3373 855 templis
3401 801 3619 855 quoque
3644 787 3812 856 ipsius
3835 787 3953 842 vul-

2369 882 2483 929 tum
2514 885 2712 931 nostra:
2739 876 3043 933 festivitatis
3073 879 3372 946 induimus;
3405 887 3499 934 aut
3525 887 3704 946 certe,
3734 880 3877 950 quod
3904 881 3955 934 ei

2364 983 2472 1023 non
2502 970 2680 1024 minus
2721 970 2871 1024 cordi
2900 979 3012 1036 est,
3043 971 3312 1040 prioribus
3347 971 3471 1026 vitae
3508 972 3652 1027 vitiis
3680 972 3954 1027 renuntia-

2364 1077 2484 1115 mus
2508 1104 2522 1127 ,
2575 1078 2798 1132 operum
2848 1064 3115 1118 bonorum
3165 1064 3405 1119 victimas
3449 1065 3733 1130 caedimus,
3776 1072 3831 1118 et
3856 1080 3955 1134 pro

2364 1152 2574 1220 gaudiis
2622 1153 2775 1206 novis
2823 1169 2978 1208 nova:
3023 1155 3449 1209 conversationis
3477 1155 3680 1210 hostias
3707 1154 3956 1209 immola-

2363 1259 2512 1306 mus,
2546 1245 2796 1299 omnibus
2823 1245 3056 1314 denique
3084 1245 3430 1301 immunditiis
3470 1247 3668 1302 bellum
3708 1253 3956 1301 sanctum

2363 1333 2665 1398 indicimus,
2694 1335 2960 1390 circorum
2990 1336 3223 1390 insanias
3243 1335 3490 1405 fugimus,
3515 1335 3778 1391 foeditates
3801 1335 3954 1392 thea-

2363 1424 2577 1477 tralium
2615 1425 2862 1480 ludorum
2905 1442 3264 1492 exsecramur,
3308 1443 3567 1482 vovemus
3594 1427 3822 1482 Domino
3849 1443 3951 1482 no-

2361 1529 2484 1570 vam
2512 1517 2675 1570 vitam
2701 1560 2715 1582 ,
2769 1528 2824 1572 et
2860 1521 2928 1574 ad
2958 1521 3304 1576 obtinendam
3337 1520 3454 1588 ejus
3482 1529 3742 1590 perpetuo
3770 1528 3950 1591 prote-

2362 1607 2620 1672 ctionem,
2655 1619 2865 1664 nosmet
2895 1611 3039 1679 ipsos
3069 1611 3178 1666 Deo
3207 1610 3588 1666 sacriﬁcamus.

2434 1696 2616 1753 XVIII.
2659 1697 2793 1753 Cum
2836 1700 2950 1755 haec
2979 1717 3108 1770 ergo
3136 1717 3257 1770 qua:
3285 1701 3516 1757 diximus
3535 1743 3548 1767 ,
3592 1717 3692 1771 pro
3723 1702 3948 1756 recenti-

2361 1790 2461 1844 bus
2485 1789 2759 1846 beneﬁciis
2788 1792 2882 1847 Dei
2911 1794 3140 1848 debeant
3170 1795 3315 1860 ﬁeri,
3346 1795 3622 1850 videamus
3651 1809 3769 1863 quae
3798 1793 3944 1848 ﬁant.

675 1887 785 1941 suis
813 1887 1035 1940 verbera
1069 1903 1174 1940 non
1196 1888 1592 1951 summiserant,
1617 1888 1874 1943 beneﬁcia
1896 1891 2253 1944 summittunt.
2287 1873 2336 1933 Β
2365 1881 2444 1936 Ad
2475 1882 2626 1938 ludos
2673 1885 2919 1953 protinus
2965 1886 3197 1940 curritur
3215 1927 3230 1951 .
3261 1885 3326 1940 ad
3353 1886 3587 1942 insanias
3614 1879 3944 1951 convolatur.

673 1975 906 2032 InfanteS
932 1993 1145 2046 quoque
1174 1987 1228 2031 et
1256 1994 1443 2032 omnes
1473 1978 1582 2045 fere
1611 1981 1863 2049 parvulos
1890 1989 2252 2047 contumaces,

673 2081 809 2134 quos
838 2067 1134 2135 morigeros
1163 2068 1321 2121 mina:
1350 2083 1414 2122 ac
1441 2068 1623 2122 ferula:
1654 2086 1757 2122 non
1796 2068 2052 2136 efﬁciunt,
2085 2072 2253 2126 inter-

672 2157 798 2210 dum
858 2159 1179 2227 panchresta
1240 2168 1401 2226 atque
1451 2159 1722 2214 blanditia:
1771 2160 1836 2215 ad
1892 2162 2254 2215 obedientiam

673 2250 909 2302 trahunt.
971 2248 1124 2304 Unde
1170 2251 1467 2318 intelligere
1516 2251 1801 2318 debemus,
1851 2268 1950 2306 nos
1990 2261 2045 2307 et
2086 2255 2254 2308 servis

671 2339 1015 2406 nequissimis
1052 2341 1340 2410 nequiores
1375 2349 1431 2394 et
1458 2342 1829 2410 insipientibus
1859 2344 2094 2412 parvulis
2122 2346 2254 2399 stul-

670 2429 836 2484 tiores
864 2446 982 2485 esse
1007 2473 1020 2497 ,
1076 2447 1214 2500 quos
1257 2447 1358 2486 nec
1392 2434 1545 2502 quasi
1574 2435 1746 2488 malos
1771 2450 1956 2489 servos
1985 2444 2251 2490 tormenta

669 2520 978 2588 corrigunt,
1028 2538 1130 2578 nec
1173 2524 1325 2591 quasi
1374 2523 1664 2578 infantulos
1709 2524 2074 2580 blandimenta
2121 2543 2249 2582 con-

667 2617 901 2665 vertunt.

739 2701 898 2757 XVII.
937 2702 1004 2756 Et
1043 2704 1259 2775 quidem
1299 2704 1748 2773 quemadmodum
1790 2706 1992 2760 nullam
2020 2707 2250 2764 Romani

666 2795 897 2849 nominis
943 2803 1149 2864 partem
1177 2811 1334 2866 pcena
1364 2797 1680 2861 correxerit,
1729 2799 1876 2864 satis,
1911 2807 1969 2852 ut
1997 2801 2244 2868 arbitror,

663 2887 773 2954 jam
820 2888 1183 2956 probavimus.
1245 2886 1500 2957 Superest
1547 2896 1636 2952 ut,
1669 2891 2118 2958 quemadmodum
2147 2909 2249 2948 nec

664 2990 886 3027 munera
934 2991 1033 3030 nec
1080 2977 1444 3033 blandimenta
1493 2996 1590 3034 nos
1638 2981 1734 3035 Dei
1764 2984 2068 3051 corrigant,
2100 3000 2248 3038 com-

662 3062 968 3132 probemus.
1023 3064 1245 3121 Munera
1283 3076 1461 3122 autem
1503 3070 1598 3124 Dei
1628 3080 1682 3125 et
1709 3072 2068 3128 blandimenta
2099 3090 2246 3142 quaa-
2301 3123 2306 3132 κ

660 3165 786 3203 nam
813 3155 973 3206 sunt?
1002 3154 1130 3218 Quae
1159 3157 1400 3220 scilicet,
1453 3160 1555 3213 nisi
1601 3176 1709 3228 pax
1737 3171 1919 3216 nostra
1941 3204 1954 3227 ,
1995 3174 2048 3217 et
2094 3167 2246 3232 quies

659 3249 845 3294 nostra
868 3283 882 3306 ,
915 3251 969 3295 et
1000 3244 1320 3298 famulantes
1366 3249 1506 3301 votis
1548 3263 1610 3301 ac
1654 3251 2017 3318 voluptatibus
2046 3256 2243 3307 nostris

659 3346 837 3386 rerum
857 3333 1212 3387 secundarum
1233 3339 1682 3404 tranquillitates?
1705 3340 1917 3409 Aliquid
1939 3358 2084 3409 ergo,
2117 3347 2242 3412 quia

657 3435 743 3476 res
771 3423 973 3491 exigit,
1023 3423 1183 3476 etiam
1231 3427 1464 3502 speciale
1504 3427 1761 3482 dicamus.
1805 3429 1967 3496 Igitur
1993 3434 2242 3500 quotiens

657 3514 710 3568 in
740 3523 888 3568 metu
909 3555 924 3580 ,
968 3515 1022 3568 in
1052 3517 1310 3583 angustiis
1333 3559 1346 3582 ,
1399 3519 1452 3572 in
1483 3519 1730 3588 periculis
1759 3537 1968 3588 sumus;
1999 3539 2119 3577 cum
2150 3535 2242 3580 aut

657 3605 902 3661 civitates
931 3608 998 3662 ab
1036 3607 1279 3663 hostibus
1307 3609 1654 3677 obsidentur,
1685 3621 1776 3667 aut
1803 3616 2091 3685 provincim
2139 3634 2239 3686 po-

657 3696 932 3766 pulatione
977 3706 1277 3766 vastantur,
1328 3710 1419 3755 aut
1465 3704 1892 3775 quibuscumque
1940 3723 2119 3762 rerum
2148 3710 2242 3764 ad-

656 3789 998 3844 versitatibus
1032 3789 1110 3844 rei
1152 3791 1376 3860 publica:
1404 3797 1644 3850 membra
1673 3797 1968 3863 caeduntur,
2001 3808 2056 3853 et
2083 3816 2241 3870 opem

654 3880 888 3935 caelestis
918 3896 1106 3935 manus
1148 3885 1284 3938 votis
1325 3900 1610 3952 precamur
1635 3906 1646 3939 :
1679 3890 1723 3940 si
1752 3905 1858 3956 quo
1887 3906 2053 3943 sacra:
2083 3892 2241 3944 mise-

653 3971 878 4024 rationis
905 3973 1104 4025 auxilio
1134 3983 1227 4025 aut
1255 3973 1473 4027 salvata:
1504 3979 1662 4028 urbes
1692 3977 1918 4039 fuerint,
1969 3987 2060 4030 aut
2090 3978 2234 4032 ﬁnita

652 4061 960 4126 populatio,
1003 4069 1094 4112 aut
1122 4060 1345 4113 hostiles
1376 4064 1643 4115 exercitus
1674 4063 1802 4127 fusi,
1837 4073 1890 4116 et
1919 4075 2093 4120 metus
2122 4084 2236 4122 om-

654 4149 738 4200 nis
785 4150 927 4201 dono
975 4150 1276 4203 Divinitatis
1329 4151 1568 4218 ablatus,
1602 4153 1731 4220 quid
1759 4155 1940 4208 statim
1971 4165 2092 4226 post
2123 4159 2236 4214 haec

651 4238 832 4291 omnia
879 4236 1136 4293 facimus?
1185 4239 1577 4310 Compensare,
1634 4244 1816 4312 credo,
1867 4245 2093 4303 Domino
2123 4250 2235 4305 Deo

651 4337 856 4394 nostro,
890 4330 1064 4395 cultu,
1098 4331 1332 4395 honore,
1364 4335 1664 4387 reverentia
1687 4374 1700 4398 ,
1732 4335 1990 4391 beneﬁcia
2020 4353 2138 4407 quae
2167 4343 2234 4396 ab

650 4437 715 4476 eo
743 4424 1105 4492 acceperimus
1141 4425 1444 4477 adnitimur.
1485 4429 1639 4499 139
1670 4427 1784 4483 Hoc
1825 4431 1964 4484 enim
1995 4441 2077 4486 est
2105 4449 2234 4488 con-

648 4529 909 4580 sequens;
960 4523 1124 4581 atque
1172 4516 1224 4568 id
1271 4517 1430 4569 etiam
1469 4535 1596 4572 usus
1625 4520 1745 4573 vitae
1773 4521 2019 4576 humana:
2047 4524 2228 4590 habet,

2360 1975 2415 2028 in
2446 1974 2668 2030 theatris
2711 1977 2940 2045 populus
2985 1975 3315 2042 diffunditur,
3369 1977 3422 2030 in
3469 1978 3630 2032 circis
3653 1976 3803 2046 plebs
3836 1985 3945 2032 tota

2357 2064 2676 2119 bacchatur.
2730 2065 2823 2121 Ille
2861 2067 3016 2122 nobis
3060 2068 3126 2122 ad
3155 2069 3261 2123 hoc
3285 2069 3428 2124 bona
3456 2075 3702 2138 prastat,
3735 2075 3794 2121 ut
3818 2067 3944 2124 boni

2360 2155 2544 2210 simus.
2588 2155 2697 2210 Nos
2719 2173 2750 2211 e
2770 2157 3002 2225 diverso,
3029 2160 3278 2228 quotiens
3300 2160 3440 2214 bona
3464 2159 3771 2229 accipimus,
3803 2159 3942 2212 mala

2357 2257 2544 2302 nostra
2583 2249 2938 2306 cumulamus.
2983 2249 3078 2304 Ille
3107 2266 3205 2304 nos
3243 2249 3518 2304 beneﬁciis
3555 2250 3665 2304 suis
3692 2257 3851 2304 vocat
3877 2248 3941 2301 ad

2356 2339 2682 2408 probitatem
2702 2381 2717 2404 ,
2760 2356 2858 2396 nos
2888 2341 3092 2395 ruimus
3119 2342 3172 2394 in
3201 2341 3616 2410 improbitatem.
3659 2339 3752 2394 Ille
3779 2339 3940 2392 bene—

2355 2429 2488 2484 ﬁciis
2515 2433 2624 2484 suis
2653 2440 2914 2500 provocat
2958 2433 3024 2486 ad
3054 2434 3523 2502 compunctionem
3544 2475 3558 2498 ,
3608 2448 3714 2487 non
3743 2433 3940 2486 ruimus

2353 2521 2408 2574 in
2437 2521 2864 2576 dissolutionem.
2908 2522 3080 2577 Vocat
3109 2523 3195 2576 ille
3237 2523 3304 2576 ad
3333 2525 3668 2591 castitatem,
3707 2540 3806 2578 nos
3835 2523 3926 2577 rui-

2352 2623 2472 2665 mus
2520 2611 2573 2664 in
2622 2611 3006 2680 impuritatem.
3051 2609 3315 2665 Pneclare
3344 2612 3593 2668 videlicet
3631 2614 3799 2668 sacris
3828 2628 3940 2666 mu-

2355 2703 2571 2759 neribus
2599 2703 3005 2772 respondemus.
3050 2701 3311 2757 Praeclare
3339 2702 3480 2756 dona
3510 2703 3625 2770 ejus
3652 2703 3738 2757 vel
3769 2717 3941 2770 agno-

2353 2795 2569 2858 scimus,
2601 2793 2686 2846 vel
2715 2793 3044 2846 honoramus
3068 2810 3080 2857 ;
3113 2793 3202 2860 qui
3227 2798 3486 2860 quantum
3508 2792 3576 2845 ab
3604 2807 3670 2845 eo
3693 2791 3942 2846 beneﬁcii

2353 2884 2682 2953 accipimus,
2732 2891 2938 2937 tantum
2988 2883 3037 2936 ei
3086 2883 3397 2951 injuriarum
3425 2895 3791 2951 repensamus.
3837 2880 3944 2937 Aut

2353 2976 2546 3045 injuria
2576 2975 2672 3029 Dei
2703 2975 2805 3029 hoc
2835 2974 2974 3029 forte
3001 2983 3244 3051 nonest,
3275 2981 3368 3028 aut
3395 2987 3514 3028 esse
3542 2970 3812 3039 indignior
3839 2986 3939 3040 po-

2353 3076 2473 3132 test,
2508 3067 2665 3137 ιω
2693 3075 2787 3121 aut
2815 3068 2997 3122 multis
3025 3081 3089 3121 ac
3115 3067 3323 3135 magnis
3351 3081 3485 3136 opus
3512 3065 3614 3118 sit?
3643 3062 3750 3119 Sed
3770 3060 3938 3131 “quia

2350 3160 2646 3212 inveterata
2675 3159 2729 3211 in
2756 3160 2912 3212 nobis
2939 3159 3203 3212 malorum
3234 3158 3472 3212 omnium
3502 3156 3622 3209 labe
3650 3155 3805 3208 aliter
3827 3152 3937 3222 jam

2271 3239 2318 3302 C
2350 3265 2458 3302 non
2487 3249 2660 3301 vitiosi
2691 3263 2811 3301 esse
2860 3264 2968 3300 non
3016 3263 3301 3316 possumus
3348 3247 3450 3300 nisi
3491 3253 3550 3299 ut
3578 3247 3800 3301 omnino
3831 3261 3935 3300 non

2347 3340 2541 3400 simus;
2573 3354 2692 3406 quae
2723 3339 2774 3390 in
2807 3339 2980 3401 nobis,
2999 3351 3149 3404 rogo,
3169 3353 3291 3405 spes
3317 3337 3474 3390 bona:
3502 3335 3668 3404 frugis
3696 3339 3816 3391 est?
3839 3336 3936 3404 Qui

2345 3430 2648 3495 ignorantia
2693 3438 2920 3498 peccant
2943 3469 2958 3493 ,
3008 3443 3192 3482 errore
3221 3428 3402 3495 agnito
3432 3429 3794 3496 corriguntur.
3835 3427 3936 3494 Qui

2345 3522 2621 3591 religionis
2669 3532 2920 3591 expertes
2947 3529 3107 3585 sunt,
3159 3536 3279 3574 cum
3327 3528 3671 3574 mutaverunt
3711 3529 3930 3586 sectam,
3979 3507 3984 3512 ⁸

2345 3621 2556 3667 mutare
2587 3613 2845 3682 incipiunt
2873 3611 3229 3680 disciplinam.
3262 3609 3563 3675 Postremo,
3597 3619 3655 3664 ut
3683 3610 3812 3676 dixi,
3841 3611 3932 3679 qui

2346 3713 2438 3759 aut
2466 3703 2792 3758 abundantia
2839 3703 3002 3756 nimia
3042 3710 3134 3755 aut
3169 3702 3460 3756 securitate
3486 3702 3760 3767 vitiantur,
3791 3702 3936 3764 desi-,

2347 3803 2479 3848 nunt
2507 3810 2624 3848 esse
2674 3793 2867 3863 perditi
2935 3808 3057 3850 cum
3093 3791 3396 3846 destiterint
3437 3807 3557 3850 esse
3585 3792 3776 3847 securi.
3819 3791 3928 3846 Nos

2343 3902 2444 3940 nec
2472 3885 2772 3952 ignorantia
2803 3885 3033 3938 labimur
3054 3925 3069 3950 ,
3117 3900 3218 3939 nec
3258 3885 3535 3954 religionis
3564 3893 3810 3955 expertes
3838 3899 3926 3938 su-

2341 3990 2461 4028 mus
2484 4016 2498 4040 ,
2549 3990 2649 4028 nec
2675 3975 3034 4044 prosperitate
3063 3991 3244 4030 rerum
3273 3990 3336 4030 ac
3364 3976 3654 4031 securitate
3682 3989 3922 4029 corrum-

2339 4067 2534 4137 pimur.
2577 4065 2764 4123 Omnia
2808 4069 3070 4138 siquidem
3108 4087 3139 4125 e
3167 4071 3380 4126 diverso
3409 4079 3551 4126 sunt.
3596 4070 3925 4140 Religionem

2339 4161 2587 4215 novimus
2605 4203 2619 4227 ,
2653 4161 2956 4230 ignorantia
2980 4178 3089 4216 non
3118 4177 3464 4229 excusantur,
3488 4177 3682 4231 pacem
3710 4173 3765 4215 et
3791 4161 3925 4215 divi-

2337 4253 2440 4306 tias
2482 4255 2725 4322 priorum
2773 4261 3077 4323 temporum
3125 4271 3233 4309 non
3275 4255 3564 4318 habemus;
3596 4253 3776 4306 omnia
3805 4268 3925 4322 qua:

2337 4346 2586 4408 fuerunt,
2629 4354 2721 4401 aut
2750 4347 2925 4402 ablata
2955 4356 3047 4402 aut
3075 4349 3356 4403 immutata
3386 4357 3538 4410 sunt;
3569 4347 3682 4401 sola
3711 4355 3924 4401 tantum

2336 4439 2463 4492 vitia
2496 4450 2799 4494 creverunt.
2866 4439 3007 4494 Nihil
3036 4441 3191 4496 nobis
3218 4442 3285 4496 de
3313 4457 3445 4511 pace
3474 4450 3527 4496 et
3563 4442 3922 4511 prosperitate

2335 4532 2561 4599 pristina
2591 4533 2854 4600 reliquum
2875 4540 2984 4595 est,
3025 4533 3129 4586 nisi
3157 4534 3270 4589 sola
3300 4535 3520 4588 omnino
3550 4535 3776 4588 crimina
3805 4549 3922 4603 qua:

648 4613 705 4656 ut
736 4603 994 4657 referatur
1023 4607 1192 4672 gratia
1224 4608 1615 4665 feneratoribus
1643 4613 1934 4679 gratiarum
1953 4657 1967 4679 ,
2011 4625 2066 4669 et
2093 4617 2228 4671 reci-
2256 4610 2311 4671 D
2333 4625 2746 4694 prosperitatem
2793 4639 2900 4677 non
2945 4639 3064 4679 esse
3095 4624 3354 4680 fecerunt.
3401 4625 3498 4680 Ubi
3541 4641 3771 4695 namque
3799 4634 3922 4678 sunt

646 4695 794 4764 piant
825 4695 993 4749 vicem
1022 4713 1300 4754 munerum
1331 4713 1692 4760 munerantes.
1734 4705 1810 4759 Ita
1839 4721 1968 4775 ergo
1999 4724 2096 4763 nos
2125 4709 2227 4765 for-

643 4787 782 4841 sitan
813 4786 1056 4855 facimus,
1087 4800 1248 4861 atque
1277 4794 1525 4850 humanis
1551 4797 1738 4852 saltem
1757 4814 1876 4854 cum
1900 4800 2010 4855 Deo
2039 4812 2224 4858 nostro

643 4878 1084 4935 retributionibus
1112 4892 1355 4951 agentes,
1387 4901 1508 4939 cum
1538 4887 1604 4940 ab
1634 4903 1699 4941 eo
1730 4889 1869 4943 bona
1900 4893 2221 4961 accepimus,

641 4967 781 5026 bona
825 4973 1112 5029 reddimus.
1174 4976 1254 5032 Ad
1281 4977 1470 5032 domos
1510 4981 1755 5036 videlicet
1784 4982 2090 5040 Dominicas
2119 4994 2226 5040 sta-

2333 4713 2567 4782 antiquze
2610 4713 2978 4766 Romanorum
3019 4730 3151 4784 opes
3179 4731 3244 4770 ac
3267 4709 3592 4784 dignitates?
3621 4715 3919 4788 Fortissimi

2334 4805 2606 4874 quondam
2638 4803 2867 4857 Romani
2907 4814 3100 4871 erant,
3149 4823 3292 4861 nunc
3337 4807 3452 4862 sine
3479 4807 3701 4862 viribus.
3743 4805 3922 4860 Time-

2334 4895 2530 4948 bantur
2577 4893 2806 4948 Romani
2856 4905 3100 4962 veteres,
3148 4912 3248 4952 nos
3299 4898 3562 4952 timemus.
3623 4896 3918 4963 Vectigalia

2334 4987 2438 5042 illis
2481 4987 2761 5044 solvebant
2808 4989 2991 5059 populi
3039 4989 3436 5056 Barbarorum,
3487 5006 3587 5047 nos
3629 4989 3918 5059 vectigales

1812 5092 2149 5149 STEPHANI
2187 5077 2459 5151 BALUZII
2500 5097 2725 5152 ΝΟΤιΕ.

713 5192 981 5278 fPlitiius,
1007 5196 1098 5278 lib_.
1131 5213 1147 5250 ι
1171 5199 1388 5278 epist.__8
1409 5197 1634 5278 {Medici
1659 5203 1892 5278 salubres
1923 5207 2013 5260 sed
2043 5209 2219 5278 volup-

641 5269 744 5349 tats
764 5275 992 5349 geli-gentes
1022 5265 1158 5349 cilia;
1181 5265 1532 5349 blandioribus
1550 5273 1789 5349 alloquiis
1817 5265 2212 5349 prosequuntur.
2263 5337 2270 5343 ,

708 5327 736 5364 δ
764 5329 1037 5387 Editiones
1074 5336 1372 5410 Drassicani
1403 5348 1457 5410 et
1485 5327 1754 5398 Galesihiii
1773 5327 2218 5410 'séez';b}i.¥m","riL

639 5398 852 5483 threan?
887 5407 1538 5483 ¹ριοαξξρξιυξξρηεηι.-(]ο(1(ξιιΔ
1556 5398 1901 5483 Colbertinus
1919 5398 2216 5483 'p'fb's’eimi—

637 5483 772 5553 nem.
800 5467 935 5524 Male
963 5474 1266 5553 utrobique.
1302 5478 1468 5553 Recte
1500 5467 2216 5553 Corbeiensis,q'uiﬂprose-

635 5542 854 5618 ctiouqn
879 5542 1134 5618 scriptum
1158 5542 1338 5618 habet.
1364 5547 1451 5602 Sic
1466 5550 1607 5618 apud
1629 5542 1869 5606 Tacitum
1893 5542 1945 5604 in
1969 5542 2104 5607 libro
2128 5570 2218 5608 xv:

635 5609 954 5689 Annalium,
973 5611 1156 5689 ubinde
1182 5615 1417 5689 Thrasea
1443 5609 1697 5687 loquitur,
1721 5619 2001 5689 legendum
2033 5622 2216 5678 admo-

635 5687 726 5732 net
752 5679 1168 5764 Freinshemius,
1193 5679 1532 5764 prosectisqué
1555 5679 1816 5764 utriusque
1839 5688 2034 5744 brachii
2055 5694 2211 5759 venis,

635 5752 940 5829 cnm_vu_lgo
963 5753 1176 5829 legatur
1193 5752 1564 5829 porrectisque.

707 5830 727 5854 ο
762 5819 857 5878 Vel
884 5819 1074 5883 unicus
1103 5819 1212 5880 hic'
1239 5827 1390 5883 locus
1417 5819 1543 5884 facit
1572 5830 1826 5890 adversus
1870 5846 1965 5891 eos
1993 5832 2083 5902 qui
2123 5848 2214 5889 ne-

2325 5219 2454 5277 gant
2499 5225 2630 5279 opes
2659 5211 3011 5286 conferendas
3037 5226 3154 5266 esse
3183 5212 3250 5266 ad
3296 5214 3535 5286 ornanda
3565 5216 3784 5286 templa,
3812 5217 3914 5271 do-

2325 5290 2555 5365 centqlue
2573 5281 2964 5365 rerpgandas‘in
2987 5296 3270 5365 pauperes,
3295 5285 3537 5365 quisunt
3569 5281 3694 5340 viva
3713 5285 3914 5365 Christi

2327 5349 3003 5424 templa.#_Su_bveniendnni
3013 5349 3110 5424 est
3123 5349 3427 5424 necessitati
3440 5370 3754 5424 pauperum.
3781 5358 3913 5422 Ouis

2326 5423 2517 5488 negat?
2546 5420 2650 5470 Sed
2683 5429 2858 5473 tamen
2907 5421 3221 5488 negligenda
3251 5441 3358 5478 non
3415 5420 3497 5479 e'st
3548 5420 3742 5481 domus
3789 5420 3904 5482 Dei.

2325 5487 2458 5540 Vide
2490 5495 2644 5540 notas
2673 5489 2739 5540 ad
2769 5487 3130 5572 Agobarduin,
3163 5507 3284 5616 pag}.
3319 5494 3404 5548 77.

2395 5554 2422 5591 ά
2455 5555 2606 5609 Hunc
2635 5557 2808 5610 locum
2839 5575 2914 5612 sne
2936 5560 3214 5616 ediderunt
3289 5579 3400 5616 rass

2395 5554 2422 5591 ά
2455 5555 2606 5609 Hunc
2635 5557 2808 5610 locum
2823 5554 2914 5612 'sic
2936 5554 3214 5617 ediderunt
3234 5554 3590 5619 Drassicanus
3619 5574 3672 5619 et
3697 5565 3909 5622 Galesi-

2327 5625 2449 5704 nius
2483 5644 2493 5676 :
2527 5625 2843 5704 Autinjuria
2874 5627 2980 5704 Dei
3000 5631 3094 5685 hoc
3117 5635 3249 5704 forte
3267 5649 3371 5687 non
3399 5645 3494 5701 est,
3527 5645 3616 5688 aut
3642 5653 3753 5691 esse
3776 5639 3910 5691 indi-

2324 5696 2479 5764 gnior
2506 5696 2806 5773 p_ossit,nnut
2835 5701 3008 5773 multis
3036 5712 3085 5756 et
3111 5696 3311 5771 magnis
3340 5720 3467 5773 opus
3481 5696 3595 5769 sit;
3636 5708 3728 5761 sed
3765 5709 3910 5761 inue-

2329 5775 2495 5847 terata
2530 5768 2584 5820 in
2617 5767 2758 5822 nobis
2794 5771 3046 5826 malorum
3075 5767 3299 5847 omnium
3323 5767 3437 5830 labe
3457 5767 3608 5830 aliter
3653 5778 3766 5847 jam
3796 5794 3904 5833 non

2324 5837 2492 5890 vitiosi
2519 5854 2627 5891 esse
2658 5856 2762 5895 non
2785 5858 3050 5911 possumus
3079 5845 3178 5896 nisi
3208 5853 3262 5896 ut
3283 5847 3487 5899 omnino
3518 5864 3619 5899 non
3646 5837 3825 5904 simus.
