4234 6262
172 708 228 889 ’ἢ

253 417 352 471 129

1312 411 1401 469 DE
1435 405 1965 469 GUBERNATIONE
2004 406 2116 463 DEI
2155 404 2283 462 LIB.
2326 402 2435 461 VII.

3433 402 3533 457 151)

247 530 505 586 Barbatus
532 546 737 586 sumus.
779 529 1025 586 Vendunt
1051 528 1206 584 nobis
1233 529 1417 585 hostes
1443 528 1578 585 lucis
1599 542 1835 582 usuram.
1867 531 1916 587 Α
1944 524 2175 595 pretium
2201 518 2532 577 conditionis
2550 516 2850 572 durissimae
2876 529 2941 573 ac
2957 514 3292 571 miserrimae.
3334 511 3535 570 Omnes

247 622 392 678 Tota
421 621 716 677 admodum
744 623 886 677 salus
910 628 1096 677 nostra
1123 620 1507 675 commercium
1535 627 1636 674 est.
1677 615 1722 671 Ο
1750 617 1835 671 in-

1945 616 2145 686 quippe
2190 612 2425 683 captivi,
2476 625 2600 665 cum
2634 607 2802 663 semel
2830 606 3095 677 redempti
3123 605 3341 670 fuerint,
3372 605 3536 661 liber-

247 712 545 770 felicitates
566 714 805 769 nostras!
856 712 921 769 ad
963 711 1094 782 quid
1120 710 1465 768 devenimus!
1516 708 1586 763 Et
1610 723 1708 780 pro
1736 708 1842 763 hoc
1946 716 2059 763 tate
2086 706 2405 777 potiuntur.~
2424 701 2534 757 Nos
2574 714 2789 770 semper
2820 698 3152 764 redimimur,
3183 704 3239 752 et
3265 711 3540 765 nunquam

248 807 461 875 gratias
508 804 754 861 Barbaris
798 804 1040 873 agimus,
1085 818 1116 857 a
1144 802 1338 873 quibus
1365 816 1465 856 nos
1493 801 1638 871 ipsos
1664 799 1841 870 pretio

252 898 669 964 comparamus?
714 895 849 963 Quid
895 901 1078 966 potest
1124 908 1244 949 esse
1273 892 1430 949 nobis
1457 891 1544 946 vel
1582 889 1843 961 abjectius

254 988 346 1043 vel
365 988 649 1044 miserius?
671 986 738 1041 Et
766 987 949 1047 vivere
986 1001 1089 1041 nos
1113 992 1238 1055 post
1266 984 1367 1039 ista
1395 982 1694 1047 credimus,
1726 980 1847 1049 qui-

1950 799 2105 854 liberi
2149 812 2351 852 sumus.
2411 793 2633 849 Illorum
2678 806 2831 846 more
2874 790 3217 847 dominOrum
3255 789 3540 845 nobiscum

1953 891 2177 973 Barbari
2225 896 2390 958 agunt
2434 886 2526 956 qui
2570 884 2837 955 mancipia
2866 882 3138 953 obsequiis
3164 881 3276 937 suis
3302 896 3411 936 non
3441 896 3540 937 ne-

1952 970 2188 1049 cessaria
2234 978 2572 1035 mercedibus
2617 972 2984 1046 dependendis
3030 973 3226 1044 locant.
3283 970 3571 1035 Similiter,

256 1081 360 1138 bus
388 1083 499 1137 vita
524 1082 601 1137 sic
625 1080 862 1136 constat!
896 1079 1125 1149 Insuper
1148 1078 1312 1134 etiam
1339 1076 1595 1132 ridiculos
1622 1073 1725 1144 ipsi
1747 1087 1848 1127 nos
1952 1072 2099 1127 enim
2124 1086 2222 1125 nos
2268 1083 2542 1139 nunquam
2588 1066 2657 1121 ab
2702 1065 2807 1120 hac
2855 1078 3041 1119 sumus
3085 1062 3240 1118 liberi
3267 1061 3541 1118 functione

255 1171 518 1230 facimus:
544 1188 737 1227 aurum
763 1170 910 1243 quod
937 1171 1246 1242 pendimus,
1274 1178 1301 1207 ι
1322 1184 1545 1223 munera
1573 1180 1845 1222 vocamus.

1955 1180 2117 1234 quam
2164 1162 2462 1234 pendimus.
2524 1159 2606 1215 Ad
2650 1159 2757 1213 hoc
2801 1158 3003 1227 quippe
3048 1155 3325 1213 mercedes
3345 1154 3541 1225 jugiter

256 1261 492 1320 Dicimus
537 1263 745 1319 donum
791 1276 915 1318 esse
959 1261 1108 1331 quod
1155 1259 1385 1331 pretium
1420 1265 1522 1323 est,
1551 1263 1607 1311 et
1634 1254 1851 1325 quidem
1957 1254 2233 1319 solvimus,
2264 1261 2323 1307 ut
2350 1253 2466 1307 sine
2493 1248 2795 1306 cessatione
2820 1247 3113 1303 solvamus.

1445 1374 1811 1433 STEPHANI
1846 1373 2117 1430 BALUZII
2156 1372 2385 1428 NOTAE.

227 1502 233 1508 η
331 1485 359 1514 ι
388 1474 546 1532 Hunc
566 1475 749 1531 locum
778 1473 994 1544 egregie
1019 1473 1254 1528 illustrat
1277 1471 1485 1544 Isaacus
1510 1469 1860 1544 (_lasaubonus

263 1546 318 1602 in
334 1545 485 1603 Notis
511 1546 580 1601 ad
603 1538 972 1616 Spartiahum,
998 1544 1068 1599 ad
1096 1544 1247 1598 illum
1275 1543 1449 1597 locum
1471 1557 1502 1595 e
1529 1540 1647 1593 Vita
1672 1538 1854 1592 Adria-

1968 1467 2043 1531 ni,
2074 1468 2160 1537 qui
2188 1466 2252 1520 de
2278 1466 2564 1520 imminutis
2585 1464 2855 1535 stipendiis
2879 1462 3200 1535 querebatur.

263 1649 3530 1686 ______________________.______.___.______.___

1168 1766 1733 1936 ‘LIBEIt
1806 1714 2673 1872 SEPTIMUS.

353 2058 594 2143 1&1‘1.
631 2068 766 2122 Cum
812 2067 869 2120 in
912 2062 1260 2121 conclusione
1306 2060 1475 2116 libelli
1524 2058 1685 2129 hujus
1707 2098 1722 2123 ,
1771 2055 1885 2129 qui

278 2177 425 2218 nunc
446 2160 629 2214 ﬁnitus
653 2165 771 2224 est,
819 2156 889 2210 de
924 2154 1235 2209 inﬁrmitate
1265 2168 1328 2207 ac
1350 2150 1563 2206 miseria
1592 2148 1867 2204 Romano-

277 2269 402 2307 rum
451 2249 711 2305 nonnulla
758 2245 983 2301 dixerim
1002 2286 1019 2312 ,
1066 2243 1331 2309 contraria
1378 2242 1602 2298 forsitan
1647 2238 1868 2309 negotio

279 2342 431 2412 quod
456 2346 621 2395 ‘nunc
665 2338 908 2408 agimus,
960 2336 1159 2391 dixisse
1204 2335 1498 2390 videamur.
1560 2332 1686 2388 Scio
1725 2331 1869 2386 enim

274 2449 441 2505 posse
467 2432 573 2487 hoc
619 2431 741 2487 loco
785 2428 973 2498 subjici
997 2468 1012 2493 ,
1062 2428 1187 2483 hinc
1213 2429 1446 2483 maxime
1476 2425 1693 2497 probari
1723 2422 1871 2494 quod

272 2541 380 2580 non
409 2522 666 2592 respiciat
707 2536 795 2576 res
840 2521 1102 2575 humanas
1131 2520 1301 2586 Deus;
1332 2519 1458 2589 quia
1486 2534 1609 2574 cum
1638 2513 1870 2571 Romani

277 2612 545 2684 quondam
592 2612 786 2682 pagani
814 2619 871 2666 et
916 2612 1145 2666 vicerint
1191 2620 1246 2665 et
1296 2608 1643 2678 regnaverint
1667 2648 1682 2672 ,
1724 2619 1871 2660 nime

279 2705 560 2761 Christiani
601 2712 655 2760 et
683 2705 964 2760 vincantur
991 2712 1048 2758 et
1073 2704 1335 2758 serviant.
1372 2699 1632 2755 Sullicere
1654 2698 1873 2767 quidem

275 2798 342 2855 ad
379 2798 807 2854 confutationem
832 2796 1152 2863 objectionis
1180 2795 1337 2848 istius
1364 2799 1615 2862 poterant
1642 2791 1731 2845 illa
1754 2805 1875 2859 qum

273 2888 476 2943 dudum
524 2888 594 2942 de
629 2888 838 2943 cunctis
864 2885 977 2940 fere
1004 2885 1230 2955 paganis
1258 2883 1509 2952 gentibus
1537 2881 1677 2937 dicta
1706 2896 1831 2937 sunt
1858 2900 1870 2933 :

276 2971 331 3034 id
360 2988 466 3043 est,
498 2979 671 3045 magis
697 2991 929 3046 peccare
968 2991 1062 3030 eos
1104 2976 1198 3043 qui
1226 2964 1462 3029 scientes
1495 2974 1769 3042 negligant
1794 2974 1873 3027 le-

283 3083 409 3138 gem
438 3067 574 3122 Dei.
608 3081 768 3135 quam
800 3065 893 3136 qui
921 3080 1031 3120 non
1058 3064 1258 3120 faciant
1298 3064 1617 3120 nescientes.
1659 3062 1766 3120 Sed
1797 3073 1875 3119 ta-

279 3175 431 3223 men,
463 3158 507 3213 si
559 3158 700 3214 Deus
736 3158 1016 3229 annuerit,
1049 3173 1169 3212 cum
1197 3158 1264 3213 ad
1290 3173 1411 3212 eam
1437 3158 1638 3226 negotii
1664 3162 1873 3229 partem

280 3250 671 3307 accesserimus
716 3228 777 3304 ut
805 3250 873 3304 de
902 3248 1171 3304 veteribus
1199 3248 1455 3304 Romanis
1483 3249 1659 3319 aliqua
1685 3248 1871 3303 dican-

280 3353 384 3410 tur,
428 3342 706 3399 evidenter
729 3341 912 3396 divino
958 3355 1180 3395 munere
1208 3340 1624 3411 approbabimus
1653 3347 1761 3393 tam
1786 3339 1874 3408 ju-

281 3443 419 3491 stum
448 3440 576 3488 tunc
627 3446 753 3501 erga
799 3431 922 3485 illos
968 3429 1132 3486 fuisse
1177 3430 1390 3484 Domini
1416 3428 1679 3495 favorem,
1711 3442 1874 3500 quam

1970 2054 2143 2110 riores
2170 2070 2371 2110 sumus.
2412 2054 2479 2110 Et
2508 2056 2629 2111 ideo
2660 2071 2768 2112 non
2800 2055 2995 2113 frustra
3023 2057 3180 2114 nobis
3207 2059 3387 2113 evenit
3413 2058 3551 2129 quod.

1972 2150 2191 2204 evenire
2238 2148 2533 2219 pecudibus
2581 2156 2636 2204 et
2676 2148 2934 2218 jumentis
2982 2150 3153 2213 solet,
3184 2166 3303 2222 qua:
3330 2151 3533 2205 inremc

1969 2241 2196 2296 diabilcs
2241 2242 2460 2297 morbos
2508 2241 2706 2296 ferunt.
2768 2241 2904 2296 Nam
2948 2242 3002 2296 in
3043 2244 3292 2298 omnibus
3318 2244 3553 2314 partibm

1972 2332 2161 2386 mundi
2228 2332 2355 2401 quia
2408 2332 2553 2386 curis
2615 2331 3011 2389 medicantibus
3068 2350 3177 2389 non
3225 2334 3561 2403 corrigimur,

1970 2430 2150 2477 morte
2180 2430 2341 2492 atque
2389 2423 2662 2478 occisione
2713 2423 2945 2478 linimur.
2987 2423 3126 2480 Ecce
3174 2425 3337 2490 enim,
3368 2433 3563 2483 utnon

1971 2522 2214 2583 repetam
2245 2529 2373 2582 quae
2393 2512 2561 2567 multo
2592 2521 2717 2569 ante
2738 2514 2852 2583 jam
2880 2515 3025 2581 dixi,
3077 2518 3179 2572 hoc
3207 2517 3381 2586 ipsum
3403 2518 3563 2587 quala

1973 2604 2230 2673 estquod
2258 2604 2418 2673 paulo
2449 2614 2575 2660 ante
2603 2608 2931 2673 memoravi,
2975 2608 3181 2665 scilicet
3217 2610 3341 2679 quia
3383 2618 3438 2663 et
3466 2609 3563 2665 mi-

1973 2695 2080 2750 seri
2110 2695 2311 2764 pariter
2360 2710 2428 2750 ex
2471 2695 2733 2751 luxuriosi
2780 2698 3005 2752 smnus?
3061 2696 3191 2752 Esto
3237 2698 3408 2761 enim,
3458 2698 3563 2754 sint

1974 2787 2107 2841 vitia
2134 2787 2236 2841 ista
2258 2786 2494 2842 felicium
2523 2789 2801 2859 (quamvis
2829 2804 2987 2843 nemo
3010 2788 3153 2844 idem
3182 2803 3238 2843 et
3272 2794 3563 2859 probrosus

1975 2893 2094 2934 esse
2120 2880 2290 2949 possit
2317 2887 2373 2933 et
2418 2878 2546 2935 felix
2573 2898 2586 2933 :
2618 2881 2743 2951 quia
2773 2880 2863 2935 ubi
2891 2896 3000 2935 non
3029 2890 3113 2937 est
3136 2897 3257 2937 vera
3288 2882 3563 2949 honestas,

1975 2986 2085 3027 non
2125 2980 2207 3027 est
2249 2988 2376 3027 vera
2426 2971 2696 3041 felicitas),
2747 2973 2841 3028 sed
2888 2981 3104 3042 tamen,
3148 2984 3208 3032 ut
3243 2992 3403 3051 supra
3432 2976 3563 3043 dixi,

1976 3072 2115 3130 esto,
2149 3065 2258 3119 sint
2286 3064 2414 3119 vitia
2445 3066 2545 3120 ista
2575 3074 2631 3120 et
2658 3066 2832 3136 longa:
2861 3068 3009 3137 pacis
3034 3076 3089 3123 et
3117 3069 3387 3138 opulenta:
3413 3085 3566 3125 secu-
3614 3114 3617 3123 .

1974 3156 2169 3209 ritatis.
2208 3154 2333 3223 Cur,
2376 3172 2590 3227 qureso,
2641 3158 2749 3213 illic
2796 3167 2939 3224 sunt,
2992 3160 3082 3214 ubi
3125 3159 3239 3228 jam
3266 3159 3409 3214 nulla
3438 3175 3562 3230 pax,

1978 3246 2070 3300 ubi
2098 3246 2245 3301 nulla
2273 3249 2571 3303 securitas?
2608 3249 2667 3305 In
2696 3250 2844 3305 omni
2872 3250 3013 3306 enim
3043 3249 3210 3306 ferme
3239 3248 3266 3288 δ
3293 3252 3425 3306 orbe
3454 3250 3567 3306 Ro-

1976 3353 2139 3395 mano
2186 3355 2293 3409 pax
2339 3348 2395 3394 et
2440 3344 2702 3398 securitas
2748 3360 2857 3400 non
2887 3352 3035 3399 sunt.
3072 3342 3183 3400 Cur
3210 3345 3326 3401 sola
3357 3354 3566 3399 tantum

1976 3427 2106 3482 vitia
2135 3429 2468 3499 perdurant?
2520 3430 2669 3499 Quis,
2703 3448 2857 3501 rogo,
2891 3433 3033 3490 ferre
3068 3434 3236 3503 possit
3266 3435 3319 3487 in
3349 3434 3569 3490 homine

283 3542 422 3582 nunc
448 3540 574 3594 erga
605 3541 705 3580 nos
727 3523 929 3593 justam
950 3523 1325 3588 severitatem;
1360 3530 1468 3575 tam
1493 3521 1713 3589 dignum
1743 3520 1874 3574 illud
1904 3491 1951 3556 ο
1980 3529 2269 3590 egestuoso
2315 3538 2435 3578 esse
2484 3524 2800 3581 lasciviam?
2849 3523 3200 3581 Criminosior
3245 3527 3443 3595 quippe
3488 3534 3569 3579 cst

282 3617 444 3673 fuisse
471 3616 617 3688 quod
656 3616 932 3671 Romanos
976 3622 1104 3669 tunc
1132 3614 1274 3668 Deus
1304 3613 1504 3667 auxilio
1530 3629 1630 3668 suo
1660 3613 1871 3677 extulit,

284 3723 443 3778 quam
488 3722 636 3761 nunc
677 3705 897 3774 dignum
925 3720 1045 3761 esse
1072 3704 1218 3775 quod
1245 3704 1516 3774 punimur.
1560 3704 1735 3772 Atque
1764 3705 1872 3759 uti-

283 3812 407 3851 nam
454 3812 614 3867 pmna
662 3797 776 3866 ipsa
825 3796 1125 3866 prodesset.
1185 3793 1320 3848 Illud
1352 3796 1578 3863 .gravius
1613 3796 1782 3850 multo
1811 3810 1876 3851 ac

204 3885 217 3900 ”
284 3889 579 3970 luctuosius
606 3927 622 3953 ,
672 3887 825 3959 142
864 3887 1008 3957 quod
1038 3893 1161 3956 post
1187 3900 1405 3955 pmnam
1432 3886 1579 3941 nulla
1608 3886 1874 3942 correctio

286 3986 390 4035 est.
432 3977 635 4032 Curare
659 3994 758 4033 nos
803 3977 917 4031 vult
957 3976 1401 4045 castigationibus
1445 3977 1557 4031 suis
1594 3977 1872 4043 Dominus,

287 4070 385 4125 sed
429 4084 617 4124 curam
656 4069 889 4125 remedia
927 4085 1034 4124 non
1060 4076 1376 4139 sequuntur.
1418 4069 1557 4136 Quid
1602 4071 1707 4126 hoc
1749 4070 1879 4126 mali

288 4162 413 4216 est?
440 4157 695 4214 Jumenta
739 4174 803 4213 ac
846 4158 1076 4228 pecudes
1121 4160 1359 4215 sectione
1385 4169 1660 4227 curantur,
1692 4169 1748 4216 et
1775 4176 1878 4231 pu-

288 4252 515 4308 trefacta
546 4250 834 4316 mulorum,
863 4250 1157 4317 asinorum,
1186 4266 1476 4321 porcorum
1501 4251 1729 4316 viscera,
1754 4267 1878 4306 cum

288 4345 479 4402 adusta
521 4344 779 4401 cauteriis
822 4342 1057 4411 fuerint,
1106 4359 1300 4399 munus
1328 4344 1552 4398 medica:
1581 4344 1880 4399 adustionis

290 4445 619 4508 agnoscunt;
667 4438 959 4509 statimque
1008 4438 1095 4493 ubi
1138 4446 1232 4493 aut
1260 4443 1500 4493 cremata
1546 4446 1640 4489 aut
1665 4436 1881 4491 desecta

267 4529 462 4587 fuerit
487 4531 794 4586 Vitiatorem
823 4546 1112 4601 corporum
1138 4530 1289 4585 labes
1316 4567 1328 4591 ,
1370 4528 1425 4582 in
1454 4528 1632 4583 locum
1661 4526 1879 4583 demor-

290 4628 397 4677 tuae
419 4621 599 4677 carnis
618 4621 738 4676 viva
756 4621 1013 4677 succedit.
1052 4616 1161 4677 Νὺξ
1186 4629 1243 4675 et
1272 4619 1493 4684 urimur,
1526 4628 1581 4674 et
1607 4635 1879 4688 secamnr;

291 4713 386 4770 sed
404 4728 510 4770 nec
535 4713 667 4769 ferri
695 4712 1027 4781 desectione,
1072 4729 1174 4769 nec
1208 4714 1572 4768 canteriorum
1600 4712 1885 4771 adustione

1978 3610 2256 3667 luxuriosa
2285 3622 2602 3682 paupertas;
2655 3621 2710 3668 et
2756 3615 2977 3681 majoris
3005 3615 3216 3668 invidia:
3240 3654 3255 3677 ,
3288 3616 3451 3669 miser
3478 3631 3570 3667 nu~

1979 3715 2082 3770 gax
2114 3702 2300 3772 (Each.
2336 3718 2461 3766 xxv,
2492 3702 2570 3771 4).
2615 3702 2783 3756 Totus
2832 3702 3107 3757 Romanus
3154 3703 3299 3755 orbis
3327 3711 3382 3755 et
3408 3703 3570 3755 miser

1979 3801 2063 3847 est
2113 3800 2168 3846 et
2215 3792 2541 3847 luxuriosus.
2604 3791 2763 3857 Quis,
2797 3808 3015 3861 qumso,
3048 3808 3253 3861 pauper
3280 3801 3334 3846 et
3365 3809 3560 3862 nugax,

1979 3885 2074 3956 qui
2120 3884 2487 3954 captivitatem
2539 3892 2856 3953 exspectans
2903 3885 2971 3940 de
3008 3884 3152 3939 circo
3181 3884 3426 3953 cogitat?
3453 3887 3572 3954 quis

1979 3979 2172 4035 metuit
2188 3986 2429 4037 mortem
2454 4019 2468 4044 ,
2518 3986 2574 4033 et
2610 3976 2782 4032 ridet?
2820 3979 2929 4034 Nos
2955 3986 3011 4034 et
3040 3977 3095 4033 in
3122 3988 3271 4033 metu
3298 3978 3572 4049 captivita~

1982 4072 2053 4127 tis
2082 4071 2332 4138 ludimus,
2365 4080 2421 4126 et
2449 4070 2610 4141 positi
2639 4070 2694 4125 in
2721 4071 2913 4127 mortis
2940 4071 3134 4127 timore
3160 4069 3414 4127 ridemus.
3446 4069 3571 4126 Sar-

1982 4162 2192 4218 donicis
2240 4162 2642 4232 quodammodo
2689 4162 2869 4219 herbis
2896 4178 3115 4218 omnem
3142 4162 3446 4219 Romanum
3474 4178 3573 4233 po—

1982 4255 2167 4326 pulum
2215 4263 2371 4324 putes
2416 4270 2537 4310 esse
2581 4262 2898 4309 saturarum.
2940 4254 3093 4325 143
3121 4253 3366 4321 Moritur,
3418 4262 3473 4310 et
3499 4255 3573 4309 ri-

1983 4346 2095 4411 det,
2132 4344 2199 4398 Et
2247 4344 2369 4400 ideo
2416 4345 2469 4398 in
2521 4345 2770 4400 omnibus
2806 4344 2919 4400 fere
2952 4344 3193 4414 partibus
3220 4345 3404 4399 mundi
3432 4345 3572 4398 risus

1983 4444 2202 4492 nostros
2251 4435 2500 4506 lacrymae
2545 4444 2976 4505 consequuntur;
3025 4449 3089 4489 ac
3117 4433 3264 4489 venit
3309 4434 3471 4489 etiam
3519 4434 3574 4488 in

1983 4531 2236 4601 prazsenti
2265 4544 2426 4600 super
2464 4544 2564 4585 nos
2606 4528 2736 4583 illud
2764 4528 2976 4584 Domini
3004 4528 3175 4583 nostri
3201 4527 3441 4585 dictum:
3482 4526 3577 4582 νω

1984 4622 2124 4678 vobis
2146 4624 2233 4694 qui
2263 4621 2461 4688 ridetis,
2492 4622 2738 4694 quoniam
2767 4620 2953 4691 flebitis
2983 4618 3140 4693 (Luc.
3173 4637 3246 4687 vr,
3279 4620 3395 4691 25).

2056 4713 2121 4768 ll.
2165 4713 2272 4769 Sed
2324 4712 2548 4769 forsitan
2575 4751 2589 4776 ,
2641 4728 2764 4767 cum
2815 4711 2883 4767 de
2911 4711 3129 4769 ludicris
3157 4727 3222 4768 ac
3247 4710 3577 4769 fmditatibus

292 4820 583 4862 sanamur:
633 4806 818 4873 immo,
848 4806 995 4879 quod
1040 4812 1127 4862 est
1163 4805 1397 4877 gravius,
1426 4821 1555 4861 cura
1583 4806 1699 4877 ipsa
1727 4806 1882 4863 dete-
1986 4805 2216 4878 publicis
2261 4804 2561 4862 diutissime
2607 4804 2933 4871 dixerimus;
2980 4806 3036 4859 in
3080 4804 3183 4861 hoc
3213 4813 3431 4861 tantum
3450 4806 3572 4875 quis

1487 4916 1826 4973 STEPHANI
1862 4916 2134 4972 BALUZII
2170 4915 2399 4972 ΝΟΤιΕ.

296 5102 538 5181 editione
562 5101 884 5181 Brassicani,
910 5102 991 5181 _ita
1029 5111 1089 5181 ut
1115 5116 1235 5181 quae
1280 5101 1349 5155 ad
1381 5101 1685 5181 septimum
1713 5100 1871 5170 perti-

294 5179 451 5237 nent,
479 5171 723 5240 legantur
751 5172 1019 5227 interdum
1049 5172 1102 5227 in
1131 5170 1344 5227 octavo.
1375 5170 1473 5225 Cui
1497 5170 1725 5225 similem
1754 5185 1885 5240 que-

294 5244 465 5300 relam
515 5241 743 5313 protulit
775 5241 1068 5297 Balduinus
1105 5242 1173 5297 ad
1214 5242 1409 5297 librum
1447 5242 1665 5313 tertium
1702 5240 1884 5310 Optati

294 5309 610 5369 Milevitani.
652 5309 957 5368 Galesinius
1002 5314 1182 5382 itaque
1209 5320 1401 5368 cuncta
1442 5312 1498 5366 in
1525 5309 1769 5367 ordinem
1792 5326 1881 5365 re-

296 5384 450 5453 duxit
470 5382 613 5453 apud
630 5382 960 5453 Salvianum.

365 5453 394 5493 ιι
426 5451 521 5509 Ita
534 5453 709 5508 codex
736 5451 1097 5518 Corbeiensis,
1148 5470 1267 5509 cum
1313 5453 1654 5509 Colbertinus
1682 5461 1738 5509 et
1770 5453 1884 5510 edi-

298 5525 478 5581 tiones
516 5520 777 5578 Galesinii
830 5532 886 5578 et
932 5521 1126 5579 Pitbmi
1172 5525 1433 5580 haberent
1459 5522 1583 5578 urbe
1622 5523 1879 5579 Romana.

296 5592 529 5649 Prorsus
556 5594 720 5665 male.
750 5592 885 5648 Nam
902 5600 970 5665 _et
990 5596 1114 5665 ipse
1164 5593 1403 5665 Pithoeus
1430 5603 1580 5650 recte
1606 5595 1885 5651 admonuit

298 5664 672 5734 reponendum
692 5678 813 5734 esse
832 5663 952 5718 orbe
978 5663 1233 5719 Romano.
1258 5664 1510 5734 Diversus
1536 5681 1688 5720 error
1710 5673 1887 5720 exstat

298 5731 508 5805 in‘pag.
534 5732 642 5805 155
659 5742 717 5789 et
738 5731 864 5805 156,
905 5735 995 5791 ubi
1021 5751 1122 5805 pro
1152 5734 1216 5790 de.
1240 5733 1363 5789 urbe
1378 5737 1446 5789 vin
1467 5736 1644 5790 urbem
1672 5736 1885 5805 legeba-

302 5802 477 5873 tur—de
497 5802 623 5859 orbe
640 5805 697 5858 in
724 5802 914 5859 orbem.
949 5802 1116 5861 Natus
1142 5806 1229 5860 hic
1253 5820 1404 5860 error
1431 5821 1500 5860 ex
1524 5821 1592 5860 eo
1620 5802 1765 5873 quod
1785 5821 1883 5859 an-

303 5871 442 5946 tiqui
465 5873 673 5932 librarii
702 5889 1074 5946 saepenumero
1100 5874 1499 5933 confundebant
1539 5871 1746 5931 litteras
1771 5891 1802 5929 ο
1830 5882 1886 5929 et

428 5029 729 5100 Sequentes
754 5029 863 5086 duo
903 5030 1025 5087 libri
1052 5030 1273 5086 omnino
1318 5029 1616 5100 perturbati
1663 5036 1789 5085 sunt
1830 5030 1883 5084 in
1908 5030 1961 5090 D
1984 5047 2038 5095 ιι,
2068 5037 2128 5083 ut
2146 5029 2210 5084 iis
2238 5037 2428 5084 notum
2453 5038 2537 5085 est
2559 5032 2651 5100 qui
2668 5031 2834 5088 libros
2848 5047 3023 5093 .manu
3046 5036 3295 5087 exaratos
3313 5034 3563 5100 tractant.

1987 5100 2095 5156 Sed
2139 5114 2208 5177 ne
2254 5100 2307 5155 id
2361 5102 2415 5155 in
2469 5096 2732 5177 sequioris
2763 5111 2969 5158 tantum
3006 5096 3570 5177 aetatisscriptoribus

1987 5175 2225 5243 notetm',
2258 5179 2472 5227 exstant
2495 5168 2638 5243 apud
2657 5172 2943 5243 Gruterum
2990 5179 3059 5243 et
3082 5168 3205 5223 alibi
3234 5176 3445 5220 veteres
3484 5168 3567 5220 in-

1987 5241 2306 5311 scriptiones
2335 5243 2388 5297 in
2417 5239 2610 5313 quibus
2636 5259 2851 5313 quoque
2892 5242 3006 5313 haec
3026 5239 3323 5313 litterarum
3341 5251 3569 5313 permu-

1984 5306 2123 5368 talio
2149 5314 2392 5381 contigit.
2424 5306 2515 5369 Sic
2542 5315 2595 5368 in
2625 5306 2791 5369 veteri
2821 5308 2994 5381 lapide
3023 5306 3367 5381 Narbonensi:
3387 5306 3571 5365 Rusti-

1987 5398 2083 5464 c_us
2112 5383 2259 5437 urbis
2301 5376 2446 5441 illius
2484 5385 2771 5464 episcopus
2820 5376 3015 5464 dicitur
3062 5377 3288 5464 epigﬁopi
3315 5379 3575 5464 'Arqtoris

1988 5453 2053 5508 de
2079 5471 2253 5525 sorore
2275 5471 2451 5525 nepus.
2470 5447 2832 5525 Quintilianus
2860 5454 3041 5502 autem
3070 5447 3122 5503 in
3150 5447 3242 5504 lib.
3268 5464 3286 5503 ι
3313 5447 3573 5525 Institut.,

1991 5538 2109 5595 cap.
2138 5524 2191 5590 4,
2218 5519 2295 5595 sic
2323 5519 2535 5595 scribit:
2559 5519 2698 5595 Quid
2719 5535 2753 5595 0_
2783 5526 2933 5595 utque
2958 5534 2993 5574 ιι
3012 5529 3315 5595 permutant:
3338 5523 3571 5595 inuicem,

1989 5587 2283 5649 ut'ﬂeeoba
2305 5602 2353 5647 et
2382 5592 2575 5652 notrix,
2622 5587 2890 5644 Chalcides
2927 5599 2977 5644 et
3005 5587 3263 5647 Pulixena
3290 5593 3568 5646 scriberen-

1992 5665 2113 5717 tur?
2137 5665 2213 5717 Ac
2239 5679 2303 5717 ne
2328 5664 2384 5715 in
2412 5658 2605 5729 Graecis
2648 5658 2703 5712 id
2745 5668 2943 5715 tantum
2972 5672 3194 5729 notetur,
3242 5662 3568 5729 dederentur:

1991 5732 2348 5814 probaueront.
2380 5728 2516 5784 Vide
2541 5728 2710 5786 Notas
2747 5730 2815 5786 ad
2841 5732 3124 5803 epistolam
3154 5728 3257 5787 “5
3279 5731 3412 5801 Lupi
3440 5728 3568 5811 Fer:

1990 5815 2264 5858 rartensm.
