4234 6262
671 398 770 468 {ﬁt

1608 408 1664 464 S.
1706 400 2021 466 SALVIANI
2050 398 2528 465 ‘MASSILIEN‘SIS
2566 400 2986 469 PRESBYTERJ

3789 406 3920 472 ’139

669 523 964 580 deteriores
989 532 1108 576 esse
1131 532 1231 576 nos
1258 526 1411 591 putat
1436 518 1700 586 barbaris,
1729 521 1853 590 quia
1883 520 1959 575 illi
1988 522 2100 577 haec
2128 534 2236 575 non
2263 520 2442 581 Alius
2471 523 2607 578 tales
2627 565 2641 590 ,
2697 525 2823 594 quia
2870 514 3123 594 specialia
3169 522 3266 580 Dei
3302 532 3526 581 munera
3551 522 3917 597 possidebant.

669 617 834 683 agunt
855 650 870 676 ,
899 622 999 667 nos
1025 612 1231 680 agimus
1250 650 1266 677 ,
1311 619 1568 666 ueterum
1614 611 1731 680 ipso
1759 611 1987 667 carnalis
2014 612 2246 666 libidinis

666 704 870 760 scelere
894 706 953 758 et
977 698 1344 759 fornicationis
1382 702 1607 758 fimestte
1632 716 1790 759 emno
1818 714 1927 759 non
1956 704 2029 758 ita
2058 704 2242 774 pollui.

664 793 1050 865 Comparemus
1070 835 1086 862 ,
1124 794 1171 850 si
1200 794 1395 865 placet,
1428 794 1640 851 ceteris
1667 790 1976 849 nationibus
2001 795 2163 850 etiam
2190 795 2247 849 in

664 884 768 940 hac
790 890 943 956 parte
988 885 1282 942 Romanos.
1342 884 1410 940 Et
1450 885 1671 954 quidem
1698 884 1882 940 nescio
1910 894 1979 941 an
2006 885 2128 953 ullis
2155 894 2246 941 η·-

665 976 802 1032 ‘ctius
828 982 1215 1047 comparentur
1240 984 1402 1045 quam
1431 977 1517 1030 bis
1543 990 1681 1046 quos
1708 974 1850 1031 Deus
1877 977 1933 1031 in
1962 976 2139 1033 medio
2166 978 2247 1032 rei

663 1064 895 1138 publicas
938 1068 1060 1121 sinu
1104 1067 1341 1137 positos,
1388 1076 1730 1135 possessores
1758 1064 1884 1121 fecit
1910 1078 1974 1122 ac
1999 1066 2247 1123 dominos

661 1159 764 1215 soli
791 1170 912 1215 esse
943 1152 1190 1214 Romani.
1246 1156 1398 1211 Unde
1432 1158 1678 1225 quamvis
1718 1158 1852 1212 nihil
1888 1151 2152 1229 disputari
2178 1159 2247 1215 de

661 1249 860 1320 judicio
906 1250 1001 1303 Dei
1046 1249 1217 1318 possit
1233 1289 1248 1313 ,
1300 1252 1482 1303 tamen
1515 1262 1640 1303 cum
1669 1248 1899 1304 ablatam
1925 1251 2082 1306 nobis
2105 1250 2245 1318 juris

660 1342 830 1397 nostri
877 1341 1136 1411 optimam
1176 1348 1384 1409 partem
1429 1340 1672 1395 barbaris
1699 1339 1937 1405 dederit,
1966 1341 2244 1396 videamus

662 1448 732 1487 an
761 1433 814 1486 id
841 1432 984 1501 quod
1024 1431 1182 1487 nobis
1208 1431 1332 1485 tulit
1358 1437 1414 1486 et
1439 1430 1549 1487 illis
1574 1429 1829 1497 tradidit,
1867 1429 2017 1500 justo
2039 1430 2244 1500 judicio

663 1521 943 1577 tradidisse
989 1520 1251 1575 videatur.
1314 1509 1524 1575 Nemini
1570 1520 1790 1576 dubium
1834 1528 1918 1576 est
1944 1520 2243 1589 Aquitanos

659 1628 723 1667 ac
750 1611 1183 1681 Novempopulos
1223 1609 1510 1665 medullam
1536 1611 1651 1665 fere
1675 1611 1915 1665 omnium
1942 1608 2240 1665 Galliarum

659 1710 714 1757 et
737 1703 871 1757 uber
918 1703 1081 1757 totius
1128 1700 1469 1756 fecunditatis
1514 1698 1793 1767 habuisse;
1833 1716 1932 1757 nec
1959 1700 2134 1757 solum
2163 1701 2241 1756 fe-

657 1794 973 1860 cunditatis,
1026 1793 1145 1859 sed,
1195 1808 1316 1862 quae
1361 1793 1605 1863 praeponi
1632 1782 1899 1847 interdum
1926 1784 2242 1848 hcuhditati

2318 612 2416 676 “Et
2441 615 2569 685 quid
2616 623 2739 687 post
2785 617 2900 672 inec
2943 617 3156 672 omnia?
3184 617 3313 687 quid
3341 626 3583 675 secutum
3626 620 3745 676 est?
3769 616 3917 693 quid,

2347 705 2451 760 nisi
2479 712 2671 762 cuncta
2699 712 2821 776 qua!
2846 716 2878 763 e
2904 705 3116 763 diverso
3137 709 3296 763 sunt?
3342 706 3402 764 in
3441 708 3689 768 omnibus
3723 708 3921 783 quippe

2347 789 2553 859 Galliis,
2580 793 2724 848 sicut
2744 794 2943 850 diritiis
2970 796 3127 866 primi
3155 795 3323 864 fuere,
3354 797 3434 854 sic
3456 797 3614 855 vitiis.
3645 796 3917 869 Nusquam

2349 884 2492 938 enim
2519 884 2818 954 improbior
2842 886 3109 956 voluptas,
3142 892 3405 972 nusquam
3433 888 3760 958 inquinatior
3787 888 3915 956 vita,

2347 984 2612 1043 nusquam
2640 976 2943 1046 corruptior
2975 975 3281 1048 disciplinas
3312 977 3462 1034 lianc
3488 987 3587 1050 pro
3610 980 3920 1037 muneribus

2347 1067 2512 1121 sacris
2558 1065 2821 1122 dederunt
2840 1057 2843 1061 ⁴
2864 1068 3090 1124 Domino
3116 1062 3543 1137 retributionem,
3574 1076 3635 1126 ut
3661 1071 3716 1127 in
3740 1082 3917 1142 quan-

2347 1162 2464 1211 tum
2491 1168 2588 1213 eos
2614 1157 2888 1214 beneﬂciis
2916 1160 3027 1215 suis
3053 1159 3142 1215 ille
3169 1159 3235 1214 ad
3260 1166 3321 1216 se
3345 1160 3607 1217 inlexerat
3631 1163 3701 1218 ad
3726 1160 3920 1234 propi-

2346 1247 2613 1316 tiandum,
2646 1250 2701 1304 in
2745 1254 2952 1306 tantum
2978 1251 3055 1306 iiii
3080 1249 3292 1320 ﬂagitiis
3330 1252 3443 1307 suis
3466 1252 3824 1309 laborarerint
3852 1251 3923 1310 ad

2344 1340 2793 1395 exacerbandum.

2413 1428 2502 1484 lll.
2541 1430 2625 1484 An
2662 1431 2801 1486 forte
2825 1431 3017 1487 falsum
3056 1439 3156 1499 est,
3179 1440 3236 1488 et
3270 1432 3532 1488 invidiose
3557 1433 3735 1503 potius
3757 1445 3916 1503 quam

2343 1532 2472 1573 vere
2499 1520 2601 1575 ista
2627 1519 2916 1577 dicuntur?
2936 1531 2964 1569 μ
2988 1522 3107 1577 Non
3135 1523 3371 1578 oratoria
3407 1522 3560 1595 ιω
3579 1523 3914 1593 probatione,

2341 1599 2450 1677 qua
2480 1610 2555 1663 uti
2584 1610 2675 1663 alii
2703 1611 2756 1665 in
2776 1612 2955 1666 causis
2972 1613 3168 1677 solent,
3202 1621 3323 1667 utar
3361 1620 3421 1667 ut
3446 1612 3736 1682 producam
3757 1629 3916 1683 quos-

2343 1715 2553 1769 cunque
2581 1702 2649 1756 ad
2687 1703 3024 1771 probandum
3050 1712 3143 1757 aut
3169 1720 3371 1774 paucos
3396 1711 3489 1759 aut
3511 1711 3797 1760 extraneos
3822 1713 3915 1761 aut

2341 1791 2521 1848 minus
2542 1791 2766 1847 idoneos
2794 1798 2974 1849 tates.
3024 1792 3174 1863 ipsos
3212 1794 3600 1863 interrogemus
3645 1810 3677 1849 a
3723 1795 3915 1863 quibus

658 1886 850 1948 solent,
877 1884 1250 1953 jucunditatis,
1274 1884 1594 1954 voluptatis,
1626 1884 2055 1954 pulchritudinis.
2086 1882 2237 1941 Adeo
2266 1889 2315 1949 Β
2342 1891 2464 1939 acta
2500 1891 2642 1939 sunt.
2675 1884 2889 1939 Falsum
2932 1884 3196 1950 diximus,
3228 1886 3274 1940 si
3303 1885 3632 1955 negaverint.
3661 1884 3914 1941 Fateatur

658 1976 762 2031 illic
789 1975 1277 2045 omnisadmodum
1305 1976 1454 2043 regio
1478 1983 1569 2030 aut
1595 1975 1887 2031 intertexta
1918 1976 2107 2040 vineis,
2141 1983 2235 2029 aut

656 2064 937 2121 ﬂoruleuta
963 2064 1133 2135 pratis
1156 2104 1171 2131 ,
1214 2068 1308 2120 aut
1333 2060 1583 2119 distincta
1611 2058 1836 2120 culturis
1858 2104 1873 2130 ,
1905 2068 1998 2119 aut
2025 2065 2233 2120 consita

653 2157 847 2229 pomis,
880 2158 973 2211 aut
999 2163 1271 2213 ammnata
1298 2152 1463 2222 lucis,
1498 2164 1591 2211 aut
1619 2156 1827 2227 inrigua
1857 2152 2111 2225 fontibus,
2142 2165 2234 2212 aut

653 2246 912 2305 interfusa
957 2245 1298 2315 ﬂuminibus,
1351 2246 1443 2304 aut
1490 2248 1680 2304 crinita
1726 2248 1989 2304 messibus
2016 2247 2143 2316 fuit;
2175 2252 2236 2304 ut

612 2342 615 2349 '
653 2350 783 2396 vere
809 2350 1148 2410 possessores
1174 2350 1237 2395 ac
1266 2336 1469 2395 domini
1497 2346 1653 2393 terrae
1681 2338 1825 2395 illius
1854 2355 1964 2396 non
1994 2347 2105 2394 tam
2132 2336 2234 2396 soli

653 2432 804 2488 istius
829 2431 1134 2503 portionem
1162 2440 1324 2501 quam
1350 2426 1582 2503 paradisi
1614 2428 1900 2501 imaginem
1929 2432 2234 2503 possedisse

653 2523 955 2581 videantur.
997 2520 1134 2590 Quid
1160 2532 1289 2593 ergo
1332 2530 1456 2595 post
1494 2524 1597 2579 ista
1626 2520 1846 2579 omnia?
1871 2521 2232 2579 Ofﬁciosiorcs

654 2610 855 2685 absque
882 2610 1044 2669 dubio
1072 2606 1184 2669 Deo
1214 2624 1333 2670 esse
1357 2613 1675 2681 debuerant,
1727 2628 1864 2686 quos
1890 2615 2235 2685 peculiariter

654 2696 797 2761 Deus
826 2705 1282 2761 abundantissimi
1319 2703 1705 2762 beneﬁciorum
1748 2720 1968 2763 suorum
1994 2705 2120 2763 dote
2147 2707 2231 2762 di-

651 2800 881 2851 taverat.
921 2795 1061 2863 Quid
1098 2796 1241 2851 enim
1289 2797 1487 2852 rectius
1528 2796 1621 2851 aut
1664 2796 1794 2867 quid
1835 2796 2045 2867 dignius
2071 2804 2247 2871 Quam'

651 2893 710 2941 ut
733 2886 933 2954 quibus
958 2898 1057 2956 per
1085 2898 1308 2942 munera
1340 2902 1436 2942 sua
1466 2887 1725 2943 Dominus
1751 2882 1906 2959 quasi
1931 2888 2236 2960 specialiter

651 2977 936 3033 videbatur
962 2979 1178 3049 placere
1203 2979 1459 3047 voluisse,
1497 2978 1652 3053 1M
1687 2976 1848 3038 iidem
1877 2996 2090 3053 quoque
2118 2995 2237 3053 spe-

650 3064 839 3125 cialius
866 3068 1095 3126 Domino
1142 3070 1289 3126 cultu
1337 3082 1402 3127 ac
1426 3071 1685 3140 religione
1713 3072 2060 3143 placuissent,
2092 3082 2232 3143 pra:-

649 3161 839 3219 senim
886 3174 1009 3218 cum
1055 3178 1085 3217 a
1134 3164 1291 3219 nobis
1344 3162 1478 3218 Deus
1522 3165 1597 3218 nil
1624 3178 1937 3231 onerosum,
1968 3160 2042 3219 nil
2070 3178 2234 3233 grave

2340 1974 2510 2041 enim;
2541 1982 2597 2029 et
2623 1975 2857 2043 quidem,
2888 1975 3035 2045 quod
3054 1983 3138 2031 est
3156 1977 3386 2045 gravius,
3414 1976 3492 2031 sic
3517 1976 3751 2031 fatentur
3776 1984 3832 2031 ut
3858 1977 3911 2031 in

2338 2063 2455 2133 ipsa
2483 2058 2819 2120 confcissione
2865 2080 2973 2119 non
3015 2062 3253 2121 doleant.
3283 2058 3430 2122 Idem
3472 2067 3614 2122 enim
3654 2076 3795 2123 nunc
3832 2076 3913 2123 est

2339 2152 2549 2208 animus
2565 2154 2631 2207 in
2659 2150 2965 2222 fatentibus,
2995 2155 3085 2224 qui
3113 2156 3169 2210 in
3190 2156 3470 2226 agentibus
3488 2148 3603 2212 fuit.
3622 2154 3771 2235 Siput
3791 2165 3916 2213 tunc

2338 2254 2446 2301 nOn
2474 2242 2663 2317 puduit
2690 2240 2889 2316 ﬂagitia
2918 2246 3276 2315 committere,
3301 2248 3378 2305 sic
3403 2262 3543 2306 nunc
3567 2251 3785 2306 omnino
3806 2262 3913 2306 non

2336 2338 2563 2407 poenitet
2590 2333 2851 2406 ﬂagitiosa
2890 2334 3099 2395 fecisse.
3129 2334 3381 2411 Exceptis
3428 2349 3607 2397 tamen
3634 2342 3914 2414 perpaucis

2333 2426 2504 2482 ferme
2532 2429 2730 2483 sanctis
2752 2435 2913 2497 atque
2942 2429 3236 2498 insignibus
3262 2430 3392 2486 viris
3409 2471 3424 2496 ,
3453 2431 3544 2502 qui
3561 2474 3574 2496 ,
3608 2439 3667 2486 ut
3699 2432 3914 2503 quidam

2334 2512 2402 2573 de
2430 2528 2653 2575 numero
2681 2514 2920 2588 ipsorum
2949 2519 3050 2585 ait,
3096 2521 3296 2590 sparsis
3342 2520 3664 2576 redeam-unt
3701 2523 3919 2577 crimina

2336 2612 2586 2675 nummis;
2632 2611 2887 2681 exceptis,
2937 2611 3175 2680 inquam,
3222 2610 3306 2665 his
3351 2620 3485 2679 qUOs
3530 2604 3740 2683 loquor,
3782 2622 3918 2684 quos

2336 2703 2523 2772 utique
2567 2702 2729 2757 etiam
2768 2703 2822 2757 in
2869 2701 2957 2757 illa
2986 2709 3115 2758 tunc
3154 2703 3388 2771 generali
3437 2698 3722 2760 admodum
3749 2702 3921 2762 collu-

2335 2790 2497 2850 vione
2520 2794 2774 2848 vitiorum
2808 2798 2954 2848 recte
2980 2793 3248 2847 minorum
3276 2792 3554 2849 criminum
3591 2806 3714 2848 reos
3752 2792 3921 2852 fuisse

2338 2887 2604 2944 credimus
2633 2888 2725 2957 qui
2745 2887 2938 2956 corrigi
2961 2900 2991 2940 a
3015 2884 3300 2940 Divinitate
3324 2893 3654 2941 meruerunt.
3680 2885 3799 2942 Non
3824 2896 3922 2957 pe-

2336 2981 2484 3036 nitus
2511 2980 2654 3036 enim
2682 2978 2956 3035 dominum
2989 2990 3143 3033 suum
3174 2976 3334 3043 laedit,
3367 2976 3453 3033 cui
3486 2977 3798 3048 propitiatio
3825 2986 3918 3035 re-

2338 3079 2601 3127 servatur.
2627 3069 2693 3123 Et
2720 3064 2845 3138 quid
2866 3066 3054 3139 plura?
3082 3066 3219 3123 Puto
3247 3067 3390 3138 quod
3416 3076 3628 3137 semper
3665 3067 3832 3123 Deum
3857 3074 3917 3124 et

2337 3162 2394 3217 in
2433 3163 2550 3233 ipso
2577 3172 2762 3216 errore
2788 3160 3103 3230 respexerit,
3130 3174 3161 3214 a
3195 3165 3302 3227 quo
3343 3158 3449 3214 hoc
3474 3158 3718 3214 obtinere
3741 3159 3918 3229 potuit

650 3254 861 3322 exigat?
916 3253 1035 3309 Non
1080 3254 1223 3309 enim
1262 3267 1364 3309 nos
1389 3250 1456 3308 ad
1485 3261 1662 3308 aratra
1692 3260 1783 3309 aut
1811 3253 1879 3308 ad
1906 3250 2113 3322 ligones
2142 3268 2231 3308 vo-
2255 3249 2301 3312 C
2335 3266 2406 3308 ne
2434 3252 2631 3307 diutius
2657 3258 2879 3307 erraret.
2909 3244 3103 3305 Caeteri
3128 3255 3311 3304 autem
3339 3253 3393 3303 et
3421 3248 3634 3318 plurimi
3659 3243 3824 3305 ferme
3850 3262 3914 3305 ac

647 3348 753 3413 eat,
799 3361 909 3404 non
954 3346 1021 3402 ad
1058 3340 1375 3403 scindendas
1415 3350 1587 3400 terras
1623 3350 1799 3414 neque
1826 3342 1894 3399 ad
1910 3345 2101 3398 vineas
2128 3356 2226 3414 pa-

646 3436 921 3495 stinandas
943 3479 957 3504 ,
1008 3450 1117 3493 non
1144 3434 1377 3505 denique
1404 3432 1493 3490 illa
1522 3430 1686 3505 exigit
1711 3450 1742 3489 a
1770 3434 1942 3491 servis
1970 3435 2085 3505 suis,
2108 3448 2228 3505 qua:

646 3542 746 3585 nos
772 3529 1034 3599 exigimus
1061 3522 1337 3603 a_nostris.
1380 3524 1516 3593 Quid
1546 3534 1775 3597 namque
1803 3525 1915 3581 ait?
1951 3522 2132 3582 Venite
2158 3524 2230 3580 ad

646 3632 758 3687 me,
803 3629 978 3674 omnes
1014 3620 1099 3691 qui
1139 3614 1388 3673 laboratis
1420 3624 1470 3672 et
1514 3616 1712 3673 onerati
1754 3618 1900 3684 estis,
1941 3624 1990 3672 et
2017 3634 2109 3689 ego
2138 3630 2226 3672 vos

643 3712 892 3782 reﬁciam.
949 3709 1136 3766 Tollite
1172 3708 1354 3783 jugum
1387 3726 1554 3765 meum
1593 3725 1746 3783 super
1772 3726 1878 3777 vos,
1908 3718 1958 3766 et
1985 3708 2164 3765 discite
2192 3726 2226 3764 α

644 3820 724 3858 me
749 3804 868 3876 quia
895 3805 1036 3858 mitis
1072 3816 1185 3859 sum
1225 3811 1276 3858 et
1314 3802 1521 3859 humilis
1557 3804 1736 3869 Corde;
1773 3812 1822 3857 et
1847 3804 2110 3859 invenietis
2140 3821 2224 3858 re-

644 3894 812 3966 quiem
843 3893 1113 3950 animabus
1142 3895 1338 3949 vestris.
1380 3892 1571 3966 Iugum
1598 3897 1734 3949 enim
1755 3910 1920 3949 meum
1948 3910 2101 3948 suave
2126 3901 2221 3958 est,

641 3990 691 4041 et
731 3998 859 4041 onus
885 3990 1052 4040 meum
1095 3985 1200 4039 leve
1230 3984 1441 4054 (Matth.
1468 4001 1539 4049 ιι,
1571 3984 1781 4055 28-30).
1821 3982 1941 4038 Non
1968 3998 2097 4054 ergo
2127 3998 2228 4039 nos

642 4077 711 4132 ad
735 4077 976 4131 laborem
993 4078 1152 4130 Vocat
1181 4072 1459 4137 Dominus,
1483 4073 1577 4127 sed
1598 4071 1665 4126 ad
1686 4068 2053 4127 relationem.
2086 4066 2227 4138 Quid

644 4176 877 4234 namque
904 4176 935 4219 a
963 4162 1121 4219 nobis
1169 4162 1335 4230 exigit
1356 4202 1370 4227 ,
1419 4161 1549 4231 quid
1592 4160 1838 4231 prtestari
1882 4158 1982 4217 sibi
2010 4178 2041 4216 a
2069 4162 2226 4216 nobis

641 4254 827 4326 jubet,
878 4254 980 4310 nisi
1030 4253 1204 4309 solam
1250 4246 1622 4307 tantummodo
1670 4250 1848 4319 iidem,
1896 4253 2219 4319 castitatem,

640 4340 994 4401 humilitatem
1017 4385 1032 4411 ,
1065 4344 1415 4399 sobrietatem
1438 4383 1453 4411 ,
1485 4338 1937 4411 misericordiam,
1968 4347 2224 4401 sanetita-

641 4440 752 4489 tem
774 4474 790 4501 ,
838 4446 959 4503 qum
1004 4436 1189 4501 utique
1238 4435 1418 4489 omnia
1462 4444 1573 4489 non
1601 4442 1829 4490 onerant
1854 4452 1981 4501 nos,
2008 4436 2099 4491 sed
2129 4453 2221 4493 or—

641 4524 813 4578 nant?
876 4523 986 4578 Nec
1029 4524 1203 4577 solum
1253 4524 1384 4589 hoc,
1429 4524 1525 4579 sed
1559 4525 1683 4581 ideo
1710 4525 1875 4580 vitam
1903 4536 2222 4598 praesentem

2335 3334 2669 3408 nobilissimi,
2699 3352 2869 3412 prepe
2914 3339 3057 3396 idem
3099 3355 3320 3406 omnes;
3352 3348 3494 3410 pene
3533 3352 3674 3396 unus
3700 3353 3910 3410 gurges,

2334 3435 2572 3492 omnium
2618 3432 2774 3504 gula;
2823 3442 2961 3503 pene
2999 3440 3165 3486 unum
3203 3428 3459 3501 lupanar,
3502 3432 3739 3487 omnium
3781 3430 3911 3486 vita.

2333 3525 2402 3581 Et
2428 3522 2557 3597 quid
2584 3524 2759 3581 dicam
2782 3522 2852 3579 de
2898 3518 3283 3594 lupanaribus?
3306 3517 3526 3577 Minoris
3559 3522 3758 3592 quippe
3796 3534 3915 3577 esse

2332 3619 2573 3676 criminis
2600 3618 2761 3674 etiam
2806 3616 3037 3687 lopanar
3073 3622 3225 3686 puto.
3257 3613 3564 3671 Meretrices
3610 3615 3751 3669 enim
3795 3622 3913 3683 qua:

2332 3712 2443 3769 illic
2468 3719 2592 3766 sunt
2608 3752 2622 3777 ,
2656 3704 2831 3765 fmdus
2856 3702 3175 3763 connubi‘aie
3201 3714 3311 3761 non
3336 3710 3557 3773 norunt,
3589 3720 3650 3760 ac
3676 3718 3775 3775 per
3808 3704 3916 3760 hoc

2333 3814 2444 3856 non
2490 3799 2760 3855 maculant
2806 3795 2951 3865 quod
2996 3796 3265 3863 ignorant.
3308 3792 3657 3865 impudicitia:
3695 3793 3911 3863 quidem

2330 3890 2548 3961 piaculo
2573 3897 2698 3944 sunt
2725 3886 2990 3948 obndxim,
3021 3882 3117 3938 sed
3142 3889 3297 3938 reatu
3316 3891 3496 3938 tamen
3524 3882 3771 3937 adulterii
3802 3896 3911 3936 non

2331 3988 2600 4036 tenentur.
2632 3977 2779 4033 Adde
2806 3979 2927 4043 huc,
2961 3974 3107 4046 quod
3137 3984 3192 4030 et
3214 3984 3387 4045 pauca
3416 3976 3581 4030 lenne
3610 3980 3735 4029 sunt
3761 3974 3911 4043 lupa-

2332 4071 2482 4124 naria
2505 4110 2520 4136 ,
2570 4076 2626 4125 et
2670 4080 2855 4139 panem
2901 4081 3020 4136 qum
3067 4068 3118 4121 in
3165 4066 3249 4121 his
3285 4067 3450 4121 vitam
3493 4063 3911 4121 infelicissimam

2330 4159 2363 4200 δ
2386 4154 2710 4216 damnavere
2733 4158 3064 4214 meretrices.
3083 4156 3235 4228 Apud
3255 4155 3599 4227 Aquitanicos
3624 4166 3911 4225 vermium

2332 4250 2525 4308 civitas
2546 4250 2603 4306 in
2630 4248 3047 4321 locupletissima
3068 4262 3131 4304 ac
3154 4248 3488 4303 nobilissima
3516 4246 3596 4301 sui
3618 4251 3775 4316 parte
3800 4258 3910 4300 non

2329 4343 2485 4414 quasi
2513 4343 2740 4413 lupanar
2766 4338 2901 4395 fuit?
2929 4339 3058 4407 Quis
3076 4346 3357 4410 potentum
3382 4350 3447 4393 ac
3472 4337 3823 4392 divitumnon
3852 4335 3910 4390 in

2330 4436 2446 4491 luto
2474 4435 2706 4490 libidinis
2733 4432 2898 4487 vixit?
2918 4431 3047 4498 Quis
3066 4446 3175 4486 non
3194 4446 3254 4486 se
3274 4430 3528 4485 barathro
3542 4424 3914 4485 eorum
3730 4427 3759 4440 ·ν

2329 4524 2648 4581 colluvionis
2693 4522 2986 4577 immersit?
3008 4521 3144 4588 Quis
3177 4521 3397 4590 coniugi
3440 4520 3602 4575 ﬁdem
3634 4516 3912 4575 reddidit?

642 4618 843 4667 ornant
860 4648 876 4678 ,
925 4619 990 4666 ut
1030 4611 1261 4667 futuram
1292 4624 1488 4669 ornare
1513 4614 1633 4685 plus
1661 4616 1886 4687 possint.
1926 4618 1971 4673 0
1996 4619 2220 4686 bonum,
2244 4609 2303 4670 D
2335 4612 2495 4689 ιω
2522 4615 2711 4679 immo,
2740 4618 3003 4681 quantum
3036 4610 3115 4669 ad
3132 4611 3495 4681 passivitatein
3520 4610 3759 4666 libidinis
3782 4620 3909 4680 per-

608 4730 615 4735 “
644 4716 679 4759 ο
703 4698 872 4773 pium,
899 4716 937 4757 o
961 4696 1346 4760 inaestimabilis
1387 4705 1769 4763 misericordia:
1793 4707 2098 4775 Dominum,
2129 4712 2224 4779 qui

644 4792 711 4850 ad
737 4794 843 4850 boo
887 4794 1045 4850 nobis
1090 4794 1145 4849 in
1186 4797 1437 4865 praesenti
1464 4798 1736 4867 religionis
1764 4808 1986 4854 munera
2012 4800 2219 4865 tribuit,

643 4892 703 4941 ut
727 4886 843 4957 ipsa
870 4886 925 4942 in
949 4885 1105 4942 nobis
1130 4894 1319 4956 postea
1346 4901 1465 4956 quae
1492 4902 1639 4943 nunc
1664 4889 1758 4944 dat
1792 4904 2014 4947 mmiera
2042 4898 2230 4947 mune.

643 4978 823 5036 retur!
864 4978 1023 5036 Tales
1049 4978 1212 5047 igitur
1239 4978 1401 5033 etiam
1431 4993 1618 5035 omnes
1643 4981 1848 5051 absque
1872 4983 2035 5040 dubio
2061 4984 2230 5055 Aqui-

643 5069 759 5133 ιωιὶ
783 5086 905 5131 esse
927 5072 1245 5131 debuerant.
1287 5069 1356 5126 Et
1381 5070 1618 5142 quidem,
1649 5082 1709 5129 ut
1734 5075 1986 5144 diximus,
2015 5079 2228 5149 specias
2272 5130 2277 5131 ,

2337 4707 2488 4771 tinet,
2520 4704 2641 4772 quis
2683 4714 2793 4757 non
2839 4701 3122 4770 coniugem
3168 4701 3221 4755 in
3269 4712 3550 4756 numerum
3596 4700 3908 4757 ancilium

2334 4798 2559 4865 redegit,
2590 4803 2645 4850 et
2680 4795 2747 4848 ad
2784 4795 2888 4849 hoc
2923 4793 3241 4849 venerabilis
3276 4793 3531 4849 connubii
3575 4797 3907 4849 sacrm“

2331 4890 2531 4960 deiecit
2555 4889 2617 4944 tit
2632 4888 2777 4942 nulla
2800 4888 2851 4942 iu
2880 4887 3041 4943 domo
3071 4888 3186 4958 ejus
3211 4888 3366 4943 vilior
3412 4886 3683 4942 videretur
3711 4888 3762 4941 in
3789 4901 3907 4939 ma-

2336 4983 2480 5038 ritali
2506 4981 2871 5051 despectione,
2904 4970 3213 5049 quamquae
3235 4987 3353 5034 erat
3400 4979 3649 5050 princeps
3674 4990 3696 5018 ο
3723 4977 3906 5034 matri-

2340 5075 2507 5131 monii
2534 5072 2791 5141 dignitate
2804 5071 2828 5126 ‘I

1826 5200 2163 5270 STEPHANI
2201 5187 2475 5273 animi
2510 5206 2739 5264 nom.

715 5320 743 5355 α
778 5306 962 5377 secuti
1002 5328 1186 5378 Sumus
1213 5318 1504 5378 editionem
1545 5307 1823 5378 Galesinii.
1870 5316 2221 5384 Brassicanus

643 5382 875 5466 [iubebat
898 5408 915 5444 :
940 5385 1064 5446 Non
1090 5395 1319 5466 oratoria
1339 5391 1639 5465 probalitme
1664 5409 1763 5466 qua
1790 5392 1866 5466 uti
1895 5394 1987 5466 alii
2006 5397 2061 5450 in
2090 5382 2218 5466 catt;

735 5457 919 5542 solent,
938 5469 997 5512 ut
1013 5462 1293 5542 producam
1319 5456 1663 5542 duass-uage,
1677 5456 1786 5519 etc.
1806 5456 2072 5542 Pithoeus:
2093 5462 2220 5522 Non

642 5530 760 5581 utar
778 5528 852 5603 ξεί
875 5528 1251 5603 approbatione
1272 5528 1376 5603 qua
1389 5536 1471 5603 uti
1484 5528 1582 5603 alii
1609 5528 1663 5587 in
1703 5536 1872 5589 causis
1900 5536 2065 5603 solent
2095 5554 2111 5590 :
2141 5546 2218 5603 ut,

646 5603 749 5652 etc.
779 5594 966 5677 Gades
1008 5594 1345 5655 Corbeiensis
1377 5618 1391 5657 :
1442 5594 1563 5657 Non
1592 5613 1649 5658 ut
1678 5606 1811 5659 scire
1839 5621 1872 5659 a
1917 5594 2222 5677 probatione

644 5674 1106 5824 qftgtBﬁ-tafssicanus
1138 5736 1246 5824 τρι
1274 5755 1452 5810 pauca:
1477 5756 1593 5813 qua:
1634 5744 1799 5824 indis
1849 5748 2004 5824 vitam
2024 5744 2223 5824 ‘inljeli-

648 5808 903 5867 cissimam
923 5810 1106 5866 vivunt.
1147 5807 1473 5867 Damnum:
1490 5807 1798 5869 ’Μανίας
1824 5817 1985 5889 apud'
2000 5807 2225 5878 Aquila-

2331 5343 2426 5383 nos
2457 5341 2473 5378 :
2506 5332 2560 5377 at
2583 5320 2669 5375 ubi
2690 5336 2752 5375 ea
2772 5319 2949 5371 civitas
2970 5318 3021 5391 in
3041 5312 3173 5391 ius,
3201 5324 3303 5391 etc.
3326 5310 3664 5391 Calcs‘inius:
3698 5312 3767 5373 Et
3786 5334 3907 5391 prm-

2329 5408 2405 5453 ca!
2431 5409 2551 5467 qua:_
2589 5391 2751 5467 itu/ris
2779 5391 2932 5467 uitam
2968 5387 3373 5467 infelicissimam
3411 5389 3718 5467 damnavere
3745 5387 3905 5444 merc-

2332 5456 2499 5521 tricés.
2519 5460 2668 5531 Apud
2684 5459 2963 5531 Aquitanos
2979 5456 3093 5531 vero
3105 5470 3225 5531 qua:
3239 5456 3489 5531 civitas‘in
3511 5459 3745 5531 temptet.
3759 5497 3774 5523 ,
3787 5468 3902 5531 etc.

2332 5535 2458 5591 Haec
2486 5526 2575 5585 est
2596 5526 2759 5584 etiam
2806 5527 2965 5582 lectio
3020 5526 3309 5583 Pithmantn
3350 5528 3597 5583 editionis
3625 5526 3678 5582 ct
3706 5526 3907 5584 codicis

2330 5600 2688 5660 Corbeiensis.

2409 5683 2430 5713 ο
2460 5668 2706 5726 Recurrit
2731 5668 2842 5724 hoc
2862 5666 2982 5724 loco
3010 5666 3236 5723 celebris
3264 5664 3351 5721 illa
3374 5664 3500 5722 )Elii
3525 5664 3650 5723 Veri
3689 5672 3905 5722 sentem

2330 5742 2414 5869 tia!
2427 5738 2929 5866 apudusmrtianum
2961 5756 2974 5792 :
3013 5735 3158 5793 Uxor
3181 5748 3360 5793 notum
3397 5747 3474 5793 est
3492 5732 3775 5810 dignitatis,
3800 5730 3915 5793 ποκ’

2332 5831 2393 5869 ro
2416 5820 2540 5869 uota
2613 5850 2626 5865 .
3853 5826 3858 5830 -

2332 5820 2626 5887 uoluptatis.
3853 5826 3858 5830 ·

3724 5972 3791 5979 ,ρι
