4234 6262
265 350 370 422 iss

1334 346 1425 413 ne
1460 308 1990 413 cumsuam
2024 351 2139 406 om
2176 351 2307 407 LIB.
2348 350 2458 407 vn.

3431 340 3534 409 ιιι

331 475 424 528 Ν.
460 472 686 541 Cogitat
706 470 844 526 forte
868 470 1058 539 aliquis
1084 465 1608 536 nouitaadplen-I
1637 477 1756 518 esse
1785 468 1848 516 ιιι
1874 468 1921 522 Α
2022 460 2085 514 γ.
2127 458 2233 514 Sed
2280 457 2531 513 videlicet
2576 453 2790 513 difficile
2831 457 2934 513 hoc
2978 455 3196 528 probari
3236 464 3436 530 potest,
3479 470 3536 514 et

263 562 462 633 loquor
486 580 501 616 :
525 564 775 617 habuisse
798 562 939 615 enim
967 560 1075 615 illic
1090 556 1522 613 matresfamihas
1545 554 1633 625 jus
1667 569 1845 619 suum,

265 665 323 712 et
348 656 689 711 dominarum
713 654 971 709 honorae
992 659 1423 722 potestatemque
1450 646 1708 702 tenuisse.
1740 644 1849 699 Ve-

265 760 387 799 rum
409 752 512 799 at.
540 743 852 798 Habuerunt
868 741 1091 810 quidem
1116 739 1299 793 multa
1332 738 1600 804 integrum
1634 734 1723 803 jus
1756 732 1851 789 do-

260 837 438 901 minii,
476 837 574 892 sed
619 836 758 891 nulla
786 833 955 889 ferme
1002 832 1340 902 impolluta
1381 829 1470 897 jus
1498 825 1845 882 matrimonii.

263 927 333 983 Et
358 929 649 985 nosmodo
661 942 769 984 non
790 927 1090 997 W5
1110 939 1233 993 quae
1268 921 1554 976 Iuliam
1588 926 1847 989 potest“.

264 1020 359 1075 sed
380 1035 545 1089 quam
571 1026 827 1088 corrupta
853 1018 1095 1072 virorum
1138 1014 1302 1071 fuerit
1323 1012 1629 1082 disciplina.
1651 1008 1851 1077 Quam-

261 1112 342 1165 vis
378 1126 481 1167 nec
509 1118 836 1181 potestatem
863 1109 1082 1179 quidem
1110 1107 1220 1162 illis
1245 1104 1674 1163 matresfamilias
1715 1102 1852 1157 inte—

260 1218 405 1272 gram
431 1203 695 1259 habuisse
722 1202 899 1258 dicam
928 1218 945 1254 :
969 1201 1098 1271 quia
1124 1212 1459 1268 quaecunque
1486 1196 1574 1266 iis
1591 1193 1846 1253 conubii

266 1296 577 1351 invictum
607 1311 673 1351 ae
696 1295 910 1350 salvan
932 1308 1039 1349 non
1067 1292 1250 1356 habet,
1276 1306 1372 1346 nec
1395 1288 1618 1345 dominii
1641 1287 1850 1343 salvum

266 1387 888 1445 habeullaudmtltum
932 1381 1853 1441 enhumtromabestarilitate

269 1495 572 1546 servat-un,
611 1480 703 1535 ubi
742 1473 1847 1549 paterlamiﬁasancillarummaritussst.

272 1569 396 1636 Quis
435 1579 622 1631 autem
669 1569 1058 1639 Aquitanorum
1107 1568 1334 1622 divitum
1389 1582 1499 1625 non
1552 1566 1657 1621 hoe
1707 1562 1850 1619 luit?

274 1659 439 1726 Qum
460 1677 574 1717 non
603 1661 705 1716 sibi
728 1660 934 1715 aneilkn
962 1658 1394 1729 inpudicissima:
1418 1665 1515 1712 aut
1541 1655 1848 1711 adulterum

276 1758 365 1805 aut
386 1752 634 1807 maritum
656 1750 779 1819 jure
802 1749 1091 1806 dixerunt?
1120 1747 1255 1819 Equi
1302 1747 1439 1801 enim
1790 1749 1851 1798 ut

1954 550 2097 607 nulla
2122 548 2344 605 omnino
2370 554 2585 603 exstant
2606 547 2996 616 praueritarum
3025 547 3408 618 turpitudinum
3442 546 3535 604 lla-

1948 640 2313 710 gitiornmque
2340 637 2584 707 vestigia.
2606 634 2745 692 Ecce
2775 636 2938 692 etiam
2964 653 3107 694 nunc
3144 636 3297 694 multi
3326 652 3393 693 ex
3431 638 3530 704 eis,

1951 732 2078 788 licet
2102 732 2277 802 pati-ia
2299 736 2540 796 careant,
2564 738 2624 785 et
2641 730 2695 785 in
2716 731 3120 802 comparatione
3142 732 3535 804 praeteritarum

1953 839 2115 895 apum
2168 837 2436 894 pauperes
2486 822 2686 891 vivant,
2734 822 2947 894 pejores
2983 823 3152 879 ferme
3197 832 3321 881 sunt
3372 839 3534 895 quam

1953 919 2189 975 fuerunt.
2221 918 2440 989 Peiora
2483 926 2664 974 autem
2687 957 2705 985 ,
2733 934 2843 975 non
2873 934 2982 975 uno
3028 918 3190 977 modo
3223 937 3236 972 :
3266 917 3390 989 quia
3431 919 3534 978 etsi

1953 1011 2141 1067 eadem
2182 1009 2386 1067 faciunt
2408 1025 2530 1079 quae
2567 1017 2695 1067 ante
2733 1009 3036 1083 faciebant,
3059 1010 3163 1067 hoc
3205 1010 3322 1082 ipso
3352 1019 3530 1067 tamen

1952 1101 2249 1160 deteriores
2276 1113 2403 1158 sunt
2420 1102 2547 1173 quia
2572 1117 2606 1156 a
2632 1101 2839 1158 scelere
2865 1116 2973 1157 non
3000 1110 3229 1157 cessant.
3256 1101 3529 1174 Siquidem

1952 1196 2192 1252 facinora
2216 1212 2424 1263 eorum,
2467 1197 2568 1255 etsi
2592 1211 2791 1266 genere
2839 1196 2957 1267 ipso
3001 1194 3208 1265 majora
3255 1212 3360 1251 non
3402 1198 3528 1264 sint,

1952 1297 2190 1345 attamen
2214 1290 2371 1359 plura
2395 1299 2559 1355 sunt;
2590 1304 2655 1347 ac
2679 1303 2778 1359 per
2814 1288 2921 1345 hoc
2940 1287 3043 1343 etsi
3069 1287 3349 1345 criminum
3377 1288 3530 1343 novi-

1951 1387 2064 1434 tate
2092 1395 2200 1435 non
2228 1388 2495 1446 crescunt,
2519 1379 2828 1450 pluralitate
2856 1378 3215 1435 cumulantur.
3244 1376 3394 1434 Adde
3436 1393 3532 1435 au-

1952 1477 2061 1524 tem
2086 1468 2235 1539 quod
2260 1469 2394 1536 hac,
2419 1474 2481 1525 ιιι
2501 1468 2635 1534 dixi,
2655 1467 2859 1525 faciunt
2877 1468 2991 1541 jam
3019 1484 3198 1537 senes,
3227 1468 3361 1525 adde
3388 1468 3532 1540 quod

1951 1574 2236 1629 pauperes.
2265 1558 2565 1631 Utrumque
2607 1560 2753 1616 enim
2798 1560 3018 1619 sceleris
3044 1569 3390 1632 augmentum
3428 1569 3529 1617 est.

1951 1650 2127 1711 Minus
2171 1651 2433 1721 siquidem
2478 1651 2842 1723 prodigiosum
2897 1660 2979 1709 est
3022 1667 3247 1724 peccare
3285 1652 3529 1723 juvenes,

1953 1758 2186 1813 peccare
2208 1742 2521 1813 locupletes.
2560 1742 2718 1816 158
2742 1742 2873 1811 Qua:
2897 1751 3077 1800 autem
3118 1744 3172 1798 in
3207 1743 3271 1799 iis
3298 1759 3420 1814 spes
3444 1751 3532 1798 aut

277 1838 531 1908 propheta
559 1840 654 1905 ait,
681 1841 734 1895 iu
754 1839 975 1911 genuina
1001 1838 1131 1908 facti
1158 1845 1296 1895 sicut.
1332 1834 1690 1906 Utiliaquiaque
1705 1834 1847 1889 αιὶιιι
1878 1842 1927 1903 ι
1951 1835 2250 1891 remedium
2287 1842 2390 1902 est,
2420 1836 2513 1906 qui
2540 1835 2608 1891 ab
2649 1836 2846 1893 usitata
2889 1836 3198 1907 impuritate
3227 1851 3328 1892 nec
3372 1835 3532 1891 mise-

283 1927 350 1987 ad
390 1944 598 1989 mea;
642 1929 864 1999 proximi
900 1929 980 1983 sui
1014 1925 1284 1981 hinniebat
1310 1924 1522 1997 (lem.
1557 1941 1606 1991 v,
1636 1923 1716 1988 8).
1746 1923 1847 1978 Δι-

284 2033 385 2085 que
430 2021 504 2081 illi
532 2021 599 2077 de
637 2021 829 2090 quibus
853 2020 968 2077 haec
1002 2020 1204 2089 scripta
1250 2019 1495 2088 legimus,
1539 2025 1596 2077 et
1639 2016 1850 2077 minore

274 2106 508 2171 fortasse
532 2110 753 2166 crimine
790 2120 847 2167 et
869 2111 1106 2176 minore,
1140 2119 1200 2164 ut
1227 2125 1369 2176 reor,
1399 2125 1626 2169 nurnero
1667 2108 1847 2165 crimi-

267 2214 412 2259 num
455 2216 520 2257 ac
571 2201 875 2271 passivitate
917 2202 1229 2271 peccabant.
1275 2199 1344 2257 lli
1394 2207 1571 2257 autem
1616 2213 1747 2255 vere
1791 2206 1852 2259 ut

271 2290 544 2353 Qmissarii
565 2292 711 2361 equi,
739 2307 848 2347 non
885 2291 951 2346 ad
976 2307 1175 2361 paucas
1206 2300 1435 2355 tantum,
1462 2290 1558 2347 sed
1602 2304 1744 2361 pene
1781 2287 1852 2343 ad

274 2396 466 2439 omnes
491 2381 742 2439 vernulas
766 2396 907 2449 suas,
934 2381 986 2437 id
1012 2389 1112 2447 est,
1134 2382 1282 2459 quasi
1302 2382 1370 2438 ad
1392 2396 1583 2452 greges
1599 2378 1851 2451 proprios

273 2470 613 2537 hinniebant;
640 2482 696 2527 et
721 2472 777 2527 in
802 2488 1009 2531 morem
1037 2489 1224 2530 eorum
1258 2473 1524 2545 pecudum
1550 2473 1645 2543 qui
1668 2471 1851 2527 mariti

273 2579 487 2635 gregum
512 2566 875 2636 appellantur,
907 2566 1122 2627 fervida:
1151 2567 1385 2623 libidinis
1418 2565 1851 2623 debacchatione

272 2664 569 2726 grassantes
592 2695 609 2723 ,
658 2657 712 2713 in
758 2672 1139 2728 quamcunque
1178 2674 1275 2714 eos
1319 2659 1552 2729 primum
1596 2654 1850 2712 feminam

272 2748 463 2806 ardens
507 2749 853 2819 impudicitia:
899 2750 1051 2807 furor
1108 2757 1348 2805 traxerat
1400 2748 1705 2805 inruebant.
1754 2744 1854 2805 Hic

268 2838 376 2909 iam
405 2856 589 2911 quaero
616 2857 648 2896 a
669 2841 1024 2910 sapientibus,
1055 2857 1178 2895 cum
1206 2841 1322 2896 haec
1342 2840 1416 2895 ita
1443 2845 1645 2903 essunt,
1668 2836 1855 2909 quales

269 2940 463 3001 putent
490 2931 650 2989 fuisse
676 2933 786 2986 illic
830 2930 1093 2996 familias,
1122 2931 1214 2985 ubi
1240 2930 1377 2985 tales
1409 2938 1566 2986 erant
1590 2926 1852 2999 patresfa-

269 3022 493 3085 milias?
525 3021 673 3092 147
723 3028 924 3089 quanta
952 3035 1233 3076 servorum
1262 3018 1373 3095 illic
1401 3019 1733 3090 corruptela,
1763 3019 1857 3074 ubi

268 3112 614 3167 dominorum
646 3119 793 3165 tanta
839 3111 1153 3181 corruptio?
1192 3109 1435 3167 Morbido
1480 3110 1621 3167 enim
1655 3108 1849 3181 capite,

1950 1926 2154 1982 riarum
2199 1932 2438 1995 egestate
2483 1942 2584 1983 nec
2619 1927 2744 1983 vitae
2785 1928 3126 1984 extremitate
3170 1926 3533 1986 revocantur?

1951 2016 2083 2075 Esto
2124 2018 2270 2074 enim
2310 2017 2571 2087 quosdam
2594 2027 2693 2075 aut
2733 2019 2895 2075 stulta
2924 2029 2951 2059 ι
2978 2020 3322 2092 praesumptio
3364 2020 3533 2089 longae

1950 2110 2075 2165 vita:
2102 2117 2199 2167 aut
2221 2125 2347 2180 spes
2372 2110 2695 2180 quandoque
2717 2112 2933 2181 agenda:
2972 2113 3298 2184 pmnitentiae
3337 2128 3534 2169 conso-

1954 2198 2122 2266 letur;
2150 2214 2332 2256 nonne
2358 2215 2557 2256 novum
2585 2201 2689 2258 hoc
2714 2203 2941 2259 monstri
2969 2212 3264 2273 genusest,
3293 2219 3411 2261 esse
3438 2203 3534 2260 ali-

1954 2305 2093 2361 quos
2133 2292 2299 2348 etiam
2347 2292 2404 2348 in
2449 2302 2625 2349 morte
2672 2294 2926 2351 vitiosos?
2955 2295 3085 2363 Qua:
3124 2313 3248 2353 cum
3291 2297 3363 2352 ita
3404 2298 3529 2367 sint,

1954 2382 2197 2453 nunquid
2241 2389 2326 2439 est
2364 2383 2581 2463 aliquid
2594 2385 2741 2456 quod
2782 2385 2887 2443 diei
2934 2388 3162 2460 amplius
3198 2389 3404 2461 possit?
3430 2384 3535 2446 Sed

1953 2475 2132 2533 adhuc
2155 2484 2337 2532 tamen
2363 2476 2607 2533 addimus
2632 2496 2644 2530 :
2672 2480 2877 2537 scilicet
2897 2481 3042 2551 quod
3061 2481 3213 2536 multi
3234 2481 3348 2538 inec
3373 2490 3535 2553 agunt

1952 2565 2115 2623 hodie
2159 2567 2324 2623 etiam
2365 2566 2505 2623 inter
2550 2568 2735 2626 hostes
2772 2570 2860 2625 siti
2898 2579 2953 2626 et
2991 2571 3304 2641 quotidiauo
3345 2570 3534 2627 discri-

1952 2658 2099 2713 mine
2141 2672 2207 2715 ac
2246 2658 2442 2715 timore
2479 2659 2715 2731 captivi;
2763 2676 2991 2730 cumque
3020 2663 3090 2717 ob
3123 2660 3535 2732 impurissimam

1952 2750 2119 2807 vitam
2146 2750 2327 2807 traditi
2367 2768 2399 2807 a
2430 2752 2542 2808 Deo
2570 2753 2813 2809 barbaris
2841 2754 3069 2820 fuerint,
3101 2755 3431 2825 impuritates
3454 2763 3535 2809 ta-

1954 2855 2078 2895 men
2104 2842 2250 2912 ipsas
2278 2842 2440 2905 etiam
2470 2844 2609 2899 inter
2632 2844 2893 2901 barbaros
2920 2861 3027 2900 non
3049 2845 3371 2916 relinquunt.

1980 2990 1981 2993 η
2027 2931 2113 2988 Vl.
2153 2931 2260 2988 Sed
2289 2934 2425 2989 tales
2451 2933 2592 2989 forte
2620 2935 2802 2991 hostes
2827 2945 2950 2992 sunt
2991 2934 3130 2992 inter
3169 2951 3304 3008 quos
3349 2944 3534 3007 agunt,

1954 3030 2015 3079 ιιι
2038 3039 2136 3085 eos
2180 3025 2282 3081 ista
2324 3025 2591 3082 delectent
2636 3035 2691 3083 et
2738 3026 3078 3085 offenduntur
3123 3026 3437 3099 gravissime
3464 3028 3530 3096 si,

1954 3130 2077 3175 cum
2104 3116 2207 3186 ipsi
2226 3116 2478 3188 impudici
2506 3116 2633 3183 sint,
2654 3117 2868 3174 videant
2893 3127 3074 3179 castos
3094 3135 3213 3176 esse
3234 3116 3528 3176 Romanos.

265 3205 347 3263 nil
375 3219 568 3267 sanum
595 3210 712 3270 est,
740 3218 919 3272 neque
956 3203 1123 3258 ullum
1150 3204 1367 3258 omnino
1393 3202 1690 3261 membrum
1729 3201 1849 3263 ofﬁ-
1878 3214 1926 3281 ρ
1955 3207 2111 3276 Quod
2137 3208 2182 3267 si
2211 3208 2285 3264 ita
2313 3218 2475 3276 esset,
2505 3226 2843 3282 nequaquam
2873 3219 3054 3269 tamen
3083 3211 3261 3270 facere
3291 3231 3389 3281 nos
3429 3214 3534 3269 im-

261 3299 352 3359 cio
376 3312 480 3355 suo
506 3296 742 3366 fungitur
768 3296 859 3352 ubi
885 3295 1034 3367 quod
1055 3304 1138 3351 est
1163 3295 1458 3368 principale
1478 3311 1587 3352 non
1614 3304 1845 3351 constat.

264 3388 322 3457 In
349 3388 512 3449 domo
538 3395 720 3445 autem
747 3402 848 3443 sua
879 3386 1131 3445 dominus
1157 3387 1313 3458 quasi
1357 3387 1604 3458 corporis
1648 3388 1734 3443 sui
1759 3401 1852 3442 ca-

264 3486 362 3550 put
388 3486 508 3544 est;
537 3485 593 3534 et
623 3477 730 3533 vita
756 3476 902 3546 ejus,
948 3478 1155 3533 cunctis
1182 3492 1373 3533 norma
1403 3475 1635 3534 vivendi.
1667 3475 1848 3533 Pessi-

264 3584 520 3641 mumque
546 3569 650 3627 hoc
678 3576 761 3625 est
788 3570 845 3624 in
869 3569 974 3626 hoc
1002 3570 1238 3638 negotio,
1263 3568 1410 3638 quod
1444 3568 1698 3625 libentius
1735 3584 1852 3627 om-

265 3678 363 3717 nes
400 3661 670 3716 deteriora
710 3668 1019 3726 sectantur;
1068 3668 1124 3715 et
1167 3659 1378 3716 facilius
1416 3661 1561 3717 mala
1582 3661 1855 3717 institutio

265 3752 524 3825 depravat
548 3751 741 3819 bonos,
770 3766 931 3822 quam
968 3751 1114 3807 bona
1151 3750 1404 3807 emendat
1449 3752 1638 3809 malos.
1681 3753 1853 3809 Porro

266 3834 448 3920 autem
476 3862 599 3901 eum
628 3846 791 3901 etiam
823 3845 951 3900 boni
990 3852 1153 3914 atque
1191 3844 1405 3899 honesti
1442 3844 1855 3917 patresfamilias

269 3939 498 3997 famulos
522 3939 693 3995 bonos
718 3937 896 3994 facere
923 3953 1032 3993 non
1063 3937 1308 4008 possint;
1334 3946 1587 4007 quantam
1614 3938 1723 3992 illic
1749 3954 1852 4008 pu-

270 4035 452 4085 tamus
498 4026 654 4082 fuisse
699 4028 871 4082 labem
919 4026 1262 4094 familiarum,
1309 4028 1401 4082 ubi
1447 4028 1651 4083 domini
1700 4035 1855 4083 erant

270 4117 602 4189 impuritatis
637 4118 966 4189 exemplum?
996 4119 1239 4188 quamvis
1267 4133 1377 4173 non
1398 4118 1704 4189 exemplum
1744 4118 1853 4173 illic

270 4208 650 4265 tantummodo
704 4210 901 4264 malum
946 4210 1124 4276 fuerit,
1173 4208 1268 4265 sed
1316 4210 1396 4265 vis
1444 4225 1508 4265 ac
1558 4208 1855 4264 necessitas

270 4301 517 4374 quzedam
544 4320 557 4354 :
581 4301 707 4370 quia
731 4290 921 4373 parere
942 4301 1371 4372 impudicissimis
1390 4301 1622 4358 dominis
1644 4300 1854 4357 famula:

270 4395 602 4465 cogebantur
630 4395 836 4457 invitm,
870 4403 923 4450 et
951 4394 1114 4451 libido
1143 4393 1531 4451 dominantium
1561 4393 1857 4455 necessitas

268 4484 629 4554 subjectarum
676 4497 812 4541 erat.
842 4485 937 4542 Ex
967 4503 1077 4558 quo
1105 4486 1328 4555 intelligi
1367 4492 1545 4556 potest
1591 4492 1853 4555 quantum

1952 3300 2153 3370 probos
2198 3292 2517 3373 improbitas
2560 3303 2782 3360 deberet
2829 3305 3002 3361 aliena
3036 3324 3049 3359 :
3079 3306 3205 3376 quia
3245 3304 3535 3379 quemlibet

1953 3391 2231 3450 hominum
2258 3390 2428 3465 magis
2454 3395 2555 3451 sibi
2583 3405 2837 3468 praestare
2876 3399 3127 3454 convenit
3156 3407 3215 3454 ut
3243 3398 3311 3454 sit
3338 3398 3531 3467 bonus,

1953 3496 2116 3551 quam
2142 3485 2298 3541 alteri
2327 3495 2388 3543 ut
2414 3487 2483 3544 sit
2519 3487 2725 3553 malus;
2755 3494 2809 3561 et
2838 3488 2957 3558 plus
2997 3488 3049 3543 id
3077 3486 3425 3543 laborandum
3455 3498 3538 3546 est

1954 3580 2016 3627 ut
2042 3574 2348 3643 placeamus
2373 3575 2484 3633 Deo
2512 3591 2611 3647 per
2638 3577 2995 3643 honestatem,
3027 3591 3188 3644 quam
3216 3585 3275 3632 ut
3304 3577 3536 3632 homini-

1953 3664 2054 3719 bus
2079 3681 2176 3737 per
2215 3666 2577 3735 impunitatem
2610 3684 2622 3717 :
2656 3680 2720 3719 ac
2747 3665 2969 3733 perinde
3005 3665 3165 3719 etiam
3195 3664 3239 3719 si
3268 3666 3406 3739 inter
3434 3666 3535 3719 im-

1954 3753 2176 3823 pudicos
2206 3754 2329 3822 quis
2353 3748 2611 3808 barbaros
2638 3753 2801 3816 vivat,
2831 3752 3001 3821 magis
3021 3759 3197 3806 tamen
3228 3750 3534 3821 pudicitiam

1954 3844 2104 3913 sequi
2140 3844 2299 3897 debet
2345 3857 2462 3911 quae
2508 3842 2607 3897 sibi
2653 3841 2888 3911 expedit,
2938 3857 3099 3911 quam
3148 3843 3535 3911 impudicitiam

1952 3950 2072 4004 quae
2100 3933 2322 4003 impuris
2351 3931 2595 3989 hostibus
2622 3933 2816 4005 placet.
2852 3932 2956 3988 Sed
2993 3931 3116 4004 quid
3147 3931 3353 3988 accedit
3398 3934 3533 3991 insu-

1953 4040 2050 4094 per
2079 4024 2144 4079 ad
2174 4025 2312 4080 mala
2343 4032 2525 4079 nostra
2547 4026 2570 4078 ?
2592 4022 2733 4079 inter
2754 4022 2975 4095 pudicos
2999 4022 3254 4080 barbaros
3281 4024 3534 4097 impudici

1955 4132 2153 4171 sumus.
2206 4115 2331 4171 Plus
2377 4117 2550 4171 adhuc
2594 4115 2715 4172 dico
2758 4114 3148 4189 :oll‘enduntur
3174 4116 3387 4174 barbari
3434 4119 3536 4191 ipsi

1955 4208 2352 4278 impuritatibus
2398 4207 2614 4263 nostris.
2648 4204 2780 4264 Esse
2828 4210 2967 4264 inter
3012 4208 3219 4265 Gothos
3265 4227 3373 4266 non
3411 4210 3537 4267 licet

1955 4312 2307 4359 scortatorem
2337 4300 2569 4357 Gothum
2610 4321 2623 4356 :
2656 4298 2756 4357 soli
2786 4301 2928 4357 inter
2966 4318 3060 4357 eos
3106 4303 3414 4373 pmjudicio
3444 4322 3537 4359 na~

1954 4395 2116 4451 tionis
2144 4409 2206 4450 ac
2233 4393 2464 4448 nominis
2499 4394 2882 4464 permittuntur
2911 4393 3105 4463 impuri
3130 4407 3249 4447 esse
3284 4391 3532 4450 Romani.

1957 4486 2026 4541 Et
2053 4500 2172 4555 quae
2202 4484 2376 4547 nobis,
2400 4499 2551 4554 rogo,
2575 4500 2698 4555 spes
2744 4492 2868 4540 ante
2908 4483 3076 4539 Deum
3106 4482 3224 4539 est?
3252 4479 3537 4555 Impudici-

268 4593 484 4651 cwnum
522 4578 905 4649 impudicarum
945 4577 1184 4635 sordium
1213 4576 1400 4639 fuerit.
1429 4576 1519 4632 ubi
1546 4575 1645 4632 sub
1673 4577 1849 4646 impu-
1875 4582 1928 4647 D
1956 4580 2086 4637 tiam
2132 4595 2231 4635 nos
2278 4576 2563 4647 diligimus,
2611 4572 2773 4633 Gothi
2824 4584 3205 4642 exsecrantur;
3250 4578 3537 4648 puritatem

268 4669 492 4726 rissimis
512 4668 739 4725 dominis
766 4678 941 4727 castas
970 4684 1109 4737 esse,
1137 4669 1345 4727 etiamsi
1369 4667 1682 4736 voluissent,
1706 4666 1851 4724 femi-

265 4780 363 4823 nas
389 4781 499 4843 non
524 4764 734 4820 licebat.

1959 4688 2058 4728 nos
2086 4670 2333 4741 fugimus,
2364 4662 2439 4723 illi
2468 4675 2681 4734 amant;
2713 4665 2996 4725 fornicatio
3026 4666 3165 4738 apud
3192 4666 3311 4724 illos
3338 4671 3539 4728 crimen

1959 4774 2121 4834 atque
2167 4762 2454 4833 discrimen
2503 4768 2605 4827 est,
2635 4761 2775 4831 apud
2823 4778 2920 4818 nos
2966 4762 3150 4819 decus.
3184 4759 3251 4816 Et
3290 4774 3539 4833 putamus

1466 4873 1806 4931 STEPHANI
1840 4876 2113 4933 BALUZII
2148 4873 2375 4931 NOTE.

338 4980 365 5008 ι
393 4967 469 5025 Ea
490 4976 549 5024 ut
574 4968 862 5038 plurimum
889 4968 1148 5036 cogitatio
1170 4969 1333 5023 intrat
1358 4967 1848 5038 animosjuvenum.

270 5037 515 5109 Utamur,
546 5037 809 5109 inquiunt,
842 5039 970 5109 dum
992 5038 1101 5094 fata
1123 5039 1325 5109 sinunt,
1347 5037 1656 5093 melioribus
1677 5040 1848 5096 annis.

269 5108 543 5179 Superest
576 5106 735 5177 longa
762 5108 931 5164 series
958 5123 1260 5179 annorum.
1305 5106 1364 5162 in
1409 5115 1650 5164 extrema
1694 5116 1853 5164 aetate

266 5178 671 5234 em’endabimus
714 5178 972 5249 quidquid
1019 5178 1237 5234 oﬂenste
1286 5186 1623 5234 contractum
1660 5179 1848 5249 fuerit.

260 5249 432 5321 Impia
453 5264 586 5321 sane
610 5248 901 5321 cogitatio;
934 5256 1173 5321 attamen
1201 5249 1575 5321 aliquogaodo
1602 5248 1853 5321 tolerabi-

264 5314 363 5387 iis;
372 5321 422 5390 si
441 5320 526 5379 cui
547 5314 706 5390 certa
722 5335 846 5390 spes
867 5314 1012 5376 esset
1031 5319 1204 5390 longa:
1223 5314 1362 5375 vitm.
1388 5314 1491 5374 Sed
1512 5318 1851 5375 verissimum

223 5394 229 5419 ‘
265 5386 350 5446 est
377 5389 431 5447 id
457 5389 603 5461 quod
642 5386 848 5445 Tullius
877 5386 1200 5457 observavit,
1246 5398 1474 5446 mortem
1502 5396 1724 5458 propter
1744 5460 1747 5461 ν
1769 5391 1851 5443 in-

263 5468 448 5516 certos
465 5460 620 5515 casus
645 5461 889 5530 quotidie
915 5461 1212 5527 imminere,
1240 5469 1294 5516 et
1322 5467 1545 5531 propter
1570 5460 1694 5513 vitae
1739 5460 1854 5531 bre-

262 5532 490 5602 vitatem
527 5529 987 5602 nanquaiulonge
1017 5545 1174 5602 posse
1201 5529 1409 5587 abesse.
1442 5529 1626 5602 Itaque
1654 5530 1852 5586 multos

263 5601 442 5657 adhuc
484 5600 775 5658 admodum
798 5600 1043 5671 juvenes,
1074 5602 1331 5672 plurimos
1370 5600 1546 5657 medio
1594 5601 1648 5654 in
1672 5601 1851 5672 spatio

266 5672 489 5742 integrae
514 5673 689 5745 agtatis
716 5670 865 5745 mors
894 5670 1183 5745 intercipit.
1229 5670 1403 5745 Quare
1421 5733 1431 5745 ο
1452 5671 1722 5745 sequenda
1770 5679 1853 5726 est

266 5739 487 5812 omnino
527 5739 750 5797 Cetarii
794 5739 1125 5812 Arelatensis
1163 5742 1400 5812 episcopi
1421 5739 1726 5806 sententia,
1755 5757 1852 5797 ca-

228 5809 349 5880 ‘itu
374 5814 495 5873 hoc
514 5820 641 5873 sunt
667 5813 832 5874 verba
860 5831 875 5871 :
900 5811 1046 5871 Nam
1060 5814 1109 5871 si
1144 5809 1239 5873 nos
1263 5813 1321 5871 in
1339 5809 1567 5873 extremo
1595 5812 1713 5871 vita
1759 5826 1855 5871 tte-

1956 4981 2079 5026 ura:
2100 4977 2326 5038 tempore
2345 4968 2421 5040 nd
2440 4970 2697 5040 agendam
2716 4971 3066 5040 paznitentiam
3088 4977 3162 5024 vel
3190 4970 3259 5040 ad
3286 4971 3539 5040 redimen-

1958 5042 2024 5094 da
2045 5036 2254 5110 peccata
2276 5036 2353 5092 vel
2380 5036 2600 5110 crimina
2630 5036 2965 5102 reservamus,
3012 5043 3186 5110 timere
3214 5038 3452 5110 debemus
3477 5056 3542 5093 ne

1956 5107 2092 5183 forte
2120 5125 2215 5163 nos
2234 5122 2372 5162 mors
2409 5108 2681 5183 inopinata
2699 5112 2979 5183 prmcniat
3004 5120 3055 5163 et
3090 5108 3163 5161 ad
3185 5107 3316 5183 illud
3343 5107 3539 5183 subita:

1954 5178 2107 5234 neunt
2137 5190 2335 5249 tempus
2353 5180 2669 5251 prtum-tia
2699 5178 2810 5236 ἰοιι
2854 5181 2993 5232 sinat
3020 5178 3281 5248 penesire
3306 5178 3375 5251 ςμ
3402 5179 3538 5251 quod

1956 5267 2053 5323 nos
2079 5246 2666 5323 mortifera'Asecuritate
2718 5252 2947 5305 volumus
2980 5246 3257 5323 ςέεςνυατε.
3292 5246 3377 5323 ,Ει
3415 5246 3538 5306 ideo

1954 5312 2379 5393 linteatnus_'illud
2405 5318 2542 5393 quod
2561 5322 2804 5393 scriptum
2832 5324 2907 5393 est
2930 5333 2946 5368 :
2972 5312 3147 5393 Nolite
3164 5392 3169 5393 γ
3182 5316 3395 5393 tardare
3421 5336 3541 5393 con-

1956 5392 2083 5445 verti
2109 5390 2179 5443 ad
2206 5383 2505 5455 Dominum,
2549 5383 2949 5445 ethPrmchre
2976 5383 3297 5455 Augustinus
3340 5389 3393 5444 in
3436 5390 3539 5446 ho-

1955 5461 2105 5514 milia
2126 5459 2186 5533 ιιι
2228 5478 2241 5514 :
2275 5460 2336 5515 Si
2378 5462 2684 5533 quianam
2709 5458 2907 5533 positus
2940 5458 3207 5533 inutilius
3234 5464 3540 5517 serenitate

1955 5532 2278 5603 (egritudinis
2291 5531 2632 5610 aliteraliter-it
2646 5531 2876 5610 accipere
3262 5533 3540 5610 et‘nroipit,

1954 5596 2145 5675 etimne:
2173 5597 2610 5675 reconciliahimr,
2639 5606 2689 5651 et
2708 5596 2830 5675 hinc
2850 5596 3020 5668 vadit;
3062 5603 3228 5675 {ateor
3249 5598 3407 5675 vobis,
3431 5596 3538 5675 eos

1954 5670 2033 5725 illi
2047 5688 2307 5799 manta:
2331 5670 2466 5746 quod
2490 5670 2755 5745 petitum!
2786 5682 2891 5725 non
2920 5668 3273 5743 prwsitmimm
3300 5672 3417 5727 auia
3445 5668 3536 5723 οια-

1956 5757 2022 5797 ue
2187 5759 2270 5798 at
2298 5780 2314 5795 .

1956 5757 2022 5797 ne
2047 5744 2169 5798 hinc
2187 5744 2314 5798 ait.

3280 5906 3323 5931 ,Γ
