4234 6262
666 361 774 422 138

1600 354 1657 408 S.
1699 348 2013 407 SALVIANI
2050 343 2505 403 MASSILIENSIS
2542 341 2759 399 PRESB
2768 341 2967 398 YTERI

3843 343 3949 399 186

667 491 771 536 nes
815 480 940 534 ante
985 474 1157 530 Deum
1203 481 1363 542 posse
1409 466 1742 531 consistere;
1797 463 1953 535 149
2004 469 2253 532 putamus
2278 459 2331 520 Α
2357 457 2579 512 muliere
2627 464 2927 527 prostratus
2980 462 3064 509 est
3116 453 3311 524 (Judic.
3343 470 3416 542 iv,
3465 453 3588 528 21);
3640 461 3698 511 et
3736 455 3947 514 Abime-

667 584 829 643 posse
881 582 978 623 nos
1029 564 1207 620 salvos
1260 576 1398 624 esse,
1455 556 1672 629 quando
1720 571 1881 611 omne
1929 550 2253 643 impuritatis

668 641 862 723 scelus,
905 658 1080 715 omnis
1108 651 1451 724 impudicitim
1493 648 1769 720 turpitudo
1799 663 1831 702 a
1872 644 2130 699 Romanis
2157 641 2251 697 ad-

668 754 897 808 mittitur
922 757 979 805 et
1005 765 1037 804 a
1076 745 1319 801 barbaris
1346 742 1683 799 vindicatur?
1713 739 1812 795 Hic
1841 753 1981 793 nunc
2024 736 2147 792 illos
2172 749 2255 789 re-

666 849 825 919 quiro
853 846 948 917 qui
973 845 1225 899 meliores
1253 856 1353 897 nos
1380 845 1572 909 putant
1599 850 1717 890 esse
1746 848 1907 902 quam
1941 830 2203 886 barbaros
2235 851 2247 880 ι

668 941 851 997 dicant
876 938 1003 1009 quid
1029 939 1223 993 horum
1250 934 1335 990 vel
1364 928 1672 1003 paucissimi
1709 925 1874 987 Gothi
1918 923 2134 986 faciant,
2166 920 2253 1009 vel

668 1031 795 1101 quid
825 1008 931 1086 non
957 1030 1149 1084 horum
1178 1023 1407 1080 Romani
1434 1034 1622 1082 omnes
1652 1017 1737 1071 vel
1763 1029 1903 1087 pene
1927 1012 2157 1069 omnes?
2184 1008 2253 1063 Et

665 1126 923 1180 miramur
948 1123 996 1178 si
1042 1130 1198 1175 terrae
1247 1116 1330 1172 vel
1378 1114 1767 1183 Aquitanorum
1811 1108 1899 1163 vel
1944 1114 2251 1162 nostrorum

622 1190 623 1195 η
666 1217 903 1272 omnium
950 1229 981 1266 a
1024 1211 1136 1266 Deo
1180 1205 1425 1264 barbaris
1471 1205 1609 1258 data:
1637 1208 1779 1283 sunt,
1811 1214 1933 1254 cum
1980 1213 2073 1259 eas
2118 1208 2252 1265 quas

665 1305 893 1361 Romani
918 1302 1223 1373 polluerant
1249 1296 1629 1359 fornicatione,
1670 1305 1812 1347 nunc
1835 1287 2099 1343 mundent
2127 1287 2252 1340 bar-

664 1396 781 1450 bari
809 1392 1097 1449 castitate?

735 1484 844 1540 Vll.
888 1483 994 1539 Sed
1023 1482 1160 1537 forte
1187 1480 1291 1535 hoc
1336 1479 1392 1533 in
1420 1473 1752 1547 Aquitanicis
1780 1469 2024 1526 tantum?
2054 1466 2251 1521 Trans-

664 1592 848 1633 eamus
875 1577 1038 1632 etiam
1066 1575 1132 1631 ad
1160 1574 1292 1629 alias
1319 1571 1502 1627 mundi
1530 1576 1739 1642 partes,
1770 1581 1839 1621 ne
1878 1565 1945 1620 de
1972 1564 2101 1619 solis
2127 1570 2248 1615 tan-

664 1673 939 1729 tummodo
966 1671 1134 1726 Gallis
1172 1670 1371 1725 dixisse
1414 1667 1710 1723 videamur.
1743 1660 1920 1729 Quid?
1966 1657 2250 1728 Hispanias

661 1783 841 1824 nonne
867 1767 954 1822 vel
983 1765 1171 1822 eadem
1200 1763 1284 1819 vel
1321 1761 1527 1830 majora
1573 1756 1798 1813 forsitan
1825 1754 1954 1811 vitia
2000 1748 2249 1821 perdide-

2355 548 2474 604 lech
2521 549 2799 604 civitatum
2843 554 3266 619 expugnatorem
3313 538 3547 603 feminea
3589 563 3780 605 manus
3820 565 3946 620 per-

2354 640 2483 695 culit
2513 640 2707 711 (Judic.
2740 639 2852 713 rx);
2896 648 2952 694 et
2995 638 3209 694 ferratae
3232 638 3576 710 Assyriomm
3615 641 3760 696 acies
3786 640 3944 696 vidua

2354 735 2651 805 opitulante
2675 733 2985 789 ceciderunt
3004 732 3227 804 (Iudith.
3254 749 3368 798 xm,
3399 731 3524 803 10);
3555 741 3613 789 et
3635 748 3705 789 ne
3728 733 3799 789 de
3817 734 3947 790 solis

2352 834 2565 885 tantum
2607 826 2820 882 feminis
2865 826 3074 897 loquar,
3117 824 3371 893 Benadab
3416 840 3599 895 regem
3646 825 3816 899 Syria:
3857 825 3946 900 (ΙΙΙ

2356 919 2485 992 Reg.
2521 936 2613 987 xx,
2644 917 2809 991 1-20),
2846 918 2933 975 cui
2958 925 3155 992 praeter
3181 918 3460 975 innumera
3499 920 3683 991 populi
3712 920 3797 976 sui
3819 920 3943 976 mil-

2354 1010 2446 1077 lia,
2475 1011 2693 1080 triginta
2726 1019 2783 1066 et
2807 1011 2914 1067 duo
2956 1025 3112 1081 reges
3152 1010 3529 1081 exercitusque
3574 1011 3816 1083 ejusdem
3844 1030 3945 1069 nu-

2354 1104 2491 1157 meri
2542 1103 2877 1170 serviebant;
2919 1118 3098 1159 nonne
3152 1102 3273 1159 ideo
3322 1119 3356 1158 a
3401 1105 3588 1174 paucis
3640 1107 3945 1178 principum

2355 1195 2689 1266 pedissequis
2714 1196 2973 1251 Dominus
3016 1190 3161 1252 vinci
3185 1196 3386 1264 voluit,
3417 1204 3479 1252 ut
3520 1199 3610 1268 qui
3657 1209 3804 1256 esset
3847 1217 3947 1257 au-

2354 1294 2473 1341 ctor
2523 1287 2647 1342 talis
2694 1288 2932 1344 victoria:
2979 1288 3332 1344 nosceretur?
3374 1285 3576 1344 Contra
3627 1288 3950 1348 Madianitas

2354 1392 2590 1448 quoque,
2623 1381 2735 1449 qui,
2781 1386 2843 1435 ut
2889 1380 3028 1436 liber
3050 1378 3297 1437 Iudicum
3324 1379 3490 1437 refert
3518 1380 3712 1455 (Judic.
3740 1401 3833 1452 vn,
3876 1384 3946 1440 12

2346 1469 2540 1543 3eqq.),
2573 1473 2741 1527 instar
2778 1473 3105 1529 locustarum
3143 1482 3337 1530 cuncta
3381 1474 3810 1547 compleverant,
3836 1475 3944 1534 Ge-

2352 1562 2492 1618 deon
2527 1563 2747 1633 jubetur
2773 1580 3014 1638 pugnare
3051 1583 3174 1623 cum
3200 1569 3424 1640 paucis;
3455 1584 3566 1626 non
3592 1570 3718 1640 quia
3760 1570 3941 1642 plures

2353 1654 2406 1707 in
2447 1657 2686 1712 exercitu
2731 1674 2840 1714 non
2886 1658 3129 1724 haberet,
3165 1662 3317 1733 151
3365 1661 3462 1717 sed
3505 1667 3717 1717 vetatur
3742 1663 3941 1721 multos

2355 1748 2420 1803 ad
2448 1750 2647 1805 bellum
2675 1751 2890 1819 ducere,
2939 1768 3009 1807 ne
3052 1753 3341 1811 multitudo
3368 1755 3470 1835 sibi
3518 1763 3703 1826 posset
3743 1757 3940 1828 aliquid

661 1860 823 1916 runt?
853 1875 986 1930 quas
1013 1857 1228 1927 quidem
1257 1853 1490 1910 ecelestis
1516 1851 1597 1906 ira
1617 1849 1781 1904 etiam
1809 1846 1854 1900 si
1884 1844 2002 1898 aliis
2029 1841 2253 1912 quibus—
2284 1839 2335 1900 B
2358 1842 2425 1898 de
2443 1844 2670 1899 victoria
2698 1846 2989 1902 vindicare.
3023 1844 3177 1903 Unde
3203 1862 3327 1904 cum
3362 1848 3586 1920 triginta
3611 1858 3941 1907 armatorum

662 1953 793 2008 libet
819 1950 1060 2007 barbaris
1084 1947 1409 2011 tradidisset,
1440 1944 1600 2012 digna
1629 1939 1954 2008 ﬂagitiorum
1983 1940 2251 1989 tormenta

662 2047 1030 2102 toleraverunt
1076 2040 1325 2113 puritatis
1372 2035 1594 2091 inimici.
1626 2032 1734 2087 Sed
1764 2028 1991 2085 accessit
2036 2027 2139 2080 hoc
2184 2024 2251 2078 ad

662 2135 1110 2196 manifestandum
1165 2134 1273 2188 illic
1330 2128 1674 2201 impudicitia:
1726 2122 2125 2178 damnationem
2192 2125 2252 2172 ut

664 2229 941 2285 Wandalis
983 2225 1340 2297 potissimum,
1371 2222 1427 2276 id
1454 2227 1536 2275 est
1578 2216 1786 2288 pudicis
1810 2212 2054 2275 barbaris
2082 2208 2254 2263 trade-

664 2334 869 2381 rentur.
927 2320 1219 2391 Dupliciter
1272 2318 1325 2371 in
1382 2299 1473 2369 illa
1527 2312 1886 2381 Hispanorum
1940 2304 2253 2376 captivitate

666 2415 953 2473 ostendere
989 2413 1130 2467 Deus
1157 2409 1346 2473 voluit,
1376 2403 1634 2476 quantum
1654 2410 1711 2457 et
1739 2400 1939 2461 adisset
1964 2396 2140 2452 carnis
2186 2393 2251 2447 li-

664 2508 899 2563 bidinem
926 2513 983 2562 et
1001 2503 1247 2571 diligeret
1266 2498 1569 2554 castitatem
1589 2534 1604 2559 ,
1627 2508 1749 2548 cum
1778 2498 1834 2545 et
1854 2486 2150 2542 Wandalos
2179 2483 2249 2538 ob

665 2598 837 2655 solam
864 2595 1097 2651 maxime
1130 2590 1441 2664 pudicitiam
1467 2588 1874 2657 superponeret,
1902 2586 1957 2634 et
1985 2578 2249 2647 Hispanos

665 2692 735 2747 ob
763 2691 933 2747 solam
954 2689 1041 2744 vel
1067 2686 1299 2742 maxime
1328 2679 1714 2752 impudicitiam
1742 2673 2067 2743 subjugaret.
2112 2666 2250 2734 Quid

665 2782 846 2839 enim?
892 2779 1140 2849 Nunquid
1186 2792 1294 2832 non
1343 2780 1497 2831 erant
1543 2773 1597 2827 in
1625 2769 1772 2824 omni
1814 2766 1945 2822 orbe
1984 2773 2249 2819 terrarum

664 2873 886 2930 Barbari
939 2871 1191 2928 fortiores
1216 2911 1230 2936 ,
1288 2867 1482 2938 quibus
1536 2862 1805 2933 Hispania:
1864 2853 2250 2912 traderentur?

665 2964 815 3020 Multi
844 2964 1045 3033 absque
1072 2960 1256 3026 dubio,
1284 2959 1447 3013 immo
1473 2957 1529 3011 ni
1554 2954 1730 3018 fallor,
1754 2964 1962 3006 omnes.
1994 2945 2101 3001 Sed
2129 2943 2249 2998 ideo

633 3075 647 3086 ·
665 3057 753 3113 ille
782 3054 1153 3111 inﬁrmissimis
1177 3051 1423 3107 hostibus
1441 3056 1635 3105 cuncta
1654 3043 1891 3106 tradidit,
1917 3049 1976 3095 ut
2001 3036 2250 3094 ostende-

663 3157 748 3205 ret
772 3128 976 3206 scilicet
1000 3163 1109 3201 non
1136 3146 1279 3199 vires
1306 3143 1508 3205 valere,
1539 3138 1634 3194 sed
1672 3150 1921 3199 causam;
1945 3143 2121 3198 neque
2147 3142 2248 3181 nos

2356 1935 2523 1990 millia
2579 1947 2981 2007 congregasset,
3029 1939 3107 1995 sic
3154 1939 3221 1995 ad
3273 1955 3399 1996 eum
3425 1941 3684 1999 Dominus
3730 1936 3941 2001 locutus

2354 2034 2437 2080 est
2466 2042 2483 2080 :
2514 2026 2710 2081 Multus
2738 2037 2815 2082 est
2854 2037 3017 2084 tecum
3055 2030 3293 2103 populus,
3324 2048 3418 2086 nec
3447 2033 3680 2088 tradetur
3719 2033 3937 2090 Hadiau

2355 2117 2409 2169 in
2438 2133 2620 2172 manus
2650 2119 2782 2189 ejus.
2811 2118 2879 2174 Et
2898 2121 3028 2190 quid
3050 2123 3278 2193 postea?
3306 2121 3523 2179 Homini
3550 2125 3835 2183 adversum
3857 2127 3935 2184 in-

2354 2225 2577 2266 numera
2608 2211 2967 2270 Barbarorum
2995 2216 3159 2271 millia
3187 2226 3491 2289 pugnaturo
3519 2227 3790 2277 trecentos
3816 2230 3936 2278 tan-

2352 2308 2468 2354 tum
2495 2303 2640 2358 viros
2666 2304 2900 2375 reliquit.
2931 2306 2989 2361 ln
3019 2306 3141 2363 eam
3169 2304 3370 2380 quippe
3398 2312 3747 2380 exiguitatem
3770 2314 3935 2383 redigi

2353 2390 2543 2462 ag'men
2591 2400 2817 2454 militum
2857 2399 3042 2470 jussit,
3072 2410 3131 2457 ut
3167 2403 3269 2481 sibi
3316 2404 3383 2460 de
3426 2410 3641 2475 patrato
3688 2405 3939 2463 divinitus

2350 2486 2476 2543 belli
2517 2505 2680 2559 opere
2706 2493 2948 2561 paucitas
2991 2508 3254 2564 usurpare
3292 2496 3424 2551 nihil
3470 2505 3672 2567 posset.
3698 2499 3939 2569 Denique

2352 2596 2448 2634 cur
2500 2582 2603 2637 hoc
2655 2582 2912 2638 Dominus
2968 2585 3042 2639 ita
3091 2583 3313 2653 faceret,
3368 2586 3484 2657 ipse
3537 2588 3941 2645 evidentissima

2354 2670 2645 2727 declaravit
2670 2673 2853 2729 dicens
2886 2692 2897 2727 :
2933 2674 3017 2729 Ne
3042 2674 3289 2748 glorietur
3335 2684 3517 2731 contra
3553 2694 3635 2731 me
3662 2677 3853 2746 Israel,
3889 2685 3942 2733 et

2354 2761 2512 2827 dicat,
2527 2761 2661 2818 Meis
2682 2765 2869 2819 viribus
2892 2765 3133 2820 liberatus
3148 2782 3279 2821 sum.
3307 2766 3556 2832 Audiant,
3578 2766 3815 2836 inquam,
3834 2769 3943 2824 hoc

2353 2869 2542 2910 omnes
2596 2855 2844 2927 improbi,
2870 2857 3088 2912 audiant
3134 2873 3323 2913 omnes
3368 2858 3800 2928 prtesnmptuosi,
3843 2873 3935 2913 au-

2352 2945 2501 3000 diant
2529 2956 2911 3017 praepotentes,
2943 2948 3165 3003 audiant
3206 2949 3383 3004 cuncti
3421 2948 3547 3017 quid
3573 2948 3716 3003 Deus
3758 2947 3893 3003 dicit
3924 2965 3941 3002 :

2353 3037 2439 3092 Ne
2457 3040 2722 3110 glorietur,
2765 3041 2969 3110 inquit,
3000 3050 3180 3095 contra
3211 3057 3293 3094 me
3321 3040 3507 3106 Israel,
3539 3047 3587 3093 et
3608 3038 3940 3105 dicat,'Mcis

2351 3131 2539 3186 uiribus
2561 3132 2805 3187 liberatus
2826 3151 2957 3188 sum.

664 3249 791 3295 tunc
840 3238 1305 3307 ignavissimorum
1343 3230 1611 3301 quondam
1657 3226 1890 3281 hostium
1936 3219 2246 3276 fortitudine
2272 3214 2320 3278 C
2419 3219 2509 3276 1X.
2543 3222 2775 3278 Audiam
2798 3225 2920 3287 hoc,
2944 3225 3183 3293 inquam,
3221 3239 3409 3279 omnes
3440 3223 3713 3279 contraria
3739 3231 3795 3279 et
3820 3223 3936 3279 bla-

663 3334 839 3398 obrui,
872 3330 965 3386 sed
985 3329 1100 3384 sola
1120 3327 1373 3381 vitiorum
1419 3329 1725 3377 nostrorum
1753 3313 2059 3385 impuritate
2087 3325 2252 3379 supe-

665 3425 793 3482 rari.
823 3421 894 3477 Ut
933 3435 1059 3475 vere
1099 3418 1153 3472 in
1195 3432 1293 3471 nos
1328 3412 1539 3468 venerit
1583 3409 1784 3464 dictum
1830 3403 1994 3469 illud,
2024 3417 2132 3472 quo
2178 3401 2252 3453 ait

666 3516 924 3572 Dominus
953 3510 1021 3566 ad
1046 3504 1259 3564 Judaﬁos
1293 3523 1305 3559 :
1339 3503 1633 3559 Secundum
1669 3496 2024 3553 immunditias
2054 3508 2175 3548 suas
2203 3498 2252 3544 et

665 3605 941 3663 secundum
984 3601 1276 3673 iniquitates
1322 3611 1446 3650 suas
1492 3594 1590 3665 feci
1628 3590 1767 3658 illis,
1799 3596 1851 3643 et
1876 3586 2035 3641 averti
2066 3585 2252 3658 faciem

663 3690 933 3757 meam'ab
971 3698 1043 3750 eis
1075 3692 1285 3767 (Ezech.
1332 3705 1515 3754 xxxrx,
1557 3686 1668 3758 24).
1717 3684 1874 3757 150
1899 3680 1968 3736 Et
2012 3680 2140 3735 alibi
2186 3677 2254 3733 ad

664 3800 878 3861 gentem
910 3791 1080 3860 ipsam
1113 3807 1123 3839 :
1149 3784 1381 3838 Adducet
1409 3780 1661 3836 Dominus
1693 3794 1845 3851 super
1877 3785 1925 3830 te
1964 3783 2164 3848 gentem
2193 3772 2256 3826 de

667 3882 943 3953 longinquo
968 3879 1142 3951 (Deut.
1170 3893 1349 3939 xxvm,
1380 3872 1469 3943 49)
1495 3892 1508 3925 :
1545 3881 1593 3926 et
1622 3870 1846 3941 ungulis,
1879 3868 2069 3936 inquit,
2101 3882 2256 3936 equo-

668 3988 793 4024 rum
809 3986 1015 4023 suorum
1045 3982 1219 4020 omnes
1240 3965 1436 4032 plateas
1468 3971 1583 4015 tuas
1603 3956 1989 4021 conculcabunt,
2011 3964 2060 4009 et
2088 3973 2254 4025 popu-

670 4060 773 4113 lum
814 4069 952 4111 mum
997 4054 1171 4126 gladio
1196 4051 1505 4118 interﬁcient
1535 4048 1748 4118 (Ezech.
1780 4062 1924 4108 xxvr,
1952 4044 2059 4113 Η).
2090 4044 2251 4097 Com-

669 4153 812 4221 plcta
843 4164 972 4217 ergo
1002 4148 1055 4201 in
1100 4162 1200 4201 nos
1242 4150 1368 4199 sunt
1394 4142 1573 4197 omnia
1600 4154 1721 4209 qua:
1748 4136 1884 4193 dixit
1913 4150 2090 4189 sermo
2120 4134 2255 4188 divi-

673 4257 791 4306 nus,
817 4248 871 4295 et
915 4238 1024 4293 vim
1056 4237 1341 4292 verborum
1368 4232 1666 4291 cwlestium
1695 4230 1794 4287 luit
1835 4242 1995 4299 paena
2039 4232 2256 4281 cuncto-

673 4349 811 4390 1⁸11111.

743 4424 876 4479 Vlll.
907 4422 1013 4480 Sed
1044 4432 1222 4479 tamen
1264 4437 1386 4478 cum
1415 4435 1603 4477 omnes
1637 4418 1749 4474 fere
1786 4415 2030 4470 barbara:
2068 4419 2254 4482 gentes

673 4518 1039 4573 Romanorum
1080 4517 1393 4585 sanguinem
1420 4513 1672 4579 biberint,
1704 4524 1892 4566 omnes
1915 4509 2121 4563 viscera
2150 4522 2252 4562 no-

2354 3315 2575 3384 sphema
2588 3314 2883 3383 jactantes;
2917 3316 3136 3370 audiant
3160 3314 3276 3370 haec
3294 3332 3444 3387 spem
3469 3332 3623 3371 suam
3647 3318 3704 3371 in
3720 3315 3937 3372 homine

2352 3414 2634 3477 ponentes.
2668 3406 2838 3475 Loqui
2868 3408 3147 3463 universos
3194 3408 3478 3463 adversum
3516 3425 3576 3464 se
3621 3410 3762 3465 Deus
3789 3409 3936 3472 dicit,

2352 3499 2445 3568 qui
2482 3499 2699 3575 liberari
2746 3514 2805 3553 se
2847 3500 3048 3554 viribus
3095 3500 3206 3557 suis
3242 3516 3404 3570 posse
3430 3510 3778 3571 praesumunt.
3809 3500 3940 3569 Quis

2353 3597 2535 3646 autem
2573 3599 2656 3646 est
2684 3590 3048 3647 Romanorum
3076 3608 3186 3647 non
3232 3593 3307 3647 ita
3333 3593 3537 3659 dicens,
3578 3594 3699 3664 quis
3722 3602 3805 3649 est
3832 3610 3941 3650 non

2354 3685 2431 3739 ita
2452 3686 2728 3741 sentiens?
2757 3683 2886 3753 Quis
2916 3694 3111 3741 nostra:
3137 3688 3307 3756 partis
3331 3702 3439 3743 non
3468 3703 3637 3759 prope
3659 3689 3859 3758 jugiter
3886 3688 3942 3743 in

2355 3779 2459 3833 hac
2504 3785 2658 3847 parte
2704 3778 3080 3847 blasphemat?
3125 3777 3308 3833 Nullas
3330 3794 3450 3834 esse
3467 3778 3578 3849 jam
3607 3780 3689 3834 rei
3717 3778 3942 3851 publica:

2357 3870 2498 3923 vires
2526 3870 2764 3923 omnium
2813 3870 3155 3924 conscientize
3189 3881 3272 3926 est
3321 3890 3334 3925 :
3385 3879 3569 3927 etnec
3612 3872 3691 3927 sic
3726 3872 3942 3941 quidem

2357 3962 2695 4027 agnoscimus
2724 3962 2877 4029 cujus
2896 3964 3001 4017 hoc
3017 3962 3309 4030 beneficiis,
3333 3966 3477 4035 quod
3497 3965 3673 4022 adhuc
3689 3966 3938 4030 vivimus,

2356 4051 2666 4107 debeamus.
2713 4051 2770 4107 Si
2816 4054 3033 4122 quando
3081 4056 3225 4110 enim
3270 4056 3427 4113 nobis
3462 4059 3705 4129 prosperi
3743 4049 3937 4127 aliquid

2357 4151 2555 4212 praeter
2581 4160 2732 4214 spem
2754 4153 2993 4200 nostram
3038 4155 3095 4201 et
3120 4149 3371 4203 meritum
3413 4148 3554 4207 Deus
3579 4152 3781 4220 tribuit,
3806 4151 3940 4207 alius

2357 4235 2461 4290 hoc
2488 4237 2707 4291 ascribit
2737 4236 2983 4305 fortunae,
3016 4240 3152 4296 alius
3190 4242 3423 4308 eventui,
3454 4243 3591 4299 alius
3617 4243 3941 4301 ordinationi

2357 4327 2569 4395 ducum,
2594 4329 2729 4385 alius
2749 4331 2992 4397 consilio,
3010 4333 3145 4388 alius
3164 4335 3438 4403 magistro,
3463 4336 3600 4390 alius
3617 4336 3941 4405 patrocinio,

2358 4420 2537 4475 nullus
2559 4421 2689 4478 Deo.
2717 4421 2786 4477 Et
2813 4424 3072 4480 miramur
3108 4426 3153 4479 si
3191 4425 3347 4480 nobis
3375 4427 3606 4483 cmlestis
3630 4442 3821 4481 manus
3841 4428 3943 4483 ali-

2358 4527 2463 4581 qua
2492 4530 2600 4569 non
2625 4523 2862 4584 prtestet,
2881 4515 2967 4570 cui
2987 4515 3244 4584 quidquid
3263 4518 3574 4594 praestiterit
3598 4517 3943 4588 derogamus?

594 4624 597 4625 ⁷
670 4616 782 4662 Sim
811 4607 1191 4673 ιλοεηνετῑηι;
1235 4606 1363 4676 (luid
1412 4613 1494 4660 est
1533 4603 1676 4673 (ιιιοά
1705 4604 1847 4658 Deus
1875 4609 2059 4656 ηοειθτ
2081 4600 2254 4654 ῐηθιί·
2280 4585 2336 4649 D
2359 4604 2499 4673 Quid
2527 4608 2671 4662 enim
2700 4607 2844 4662 aliud
2869 4607 3092 4663 facimus
3112 4624 3236 4664 cum
3254 4585 3397 4671 bona
3423 4591 3542 4681 qua:
3573 4585 3813 4682 praestat,
3843 4626 3943 4667 nos

669 4714 786 4775 mas
837 4699 916 4753 rei
973 4696 1197 4768 publica:
1244 4712 1375 4768 opes
1421 4704 1478 4753 et
1535 4695 1983 4766 locupletissimos
2022 4691 2254 4747 Romani

671 4792 905 4851 nominis
943 4790 1172 4862 populos
1198 4791 1253 4845 in
1290 4789 1384 4859 .jus
1409 4790 1746 4862 potissimum
1788 4786 2253 4858 ignavissimorum

671 4885 941 4958 quondam
956 4883 1187 4939 hostium
1214 4881 1395 4937 dedit?
1415 4882 1596 4950 Quid?
1622 4883 1725 4938 nisi
1756 4890 1814 4936 ut
1842 4894 2255 4949 agnosceremus

671 4978 873 5038 scilicet
900 4973 1046 5046 quod
1091 4988 1253 5044 supra
1282 4972 1411 5037 dixi,
1441 4973 1755 5029 meritorum
1800 4974 1905 5027 hoc
1931 4972 2114 5037 fuisse,
2144 4985 2253 5024 non

672 5072 864 5127 virium
895 5111 909 5136 ,
942 5076 1107 5139 utque
1135 5068 1310 5138 ipsum
1334 5068 1439 5122 hoc
1481 5066 1635 5122 nobis
1664 5067 1720 5121 in
1747 5066 2116 5123 confusionem
2161 5080 2253 5120 ca-

673 5164 820 5219 deret
866 5179 930 5220 ac
955 5177 1171 5235 poenam
1219 5160 1363 5231 quod
1408 5146 1766 5233 ignavissimis
1814 5159 2171 5224 traderemur,
2201 5163 2257 5212 et

673 5255 757 5309 vel
784 5256 862 5309 sic
886 5256 1097 5326 plagam
1143 5254 1376 5312 cmlestis
1413 5267 1605 5308 manus
1644 5266 2087 5321 agnosceremus;
2129 5252 2256 5320 quia

674 5361 772 5401 nos
799 5363 906 5401 non
927 5349 1202 5405 fortissimi
1227 5351 1480 5418 hostium,
1509 5347 1606 5404 sed
1633 5347 1979 5417 ignavissimi,
2011 5346 2257 5417 subjuga-

676 5445 811 5494 rent.
820 5437 908 5493 Sic
928 5441 1069 5496 enim
1085 5444 1327 5512 legimus,
1345 5444 1492 5516 quod
1505 5444 1549 5500 si
1572 5443 1786 5514 quando
1798 5443 2073 5499 evidenter
2092 5443 2255 5497 intel-

675 5529 764 5601 ligi
775 5531 918 5587 Deus
938 5534 1111 5589 voluit
1127 5550 1318 5606 magna
1330 5554 1495 5620 opera
1518 5554 1549 5593 a
1571 5553 1630 5594 se
1649 5536 1870 5609 patrari,
1889 5545 1983 5591 aut
2002 5551 2099 5607 per
2122 5551 2258 5606 pau-

676 5640 770 5680 cos
798 5634 894 5680 aut
932 5640 1033 5696 per
1058 5623 1298 5683 inﬁmos
1340 5638 1459 5685 acta
1486 5646 1573 5686 res
1618 5637 1729 5697 est;
1760 5645 1828 5686 ne
1857 5643 1993 5699 Opus
2022 5628 2259 5685 caelestis

674 5715 911 5774 dexteras
937 5717 1122 5775 virtuti
1148 5720 1509 5789 assignaretur
1546 5723 1812 5780 humanae.
1844 5720 1970 5779 ideo
1996 5721 2259 5792 siquidem

674 5811 867 5884 agdn:
891 5812 1073 5871 Sisara
1081 5812 1269 5887 [quem
1314 5813 1568 5870 Hebmus
1594 5817 1862 5872 tremebat
1907 5815 2195 5882 exercitus,
2228 5829 2258 5870 a

2360 4700 2445 4755 vel
2473 4700 2753 4755 eventibus
2781 4715 3022 4768 casuum,
3044 4702 3129 4757 vel
3160 4702 3447 4758 virtutibus
3466 4703 3682 4771 ducum,
3710 4704 3797 4760 vel
3823 4703 3944 4773 qui-
4040 4741 4046 4749 π

2359 4793 2671 4861 buscunque
2700 4792 2818 4847 aliis
2846 4793 3006 4849 rebus
3026 4793 3233 4851 frivolis
3268 4795 3622 4867 deputamus?
3656 4797 3809 4870 152
3827 4796 3944 4853 Hoc

2360 4888 2501 4943 enim
2522 4887 2682 4943 modo
2706 4896 2762 4943 et
2788 4890 2947 4945 terris
2973 4907 3073 4946 nos
3092 4899 3370 4962 oporteret
3382 4893 3583 4962 gratias
3610 4907 3771 4962 agere
3797 4891 3944 4962 quod

2359 4979 2537 5046 fruges
2565 4994 2772 5035 annuas
2798 4981 3066 5045 metimus,
3099 4990 3154 5036 et
3172 4982 3342 5038 vineis
3368 4983 3514 5052 quod
3531 4984 3941 5052 vindemiamus,

2360 5076 2415 5126 et
2443 5071 2577 5126 mari
2596 5072 2741 5140 quod
2769 5072 2941 5142 pisces
2970 5073 3227 5143 capimus,
3259 5081 3314 5129 et
3341 5075 3488 5131 silvis
3507 5075 3652 5145 quod
3672 5075 3815 5146 ligna
3836 5090 3943 5132 cm-

2356 5165 2551 5231 dinms,
2582 5170 2638 5219 et
2678 5165 2866 5220 ovibus
2911 5164 3056 5232 quod
3095 5174 3243 5220 veste
3288 5166 3535 5234 tegimur,
3566 5175 3623 5222 et
3649 5166 3943 5238 pecudibus

2357 5259 2564 5315 caeteris
2589 5259 2732 5328 quod
2751 5274 2912 5314 carne
2938 5267 3259 5314 saturamur.
3291 5259 3423 5315 Nam
3451 5275 3570 5330 quae
3609 5261 3750 5331 ratio
3778 5268 3859 5315 est
3886 5266 3948 5317 ut

2358 5353 2409 5407 ei
2434 5368 2534 5423 pro
2563 5354 2874 5408 muneribus
2900 5351 3018 5406 aliis
3046 5352 3184 5419 grati
3212 5368 3331 5409 esse
3357 5354 3606 5418 velimus,
3638 5354 3726 5409 cui
3769 5353 3947 5408 maxi-

2358 5461 2572 5500 morum
2617 5445 3003 5501 beneficiorum
3055 5461 3272 5501 suorum
3318 5448 3545 5516 gratiam
3591 5445 3969 5515 derogamus?.

2361 5539 2465 5592 Aut
2487 5539 2606 5607 quis
2620 5544 2904 5592 contentus
2932 5544 3013 5591 est
3034 5537 3196 5593 homo
3223 5547 3421 5594 nostra:
3446 5536 3792 5602 conditionis,
3810 5545 3870 5591 ut
3896 5535 3952 5590 ei

2361 5628 2482 5699 quis
2527 5636 2805 5698 acceptum
2834 5628 3106 5698 quippiam
3151 5627 3367 5694 referat,
3393 5630 3479 5684 cui
3526 5629 3595 5684 de
3643 5627 3802 5683 donis
3839 5624 3955 5681 suis

2361 5737 2569 5778 summa
2590 5721 2915 5777 detraxerit?
2943 5721 3020 5777 lta
3036 5729 3092 5777 et
3112 5736 3228 5788 nos,
3252 5721 3378 5776 licet
3403 5722 3515 5778 Deo
3538 5723 3605 5777 in
3621 5721 3770 5777 nullo
3790 5720 3954 5788 digne

2362 5817 2560 5885 gratias
2582 5829 2820 5886 agamus,
2852 5832 3038 5888 parum
3059 5822 3241 5871 tamen
3268 5823 3386 5871 erat
3410 5818 3576 5888 sipro
3594 5817 3679 5873 his
3707 5823 3947 5872 tantum-
