4234 6262
369 394 476 450 137

1439 383 1526 438 DE
1563 378 2094 437 GUDERNATIOSB
2136 381 2244 438 DEI
2287 381 2410 436 LIB.
2460 385 2564 438 Vll.

3550 389 3656 446 I38

364 485 534 543 modo
554 484 696 554 grati
715 498 832 538 esse
852 481 1106 536 vellemus
1131 492 1252 548 qua!
1281 476 1436 532 nobis
1469 476 1534 530 ad
1567 490 1722 529 usum
1746 472 1961 528 vivendi
1987 475 2039 536 Α
2067 486 2168 540 ret,
2205 495 2396 534 manus
2431 495 2567 548 quas
2595 478 2880 534 bellicosas
2907 480 3149 550 putabat,
3202 480 3407 537 vinctas
3427 482 3657 546 videret,

367 579 538 636 dedit.
574 576 684 633 Cur
725 576 863 630 hanc
883 573 1111 644 gratiam
1137 570 1377 626 tollimus
1396 567 1541 639 quod
1571 583 1671 622 nos
1705 574 1761 622 et
1786 567 1838 621 in
1867 581 1965 622 an-

370 672 563 742 gustiis
577 669 747 740 juvat,
780 675 834 723 et
855 668 906 721 in
927 664 1186 736 periculis
1212 663 1425 728 liberat,
1460 668 1514 715 et
1537 661 1590 714 in
1615 659 1796 714 medio
1838 658 1964 713 bar-

371 765 622 820 bararum
645 759 881 830 gentium
902 757 1036 813 sitos
1051 755 1166 825 jugl
1187 754 1527 826 protectione
1546 753 1868 808 conservat?
1897 750 1967 806 At

373 871 482 910 non
512 854 583 908 ita
602 848 782 913 Gothi,
807 864 916 904 non
942 848 1015 902 ita
1031 844 1299 911 Wandali,
1323 843 1478 898 malis
1507 844 1633 898 licet
1657 841 1970 897 doctoribus

341 944 619 1018 .institu‘ti,
670 941 924 998 meliores
966 947 1148 993 tamen
1196 937 1358 992 etiam
1407 935 1460 990 in
1487 935 1590 990 hac
1614 942 1767 1004 parte
1806 948 1967 1003 quam

370 1038 558 1095 nostri.
607 1033 816 1089 Oﬂendi
857 1030 1105 1103 quamvis
1149 1028 1413 1098 quosdam
1458 1027 1699 1097 suspicer
1727 1025 1810 1080 his
1849 1039 1968 1094 qua:

371 1128 599 1184 dicimus
631 1143 644 1178 :
677 1123 775 1180 sed
803 1115 928 1192 quia
953 1122 1152 1176 veritas
1180 1119 1352 1188 magis
1376 1133 1536 1188 quam
1565 1115 1790 1171 offensio
1817 1115 1966 1184 cogi-

367 1220 524 1275 tanda
546 1227 652 1280 est,
686 1216 885 1278 dicam,
915 1219 972 1268 et
999 1227 1142 1283 saepe
1167 1209 1344 1265 dicam
1370 1227 1383 1263 :
1407 1208 1524 1264 Non
1554 1209 1626 1262 ita
1656 1207 1836 1272 Gothi,
1858 1223 1966 1261 non

363 1315 436 1368 ita
465 1308 754 1374 Wandali;
785 1307 879 1377 qui
909 1314 965 1362 et
993 1305 1046 1360 in
1066 1302 1378 1358 discrimine
1405 1300 1590 1370 positi,
1620 1314 1779 1370 opem
1805 1314 1835 1353 a
1855 1299 1967 1354 Deo

360 1402 662 1476 postulant,
690 1407 748 1455 et
774 1396 1167 1470 prosperitates
1189 1409 1315 1449 suas
1343 1408 1536 1448 munus
1554 1392 1848 1447 divinitatis
1874 1408 1968 1462 ap-

361 1495 589 1567 pellant.
624 1490 867 1559 Denique
892 1487 1145 1557 probavit
1172 1486 1294 1552 hoc,
1337 1485 1430 1540 illo
1451 1484 1718 1555 proximo,
1752 1482 1969 1538 infelici-

364 1596 449 1640 tas
475 1590 684 1640 nostra.
717 1582 853 1636 Cum
883 1579 1028 1633 enim
1058 1586 1085 1616 ⁸
1118 1576 1280 1633 Gothi
1323 1584 1647 1640 metuerent,
1674 1590 1965 1645 praasume-

366 1677 556 1734 bamus
581 1689 682 1730 nos
711 1673 763 1726 in
793 1670 1000 1726 Chunis
1026 1684 1178 1740 spem
1206 1682 1431 1739 ponere,
1476 1667 1550 1720 illi
1581 1667 1634 1722 in
1669 1667 1778 1723 Deo
1804 1685 1816 1719 :
1845 1683 1966 1722 cum

365 1784 472 1839 pax
505 1767 572 1822 ab
601 1765 708 1820 illis
733 1762 1117 1834 postularetur,
1150 1775 1181 1814 a
1212 1760 1366 1815 nobis
1395 1766 1711 1828 negaretur;
1745 1758 1819 1812 illi
1848 1759 1965 1828 epi-

2069 585 2356 639 puerorum
2379 585 2441 625 ac
2466 570 2750 625 mulierum
2771 569 3133 640 spectaculum
3162 570 3334 637 fieret,
3360 571 3663 630 inludentes

2069 666 2170 720 sibi
2213 666 2475 720 barbaros
2499 673 2768 729 cerneret,
2822 664 3132 720 inrisionem
3182 681 3343 722 sexus
3371 668 3661 736 promiscui

2069 756 2384 818 sustineret,
2437 764 2491 809 et
2531 756 2621 825 qui
2665 756 2956 812 maximum
3000 757 3263 813 habuerat
3315 759 3660 830 supercilium

2070 850 2223 905 fortis
2250 849 2369 913 viri,
2403 857 2632 904 mortem
2653 849 2858 904 subiret
2885 849 3098 918 ignavi?
3128 850 3302 920 Atque
3331 851 3536 907 utinam
3556 852 3663 908 hoc

2071 945 2241 1012 ipsum
2288 942 2452 996 breve
2480 941 2778 997 remedium
2831 941 3094 996 malorum
3133 950 3293 1010 esset,
3326 959 3434 998 non
3469 943 3660 999 diurna

2071 1033 2338 1088 toleratio.
2374 1032 2466 1087 llle
2495 1042 2693 1099 autem,
2719 1043 2975 1102 quantum
3005 1033 3070 1087 ad
3100 1050 3379 1104 pmnarum
3401 1036 3426 1073 ά
3450 1038 3658 1106 magni-

2072 1124 2309 1179 tudinem
2332 1123 2582 1194 pertinet,
2610 1133 2633 1161 °
2666 1124 2828 1191 longo
2855 1133 3096 1195 tempore
3123 1133 3178 1179 et
3203 1126 3454 1182 diuturna
3484 1127 3537 1183 in
3566 1143 3658 1184 er~
3722 1130 3736 1182 ἐ

2070 1218 2278 1287 gastulo
2303 1215 2660 1270 Barbarorum
2690 1216 2813 1270 tabe
2850 1226 3218 1288 consumptus,
3251 1220 3301 1273 in
3329 1221 3467 1277 hanc
3492 1222 3656 1279 mise-

2070 1309 2204 1362 riam
2235 1307 2484 1363 redactus
2511 1315 2594 1361 est
2620 1316 2696 1369 ut,
2720 1307 2862 1377 quod
2884 1308 3198 1378 plerumque
3226 1309 3470 1365 homines
3492 1313 3656 1367 etiam

2069 1403 2244 1472 pinnis
2293 1401 2420 1472 ipsis
2445 1402 2660 1470 gravius
2704 1401 2861 1473 15E,
2888 1411 3048 1471 atque
3076 1403 3319 1459 acerbius
3364 1414 3572 1475 putant,
3603 1409 3660 1465 in

2070 1493 2470 1549 miserationem
2513 1493 2749 1548 hostium
2791 1492 3086 1550 deveniret.
3131 1494 3199 1550 Et
3235 1496 3339 1553 hoc
3385 1499 3513 1553 cur?
3553 1497 3661 1555 Cur

2071 1585 2272 1652 absque.
2293 1583 2476 1646 dubio,
2502 1583 2603 1636 nisi
2631 1583 2777 1652 quia,
2802 1593 2860 1638 ut
2875 1569 3135 1652 jam‘dixi,
3165 1586 3239 1640 illi
3269 1587 3382 1642 Deo
3410 1588 3658 1652 humiles,

2073 1695 2170 1733 nos
2190 1676 2446 1742 rebelles;
2479 1675 2553 1729 illi
2587 1675 2930 1731 crediderunt
2955 1677 3007 1731 in
3036 1694 3199 1732 manu
3226 1678 3320 1733 Dei
3350 1695 3470 1734 esse
3491 1681 3660 1736 victo-

2073 1771 2228 1834 riam,
2273 1785 2371 1823 nos
2401 1769 2452 1822 in
2497 1783 2660 1822 manu
2704 1777 2908 1832 nostra,
2936 1770 3098 1823 immo
3128 1769 3180 1824 in
3211 1770 3469 1839 sacrilega
3499 1779 3660 1841 atque

365 1874 561 1930 scopos
585 1857 876 1919 mitterem,
923 1869 1023 1909 n05
1068 1851 1484 1922 ΐθρθηθτθηιηεὶ
1529 1849 1605 1904 illi
1650 1850 1812 1903 etiam
1852 1848 1881 1888 δ
1913 1849 1964 1904 in
1995 1853 2044 1914 Β
2072 1861 2234 1930 impia
2269 1879 2280 1913 :
2327 1861 2471 1929 quod
2501 1867 2584 1915 est
2626 1858 2780 1930 pejus
2816 1861 3202 1931 nocentiusque
3241 1877 3400 1930 quam
3441 1866 3660 1918 nostra?

369 1949 560 2004 alienis
578 1945 948 2003 sacerdotibus
996 1943 1163 1998 Deum
1203 1943 1558 2004 honorarent,
1599 1955 1698 1994 nos
1725 1939 1965 1994 etiamin

311 2067 317 2072 -
372 2039 576 2095 nostris
603 2047 1081 2094 contemneremus.
1109 2033 1275 2088 Prout
1297 2040 1447 2088 actus
1467 2031 1746 2100 utriusque
1774 2030 1962 2100 partis,

377 2133 455 2188 ita
484 2138 540 2187 et
561 2147 742 2186 rerum
769 2129 1028 2184 terminus
1053 2126 1171 2181 fuit.
1200 2125 1308 2180 lllis
1333 2124 1456 2179 data
1482 2133 1567 2180 est
1587 2124 1639 2178 in
1659 2139 1873 2178 summo
1897 2124 1965 2177 ti-

376 2239 531 2279 more
557 2224 757 2294 palma,
790 2221 946 2277 nobis
990 2221 1044 2274 in
1083 2235 1286 2275 summa
1327 2219 1559 2274 elatione
1601 2218 1862 2274 confusio.
1899 2217 1969 2272 Ut

371 2330 502 2370 vere
529 2321 583 2369 et
609 2314 664 2368 in
694 2313 848 2368 nobis
897 2321 1022 2366 tunc
1058 2319 1112 2366 et
1152 2311 1205 2365 in
1235 2310 1337 2365 illis
1364 2310 1646 2366 evidenter
1674 2310 1961 2380 probatum

364 2407 436 2462 sit
464 2405 593 2460 illud
641 2406 850 2461 Domini
893 2405 1059 2460 nostri
1097 2403 1294 2459 dictum
1328 2421 1340 2455 z
1393 2404 1548 2474 153
1579 2400 1837 2466 Quoniam
1876 2405 1965 2473 qui

358 2513 415 2550 se
439 2496 639 2550 exultat
660 2495 1032 2559 humiliabitur,
1074 2503 1124 2549 et
1149 2495 1235 2566 qui
1281 2511 1337 2548 se
1367 2493 1606 2547 humiliat
1644 2491 1968 2547 exaltabitur

357 2587 506 2659 (Luc.
538 2606 642 2653 ιιν,
678 2588 788 2658 ll).
811 2588 918 2644 lllis
938 2588 1082 2643 enim
1098 2588 1364 2643 exaltatio
1385 2586 1509 2642 data
1541 2596 1625 2641 est
1643 2603 1745 2656 pro
1775 2587 1959 2640 humi-

331 2687 336 2694 '
359 2683 527 2749 litate,
555 2683 710 2739 nobis
738 2698 838 2753 pro
866 2682 1103 2737 elatione
1130 2681 1387 2750 dejectio.

427 2773 492 2828 Χ.
520 2773 706 2843 Itaque
727 2773 946 2842 agnovit
971 2771 1079 2826 hoc
1118 2770 1208 2824 ille
1236 2781 1258 2808 ο
1291 2769 1400 2822 dux
1433 2776 1631 2822 nostra:
1659 2769 1847 2836 partis,
1874 2766 1966 2836 qui

357 2865 604 2921 eamdem
625 2863 816 2918 urbem
833 2861 1074 2916 hostium
1093 2875 1264 2928 quam
1288 2857 1482 2912 eodem
1511 2857 1598 2911 die
1620 2857 1876 2919 victorem
1907 2873 1967 2912 se

359 2958 687 3011 intraturum
716 2967 838 3007 esse
863 2951 1227 3021 praesumpsit,
1245 2949 1491 3018 captivus
1507 2948 1742 3002 intravit.
1770 2945 1968 3003 Proba-

365 3047 443 3101 vit
471 3047 678 3102 scilicet
698 3043 846 3114 quod
871 3043 1135 3113 propheta
1157 3041 1292 3095 dixit
1317 3060 1328 3092 :
1363 3040 1500 3105 Quia
1522 3057 1624 3095 non
1643 3051 1722 3095 est
1741 3041 1964 3095 hominis

366 3140 448 3193 uia
477 3137 608 3208 ejus,
638 3153 732 3190 nec
760 3135 855 3189 viri
884 3142 960 3188 est
979 3141 1036 3186 ut
1062 3132 1284 3186 ambulet
1304 3141 1353 3185 et
1383 3132 1577 3202 dirigat
1610 3148 1812 3202 gressus
1845 3149 1962 3186 suos

2070 1951 2309 2021 Denique
2340 1953 2450 2020 ipse
2490 1950 2508 1989 τ
2543 1968 2638 2006 rex
2666 1953 2922 2019 hostium,
2954 1961 3210 2023 quantum
3232 1969 3320 2010 res
3340 1955 3571 2024 prodidit
3597 1973 3660 2011 ac

2069 2044 2335 2113 probavit,
2361 2058 2528 2111 usque
2555 2043 2620 2097 ad
2647 2044 2786 2099 diem
2809 2060 3000 2114 pugna!
3039 2055 3240 2100 stratus
3267 2046 3442 2102 cilicio
3472 2065 3661 2118 preces

2068 2133 2222 2196 fudit,
2267 2142 2392 2188 ante
2433 2135 2710 2189 bellumin
2751 2137 2994 2191 oratione
3035 2137 3222 2206 jacuit,
3263 2137 3329 2193 ad
3368 2139 3567 2195 bellum
3592 2141 3660 2196 de

2067 2225 2314 2280 oratione
2346 2224 2598 2279 surrexit.
2643 2223 2961 2296 Priusquam
2998 2242 3231 2298 pugnam
3271 2245 3430 2284 mam
3467 2245 3658 2301 capes~

2068 2323 2230 2378 seret,
2265 2315 2656 2385 supplicatione
2685 2318 2974 2386 pugnavit;
2999 2325 3055 2373 et
3081 2319 3201 2374 ideo
3232 2317 3400 2376 fidens
3438 2337 3658 2390 proces-

2068 2407 2138 2460 sit
2167 2404 2233 2460 ad
2271 2419 2524 2474 pugnam,
2555 2406 2679 2475 quia
2704 2405 2817 2476 jam
2842 2417 3115 2464 meruerat
3142 2410 3193 2464 in
3215 2411 3461 2466 oratione
3488 2412 3658 2467 victo-

2069 2498 2222 2551 riam.

2140 2587 2230 2642 Xl.
2273 2588 2390 2643 Non
2410 2587 2742 2644 dissimiliter
2764 2599 2942 2646 autem
2973 2591 3100 2646 illud
3121 2593 3282 2645 etiam
3300 2593 3440 2662 apud
3455 2604 3478 2640 ε
3494 2594 3658 2648 Wan-

2066 2681 2248 2734 dalos:
2273 2678 2341 2732 ad
2368 2693 2504 2748 quos
2531 2695 2652 2735 cum
2684 2681 2736 2734 in
2761 2676 3013 2752 Hispania
3043 2683 3175 2736 sitos
3197 2690 3379 2736 nostra
3395 2698 3518 2752 pars
3539 2700 3660 2753 pcr-

2067 2779 2236 2838 gcret,
2268 2776 2582 2840 tantamque
2611 2770 2678 2825 ad
2725 2769 3074 2827 debellandos
3112 2787 3206 2826 eos
3228 2773 3660 2843 praesumptionis

2071 2862 2315 2917 fiduciam
2345 2863 2510 2916 ferret
2550 2871 2805 2932 quantam
2859 2864 3021 2918 etiam
3063 2864 3309 2936 proxime
3337 2865 3405 2921 ad
3430 2865 3658 2935 Gothos,

2067 2957 2182 3026 pari
2209 2954 2474 3026 superbia:
2496 2955 2655 3022 fastu,
2685 2956 2803 3026 pari
2841 2957 2991 3012 exitu
3019 2969 3366 3014 conruerunt.
3396 2960 3661 3032 Venitun

2067 3062 2228 3116 super
2275 3046 2570 3101 exercitum
2618 3055 2862 3102 nostrum
2913 3048 3042 3103 illud
3091 3048 3374 3120 Propheta:
3417 3052 3657 3108 dictum:

2068 3135 2263 3200 Obruet
2305 3137 2558 3194 Dominus
2600 3141 2969 3211 conﬁdentiam
2999 3151 3168 3208 tuam,
3209 3153 3258 3198 et
3295 3146 3426 3200 nihil
3455 3146 3660 3202 habebis

365 3229 552 3299 (Prov.
579 3244 682 3292 xvr,
715 3225 776 3291 9;
808 3243 897 3289 xx,
929 3223 1041 3294 24).
1074 3223 1205 3278 Nam
1229 3223 1354 3292 quia
1377 3223 1518 3277 viam
1546 3239 1697 3278 suam
1715 3222 1852 3291 juris
1874 3224 1958 3279 sui
1988 3223 2034 3286 C
2066 3248 2365 3302 prosperum
2397 3230 2609 3302 (Jerem.
2637 3251 2692 3299 ιι,
2727 3234 2847 3305 57).
2881 3233 3295 3293 Confidebamns
3321 3240 3465 3294 enim
3496 3240 3546 3294 in
3570 3257 3659 3295 sa-

359 3319 704 3384 existimavit,
727 3332 830 3372 nec
847 3330 1089 3385 gressum
1113 3315 1427 3369 directionis
1450 3315 1654 3378 habuit,
1689 3331 1789 3369 nec
1818 3316 1962 3370 viam

358 3417 545 3472 salutis
574 3412 778 3468 invenit
811 3429 823 3464 :
860 3408 1044 3478 Effusa
1071 3417 1166 3474 est,
1194 3416 1254 3462 ut
1283 3407 1530 3475 legimus,
1559 3405 1781 3477 abjectio
1811 3425 1964 3479 super

358 3509 661 3581 principem,
692 3505 933 3560 seductus
959 3511 1036 3557 est
1062 3504 1118 3556 in
1151 3503 1322 3567 invio,
1363 3511 1412 3556 et
1437 3518 1542 3554 non
1588 3503 1644 3554 in
1673 3503 1753 3555 via
1782 3501 1958 3572 (Psal.

357 3616 462 3663 ενι,
491 3596 618 3668 40);
645 3605 696 3651 et
723 3595 793 3649 ad
820 3594 1038 3648 nihilum
1082 3592 1332 3647 deductus
1377 3601 1484 3656 est,
1518 3592 1651 3646 velut
1690 3609 1825 3664 aqua
1873 3593 1962 3647 de-

358 3702 570 3742 currens
595 3684 769 3756 (Psal.
794 3699 923 3749 Lvu,
947 3681 1034 3749 8).
1072 3681 1131 3735 ln
1160 3696 1268 3751 quo
1296 3681 1533 3750 quidem,
1566 3688 1764 3750 praeter
1792 3682 1962 3751 ipsam

361 3792 548 3834 rerum
576 3773 966 3840 infelicitatem,
991 3788 1229 3842 praesens
1251 3771 1509 3841 judicium
1551 3771 1644 3827 Dei
1669 3774 1871 3842 patuit;
1904 3781 1964 3828 ut

357 3866 618 3938 quidquid
633 3865 898 3922 facturum
924 3879 986 3920 se
1025 3871 1329 3935 usurpant,
1364 3864 1478 3934 ipse
1498 3873 1795 3935 pateretur.
1827 3864 1960 3920 Nam

364 3960 492 4028 quia
515 3959 632 4014 sine
649 3956 944 4012 divinitatis
966 3955 1168 4010 auxilio
1205 3971 1268 4012 ac
1309 3955 1404 4011 Dei
1432 3964 1561 4011 nutu
1591 3957 1910 4028 capiendum
1932 3974 1962 4012 a

365 4063 430 4105 se
457 4049 666 4102 hostem
715 4046 967 4110 credidit,
1001 4046 1115 4116 ipse
1142 4053 1330 4117 captus
1376 4054 1458 4102 est
1491 4067 1502 4100 :
1533 4048 1745 4102 consilii
1781 4063 1845 4103 ac
1873 4063 1962 4103 sa-

364 4138 587 4211 pientia:
613 4153 873 4192 summam
918 4138 1220 4208 usurpavit,
1253 4137 1598 4207 ignominiam
1641 4140 1960 4195 temeritatis

364 4229 594 4285 incurrit
625 4246 638 4282 :
681 4228 854 4284 vincla
881 4244 1000 4298 qua:
1027 4229 1145 4284 aliis
1174 4230 1400 4302 paravit,
1441 4231 1553 4301 ipse
1587 4231 1860 4286 sustinuit.
1894 4231 1962 4286 Et

359 4323 532 4394 quod,
559 4327 712 4392 rogo,
740 4321 1037 4378 evidentius
1059 4323 1152 4380 Dei
1168 4323 1427 4394 judicium
1449 4341 1569 4380 esse
1596 4325 1771 4394 potuit
1797 4340 1960 4394 quam

358 4425 423 4472 ut
446 4398 669 4471 .habens
697 4414 1014 4486 praedatoris
1060 4415 1328 4482 fiduciam,
1359 4415 1538 4486 praeda
1567 4415 1738 4478 fieret,
1769 4415 1959 4468 trium-

361 4508 532 4580 phum
553 4521 898 4576 pnesumcns,
949 4507 1250 4578 triumphus
1296 4514 1474 4571 esset,
1515 4505 1957 4573 circumdaretur,

2072 3323 2273 3392 pientia
2302 3330 2486 3378 nostra
2516 3333 2571 3396 et
2591 3325 2905 3382 fortitudine
2933 3336 3121 3382 contra
3153 3324 3248 3382 Dei
3279 3330 3530 3385 mandata
3575 3331 3660 3387 di-

2069 3414 2240 3469 centis
2274 3433 2284 3466 :
2335 3413 2459 3469 Non
2489 3417 2736 3487 glorietur
2781 3419 2989 3488 sapiens
3036 3421 3089 3472 in
3137 3420 3394 3490 sapientia
3422 3437 3539 3486 sua,
3567 3438 3661 3477 ne:

2069 3508 2219 3576 fortis
2247 3508 2301 3560 in
2325 3509 2630 3578 fortitudine
2669 3525 2797 3572 sua;
2826 3509 2918 3563 sed
2945 3510 2998 3562 in
3028 3509 3122 3562 hoc
3159 3510 3409 3580 glorietur
3436 3515 3520 3582 qui
3549 3513 3660 3583 glo-

2067 3599 2253 3662 riatur,
2277 3601 2409 3654 scire
2422 3609 2472 3652 et
2487 3617 2639 3654 nosse
2658 3617 2755 3662 me,
2780 3602 2900 3669 quia
2922 3617 3014 3671 ego
3036 3617 3148 3653 sum
3170 3601 3424 3656 Dominus
3442 3604 3656 3672 (Jerem.

2068 3707 2150 3751 Ix,
2181 3687 2278 3750 25,
2321 3688 2390 3739 24
2416 3688 2455 3754 ).
2487 3688 2603 3741 Non
2647 3688 2915 3742 immerito
2945 3688 3124 3754 itaque
3153 3689 3280 3742 victi
3308 3704 3492 3743 sumus
3531 3709 3542 3742 :
3593 3695 3660 3748 ad

2067 3775 2289 3829 meliora
2319 3775 2463 3828 enim
2505 3791 2564 3829 se
2591 3774 2667 3828 illi
2689 3773 2922 3828 subsidia
2951 3775 3248 3840 contulere,
3270 3791 3431 3844 quam
3461 3783 3654 3837 nostri.

2065 3863 2199 3918 Nam
2229 3880 2351 3919 cum
2380 3864 2544 3918 armis
2573 3877 2673 3918 nos
2702 3870 2863 3932 atque
2910 3861 3127 3918 auxiliis
3174 3864 3593 3934 superbiremus,
3626 3887 3657 3925 a

2067 3965 2221 4028 parte
2263 3955 2497 4011 hostium
2536 3955 2693 4012 nobis
2739 3954 2874 4010 liber
2900 3953 3092 4011 divina:
3121 3956 3252 4026 legis
3280 3959 3531 4014 occurrit.
3584 3962 3659 4017 Ad

2068 4050 2210 4104 hanc
2235 4050 2379 4106 enim
2408 4048 2676 4120 praecipue
2705 4047 2863 4118 opem
2894 4048 3056 4103 timor
3085 4056 3141 4103 et
3167 4047 3499 4120 perturbatio
3530 4059 3657 4109 tunc

2067 4141 2378 4197 Wandalica
2425 4138 2680 4208 confugit,
2713 4147 2770 4193 ut
2808 4139 3002 4193 seriem
3025 4139 3181 4195 nobis
3205 4140 3440 4196 caelestis
3459 4142 3658 4212 eloquii

2069 4240 2368 4302 opponeret
2408 4237 2463 4283 et
2485 4229 2769 4301 adversum
2810 4229 3087 4283 venientes
3113 4230 3334 4285 mmulos
3360 4246 3485 4287 suos
3521 4233 3657 4289 sacri

2070 4324 2354 4380 voluminis
2381 4323 2579 4392 scripta
2601 4320 2752 4390 quasi
2791 4321 2904 4390 ipsa
2931 4320 3330 4388 quodammodo
3363 4321 3657 4379 divinitatis

2069 4429 2165 4468 ora
2187 4421 2473 4468 reseraret.
2499 4411 2598 4466 llic
2623 4426 2766 4466 nunc
2809 4410 3044 4479 requiro,
3073 4410 3195 4480 quis
3223 4411 3329 4466 hoc
3357 4428 3593 4481 unquam
3621 4431 3654 4468 a

2071 4505 2268 4560 nostris
2296 4504 2540 4574 partibus
2569 4501 2774 4565 fecerit,
2812 4509 2906 4556 aut
2931 4500 3052 4572 quis
3080 4517 3188 4558 non
3217 4502 3412 4559 inrisus
3433 4502 3460 4540 δ
3483 4503 3658 4560 fuerat

361 4571 748 4667 corriperetur,
780 4571 1130 4668 alligarctur;
1150 4607 1354 4654 retorta
1385 4606 1536 4667 tergo
1569 4597 1787 4653 brachia
1807 4571 1962 4666 gere-
1987 4571 2041 4634 Ῑ)
2066 4599 2112 4654 si
2141 4571 2380 4668 putasset
2429 4583 2550 4650 esse
2596 4571 3183 4657 faciendumtinrisus,
3215 4596 3428 4666 utique,
3459 4597 3596 4653 sicut
3626 4613 3656 4651 α

1557 4773 1893 4829 STEPHANI
1930 4772 2201 4848 DALUle
2239 4771 2464 4826 NOTAE.

430 4921 455 4949 ι
487 4910 771 4981 Proprium
803 4910 854 4965 id
882 4911 1058 4978 gentis
1078 4909 1243 4981 fuisse
1267 4916 1489 4981 annotat
1527 4907 1827 4981 Hadrianus
1849 4908 1952 4962 Va-

355 4982 528 5038 lesius
557 4977 613 5035 in
638 4980 776 5035 libro
807 4977 969 5035 tertio
995 4991 1174 5035 rerum
1204 4978 1469 5044 Francic.,
1497 4992 1619 5048 pag.
1647 4977 1767 5033 142.

432 5051 459 5088 δ
491 5049 551 5102 ld
579 5059 680 5114 est,
711 5050 1013 5105 catholicis.
1064 5049 1196 5104 Nam
1244 5049 1406 5104 Gothi
1455 5047 1610 5103 erant
1649 5048 1852 5103 Ariani.
1886 5047 1953 5102 Et

357 5127 582 5188 constat
601 5118 827 5181 Gothos.
863 5119 908 5173 si
937 5133 1121 5188 regem
1156 5118 1435 5186 Evarigem
1462 5119 1718 5188 excipias,
1747 5118 1952 5188 nemini

358 5193 504 5246 intra
534 5186 736 5243 Gallias
763 5191 871 5244 vim
900 5185 1143 5245 intulisse
1188 5189 1243 5244 in
1286 5185 1446 5244 causa
1489 5185 1630 5244 fidei.
1662 5187 1795 5244 Vide
1822 5185 1953 5243 Cas-

355 5259 882 5330 siodorumlib.vm,
913 5259 1035 5314 Var.
1071 5261 1212 5330 epist
1246 5259 1335 5312 24.

437 5343 460 5369 ο
493 5328 752 5394 Litorius,
782 5330 876 5399 qui
903 5326 1176 5400 potestate
1201 5328 1467 5400 secundus
1495 5328 1562 5383 ab
1593 5327 1778 5400 Aetio,
1813 5326 1956 5382 Hun-

361 5402 448 5457 nis
486 5397 844 5455 auxiliaribus
877 5397 1126 5470 p'rzeerat,
1165 5399 1545 5470 conlidensquc
1587 5397 1864 5470 fallacibus
1895 5405 1960 5470 Aet

359 5471 518 5525 vanis
562 5467 906 5541 haruspicum
951 5471 1243 5541 responsis,
1273 5467 1525 5526 Tolosam
1553 5468 1703 5539 regni
1743 5467 1958 5541 Gothici

359 5547 528 5612 caput
584 5539 880 5612 obsederat
919 5539 1063 5612 anno
1108 5540 1635 5612 quadringentesimo
1686 5539 1958 5612 trigesimo

362 5607 533 5669 no'no.
590 5607 722 5665 Vide
751 5607 1169 5666 Rittershusium
1217 5610 1284 5664 ad
1312 5607 1458 5666 hunc
1483 5611 1680 5675 locum,
1711 5607 1956 5666 Si'rmon-

355 5683 488 5738 dum
528 5681 593 5752 _in
623 5678 774 5752 Notis
802 5679 869 5752 ad
899 5678 1282 5752 Panegyricum
1331 5680 1510 5752 Aviti,
1540 5689 1595 5752 et
1624 5681 1952 5735 Hadrianum

359 5749 642 5806 Valesium
671 5751 722 5805 in
745 5749 938 5805 eodem
967 5749 1104 5820 libro
1135 5750 1313 5813 tertio,
1344 5766 1462 5820 pag.
1497 5751 1614 5804 lll.

431 5822 457 5863 ο
491 5820 851 5877 Brassicanus
875 5829 929 5875 et
953 5819 1259 5876 Galesinius
1289 5819 1467 5890 legunt
1489 5821 1874 5894 longitudinem.

665 5912 937 5975 l’srnos.
981 5912 1140 5975 Llll.

2135 4917 2158 4945 ο
2187 4904 2387 4960 Contra
2415 4905 2614 4960 ldatius
2642 4904 2695 4958 in
2724 4903 2995 4960 Chronico
3024 4905 3098 4959 ait
3127 4904 3388 4960 Litorium
3417 4905 3654 4960 occisum

2061 4977 2230 5046 fuisse
2257 4983 2378 5046 post
2404 4975 2520 5030 dies
2548 4989 2943 5046 paucos_quam
2975 4984 3163 5046 captus
3189 4982 3290 5030 est.

2063 5118 2074 5130 υ
2135 5044 2157 5085 ί
2190 5040 2576 5130 Theodericus,
2608 5047 2700 5130 qui
2727 5040 2936 5127 .Gothis
2981 5040 3374 5130 ‘Roman'orum‘
3407 5040 3652 5099 hostibus

2061 5115 2422 5187 imperitabat,
2450 5131 2518 5170 ne
2536 5110 2657 5199 quis
2687 5115 2774 5198 hic
2798 5116 2884 5183 agi
2904 5122 3059 5185 putet
3085 5113 3152 5166 de
3171 5110 3394 5164 Hunnis.
3562 5182 3574 5190 _

2133 5197 2158 5235 δ
2201 5185 2317 5242 Hoc
2366 5186 2488 5243 loco
2535 5186 3078 5254 mtellngendumuest
3104 5179 3400 5254 _bellum__a
3429 5181 3652 5254 castum

2059 5257 2196 5328 duce
2224 5255 2470 5328 Romano
2516 5247 2895 5328 gestum'_ann_o
2924 5250 3028 5302 622
3053 5248 3309 5328 adversus
3334 5247 3648 5328 Wandalos.

2060 5327 2259 5383 ldatius
2287 5327 2342 5382 in
2371 5322 2639 5384 Cbroiico
2672 5343 2684 5377 :
2718 5322 2963 5377 Castinus
3003 5322 3249 5388 magister
3289 5323 3511 5377 militum
3533 5333 3650 5380 cum

2133 5481 2342 5523 animus
2380 5481 2538 5523 inter:
2565 5482 2582 5518 :
2611 5481 2738 5523 quos
2771 5481 2885 5512 cum
2922 5481 2992 5511 au
3017 5481 3251 5523 Inopiam
3290 5481 3338 5516 es
3367 5481 3650 5520 obsidionis

2068 5477 2342 5523 Wandatis
2380 5477 2538 5538 infert
2565 5482 2582 5518 :
2611 5477 2738 5534 quos
2771 5477 2885 5512 cum
2910 5477 2992 5538 ,αα
3017 5477 3251 5532 inopiam
3290 5478 3338 5516 tn
3367 5477 3650 5520 obsidionis

2063 5548 2286 5593 arctaret
2317 5539 2446 5591 adeo
2473 5545 2529 5587 ut
2566 5550 2621 5586 se
2656 5529 2860 5602 tradere
2893 5545 3007 5598 1am
3048 5543 3314 5602 pararent,
3362 5536 3650 5588 inconsulte

2065 5611 2264 5678 publico
2295 5606 2572 5678 cert_amine
2617 5601 2920 5678 conﬂigens,
2971 5601 3290 5678 auxiliorum
3333 5604 3514 5678 fraude
3545 5605 3647 5678 _qe-

2061 5669 2254 5748 raptus,
2280 5677 2348 5728 ad
2381 5675 2728 5748 Tariaronam
2770 5669 2929 5724 rictus
2963 5671 3159 5744 effugit.
3194 5669 3520 5726 Vide'Hard.
3545 5671 3649 5725 Va.

2061 5740 2271 5807 lesium,
2301 5756 2422 5810 pag.
2457 5740 2573 5792 121.

2132 5815 2157 5852 ¹¹
2196 5813 2355 5868 Forte
2387 5811 2558 5883 fuerit.

3315 5893 3368 5969 β
