4234 6262
567 428 670 487 159

1525 429 1580 484 s.
1623 423 1937 483 SALVIANI
1975 416 2432 516 MASSILIENSIS
2471 388 2899 482 rassurrem

3739 420 3843 479 "0

567 542 768 597 nostris
795 542 973 598 omnia
1001 538 1166 595 ferme
1195 536 1443 604 religiosa
1472 536 1731 591 ridentur.
1765 538 1918 608 155
1939 535 2006 589 Et
2034 536 2156 592 ideo
2181 543 2233 600 Α
2259 537 2561 602 vissimum,
2611 536 2756 606 quod
2795 552 2915 592 cum
2961 538 3209 600 arserint,
3256 546 3314 592 ιιι
3341 538 3414 593 ita
3451 538 3647 606 dicam,
3677 554 3846 593 mem-

565 633 695 703 quid
711 630 964 703 prodesse
990 630 1146 686 nobis
1175 628 1524 699 praerogativa
1552 628 1639 683 illa
1667 627 1901 698 religiosi
1922 628 2154 703 nominis

567 729 767 793 potest,
789 706 933 790 quod
954 736 1053 776 nos
1074 718 1366 793 catholicos
1390 733 1509 773 esse
1533 710 1775 783 dicimus,
1800 718 1945 787 quod
1973 715 2156 775 ﬁdeles

540 827 685 871 ‘esse
699 812 983 883 jactamus,
1007 804 1151 882 quod
1172 800 1379 867 Gothos
1399 827 1463 867 ac
1483 798 1773 866 Wandalos
1794 811 2030 865 haeretici
2060 827 2156 867 no-

566 906 726 960 minis
757 888 1172 976 exprobratione
1198 896 1543 972 despicimus,
1593 916 1717 956 cum
1764 898 1864 972 ipsi
1906 900 2156 957 hreretica

562 992 827 1068 pravitate
864 992 1147 1049 vivamus?
1187 991 1372 1063 Itaque
1412 991 1711 1047 rectissime
1757 992 1911 1047 nobis
1964 991 2158 1048 dicitur

564 1088 692 1144 illud
721 1088 865 1158 quod
886 1080 1082 1161 Judgeis
1111 1087 1162 1140 in
1192 1086 1308 1153 lege
1339 1078 1624 1139 ﬁdentibus
1649 1076 1783 1138 dixit
1808 1100 1985 1139 sermo
2018 1085 2157 1140 divi-

565 1198 664 1234 nus
693 1199 703 1232 :
737 1172 1002 1244 Quomodo
1025 1168 1193 1231 dicitis
1218 1193 1234 1229 :
1260 1175 1534 1246 Sapientes
1559 1192 1755 1240 sumus,
1773 1184 1821 1229 et
1842 1175 1927 1230 lea:
1945 1172 2158 1230 Domini

564 1270 826 1324 nobiscum
851 1277 927 1322 est
950 1266 1160 1339 (Jerem.
1189 1282 1300 1331 vui,
1337 1264 1417 1335 7)?
1449 1262 1657 1334 Nolite,
1680 1264 1870 1334 inquit,
1900 1265 2160 1335 conﬁdere

562 1363 615 1416 in
648 1359 814 1414 verbis
862 1359 1119 1413 mendacii
1165 1355 1411 1421 dicentes,
1447 1356 1713 1429 Templum
1742 1354 1978 1424 Domini,
2031 1354 2158 1411 tem-

511 1500 513 1505 .
562 1453 703 1523 plum
726 1448 956 1516 Domini,
1008 1446 1249 1519 templum
1280 1445 1490 1502 Domini
1536 1456 1630 1503 est.
1668 1443 1927 1513 Quoniam
1956 1449 2002 1502 si
2032 1448 2157 1502 bene

562 1538 855 1599 direxeritis
903 1543 1009 1597 vias
1057 1540 1249 1597 vestras
1271 1550 1319 1595 et
1347 1541 1521 1595 studia
1565 1551 1751 1607 vestra,
1795 1552 1845 1595 et
1873 1540 2084 1596 advena:
2107 1549 2157 1596 et

564 1634 758 1710 pupillo
777 1645 826 1690 et
853 1634 1018 1691 viduae
1043 1651 1145 1689 non
1176 1634 1401 1706 feceritis
1440 1628 1773 1699 calumniam,
1816 1649 1906 1686 nec
1943 1633 2156 1704 sangui-

565 1746 681 1783 nem
704 1729 1025 1782 innocentem
1048 1724 1331 1796 effuderitis
1351 1725 1406 1780 in
1436 1724 1549 1780 loco
1569 1724 1695 1790 hoc;
1721 1721 1961 1778 habitabo
1990 1722 2154 1778 vobis-

565 1837 677 1874 cum
704 1820 758 1873 in
803 1819 913 1873 loco
947 1818 1043 1874 isto
1089 1837 1121 1872 a
1162 1814 1348 1873 sarcqu
1377 1835 1534 1891 usque
1569 1818 1625 1872 in
1654 1815 1897 1871 saeculum
1927 1814 2147 1886 (Jerem.

2256 626 2353 681 bra
2379 627 2656 683 hominum
2683 628 3049 696 peccatorum,
3080 636 3265 682 curata
3295 644 3402 683 non
3433 629 3698 683 suntvitia
3721 645 3848 700 pec-

2257 717 2513 772 cantium.
2547 716 2615 770 Et
2650 717 2771 772 ideo
2819 718 3127 788 compulsus
3176 726 3258 774 est
3304 719 3617 774 criminibus
3649 722 3849 775 nostris

2258 806 2419 873 Deus,
2449 815 2508 864 ut
2534 808 2757 864 hostiles
2780 794 2968 879 plagas
2998 807 3065 864 de
3087 809 3207 864 loco
3241 809 3294 864 in
3321 811 3517 877 locum,
3547 811 3615 867 de
3642 812 3774 866 urbe
3795 812 3847 866 in

2260 899 2445 954 urbem
2475 907 2778 969 spargeret,
2821 907 2877 954 et
2913 900 3172 955 excitatas
3199 916 3336 971 pene
3365 900 3432 955 ab
3462 901 3662 957 ultimis
3692 911 3852 957 terra:

2261 976 2453 1044 ﬁnibus
2473 994 2661 1059 gentes
2688 991 2851 1045 etiam
2873 998 3020 1045 trans
3040 1006 3188 1046 mare
3209 992 3446 1047 mitteret
3464 1008 3583 1062 qua:
3598 988 3851 1048 Afrorum
3866 1004 3879 1015 '

2259 1080 2462 1136 scelera
2482 1081 2753 1151 punirent.
2772 1081 2911 1148 Quid
2931 1082 3114 1137 enim?
3136 1081 3385 1152 Nunquid
3406 1076 3648 1140 abductae
3676 1100 3706 1138 a
3730 1085 3853 1142 solo

2260 1172 2435 1244 patrio
2458 1173 2653 1242 degere
2682 1174 2821 1228 intra
2848 1172 3048 1230 Gallias
3076 1191 3182 1230 non
3203 1177 3522 1246 potuerant?
3543 1185 3635 1231 aut
3665 1187 3853 1233 utnon

2260 1263 2517 1331 degerent
2544 1280 2705 1335 quem
2748 1265 3023 1331 timebant,
3055 1280 3174 1334 qua:
3201 1265 3397 1320 inlaesas
3425 1283 3455 1319 a
3496 1260 3650 1329 nobis
3683 1282 3855 1336 usque

2260 1355 2329 1410 ad
2360 1365 2570 1426 tempus
2598 1355 2724 1411 illud
2754 1365 2948 1412 cuncta
2989 1346 3377 1412 vast‘averantl
3406 1346 3512 1411 Sed
3541 1366 3679 1422 esto,
3712 1357 3851 1411 intra

2259 1446 2459 1503 Gallias
2508 1446 2886 1503 formidabant.
2940 1438 3078 1515 Quid
3122 1448 3178 1502 in
3221 1434 3499 1519 Hispania,
3552 1448 3640 1502 ubi
3689 1448 3851 1501 etiam

2260 1540 2527 1594 exercitus
2582 1548 2799 1596 nostros
2852 1530 3105 1596 bellando
3157 1541 3557 1596 contriverant?
3605 1536 3850 1610 Nunquid

2259 1633 2555 1687 consistere
2570 1642 2663 1687 aut
2679 1648 2996 1703 permanere
3016 1634 3330 1688 metuebant
3345 1632 3457 1702 jam
3474 1632 3723 1699 victores,
3738 1632 3851 1701 jam

2257 1722 2670 1792 triumphantes,
2684 1716 2878 1792 quibus
2898 1738 3070 1793 usque
3085 1722 3152 1779 ad
3166 1724 3308 1778 hunc
3319 1720 3647 1778 fortitudinis
3658 1718 3852 1780 fastum

2258 1816 2563 1883 contigerat
2603 1815 2915 1881 ascendere,
2955 1823 3013 1870 ut
3052 1823 3178 1886 post
3206 1815 3577 1885 experimenta
3604 1804 3729 1870 belli
3759 1806 3851 1872 diu

566 1930 656 1977 vu,
682 1911 832 1982 4-7).
864 1910 981 1979 Quo
1004 1911 1187 1979 utique
1210 1910 1509 1966 ostenditur
1529 1898 1673 1980 quod
1701 1910 1747 1965 si
1777 1910 1876 1964 ista
1901 1925 2009 1964 non
2038 1909 2159 1965 faci-
2260 1908 2434 1987 parati
2478 1907 2841 1977 intelligerent
2890 1908 2992 1963 sibi
3037 1906 3295 1964 Romana:
3342 1909 3420 1963 rei
3459 1896 3856 1979 publicae-vires

568 2021 707 2069 mus,
739 2000 1005 2074 superﬂue
1036 1999 1188 2058 nobis
1217 2000 1464 2057 catholici
1492 2001 1722 2056 nominis
1743 2001 2163 2071 prazsumptione

569 2095 904 2167 plaudamus.
953 2092 1059 2149 Sed
1098 2093 1222 2148 hinc
1256 2091 1368 2163 jam
1407 2101 1463 2147 et
1503 2093 1749 2163 superius
1787 2091 1918 2147 satis
1958 2092 2158 2147 dictum

564 2196 665 2255 est,
690 2190 744 2241 et
772 2185 944 2240 adhuc
973 2183 1200 2239 fortasse
1221 2183 1431 2243 dicetur
1449 2201 1469 2249 ;
1487 2199 1588 2239 nec
1609 2199 1745 2255 opus
1767 2191 1847 2238 est
1881 2190 1940 2237 ut
1964 2181 2031 2237 de
2053 2182 2157 2237 hoc

534 2270 541 2276 ’
566 2268 795 2347 amplius
821 2276 1179 2341 disseramus,
1213 2274 1302 2329 ubi
1326 2274 1425 2329 Dei
1451 2273 1579 2344 juge
1600 2270 1862 2344 judicium
1883 2282 1985 2328 est.
2020 2271 2158 2340 Quid

567 2369 708 2425 enim
736 2368 823 2422 vel
865 2368 931 2423 de
972 2367 1125 2421 nobis
1155 2366 1239 2421 vel
1264 2366 1330 2421 de
1377 2364 1566 2421 Gothis
1610 2380 1673 2420 ac
1701 2364 1980 2420 Wandalis
2016 2363 2159 2419 Deus

455 2517 460 2522 ,
563 2445 786 2531 judicet,
809 2476 896 2515 res
923 2458 1136 2529 probat.
1166 2455 1247 2511 Illi
1275 2462 1525 2513 crescunt
1550 2456 1810 2526 quotidie,
1843 2473 1939 2513 nos
1967 2454 2156 2510 decre-

565 2554 795 2618 scimus;
827 2552 902 2605 illi
931 2550 1238 2621 proﬁciunt,
1267 2566 1367 2605 nos
1405 2550 1778 2616 humiliamur;
1825 2550 1901 2604 illi
1944 2548 2155 2614 ﬂorent,

565 2651 735 2697 etnos
764 2640 1074 2696 arescinius.
1105 2638 1175 2695 Ut
1195 2655 1323 2695 vere
1354 2639 1407 2693 in
1434 2655 1535 2694 nos
1560 2639 1744 2694 veniat
1772 2638 1973 2694 dictum
2004 2638 2153 2705 illud,

566 2732 710 2803 quod
730 2732 797 2787 de
816 2732 945 2787 Saul
968 2740 1024 2786 et
1051 2728 1214 2785 David
1236 2731 1310 2785 ait
1336 2744 1515 2786 sermo
1544 2730 1755 2785 divinus
1785 2750 1796 2783 :
1824 2726 1958 2795 Quia
1987 2729 2159 2784 David

563 2833 675 2877 erat
702 2823 998 2895 proﬁciens,
1028 2830 1076 2875 et
1104 2839 1304 2893 semper
1343 2821 1512 2892 seipso
1541 2819 1834 2875 robustior:
1857 2818 2035 2873 domus
2063 2835 2158 2873 au-

567 2924 665 2967 tem
696 2911 826 2967 Saul
875 2914 1170 2966 decrescens
1213 2911 1438 2983 quotidie
1467 2900 1547 2983 (ll
1578 2909 1705 2982 Reg.
1748 2928 1823 2974 ιιι,
1860 2904 1882 2962 1
1912 2908 1952 2981 ).
1977 2904 2158 2965 Justus

565 3005 729 3067 enim,
762 3011 821 3058 ut
845 3003 1104 3073 propheta
1147 3002 1223 3057 ait
1265 3001 1437 3076 (Psal.
1489 3002 1670 3070 cxvtu,
1704 2998 1849 3073 157),
1871 3002 2048 3072 justus
2076 3004 2159 3056 est

564 3094 841 3157 Dominus,
874 3103 929 3147 et
944 3100 1149 3148 rectum
1168 3092 1428 3162 judicium
1459 3109 1633 3147 suum.

637 3183 748 3238 XII.
782 3182 1097 3239 Judicamun
1138 3184 1319 3253 itaque
1358 3185 1520 3237 etiam
1560 3194 1822 3254 praesente
1866 3168 2069 3254 judicio
2124 3200 2156 3238 ιι

2263 1999 2426 2077 etiam
2448 2014 2568 2053 cum
2587 1999 2944 2077 Barbarorum
2974 1999 3187 2054 auxiliis
3208 2015 3364 2070 pares
3385 2015 3505 2055 esse
3532 2017 3635 2056 non
3656 1992 3856 2071 posse?
3906 2062 3918 2074 ι

2531 2088 2667 2145 XIII.
2707 2074 3003 2147 Potuerant
3031 2105 3163 2161 ergo
3197 2092 3305 2147 illic
3326 2091 3542 2161 degere,
3571 2108 3671 2147 nec
3697 2093 3856 2147 time-

2260 2181 2408 2236 bant.
2452 2180 2560 2237 Sed
2583 2182 2673 2236 illa
2703 2182 2888 2252 utique
2916 2182 3151 2238 coalestis
3172 2199 3364 2238 manus
3383 2198 3502 2252 qua:
3530 2198 3625 2238 eos
3663 2178 3731 2237 ad
3754 2199 3855 2254 pu-

2261 2274 2456 2331 nienda
2484 2275 2847 2346 Hispanorum
2869 2273 3069 2346 ﬂagitia
3099 2276 3226 2332 illuc
3256 2278 3513 2341 traxerat,
3537 2277 3700 2331 etiam
3737 2287 3756 2314 θ
3790 2272 3857 2330 ad

2261 2367 2574 2422 vastandam
2604 2366 2838 2422 Africam
2865 2368 3094 2422 transire
3114 2367 3359 2436 cogebat.
3392 2365 3496 2435 Ipsi
3525 2365 3755 2436 denique
3774 2367 3857 2420 fa-

2262 2458 2513 2513 tebantur
2542 2476 2649 2513 non
2681 2474 2839 2513 suum
2873 2473 2992 2513 esse
3020 2458 3164 2528 quod
3203 2457 3473 2520 facerent,
3503 2459 3589 2527 agi
3629 2460 3771 2514 enim
3801 2476 3857 2516 se

2261 2549 2443 2605 divino
2468 2550 2622 2619 jussu
2669 2564 2733 2605 ac
2776 2548 3071 2620 perurgeri.
3125 2547 3203 2602 Ex
3259 2564 3367 2617 quo
3413 2549 3635 2619 intelligi
3682 2559 3858 2623 potest

2259 2650 2461 2711 quanta
2507 2642 2614 2696 sint
2661 2642 2800 2695 mala
2846 2647 3048 2705 nostra,
3103 2638 3171 2693 ad
3215 2656 3351 2709 quos
3382 2640 3668 2695 vastandos
3696 2650 3859 2713 atque

2260 2733 2578 2789 cruciandos
2601 2734 2682 2789 ire
2707 2732 2924 2787 barbari
2944 2731 3344 2801 compelluntur
3374 2731 3542 2795 inviti,
3563 2730 3859 2787 secundum

2260 2824 2390 2881 illud
2420 2826 2626 2881 scilicet
2662 2824 2807 2897 quod
2846 2831 3089 2879 vastator
3114 2832 3271 2878 terra:
3299 2822 3606 2877 Israelitica:
3634 2840 3727 2877 rex
3758 2818 3857 2878 As-

2259 2918 2526 2989 syriorum
2549 2917 2624 2971 ait
2656 2935 2668 2970 :
2701 2915 2953 2991 Nunquid
2975 2917 3098 2969 sine-
3118 2914 3323 2969 Domini
3358 2914 3616 2969 voluntate
3646 2907 3859 2968 escendi

2261 3008 2331 3062 ad
2360 3009 2528 3064 locum
2582 3010 2735 3062 istum
2765 3007 2789 3061 ?
2824 2994 3078 3061 Dominus
3135 3005 3266 3059 dixit
3319 3004 3443 3058 milii
3475 3021 3491 3056 :
3530 3000 3763 3057 Ascende
3791 2996 3863 3056 ad

2261 3110 2451 3155 terram
2506 3100 2660 3166 hanc,
2718 3110 2767 3154 et
2820 3099 3066 3153 demolire
3093 3116 3206 3152 eam
3237 3094 3370 3168 (Isa.
3425 3113 3602 3161 xxxvi,
3636 3092 3758 3166 i0).
3793 3093 3859 3149 Ει

2260 3192 2389 3246 alibi
2433 3208 2587 3247 sacer
2634 3208 2812 3246 sermo
2847 3209 2858 3243 :
2902 3190 3033 3245 Ηίεε
3062 3191 3187 3244 dicit
3223 3189 3476 3245 Dominus
3521 3192 3857 3255 exercituum,

566 3277 712 3342 Deo;
745 3275 865 3329 ideo
891 3274 1120 3328 excitata
1164 3280 1249 3327 est
1289 3274 1344 3327 in
1384 3273 1681 3343 perniciem
1709 3290 1772 3328 ac
1798 3273 2030 3328 dedecus
2060 3290 2156 3328 no-
2259 3283 2400 3338 De“;
2432 3282 2600 3337 Israel
2630 3300 2646 3338 ;
2679 3282 2815 3336 Ecce
2841 3299 2932 3353 ego
2962 3285 3163 3336 minam
3194 3292 3242 3336 ει
3277 3298 3543 3337 “sumam
3572 3264 3857 3352 NabuF/w.

566 3370 734 3422 strum
763 3381 894 3435 gens
919 3379 1037 3434 qum
1064 3364 1130 3418 de
1159 3363 1279 3419 loco
1326 3365 1379 3418 in
1408 3362 1585 3418 locum
1607 3364 1855 3434 pergens,
1880 3375 1904 3402 ι
1934 3364 2001 3419 de
2023 3366 2153 3420 urbe

565 3461 621 3515 in
652 3456 836 3514 urbem
868 3457 1152 3523 transiens,
1186 3456 1435 3512 universa
1465 3465 1718 3512 vastaret.
1762 3452 1839 3512 Ac
1865 3457 2095 3529 primum
2118 3475 2154 3523 ,a

565 3553 683 3607 solo
704 3550 879 3622 patrio
910 3550 1079 3604 etiusa
1109 3549 1267 3604 estin
1291 3544 1633 3603 Germaniam
1657 3549 1904 3620 primam,
1939 3550 2156 3605 nomine

566 3643 871 3708 barbaram,
902 3638 1104 3696 ditione
1151 3636 1487 3706 Romanam;
1527 3634 1683 3712 156
1710 3651 1831 3711 post
1858 3639 2010 3711 cujus
2039 3640 2155 3695 exi-

565 3734 699 3788 tium
749 3733 980 3803 primum
1033 3729 1163 3786 arsit
1210 3730 1360 3800 regio
1409 3729 1723 3799 Belgarum,
1780 3730 1973 3786 deinde
2025 3747 2157 3802 opes

566 3822 955 3897 Aquitanorum
984 3824 1391 3890 luxuriantium,
1419 3832 1474 3879 et
1501 3832 1625 3894 post
1653 3825 1784 3891 haec,
1818 3840 2013 3896 corpus
2041 3841 2157 3880 om-

564 3921 711 3975 nium
735 3916 1026 3974 Galliarum
1060 3936 1072 3971 :
1106 3917 1201 3972 sed
1229 3916 1490 3988 paulatim
1519 3916 1573 3971 id
1620 3918 1793 3987 ipsum
1835 3926 2048 3981 tamen;
2100 3925 2157 3970 ut

564 4008 691 4063 dum
721 4024 844 4078 pars
866 4005 1019 4063 clade
1047 4005 1288 4069 cmditur,
1320 4019 1446 4073 pars
1472 4003 1724 4071 exemplo
1754 4003 2153 4073 emendaretur.

564 4098 670 4154 Sed
701 4096 791 4153 ubi
828 4095 968 4167 apud
1008 4110 1109 4149 nos
1137 4092 1462 4156 emendatio,
1494 4099 1587 4146 aut
1618 4106 1737 4161 qum
1764 4108 1889 4162 pars
1930 4092 2159 4149 Romani

566 4190 733 4253 orbis,
750 4187 996 4257 quamvis
1010 4177 1226 4250 aﬂlicta,
1249 4183 1568 4253 corrigitur?
1587 4182 1776 4238 Omnes
1791 4185 1945 4251 enim,
1964 4193 2022 4239 ut
2036 4184 2159 4254 legi-

566 4298 705 4347 mus,
731 4266 1134 4345 declinaverunt,
1156 4278 1309 4333 simul
1327 4278 1534 4333 inutiles
1555 4280 1681 4351 facti
1701 4288 1820 4333 sunt
1846 4278 2017 4350 (Psal.
2043 4297 2155 4348 xm,

566 4371 642 4443 ὅ).
667 4368 735 4425 Ει
749 4370 870 4426 ideo
888 4369 1151 4440 propheta
1170 4365 1240 4422 ad
1258 4364 1546 4424 Dominum
1564 4367 1761 4424 clamat
1776 4377 1831 4423 et
1845 4368 1975 4424 dicit
1995 4388 2005 4423 :
2026 4368 2158 4425 Per-

566 4460 770 4516 cussisti
796 4476 913 4523 eos,
937 4468 986 4514 et
1014 4476 1119 4514 non
1152 4450 1456 4523 doluerunt;
1488 4459 1730 4514 attrivisti
1758 4476 1864 4527 eos,
1896 4470 1944 4515 et
1974 4478 2156 4517 renue-

564 4561 686 4607 runt
712 4551 943 4621 accipere
987 4550 1333 4621 disciplinam.
1366 4548 1395 4587 ιι
1426 4548 1807 4605 Induraverunt
1834 4555 1994 4625 {acies
2035 4570 2156 4607 suas

2257 3376 2483 3430 donosor
2522 3392 2689 3446 regem
2734 3372 3015 3449 Babylonis
3044 3391 3245 3428 servum
3278 3392 3444 3429 meum
3487 3374 3697 3445 (Jerem.
3732 3390 3854 3440 xxv,

2258 3468 2347 3535 9),
2395 3466 2698 3537 veniensque
2721 3465 2969 3537 percutiet
2993 3472 3183 3518 terram
3204 3464 3426 3536 Aa'gypti
3455 3462 3668 3536 (Jerem.
3710 3478 3856 3529 mn,

2261 3556 2319 3608 ll
2429 3554 2584 3610 Unde
2624 3568 2917 3625 agnoscere
2954 3569 3236 3625 possumus
3257 3563 3451 3610 cuncta
3493 3552 3713 3623 quidem
3740 3556 3858 3623 qua:

2262 3647 2587 3718 aﬂliguntur,
2611 3646 2814 3717 judicio
2844 3646 2937 3701 Dei
2967 3645 3203 3716 percuti;
3254 3646 3347 3701 sed
3394 3654 3592 3712 tamen,
3619 3655 3676 3700 ut
3717 3661 3859 3716 szepe

2267 3740 2583 3806 memoravi,
2610 3747 2831 3811 propter
2850 3745 3072 3809 peccata
3091 3737 3348 3793 subverti.
3368 3728 3446 3793 Ᾱο
3464 3753 3560 3807 per
3580 3728 3683 3792 hoc
3702 3736 3859 3806 quid-

2258 3832 2388 3901 quid
2416 3839 2594 3887 actum
2623 3839 2723 3895 est,
2749 3831 3002 3900 peccatis,
3036 3845 3141 3883 non
3168 3829 3278 3884 Deo
3299 3828 3701 3893 ascribendum;
3730 3828 3857 3898 quia

2259 3934 2408 3981 recte
2448 3926 2525 3979 illi
2560 3925 2637 3979 rei
2667 3922 2863 3978 factum
2893 3922 3196 3988 ascribitur,
3239 3938 3358 3990 quae
3386 3918 3413 3958 ά
3440 3930 3496 3977 ut
3523 3920 3651 3991 quid
3700 3917 3856 3975 fleret

2259 4013 2455 4080 exegit.
2487 4012 2622 4065 Nam
2644 4020 2699 4065 et
2723 4009 3011 4076 homicida,
3049 4026 3172 4066 cum
3198 4027 3226 4064 a
3244 4010 3423 4080 judice
3451 4011 3732 4078 occiditur,
3756 4024 3855 4067 suo

2259 4102 2462 4157 scelere
2491 4101 2748 4171 punitur;
2778 4108 2834 4156 et
2861 4100 2999 4156 latro
3027 4109 3119 4156 aut
3139 4102 3450 4170 sacrilegus,
3482 4117 3601 4157 cum
3628 4098 3855 4158 ﬂammis

2260 4191 2521 4254 exuritur,
2553 4191 2665 4245 suis
2698 4191 3011 4246 criminibus
3034 4201 3428 4247 concrematur.
3455 4190 3606 4247 Unde
3632 4200 3687 4248 et
3710 4190 3857 4262 quod

2212 4324 2217 4329 .
2263 4272 2507 4336 Waudali
2532 4280 2601 4335 ad
2623 4279 2853 4336 Africam
2877 4281 3223 4347 transierunt,
3251 4298 3357 4337 non
3377 4290 3461 4337 est
3488 4274 3680 4338 divinae
3700 4298 3856 4338 seve-

2258 4373 2427 4438 ritati,
2458 4370 2551 4428 sed
2577 4370 2824 4428 AfrOrum
2855 4373 3046 4429 sceleri
3087 4368 3469 4443 deputandum.
3516 4372 3675 4428 Gravi
3704 4370 3849 4427 enim

2258 4480 2372 4529 eos,
2416 4472 2705 4534 antequam
2749 4464 2875 4519 illuc
2913 4472 3216 4536 pergerent,
3268 4480 3330 4520 ac
3375 4462 3531 4535 longa
3571 4462 3854 4535 iniquitate

2258 4562 2556 4610 traxerunt.
2580 4550 2650 4609 Et
2693 4554 2816 4611 ideo
2845 4554 3142 4624 intelligere
3187 4550 3444 4612 debemus
3485 4556 3607 4627 quia
3638 4556 3856 4627 pietatis

565 4658 718 4713 super
745 4649 961 4713 petram,
983 4648 1034 4694 et
1059 4642 1333 4695 noluerunt
1358 4643 1542 4696 reverti
1570 4640 1848 4713 (Ierem.v,
1884 4634 1958 4714 3).
1986 4644 2155 4712 Quam
2184 4652 2236 4713 ι)
2259 4646 2452 4701 divina:
2476 4642 2596 4713 fuit,
2623 4647 2769 4716 quod
2801 4656 2825 4684 ⁶
2855 4663 3069 4718 pinnam
3096 4634 3187 4703 diu
3209 4649 3441 4704 debitam
3471 4650 3706 4716 distulit;
3740 4650 3854 4721 pia-

565 4747 696 4797 vere
714 4740 896 4787 autem
923 4732 1086 4787 etiam
1104 4732 1210 4787 hoc
1231 4732 1284 4787 in
1310 4749 1409 4789 nos
1428 4733 1603 4800 cadat,
1633 4750 1722 4790 res
1770 4736 1881 4807 ipsa
1929 4738 2147 4794 indicat.

564 4823 788 4880 Vastata
834 4832 917 4879 est
942 4823 1036 4879 diu
1060 4821 1251 4879 Gallia.
1302 4824 1445 4894 Ergo
1476 4828 1762 4883 emendata
1801 4837 1900 4895 est,
1933 4846 2055 4884 cum
2095 4831 2151 4885 in

566 4915 745 4972 vicino
784 4914 945 4980 esset,
994 4908 1267 4985 Hispania.
1312 4913 1424 4971 Nec
1453 4916 1743 4982 immerito,
1793 4920 1922 4987 quia
1972 4918 2150 4977 nullus

566 5018 684 5087 erat
723 5010 944 5066 omnino
976 5009 1183 5064 timor:
1218 5006 1366 5062 nulla
1404 5009 1688 5075 correctio,
1745 5008 1975 5067 ﬂammis
2027 5012 2149 5082 qui-

565 5100 667 5157 bus
721 5107 966 5158 arserant
1014 5097 1179 5164 Galli,
1228 5096 1455 5167 Hispani
1501 5097 1691 5155 ardere
1736 5088 2036 5171 (imperum.
2086 5102 2171 5169 in,

564 5192 675 5258 quo
700 5191 831 5247 illud
857 5198 959 5259 est,
990 5196 1050 5246 ut
1075 5192 1237 5260 Supra
1259 5188 1397 5254 didi,
1430 5188 1900 5244 sceleratissian
1931 5194 1987 5245 et
2025 5202 2148 5260 gra-

2257 4736 2500 4793 culorum
2518 4744 2701 4794 autem
2721 4746 2776 4793 et
2803 4740 3104 4807 criminum,
3122 4742 3267 4810 quod
3288 4743 3575 4814 aliquando
3604 4751 3854 4815 peccator

2259 4829 2489 4898 populus
2509 4843 2629 4898 qua:
2654 4831 2961 4885 merebatur
2986 4834 3219 4903 excepit.
3248 4833 3361 4889 Nisi
3389 4835 3528 4890 forte
3567 4834 3725 4890 Atros
3751 4835 3854 4890 hoc

2258 4926 2368 4975 non
2397 4919 2659 4975 meruisse
2691 4920 2977 4987 credimus,
3012 4924 3347 4994 cumulique
3386 4918 3513 4981 nulli
3542 4927 3732 4995 magis,
3763 4934 3851 4979 ut-

2259 5013 2464 5084 potevin
2493 5027 2630 5083 quos
2668 5014 2848 5069 oumia
2877 5014 3035 5069 simul
3057 5015 3461 5086 improbitatum
3482 5024 3643 5089 atque
3672 5018 3845 5086 impu-

2256 5104 2479 5159 ritatum
2505 5115 2707 5172 genera
2729 5103 3110 5161 conﬁrmarint.
3160 5104 3357 5162 Gmteri
3404 5109 3549 5164 enim
3578 5092 3831 5163 homines

2257 5194 2357 5250 etsi
2385 5194 2658 5251 nonnullis
2684 5195 2941 5250 vitiorum
2980 5192 3197 5265 ﬂagitiis
3236 5192 3395 5269 153
3431 5198 3654 5268 obligati
3699 5204 3846 5262 sunt.

1742 5317 2078 5384 STEPHANI
2115 5326 2388 5388 BALUZII
2423 5328 2655 5390 NOTAE.

647 5451 779 5527 fit:
801 5452 1353 5527 eodexCorbeiensis.
1394 5456 1511 5527 fro
1532 5471 1646 5526 quo
1672 5457 1937 5515 editiones
1958 5470 2147 5519 omnes
2186 5522 2192 5527 _

799 5521 864 5576 de
901 5523 1022 5597 orbe
1066 5526 1135 5597 in
1158 5526 1348 5580 orbem.
1391 5521 1591 5583 Eadem
1647 5542 1810 5597 porro
1838 5532 2147 5590 emendatio
2186 5522 2191 5539 ³

568 5591 805 5648 adhin
828 5598 914 5672 est.
941 5592 1097 5672 ςιιθνί
1122 5594 1249 5672 beo.
1271 5598 1324 5650 in
1347 5599 1540 5672 nasus
1566 5591 1832 5670 seti-emi-
1865 5599 1997 5657 νίειε
2023 5610 2144 5672 quae

566 5678 729 5773 supra
754 5668 1009 5747 annotata‘
1036 5670 1159 5717 sunt
1181 5664 1252 5746 ad
1286 5664 1405 5746 pag.
1424 5664 1549 5721 ΗΞ.

685 5731 865 5773 mam
888 5731 1101 5773 (.nlhprt
1175 5735 1545 5773 Innhnnrmrunl

676 5731 870 5857 10:?!
888 5730 1149 5799 Colbert.,
1175 5730 1565 5791 inclinaverunt.
1590 5737 1695 5794 Sed
1717 5740 1831 5797 imo
1851 5743 2010 5798 lectio
2033 5758 2142 5797 non

752 5820 787 5857 n

570 5811 652 5858 est
676 5811 702 5857 l’
715 5819 819 5865 Olla

570 5898 575 5903 ~
643 5883 667 5911 ο
696 5872 774 5928 De
799 5870 1074 5952 Wandalis
1101 5875 1501 5943 intelligendum
1530 5876 1581 5931 id
1608 5887 1705 5933 est.
1742 5880 1874 5937 Vide
1895 5883 2142 5940 eumdem

2248 5464 2543 5538 Valesiirm,
2572 5482 2695 5538 pag.
2730 5456 2851 5524 {00.

2317 5537 2344 5573 ά
2383 5537 2537 5620 Infra.
2563 5537 2719 5606 epist.
2755 5539 2808 5605 9,
2849 5554 2972 5617 pag.
3016 5542 3123 5599 905
3154 5563 3167 5599 :
3211 5547 3347 5611 Quia
3382 5557 3523 5602 recte
3557 5550 3670 5620 ipse
3710 5549 3843 5603 lcri-

2246 5609 2409 5681 νείκεε
2436 5607 2735 5681 diciturper
2762 5624 2910 5681 quem
2933 5615 3127 5681 factum
3152 5626 3235 5671 est
3249 5624 3310 5670 ut
3330 5614 3659 5674 scriberetur.

2321 5615 2409 5661 isse
2436 5615 2624 5661 dicitur
2645 5625 2735 5678 per
2762 5624 2910 5681 quem
2933 5615 3127 5685 factum
3152 5626 3235 5671 est
3249 5624 3310 5670 ut
3330 5615 3659 5674 scriberetur.

2321 5687 2344 5715 ο
2374 5676 2578 5761 Sepeea
2703 5681 3023 5761 praefatione
3062 5684 3183 5761 libri
3214 5686 3411 5761 decimi
3439 5690 3843 5745 controversia-

2245 5762 2400 5828 rum:
2436 5746 2665 5828 Sunt_dii
2698 5750 3013 5828 immortales
3053 5756 3176 5809 lenti
3214 5757 3439 5828 quidem,
3473 5761 3561 5812 sed
3592 5762 3720 5813 certi
3741 5764 3845 5813 vin-

2398 5820 2612 5942 ﬁngeris
2641 5819 2870 5877 humani.
2918 5823 3052 5879 Vide
3080 5816 3238 5882 notas'
3266 5827 3333 5881 ad
3366 5816 3571 5897 Lupum
3600 5830 3842 5893 Fer-rara
