4234 6262
339 504 435 561 Ml

1430 464 1519 556 ne
1556 488 2089 557 consummas
2127 494 2240 553 DEI
2275 496 2403 553 us.
2449 488 2558 554 Vn.

3509 478 3639 551 Μ’

339 618 657 696 quibusdam
685 626 857 675 tamen
887 634 993 674 non
1018 616 1391 688 implicantur;
1421 615 1522 670 etsi
1543 610 1798 669 violentia
1816 614 1924 669 non
1952 616 2000 675 Δ
2028 610 2219 682 inquit,
2367 616 2417 664 te
2443 614 2693 665 noverunt
2716 608 2853 663 inter
2883 610 3137 675 nationes,
3170 608 3613 665 contristabitutttr
3640 624 3645 631 '

340 722 547 780 carent,
568 710 936 769 malevolentia
964 717 1169 771 carent;
1193 702 1293 763 etsi
1320 702 1538 761 libidine
1556 713 1801 771 mstuant,
1833 718 1920 759 ra-

340 806 574 876 pacitate
613 820 717 859 non
757 803 1017 867 smviunt;
1049 801 1245 855 multos
1280 794 1515 868 denique
1558 798 1659 853 etsi
1705 804 1921 853 accusat

340 895 722 953 incontinentis
752 892 1059 965 corporum,
1092 884 1406 963 simplicitas
1440 891 1783 947 commendat
1807 892 1922 945 ani-

341 1004 570 1061 morum.
602 984 659 1040 In
688 978 824 1041 Afris
846 1000 979 1040 vero
1018 999 1158 1055 pene
1180 980 1430 1061 omnibus
1462 980 1593 1037 nihil
1620 980 1813 1037 horum
1842 988 1924 1036 est

338 1078 486 1148 quod
508 1058 571 1131 ad
602 1078 885 1146 utrumque
907 1066 1193 1146 pertineat,
1227 1062 1278 1129 id
1312 1058 1422 1139 εει,
1452 1074 1654 1128 bonum
1683 1089 1834 1144 asque
1863 1084 1927 1128 ac

335 1168 555 1233 malum,
582 1166 705 1238 quia
743 1172 920 1222 totum
949 1166 1237 1221 admodum
1276 1165 1495 1220 malum.
1523 1160 1672 1221 Adeo
1709 1166 1922 1221 exclusa

333 1265 540 1314 natura:
569 1258 850 1328 originalis
870 1259 1200 1323 sinceritate,
1229 1257 1389 1312 aliam
1428 1257 1661 1327 quodam
1690 1256 1847 1312 modo
1868 1257 1921 1312 in

333 1351 417 1406 his
456 1354 709 1406 naturam
730 1351 861 1405 vitia
888 1349 1146 1405 fecerunt.

405 1440 544 1497 XIV.
587 1440 845 1512 Exceptis
892 1436 1036 1496 enim
1087 1436 1424 1511 paucissimis
1457 1440 1551 1494 Dei
1588 1439 1774 1504 servis,
1798 1426 1955 1509 quid.

335 1534 434 1589 fuit
476 1542 646 1587 totum
692 1531 886 1587 Africae
935 1532 1264 1588 territorium
1305 1546 1464 1600 quam
1504 1532 1695 1587 domus
1718 1547 1822 1585 una
1845 1529 1924 1583 vi-

335 1626 532 1679 tiorum
558 1629 707 1679 mneo
733 1622 808 1677 illi
836 1622 1025 1677 similis
1048 1622 1115 1677 de
1142 1638 1252 1693 quo
1282 1620 1545 1692 propheta
1575 1618 1702 1676 dicit
1731 1638 1743 1673 :
1778 1608 1823 1673 0
1850 1622 1922 1674 ci-

336 1718 465 1770 ritas
480 1715 818 1787 sanguinum!
835 1725 861 1752 ⁸
884 1712 960 1768 Ε
964 1731 1115 1768 neum
1142 1714 1197 1767 in
1223 1730 1322 1785 quo
1343 1721 1420 1766 est
1447 1729 1641 1784 azrugo,
1666 1729 1767 1765 non
1789 1713 1924 1765 exiet

334 1810 399 1865 de
422 1828 501 1876 eo,
533 1810 650 1882 quia
674 1808 885 1881 sanguis
923 1825 1027 1861 non
1054 1808 1193 1860 exiet
1221 1802 1285 1860 de
1305 1822 1365 1859 eo
1395 1800 1621 1874 (Ezech.
1645 1820 1791 1869 xxxv,
1825 1800 1915 1872 6).

334 1900 639 1966 Civitatem,
667 1900 998 1964 utvidemus,
1039 1914 1191 1953 amco
1222 1905 1277 1952 et
1306 1896 1644 1967 iniquitatem
1672 1890 1925 1963 sanguini

2021 719 2173 775 super
2198 706 2246 756 te
2272 694 2463 772 (ibid,
2498 696 2617 773 i9).
2634 697 2937 756 Convenire
2958 696 3063 755 illis
3076 698 3180 756 hoc
3208 704 3317 756 non
3334 706 3607 771 putemus,
3644 727 3649 733 ε

2020 795 2066 849 si
2089 804 2197 849 non
2219 793 2428 849 eversio
2450 784 2684 847 Africani
2707 792 2809 848 soli
2828 791 3004 847 luctus
3025 799 3108 847 est
3127 793 3338 861 generis
3365 792 3604 849 humani.

2022 885 2276 952 Perditio,
2308 884 2500 957 inquit,
2527 882 2695 958 factus
2718 900 2792 950 es,
2817 892 2867 940 et
2885 892 2990 939 non
3010 885 3113 940 eris
3139 888 3355 957 arhptias
3374 886 3430 941 in
3458 897 3611 942 ctera

2023 988 2147 1031 nam
2177 970 2388 1048 (Ibid).
2420 974 2478 1030 In
2504 970 2863 1047 perditionem
2891 966 3002 1033 illic
3020 976 3134 1046 jam
3160 974 3387 1034 deducta
3425 978 3607 1033 Omnia

2023 1068 2154 1122 satis
2179 1074 2409 1122 constat.
2440 1064 2701 1137 Superest
2730 1064 2797 1121 ne
2823 1064 3089 1122 malorum
3114 1066 3459 1139 praesentium
3486 1083 3607 1141 po:-

2025 1174 2123 1213 nas
2152 1154 2314 1213 etiam
2344 1162 2671 1214 aeternorum
2699 1154 3033 1214 continuatio
3063 1168 3441 1231 consequatur.

2092 1244 2208 1304 XV.
2240 1244 2356 1306 Non
2385 1244 2621 1321 patiatur
2640 1250 2743 1305 hoc
2763 1252 2942 1305 autem
2961 1258 3062 1321 pro
3091 1244 3286 1307 affectu
3306 1268 3418 1307 suae
3444 1253 3609 1310 mise-

2024 1338 2269 1396 ricordia:
2298 1339 2458 1396 Deus.
2489 1336 2623 1395 Nam
2642 1347 2903 1413 quantum
2933 1342 3001 1397 ad
3022 1342 3272 1398 meritum
3301 1352 3626 1401 nostrorum-

2025 1430 2307 1523 criminum
2334 1432 2588 1523 pertinet
2605 1475 2618 1499 ,
2672 1433 2745 1488 ita
2793 1442 2851 1489 se
2895 1449 2985 1490 res
3010 1432 3200 1501 habet,
3228 1444 3288 1492 ut
3311 1438 3421 1508 pati
3445 1453 3611 1523 posse

2025 1521 2290 1578 videatur.
2323 1520 2460 1590 Quid
2490 1525 2630 1579 enim
2658 1525 2992 1595 piaculorum
3020 1535 3105 1581 est
3126 1542 3231 1582 non
3261 1528 3367 1585 illic
3396 1520 3611 1601 semper

2026 1612 2352 1673 admissum?
2378 1614 2487 1671 Nec
2515 1616 2582 1673 de
2610 1616 2859 1673 omnibus
2904 1610 3055 1685 dico;
3098 1620 3224 1690 quia
3266 1628 3321 1676 et
3366 1623 3612 1679 enormia

2026 1708 2136 1764 fere
2165 1716 2308 1775 sunt,
2340 1712 2394 1764 et
2414 1708 2537 1764 sciri
2564 1725 2627 1765 ac
2655 1710 2758 1765 dici
2778 1706 2926 1766 tarita
2950 1727 3057 1767 non
3085 1721 3332 1784 possunt.
3359 1714 3513 1788 160
3532 1709 3613 1772 D'e

2026 1798 2139 1852 sola
2162 1799 2254 1875 vel
2283 1799 2517 1854 maxime
2538 1799 2871 1857 obscenitate
2911 1802 3275 1873 impuritatum
3314 1804 3522 1875 loquor,
3556 1812 3613 1863 et

2026 1874 2168 1957 quod
2198 1894 2280 1944 est
2306 1890 2539 1958 gravius,
2571 1890 2990 1961 s’acrilegiorum.
3021 1890 3376 1950 Praetermitto
3398 1874 3470 1951 in
3508 1896 3612 1952 ali-

338 1964 670 2061 comparavit
694 2010 706 2042 :
733 2000 791 2044 ut
818 1987 1172 2057 intelligamus
1216 1964 1421 2044 scilicet
1449 1987 1527 2042 sic
1554 1996 1673 2042 esse
1712 1987 1766 2042 in
1789 1986 1922 2041 civi-
2026 1996 2134 2050 quo
2163 1978 2365 2036 rabiem
2388 1980 2715 2053 cupiditatis,
2740 1984 2926 2040 vitium
2948 1987 3116 2043 totius
3137 1989 3347 2057 generis
3365 1989 3610 2044 humani.

346 2086 459 2132 tate
481 2080 666 2149 populi
686 2079 1024 2151 iniquitatem
1051 2079 1189 2134 sicut
1208 2078 1263 2132 in
1282 2085 1431 2133 mneo
1458 2076 1774 2147 sanguinem
1803 2076 1924 2131 bul-

346 2168 586 2221 lientem.
618 2167 734 2222 Non
761 2167 1017 2223 dissimile
1044 2177 1223 2223 autem
1249 2176 1331 2223 est
1354 2168 1474 2224 huic
1499 2167 1627 2222 illud
1660 2169 1925 2223 sermonis

341 2257 485 2313 sacri
522 2276 535 2310 :
565 2256 747 2313 Facta:
771 2266 890 2313 sunt
907 2258 1032 2312 mihi
1052 2258 1226 2313 domus
1250 2256 1416 2313 Israel
1437 2254 1727 2314 contmixta!
1749 2273 1924 2312 omnes

336 2358 639 2416 (cremento,
669 2360 719 2404 et
734 2352 892 2422 ferro,
916 2359 967 2404 et
983 2360 1179 2422 stagno,
1192 2360 1241 2405 et
1251 2350 1473 2422 plumbo,
1496 2360 1548 2405 et
1565 2351 1621 2405 in
1640 2348 1808 2409 medio
1829 2366 1922 2404 ar-

329 2453 540 2515 gentum
562 2446 870 2515 permixtum
898 2455 990 2500 est.
1023 2445 1303 2519 Propterea
1340 2447 1423 2502 dic
1461 2446 1568 2503 Iure
1597 2465 1615 2502 :
1663 2444 1755 2503 Sic
1790 2436 1924 2501 dicit

335 2534 584 2590 Dominus
605 2530 744 2589 Deus
775 2552 795 2590 :
832 2534 940 2590 Pro
960 2553 1019 2590 eo
1040 2538 1176 2609 quod
1195 2539 1323 2610 [acti
1363 2541 1485 2593 estis
1513 2555 1685 2593 omnes
1713 2540 1768 2592 in
1803 2550 1921 2609 per-

327 2625 627 2679 mixtionem
671 2642 847 2692 unam,
886 2627 1122 2696 conflabo
1149 2645 1235 2681 vos
1268 2637 1318 2680 et
1346 2618 1618 2698 insuﬂIabo
1651 2629 1704 2681 in
1741 2643 1830 2681 vos
1864 2628 1921 2680 in

326 2719 442 2788 igne
473 2719 568 2773 ira:
606 2715 826 2788 (Ezech.
878 2735 1013 2784 χχιι,
1044 2717 1263 2790 18-21).
1298 2719 1663 2774 Dissimillima
1702 2719 1842 2772 inter
1862 2731 1923 2774 se

279 2844 294 2857 .
325 2822 521 2876 genera
551 2808 891 2863 metallorum
923 2824 1078 2863 sacer
1104 2825 1285 2863 sermo
1312 2807 1661 2863 memoravit.
1694 2804 1763 2861 Et
1781 2822 1920 2878 quo-

327 2897 492 2953 modo
525 2897 581 2952 in
611 2896 803 2953 eodem
849 2897 1169 2953 conflatorio
1215 2914 1305 2952 res
1333 2898 1558 2952 diversae
1587 2886 1923 2953 conﬂantur?

324 2986 546 3042 Scilicet
572 2987 696 3057 quia
738 2989 792 3042 in
841 2987 1243 3042 diversitatibus
1270 2988 1609 3043 metallorum
1649 2988 1921 3044 dissimill-

328 3077 461 3134 tudo
488 3077 770 3133 hominum
803 3076 1132 3146 designatur.
1159 3076 1225 3132 Et
1252 3078 1372 3134 ideo
1412 3078 1573 3135 etiam
1617 3090 1915 3149 argentum,

327 3167 381 3225 id
409 3175 512 3236 est,
545 3168 823 3224 nobilioris
863 3169 1103 3224 materia:
1140 3170 1433 3235 metallum,
1474 3171 1658 3227 iisdem
1706 3171 1916 3240 ignibus

324 3263 502 3327 datur,
536 3260 662 3330 quia
690 3268 893 3316 naturtc
920 3261 1196 3316 nobilioris
1234 3258 1503 3330 ingenium
1534 3263 1639 3317 Vita
1678 3260 1913 3332 degene-

2028 2071 2297 2127 Prmtereo
2318 2074 2557 2129 avaritia:
2580 2072 3043 2143 inhumanitatem,
3067 2078 3211 2149 quod
3231 2078 3505 2153 proprium
3526 2086 3612 2137 est

2028 2162 2394 2218 Romanorum
2459 2180 2597 2235 pene
2661 2167 2899 2221 omnium
2966 2170 3185 2225 malum.
3252 2170 3608 2244 Relinquatur

1992 2318 1995 2321 _
2027 2248 2278 2320 ebrietas,
2312 2252 2580 2311 nobilibus
2609 2254 3035 2329 ignobilibusque
3063 2263 3378 2319 communis.
3401 2254 3609 2319 Tacea-

2029 2353 2117 2399 tur
2144 2344 2391 2416 superbia
2421 2352 2476 2401 et
2515 2354 2712 2402 tumor.
2757 2346 2887 2403 Tam
2932 2351 3202 2421 peculiare
3238 2352 3343 2410 hoc
3386 2353 3611 2411 divitum

2026 2450 2251 2504 regnum
2278 2436 2377 2501 est,
2403 2444 2461 2490 ut
2486 2434 2684 2507 aliquid
2726 2439 2947 2495 forsitan
2975 2442 3043 2497 de
3060 2442 3182 2513 jure
3207 2450 3306 2499 suo
3334 2454 3393 2499 se
3420 2448 3613 2515 putent

2026 2525 2282 2597 perdere,
2314 2527 2357 2581 si
2387 2527 2511 2583 hinc
2552 2529 2652 2584 sibi
2691 2529 2825 2585 alius
2864 2532 3155 2603 quidquam
3182 2536 3410 2590 voluerit
3436 2530 3610 2591 vindi‘

2024 2634 2167 2674 care.
2192 2617 2519 2674 Transeatur
2541 2620 2770 2690 denique
2794 2638 2961 2694 prope
2989 2639 3147 2680 omne
3169 2625 3432 2693 fraudum,
3464 2616 3610 2681 falsi-

2026 2718 2230 2775 tatum,
2261 2711 2620 2782 perjuriorum
2661 2714 2831 2769 nel'as.
2875 2712 3028 2770 Nulla
3067 2731 3302 2786 unquam
3331 2717 3413 2772 his
3452 2716 3608 2774 malis

2025 2800 2267 2856 Romana
2315 2802 2503 2857 civitas
2547 2803 2739 2859 caruit.
2788 2803 2899 2860 Etsi
2946 2805 3231 2877 specialius
3276 2808 3381 2863 hoc
3432 2808 3609 2867 scelus

2024 2892 2275 2949 Afrorum
2304 2895 2540 2950 omnium
2572 2894 2686 2951 fuit.
2721 2894 2855 2951 Nam
2881 2894 3021 2953 sicut
3067 2898 3120 2953 in
3161 2898 3426 2956 sentinam
3473 2919 3606 2974 pro-

2020 2984 2196 3041 fundae
2242 2986 2393 3040 navis
2439 2987 2790 3043 conluviones
2835 2988 3075 3045 omnium
3120 2990 3378 3059 sordium,
3429 2994 3505 3049 sic
3551 2994 3608 3050 in

2021 3093 2201 3132 mores
2230 3088 2419 3133 eorum
2447 3074 2599 3148 quasi
2641 3094 2709 3135 ex
2753 3082 2900 3136 omni
2927 3081 3128 3138 mundo
3155 3082 3284 3138 vitia
3313 3080 3602 3141 ﬂuxerunt.

2019 3168 2230 3226 Nullam
2259 3171 2400 3227 enim
2430 3173 2829 3244 improbitatem
2856 3174 2968 3231 scio
2992 3191 3109 3245 quae
3130 3172 3237 3233 illic
3261 3193 3366 3232 non
3407 3180 3607 3235 redun-

2018 3260 2253 3330 daverit;
2284 3278 2406 3318 cum
2429 3263 2614 3334 utique
2635 3264 2797 3319 etiam
2819 3280 3040 3337 pagana:
3060 3282 3124 3322 ac
3145 3264 3271 3322 fera:
3298 3280 3485 3337 gentes
3507 3258 3609 3327 etsi

323 3363 479 3410 rante
504 3354 805 3409 damnatur.
840 3352 992 3409 Sicut
1014 3355 1175 3408 etiam
1205 3354 1273 3409 de
1298 3355 1540 3426 principe
1569 3354 1693 3427 Tyri
1714 3356 1914 3413 dixisse
1942 3356 1989 3423 C
2016 3353 2253 3409 habeant
2292 3355 2598 3426 specialiter
2624 3342 2764 3412 mala
2792 3359 3007 3430 propria
3025 3399 3039 3424 ,
3074 3376 3180 3415 non
3208 3361 3316 3416 sint
3346 3368 3521 3416 tamen
3554 3361 3608 3417 in

325 3446 543 3514 legimus
563 3442 847 3500 Dominum
864 3460 961 3514 per
973 3444 1291 3515 prophetam
1312 3463 1325 3499 :
1348 3440 1458 3500 Fili
1479 3446 1717 3513 hominis,
1742 3449 1919 3519 accipe

325 3536 600 3591 lamentum
636 3552 787 3606 super
811 3536 1093 3606 principem
1123 3534 1265 3607 Tyri,
1296 3544 1346 3590 et
1385 3534 1467 3589 dic
1486 3536 1606 3591 illi:
1637 3534 1768 3591 Haec
1791 3537 1919 3592 dicit

327 3625 576 3680 Dominus
606 3624 744 3679 Deus
774 3642 790 3679 :
824 3623 899 3678 Tu
930 3626 1253 3697 consignatio
1276 3625 1628 3680 similitudinis
1652 3635 1701 3681 et
1722 3642 1917 3680 corona

326 3720 522 3773 decoris
555 3720 607 3773 in
638 3718 836 3772 deliciis
862 3716 1097 3789 paradisi
1130 3717 1273 3788 fuisti
1299 3734 1317 3770 :
1353 3716 1511 3789 159
1547 3734 1745 3771 omnem
1775 3718 1916 3789 lapi-

326 3811 436 3864 dem
464 3812 711 3881 optimum
738 3808 950 3863 indutus
971 3826 1044 3875 es,
1062 3808 1313 3874 sardium,
1336 3818 1384 3861 et
1404 3809 1678 3879 topazium,
1703 3814 1752 3863 et
1774 3826 1917 3864 sma-

327 3901 541 3972 ragdum
574 3898 795 3969 (Ezeclt.
830 3916 976 3964 mn,
1026 3896 1190 3954 11-15
1209 3899 1249 3972 ).
1284 3898 1353 3954 Et
1399 3901 1590 3954 iterum
1622 3919 1633 3953 :
1663 3901 1910 3973 Argento,

328 3990 520 4063 inquit,
552 4003 599 4046 et
627 4010 751 4046 auro
780 3990 998 4065 implesti
1042 3993 1306 4048 thesauros
1343 4000 1494 4047 tuos:
1527 4012 1558 4047 a
1587 3994 1915 4049 multitudine

329 4082 689 4155 negotiationis
716 4080 939 4153 implesti
966 4086 1321 4154 promptuaria
1369 4094 1455 4138 tua
1485 4082 1502 4157 (
1529 4083 1691 4149 Ibid.,
1724 4083 1789 4150 4,
1822 4082 1907 4153 5).

329 4172 461 4242 Quzc
482 4173 661 4228 omnia
692 4174 927 4244 nunquid
956 4191 1059 4229 non
1087 4175 1213 4229 talia
1236 4186 1378 4243 sunt,
1406 4186 1462 4232 ut
1503 4177 1815 4247 specialiter
1842 4177 1911 4232 de

328 4262 469 4317 Afris
507 4262 647 4317 dicta
695 4261 1006 4317 videantur?
1036 4259 1136 4319 Ubi
1172 4261 1315 4320 enim
1369 4265 1605 4336 majores
1649 4266 1906 4331 thesauri,

325 4353 412 4409 ubi
435 4352 609 4422 major
628 4354 941 4423 negotiatio,
958 4355 1045 4410 ubi
1070 4357 1431 4426 promptuaria
1460 4356 1728 4433 pleniora?
1746 4356 1906 4421 Auro,

326 4443 515 4515 inquit,
542 4442 765 4515 implesti
796 4444 1059 4500 thesauros
1089 4457 1200 4501 tuas
1245 4464 1276 4500 a
1304 4444 1631 4501 multitudine
1673 4445 1902 4516 negotia-

326 4537 477 4589 tionis
502 4545 619 4589 tuw.
645 4534 757 4605 Ego
776 4537 896 4607 plus
913 4537 1070 4604 addo,
1095 4546 1205 4594 tam
1231 4538 1451 4593 divitem
1479 4534 1749 4608 quondam
1771 4535 1911 4591 Afri-

322 4642 440 4681 cam
465 4623 649 4691 fuisse,
682 4634 739 4681 ut
765 4626 896 4682 mihi
916 4629 1072 4698 Copia
1103 4627 1482 4698 negotiationis
1508 4642 1619 4682 sum
1644 4642 1751 4682 non
1781 4642 1910 4684 suos

2023 3444 2107 3499 his
2135 3444 2315 3500 omnia
2346 3436 2721 3503 exsecratione
2762 3448 2941 3519 digna.
2975 3448 3271 3506 Gothorum
3310 3465 3442 3521 gens
3478 3468 3608 3522 per-

2022 3530 2148 3600 ﬁda,
2176 3535 2269 3591 sed
2297 3536 2491 3607 pudica
2513 3546 2628 3604 est;
2662 3538 2952 3594 Alanorum
2992 3540 3279 3611 impudica,
3312 3542 3405 3596 sed
3431 3543 3606 3597 minus

2020 3624 2255 3696 perﬁda;
2286 3627 2476 3683 Franci
2504 3628 2824 3697 mendaces,
2866 3630 2959 3685 sed
3005 3633 3323 3701 hospitales;
3364 3631 3605 3689 Saxones

2020 3715 2338 3771 crudelitate
2366 3711 2535 3781 el'feri,
2559 3716 2653 3770 sed
2681 3718 2928 3772 castitate
2955 3720 3201 3773 mirandi.
3227 3719 3425 3776 Omnes
3452 3721 3605 3776 denis

2019 3822 2125 3877 que
2151 3813 2340 3875 gentes
2365 3806 2584 3873 habent,
2615 3805 2754 3861 sicut
2798 3806 3088 3876 peculiaria
3131 3809 3290 3874 mala,
3338 3810 3409 3864 ita
3438 3811 3603 3869 etiam

2018 3897 2260 3969 quaedam
2287 3899 2449 3954 bona.
2490 3892 2551 3953 In
2590 3892 2733 3952 Afris
2772 3912 2911 3970 pene
2958 3897 3207 3955 omnibus
3250 3900 3433 3955 nescio
3471 3902 3602 3970 quid

2019 4006 2127 4045 non
2155 3990 2375 4045 malum.
2399 3987 2456 4045 Si
2485 3987 2784 4045 accusanda
2811 3997 2891 4045 est
2920 3987 3295 4055 inhumanitas,
3324 3990 3600 4053 inhumani

2016 4091 2167 4150 sunt;
2199 4082 2243 4137 si
2279 4082 2528 4149 ebrietas,
2574 4078 2805 4151 ebriosi;
2836 4081 2882 4139 si
2910 4081 3134 4148 falsitas,
3168 4082 3523 4153 fallacissimi;
3552 4088 3599 4144 si

2016 4168 2200 4238 dolus,
2230 4170 2735 4239 fraudulentissimi;
2766 4171 2812 4228 si
2840 4172 3134 4243 cupiditas,
3166 4174 3521 4245 cupidissimi;
3553 4178 3597 4235 si

2016 4263 2254 4334 perfidia,
2279 4263 2636 4335 perfidissimi.
2662 4263 2945 4333 lmpuritas
2966 4280 3153 4319 eorum
3174 4274 3336 4335 atque
3355 4266 3601 4339 blasphe-

2015 4353 2123 4406 mia
2149 4353 2232 4407 his
2260 4354 2509 4409 omnibus
2530 4353 2872 4409 admiscenda
2895 4370 3003 4409 non
3023 4360 3148 4409 sunt
3173 4373 3187 4408 :
3209 4357 3336 4425 quia
3356 4356 3457 4412 illis
3476 4372 3598 4427 quas

2014 4461 2175 4516 supra
2196 4444 2425 4501 diximus
2446 4446 2617 4514 malis,
2636 4444 2860 4502 aliorum
2881 4442 3117 4516 gentium
3138 4445 3292 4514 vitia;
3314 4447 3399 4504 his
3417 4458 3598 4517 autem

2014 4538 2176 4592 etiam
2206 4554 2301 4592 sua
2331 4537 2446 4609 ipsa
2474 4539 2738 4594 vicerunt.
2920 4572 2925 4577 ς
3385 4551 3393 4560 ·

2083 4626 2221 4683 XVI.
2254 4628 2331 4685 Ac
2372 4629 2604 4701 primum
2632 4636 2691 4684 ut
2718 4628 2786 4685 de
2832 4630 3142 4701 impuritate
3184 4629 3445 4703 dicamus,
3476 4636 3598 4706 quis

322 4725 548 4797 tantum,
580 4717 674 4772 sed
701 4719 862 4773 etiam
875 4719 1060 4774 mundi
1075 4720 1357 4775 thesauros
1369 4719 1614 4775 videatur
1637 4719 1907 4789 implesse.
1937 4734 1989 4794 ι)
2015 4721 2189 4776 nescit
2207 4719 2439 4774 Africam
2458 4726 2626 4776 totum
2646 4720 2895 4776 obscenis
2912 4719 3194 4778 libidinum
3214 4723 3365 4781 uadis
3382 4741 3598 4797 semper

320 4786 539 4880 Είῳῆά
579 4819 703 4878 poet
729 4809 880 4865 hcce?
900 4808 1209 4866 Exultatum
1235 4818 1330 4877 est,
1361 4811 1548 4881 inquit,
1573 4828 1661 4865 cor
1680 4786 1821 4865 tuum
1844 4812 1900 4865 in

320 4901 498 4955 decore
526 4912 612 4955 tuo
634 4918 653 4956 :
691 4912 900 4973 propter
923 4902 1301 4958 multitudinem
1325 4913 1651 4975 peccatorum
1699 4913 1902 4959 tuorum

319 4993 373 5045 in
422 5001 686 5046 terram-te
725 4994 919 5063 projeei
948 4993 1138 5063 (Ibid.,
1171 4994 1289 5065 17).
1322 4993 1602 5060 Quomodo
1640 4995 1903 5053 Africana:

319 5082 576 5150 potentiae
592 5084 778 5138 ethoc
798 5085 1075 5154 competit,
1101 5090 1195 5139 aut
1217 5084 1489 5155 quomodo
1518 5084 1755 5155 projecta
1782 5099 1903 5140 esse

320 5166 533 5224 videtur
554 5170 606 5224 in
636 5170 871 5226 terram?
899 5171 1204 5240 Quomodo,
1236 5173 1337 5229 nisi
1364 5173 1487 5245 quia
1517 5172 1731 5244 quando
1763 5173 1899 5227 ami-

316 5258 383 5313 sit
404 5259 660 5329 potentias
688 5260 885 5316 veteris
913 5259 1279 5328 altitudinem,
1302 5261 1455 5333 quasi
1482 5261 1755 5318 cmlestem
1776 5275 1901 5329 per-

316 5350 451 5404 didit
477 5349 829 5418 dignitatem?
856 5351 928 5405 Et
965 5352 1169 5419 ducam,
1200 5354 1390 5424 inquit,
1413 5354 1585 5425 ignem
1628 5352 1693 5406 de
1733 5351 1901 5407 medio

315 5441 390 5493 tui
414 5441 528 5494 :ln'c
558 5451 605 5495 te
629 5440 894 5496 det-orabit
936 5438 1137 5513 (Ibid,
1174 5442 1293 5514 18).
1318 5442 1454 5511 Quid
1477 5444 1578 5499 hac
1608 5458 1665 5498 re
1695 5443 1899 5498 verius?

316 5531 392 5585 De
422 5530 595 5587 media
617 5532 818 5605 quippe
831 5550 1016 5589 eorum
1047 5535 1327 5607 iniquitate
1355 5535 1492 5604 ignis
1520 5537 1724 5606 peccati
1748 5536 1896 5607 exiit,

313 5625 403 5695 qui
434 5624 744 5685 felicitatem
774 5627 971 5695 prioris
990 5628 1253 5698 temporis
1279 5628 1575 5683 devoravit.
1603 5628 1674 5682 Et
1705 5645 1898 5693 omnes,

2008 4809 2233 4875 arsisse,
2263 4824 2370 4863 non
2398 4814 2458 4863 ut
2485 4819 2683 4864 terram
2722 4820 2786 4864 ac
2812 4809 2994 4865 sedem
3040 4811 3319 4869 hominum
3339 4856 3354 4881 ,
3402 4816 3496 4871 sed
3536 4822 3589 4869 ut

2011 4900 2268 4956 Ethnam
2288 4900 2437 4971 161
2456 4906 2609 4971 putes
2625 4898 3016 4972 impudicarum
3034 4901 3201 4960 fuisse
3216 4898 3550 4960 ﬂammarum
3567 4906 3589 4957 ξ’

2008 4990 2145 5046 Nam
2189 4991 2328 5047 sicut
2366 4989 2570 5047 Enna
2598 4992 2866 5048 intestinis
2891 4993 3212 5063 quibusdam
3241 5002 3447 5048 naturae
3471 4991 3580 5045 fer-

2009 5083 2182 5138 ventis
2209 5081 2519 5148 ardorihus,
2547 5082 2625 5139 sic
2664 5083 2753 5138 illa
2794 5083 3165 5139 abominandis
3193 5081 3394 5149 iugiter
3419 5080 3558 5134 furni

2008 5174 2281 5230 cationum
2306 5173 2517 5244 ignibus
2536 5175 2800 5230 mstuavit.
2825 5170 2935 5229 Nec
2961 5172 3085 5227 volo
3112 5171 3167 5225 in
3194 5170 3297 5224 hac
3324 5182 3383 5225 re
3411 5184 3587 5228 asser-
3620 5172 3623 5175 ⁷

2004 5267 2240 5323 tionibus
2266 5268 2402 5323 meis
2427 5266 2574 5323 credi
2598 5284 2610 5320 :
2646 5263 3007 5322 testimonium
3031 5259 3339 5330 requiratur
3375 5268 3589 5334 generis

2004 5357 2241 5412 hiunani.
2273 5357 2403 5425 Quis
2436 5373 2543 5413 non
2583 5370 2770 5411 omnes
2809 5352 3029 5406 omnino
3072 5344 3230 5407 Mos
3262 5357 3589 5423 generaliter

2002 5447 2138 5503 sciat
2167 5448 2482 5519 impudicos,
2509 5446 2609 5500 nisi
2631 5443 2697 5498 ad
2717 5442 2884 5497 Deum
2904 5439 3044 5497 forte
3063 5458 3372 5515 conversos,
3401 5442 3457 5505 id
3480 5458 3584 5516 est,

2010 5538 2114 5595 tide
2140 5554 2204 5594 ac
2229 5539 2487 5609 religione
2511 5532 2779 5589 mutatos?
2803 5528 2910 5588 Sed
2942 5528 3047 5592 hoc
3075 5543 3186 5592 tam
3204 5554 3386 5596 rarum
3413 5548 3497 5596 est
3523 5557 3587 5597 ac

2011 5646 2229 5690 novum,
2260 5644 2420 5697 quam
2443 5630 2621 5679 ratum
2647 5621 2817 5679 videri
2836 5634 3015 5696 potest
3033 5630 3328 5701 quelﬂibet
3343 5630 3374 5671 δ
3393 5629 3584 5685 Gaium

1484 5718 1820 5775 STEPHANI
1857 5719 2128 5776 BALUZII
2166 5718 2391 5774 NOTAE.

397 5820 420 5847 ³
454 5808 924 5895 Fﬂﬂeju‘ipsﬁl'it
943 5812 1224 5895 Salvianus
1252 5816 1490 5869 alienum.
1528 5816 1679 5895 Vulg.

318 5895 459 5941 xx",
490 5880 524 5927 li
561 5898 570 5930 :
617 5880 706 5933 Va:
735 5880 921 5936 civitati
946 5888 1267 5955 sanguinnm,
1295 5902 1443 5940 01.ιῶ
1468 5886 1609 5954 cujus
1636 5880 1817 5953 rubigo
1849 5888 1901 5935 in

314 5965 377 5999 ea
407 5958 501 6001 est.

2081 5815 2106 5852 ι’
2150 5813 2269 5884 limo
2306 5819 2399 5884 est
2416 5810 2634 5884 omnino
2664 5814 2928 5884 scriptura
2977 5814 3177 5871 codicis
3223 5813 3581 5884 Corbeiensis.
3614 5808 3619 5811 l

2008 5882 2367 5955 :l‘ertullianus
2390 5882 2440 5933 in
2458 5880 2835 5955 Apologctico,
2853 5901 2968 5955 cap.
2991 5884 3057 5937 48
3076 5905 3085 5938 ;
3113 5886 3311 5955 Atenipt
3330 5880 3583 5955 Christia-

2006 5947 2123 6012 inis,
2148 5952 2191 6003 si
2222 5950 2285 6003 de
2336 5947 2537 6007 nomine
2567 5947 2830 6009 hominem
2860 5947 3121 6025 ipsumque
3149 5956 3211 6010 de
3239 5954 3365 6009 Caio
3404 5953 3585 6015 Caium
