4234 6262
599 462 704 522 «1ιὸ

1529 460 1584 516 S.
1627 452 1937 511 SALVIA'NI
1979 450 2437 510 MASSILIENSIS
2479 445 2906 504 PRESBYTERI

3763 446 3867 502 «μ

597 601 705 644 non
742 596 862 639 esse
887 579 1108 641 Gaium,
1150 580 1244 629 aut
1295 589 1668 644 quemcunque
1695 545 1891 628 Seium,
1924 585 2032 625 non
2071 583 2192 624 esse
2219 571 2267 630 Α
2296 567 2417 622 illos
2444 564 2728 635 unguentis
2755 562 2982 627 oblitos,
3013 570 3236 617 cunctos
3264 561 3415 616 vario
3441 561 3599 616 luxus
3627 573 3871 615 marcore

598 675 797 730 Seium.
842 669 975 724 Tam
1001 664 1310 733 infrequens
1336 664 1479 718 enim
1518 671 1602 719 est
1628 664 1734 718 hoc
1759 669 1816 716 et
1841 660 2173 723 inusitatum,
2206 718 2214 725 _

599 760 924 832 impudicum
952 773 1060 812 non
1091 769 1211 809 esse
1238 752 1441 817 Afrum,
1473 769 1636 823 quam
1669 767 1868 808 novum
1893 759 1950 806 et
1973 749 2180 804 inaudi-

599 862 733 915 tum,
758 849 944 904 Afrum
971 863 1079 903 non
1100 861 1222 901 esse
1242 843 1448 899 Afrum.
1478 844 1554 898 Ita
1583 843 1726 899 enim
1749 841 1998 912 generale
2026 841 2079 896 in
2100 841 2180 896 eis

598 944 797 1000 malum
818 939 1140 1011 impuritatis
1159 945 1260 1002 est,
1279 944 1340 992 ut
1363 937 1669 1006 quicunque
1691 951 1760 990 ex
1781 936 1861 990 eis
1883 933 2180 1006 impudicus

599 1049 720 1090 esse
745 1031 994 1096 desierit,
1023 1028 1150 1084 Afer
1179 1044 1287 1082 non
1312 1041 1431 1082 esse
1457 1025 1718 1080 videatur.
1746 1024 1857 1080 Nec
1887 1023 2184 1080 discurram

600 1138 696 1196 per
726 1124 841 1179 loca
869 1120 1094 1189 singula,
1125 1125 1219 1172 aut
1243 1124 1465 1172 cunctas
1502 1115 1787 1170 discutiam
1813 1114 2084 1179 civitates;
2117 1129 2186 1168 ne

601 1217 840 1273 studiose
859 1213 1044 1268 videar
1063 1224 1302 1280 quaerere
1321 1215 1484 1278 atque
1504 1206 1828 1274 investigare
1847 1221 1969 1275 quae
1987 1206 2180 1261 dicam.

604 1307 719 1363 Una
764 1312 971 1360 tantum
1018 1301 1386 1356 universarum
1437 1298 1547 1352 illic
1590 1296 1802 1352 urbium
1845 1295 2088 1366 principe
2132 1301 2189 1348 et

603 1396 758 1466 quasi
804 1403 976 1448 matre
1020 1397 1304 1446 contentus
1348 1404 1499 1451 sum,
1548 1388 1640 1442 illa
1684 1387 1887 1442 scilicet
1932 1385 2188 1440 Romanis

605 1487 819 1544 arcibus
838 1498 1050 1554 semper
1066 1480 1278 1544 aemula,
1302 1480 1465 1534 armis
1484 1477 1752 1548 quondam
1773 1487 1829 1532 et
1849 1475 2184 1541 fortitudine,

607 1584 731 1648 post
749 1573 1033 1645 splendore
1053 1580 1108 1626 et
1126 1571 1401 1639 dignitate.
1425 1567 1804 1638 Carthaginem
1825 1567 1966 1631 dico,
1991 1574 2046 1620 et
2071 1565 2188 1620 urbi

607 1667 795 1721 Romae
815 1664 1046 1718 maxime
1067 1661 1448 1726 adversariam,
1467 1667 1522 1714 et
1541 1659 1594 1714 in
1617 1658 1866 1714 Africano
1887 1658 2018 1714 orbe
2030 1658 2191 1729 quasi

609 1757 838 1812 Romam
879 1772 891 1806 :
932 1768 1050 1822 qua:
1074 1751 1204 1806 mihi
1234 1751 1354 1806 ideo
1381 1751 1437 1804 in
1463 1748 1768 1819 exemplum
1795 1762 1859 1802 ac
1883 1746 2191 1802 testimonia

609 1847 724 1922 sola
770 1845 982 1910 sullicit,
1029 1843 1153 1912 quia
1190 1841 1438 1896 universa
1484 1840 1697 1910 penitus
1737 1838 1929 1908 quibus
1973 1837 2028 1892 in
2074 1843 2190 1892 toto

2280 657 2551 728 perditos,
2592 654 2689 711 sed
2715 669 2856 726 pene
2891 669 3080 709 omnes
3118 668 3225 707 una
3261 667 3504 707 errorum
3534 659 3707 706 morte
3736 666 3864 719 pro-

2283 757 2519 815 stratos;
2567 762 2676 803 non
2722 760 2912 802 omnes
2937 744 3157 815 quidem
3201 742 3497 797 vinolentia
3524 740 3867 804 temulentos,

2285 841 2381 897 sed
2426 856 2614 896 omnes
2662 847 2841 894 tamen
2881 838 3116 908 peccatis
3142 836 3341 892 ebrios.
3384 833 3624 905 Populos
3650 841 3869 906 putares

2286 947 2396 989 non
2440 931 2557 986 sani
2595 939 2785 996 status,
2820 945 2930 985 non
2955 929 3038 985 sui
3065 943 3274 992 sensus,
3316 943 3423 982 non
3453 926 3634 982 animo
3663 925 3872 981 incolu-

2286 1041 2422 1090 mes,
2453 1038 2562 1078 non
2586 1020 2774 1090 gradu,
2789 1020 2944 1091 quasi
2963 1020 3020 1075 in
3036 1034 3241 1075 morem
3257 1026 3283 1055 ⁸
3299 1017 3620 1073 baccharum
3638 999 3876 1085 crapula:

2287 1115 2600 1170 catervatim
2641 1113 3012 1168 inservientes.
3044 1109 3162 1165 Jam
3210 1125 3340 1165 vero
3394 1107 3523 1163 illud
3571 1103 3873 1176 cuiusmodi

2289 1215 2383 1261 aut
2407 1221 2568 1277 quam
2594 1219 2775 1274 grave,
2798 1218 2997 1273 genere
3019 1203 3234 1272 quidem
3259 1202 3459 1272 dispar,
3473 1199 3567 1256 sed
3588 1199 3872 1268 iniquitate

2290 1311 2399 1354 non
2425 1286 2625 1364 dispar,
2672 1293 2778 1348 nisi
2824 1294 2930 1349 hoc
2954 1293 3135 1363 dispar
3161 1291 3301 1347 forte
3336 1291 3462 1360 quia
3501 1288 3712 1359 majus?
3738 1287 3877 1342 Pro-

2290 1384 2611 1457 scriptiones
2655 1383 2778 1440 dico
2807 1384 3191 1455 orpbanorum,
3229 1381 3506 1436 viduarum
3536 1379 3874 1442 aftlictiones,

2291 1489 2587 1547 pauperum
2602 1489 2810 1530 cruces:
2821 1473 2912 1543 qui
2930 1473 3336 1541 ingemiscentes
3349 1469 3587 1540 quotidie
3603 1468 3668 1523 ad
3680 1468 3871 1532 Deum,

2305 1585 2370 1626 ac
2384 1568 2544 1624 ﬁnem
2563 1568 2826 1623 malorum
2845 1566 3201 1636 imprecantes
3213 1607 3227 1630 ,
3251 1572 3306 1620 et
3323 1564 3467 1634 quod
3487 1561 3863 1632 gravissimum

2297 1667 2411 1724 est,
2436 1657 2702 1713 interdum
2725 1656 2776 1711 vi
2799 1655 2977 1710 nimia:
2998 1655 3367 1710 amaritudinis
3393 1655 3554 1710 etiam
3576 1652 3866 1708 adventum

2293 1750 2526 1806 hostium
2547 1748 2899 1819 postulantes,
2933 1746 3220 1816 aliquando
3241 1762 3271 1799 a
3289 1745 3400 1800 Deo
3433 1747 3872 1816 impetraverunt,

2297 1849 2358 1897 ut
2382 1841 2718 1898 eversionem
2743 1839 2955 1895 tandem
2981 1854 3012 1893 a
3034 1838 3276 1893 barbaris
3315 1839 3368 1894 in
3411 1854 3696 1894 commune
3723 1841 3876 1912 ιθθ

607 1926 810 1992 mundo
832 1935 1110 2005 disciplina
1135 1933 1211 1988 rei
1232 1932 1458 2002 publica:
1485 1930 1570 1985 vel
1599 1937 1914 2000 procuratur
1935 1928 2019 1983 vel
2047 1927 2190 1997 regi-
2223 1993 2224 1998 η

2297 1937 2611 2003 tolerarent,
2637 1950 2799 2006 quam
2835 1935 2936 1989 soli
2966 1950 2997 1988 a
3035 1932 3293 2006 Romanis
3329 1939 3455 1987 ante
3493 1932 3873 1989 toleraverant.

610 2019 716 2093 tur,
745 2029 798 2082 in
820 2043 878 2082 sc
898 2026 1101 2080 habuit.
1123 2025 1236 2078 Illic
1255 2023 1398 2078 enim
1418 2021 1599 2077 omnia
1623 2018 1917 2084 ciliciorum
1947 2019 2191 2088 publico-

609 2111 731 2175 rum
759 2121 1129 2181 instrumenta,
1159 2115 1267 2169 illic
1294 2114 1486 2167 artium
1515 2110 1813 2167 liberalium
1841 2109 2057 2175 scholae,
2088 2109 2194 2163 illic

610 2213 1058 2284 philosophorum
1086 2208 1314 2264 ofﬁcina:
1331 2248 1346 2273 ,
1378 2214 1570 2262 cuncta
1599 2204 1831 2273 denique
1859 2202 1944 2258 vel
1985 2203 2193 2270 lingua-

614 2321 737 2360 rum
764 2304 1039 2376 gymnasia
1075 2302 1159 2357 vel
1187 2315 1396 2355 morum
1423 2317 1434 2351 :
1461 2299 1568 2354 illic
1595 2311 1810 2368 quoque
1838 2295 2000 2350 etiam
2029 2293 2196 2362 copia:

613 2396 896 2458 militares,
922 2402 977 2448 et
995 2401 1242 2462 regentes
1262 2390 1506 2444 militiam
1527 2395 1822 2458 potestates
1847 2404 1860 2438 :
1890 2385 1998 2440 illic
2025 2385 2197 2439 honor

613 2485 1043 2558 proconsularis:
1063 2483 1169 2538 illic
1189 2480 1530 2551 quotidianus
1543 2479 1708 2549 judex
1729 2486 1784 2533 et
1805 2484 2008 2542 rector;
2035 2491 2199 2544 quan-

616 2585 732 2632 tum
759 2577 827 2632 ad
859 2591 1053 2631 nomen
1099 2575 1314 2644 quidem
1345 2572 1664 2642 proconsul,
1707 2571 1802 2626 sed
1829 2578 2090 2640 quantum
2129 2569 2198 2624 ad

615 2667 912 2740 potentiam
933 2667 1120 2722 consul
1146 2684 1157 2718 :
1184 2666 1291 2720 illic
1317 2664 1546 2732 denique
1575 2679 1764 2718 omnes
1784 2678 1962 2717 rerum
1983 2663 2199 2732 dispen~

617 2767 845 2821 satores,
870 2765 925 2813 et
951 2755 1255 2812 diiferentes
1276 2754 1416 2808 inter
1439 2770 1498 2808 se
1532 2754 1685 2823 162
1709 2760 1816 2805 tam
1843 2751 2011 2820 gradu
2038 2766 2198 2820 quam

615 2848 879 2904 vocabulo
897 2846 1202 2914 dignitates;
1225 2844 1483 2908 onmium,
1507 2851 1566 2897 ut
1587 2842 1659 2896 ita
1679 2842 1875 2903 dicam,
1899 2842 2199 2911 platearum

618 2947 674 2993 et
701 2938 1056 3006 compitorum
1095 2929 1504 3006 procuratores,
1554 2941 1745 2989 cuncta
1791 2934 1957 2988 ferme
1987 2943 2042 2988 et
2080 2933 2199 2988 loca

619 3028 766 3082 urbis
793 3035 847 3081 et
873 3027 1112 3081 membra
1151 3026 1334 3096 populi
1363 3026 1742 3094 gubernantes.
1776 3023 1889 3079 Hac
1918 3039 2047 3094 ergo
2075 3031 2197 3076 tan-

619 3127 735 3171 tum
761 3117 999 3171 contenti
1044 3131 1228 3170 sumus
1269 3115 1337 3170 ad
1383 3116 1688 3184 exemplum
1732 3130 1796 3168 ac
1836 3113 2198 3168 testimonium

619 3215 958 3271 ceterarum;
983 3214 1042 3261 ut
1067 3207 1424 3273 intelligamus
1443 3205 1647 3259 scilicet
1672 3203 1860 3273 quales
1882 3203 1984 3256 illa:
2004 3202 2202 3256 fuerint

2369 2028 2529 2084 XVII.
2559 2027 2666 2084 Sed
2694 2035 2810 2083 esto
2836 2045 2848 2080 :
2882 2027 2998 2081 haec
3023 2025 3200 2080 omnia
3225 2024 3720 2095 praetermittantnr,
3749 2026 3875 2095 quia

2294 2130 2350 2177 et
2377 2123 2429 2176 in
2459 2119 2606 2174 omni
2631 2118 2798 2173 ferme
2825 2126 3055 2186 aguntur
3075 2115 3205 2171 orbe
3235 2115 3500 2180 Romano,
3525 2123 3580 2169 et
3608 2116 3873 2186 spopondi

2294 2230 2382 2268 me
2407 2213 2474 2268 de
2494 2211 2577 2266 his
2603 2211 2758 2265 malis
2783 2211 2888 2266 hoc
2915 2209 3035 2264 loco
3063 2225 3233 2279 pauca
3262 2207 3544 2264 dicturum.
3577 2207 3717 2274 Quid
3745 2223 3874 2277 ergo

2301 2304 2630 2376 impudicitia
2669 2309 2831 2372 atque
2860 2302 3138 2372 impuritas
3165 2301 3231 2354 de
3259 2315 3365 2368 qua
3400 2299 3608 2369 loquor,
3643 2298 3876 2369 nunquid

2295 2415 2404 2454 non
2425 2398 2490 2451 ad
2510 2395 2844 2452 eversionem
2859 2392 3106 2448 Afrorum
3121 2392 3234 2446 sola
3249 2393 3566 2447 suffecerat?
3585 2391 3714 2459 Quae
3738 2391 3879 2447 enim

2295 2489 2396 2543 fuit
2422 2502 2547 2558 pars
2575 2485 2806 2540 civitatis
2831 2500 2936 2537 non
2965 2484 3124 2553 plena
3152 2481 3416 2545 sordibus,
3448 2497 3567 2550 quze
3609 2483 3746 2536 intra
3788 2498 3880 2536 ur-

2296 2581 2418 2636 bem
2432 2579 2609 2649 platea
2630 2583 2722 2630 aut
2741 2575 2929 2630 semita
2952 2589 3057 2628 non
3077 2573 3337 2642 lupanar?
3356 2571 3502 2626 Adeo
3523 2573 3701 2626 omnia
3737 2587 3881 2642 pene

2297 2669 2550 2740 compita,
2583 2681 2770 2722 omnes
2800 2663 2912 2718 vias
2940 2671 3035 2716 aut
3061 2661 3212 2730 quasi
3235 2661 3402 2715 foveae
3422 2660 3698 2714 libidinum
3723 2661 3882 2715 inter-

2299 2760 2557 2822 ciderant,
2584 2765 2676 2811 aut
2694 2756 2846 2826 quasi
2869 2754 3002 2810 retia
3022 2751 3413 2823 pnctexebant;
3441 2759 3498 2804 ut
3517 2751 3676 2804 etiam
3698 2751 3788 2819 qui
3812 2751 3881 2805 ab

2298 2852 2401 2906 hac
2418 2865 2476 2904 re
2495 2849 2708 2920 penitus
2728 2847 3096 2907 abhorrerent,
3121 2852 3298 2897 tamen
3327 2841 3496 2896 vitare
3525 2841 3610 2895 vix
3631 2849 3877 2911 possent.

2301 2941 2593 2996 Latronum
2620 2934 3013 3008 quodammodo
3051 2933 3302 2988 excubias
3327 2931 3536 2986 videres
3564 2946 3882 2985 commean-

2302 3033 2435 3087 tium
2463 3031 2726 3085 viatorum
2756 3027 2926 3097 spolia
2955 3032 3261 3094 captantes,
3293 3023 3384 3091 qui
3423 3021 3732 3075 insidiarum
3775 3019 3883 3075 fre-

2301 3123 2579 3192 quentium
2599 3120 2863 3176 densitate
2884 3119 2958 3172 ita
2979 3131 3167 3172 omnes
3188 3114 3470 3170 admodum
3492 3113 3674 3178 calles,
3698 3129 3883 3168 omnes

2304 3213 2576 3267 anfractus
2622 3227 2685 3265 ac
2731 3207 3043 3264 diverticula
3072 3207 3396 3276 sepsissent,
3426 3214 3486 3259 ut
3514 3205 3691 3259 nullus
3721 3206 3882 3259 ferme

619 3300 863 3356 civitates
884 3313 1004 3366 qua:
1031 3297 1265 3350 minores
1291 3295 1595 3350 habuerunt
1621 3294 1775 3363 pmbi
1817 3293 1978 3348 OmCii
2003 3309 2199 3363 pPOCII-
2224 3293 2272 3356 C
2304 3309 2414 3355 tam
2433 3307 2622 3355 cautus
2636 3305 2780 3353 esset
2795 3297 2887 3366 qui
2902 3312 3009 3350 non
3031 3296 3085 3349 in
3107 3295 3316 3363 aliquos
3336 3293 3647 3349 insidiarum
3667 3295 3883 3364 laqueos

618 3391 886 3454 rationes,
917 3403 1040 3443 cum
1065 3385 1354 3440 viderimus
1390 3385 1565 3453 qualis
1593 3383 1861 3438 exstiterit
1890 3384 1978 3438 ubi
2007 3382 2201 3437 summi

618 3496 832 3550 semper
875 3479 1024 3533 fuere
1051 3484 1307 3531 rectores.
1339 3474 1456 3541 Quo
1483 3474 1604 3531 loco
1635 3489 1801 3543 prope
1830 3482 1912 3528 est
1939 3483 1998 3529 ut
2025 3474 2200 3544 paeni-

617 3577 732 3624 teat
757 3583 843 3624 me
863 3566 1232 3639 promissionis
1252 3579 1400 3627 meae,
1434 3563 1487 3618 id
1514 3570 1614 3628 est,
1640 3563 1784 3632 quod
1812 3565 2057 3635 superius
2077 3579 2202 3634 spo-

616 3660 803 3732 pondi,
834 3659 1039 3716 cunctis
1061 3673 1228 3728 prope
1261 3655 1511 3710 Afrorum
1539 3655 1850 3711 criminibus
1879 3657 2202 3726 prmtermis-

617 3752 717 3817 sis,
749 3749 815 3806 de
844 3747 1237 3820 impuritatibus
1265 3746 1530 3816 praecipue
1559 3761 1622 3800 ac
1648 3745 1993 3816 blasphemiis
2013 3762 2200 3802 eorum

619 3857 738 3897 esse
764 3841 1050 3898 dicturum.
1082 3839 1250 3894 Video
1289 3839 1432 3893 enim
1459 3838 1611 3908 quasi
1639 3839 2020 3895 scaturientem
2061 3840 2202 3897 vitiis

618 3933 909 3997 civitatem,
951 3932 1105 3985 video
1148 3931 1335 3984 urbem
1373 3931 1611 3983 omnium
1640 3929 1978 3998 iniquitatum
2006 3945 2204 3998 genere

619 4022 942 4082 ferventem,
968 4020 1180 4088 plenam
1210 4017 1423 4086 quidem
1455 4017 1645 4080 turbis,
1666 4018 1762 4073 sed
1785 4019 1952 4086 magis
1968 4021 2200 4088 turpitu-

621 4112 862 4172 dinibus;
893 4110 1108 4178 plenam
1145 4107 1362 4171 divitiis,
1387 4107 1482 4162 sed
1525 4108 1693 4176 magis
1734 4108 1905 4175 vitiis;
1929 4110 2204 4166 vincentes

619 4218 678 4256 se
701 4201 925 4255 invicem
946 4199 1189 4253 homines
1210 4197 1445 4266 nequitia
1466 4198 1787 4267 ﬂagitiorum
1806 4216 2044 4267 suorum,
2069 4201 2204 4256 alios

618 4294 932 4363 rapacitate,
964 4294 1096 4348 alios
1115 4293 1424 4365 impuritate
1451 4293 1739 4358 certantes,
1772 4294 1908 4349 alios
1934 4294 2061 4349 vino
2086 4295 2200 4350 Ian-

619 4386 808 4453 guidos
821 4424 836 4448 ,
857 4387 992 4440 alios
1011 4385 1274 4440 cruditate
1292 4383 1582 4450 distentos,
1607 4383 1706 4439 hos
1725 4385 1883 4439 sertis
1903 4385 2197 4454 redimitos,

2306 3390 2622 3453 incurreret,
2655 3388 2817 3441 etiam
2845 3385 2938 3454 qui
2975 3400 3033 3439 se
3061 3383 3128 3439 de
3150 3384 3392 3454 plurimis
3413 3385 3734 3455 expedisset.
3776 3385 3883 3461 .Fe-

2304 3479 2510 3544 tebant,
2538 3486 2597 3533 ut
2624 3477 2698 3532 ita
2737 3475 2982 3538 dixerim,
3015 3475 3191 3530 cuncti
3214 3473 3361 3528 urbis
3389 3474 3531 3529 illius
3559 3475 3702 3530 cives
3729 3491 3884 3530 emno

2305 3571 2567 3636 libidinis,
2615 3584 2867 3640 spurcum
2913 3567 3127 3622 sibimet
3155 3566 3284 3637 ipsis
3329 3575 3515 3621 mutuo
3545 3567 3886 3638 impudicitia:

2305 3663 2548 3718 nidorem
2578 3659 2896 3714 inhalantes.
2927 3657 3035 3712 Sed
3063 3657 3275 3712 horrori
3319 3656 3397 3711 eis
3440 3665 3617 3712 tamen
3667 3658 3884 3714 horrida

2306 3753 2408 3808 ista
2438 3767 2543 3807 non
2573 3758 2754 3812 erant,
2803 3749 2928 3818 quia
2958 3748 3095 3802 idem
3143 3763 3332 3802 omnes
3373 3747 3564 3802 horror
3606 3748 3882 3805 infecerat.

2307 3843 2480 3898 Unam
2510 3842 2617 3896 illic
2662 3847 2819 3910 putes
2857 3839 3018 3893 fuisse
3047 3837 3324 3892 libidinum
3367 3837 3886 3911 fornicationumque

2303 3933 2589 3994 sentinam,
2621 3945 2835 3984 caenum
2861 3929 3014 3997 quasi
3043 3943 3110 3982 ex
3149 3928 3294 3983 omni
3335 3929 3632 3998 platearum
3663 3937 3718 3984 et
3739 3931 3885 3986 cloa-

2304 4038 2488 4078 carum
2517 4022 2639 4075 labe
2671 4019 2974 4074 collectum.
3000 4018 3068 4072 Et
3088 4035 3206 4088 qua:
3232 4019 3339 4075 illic
3377 4035 3499 4090 spes
3527 4036 3647 4076 esse
3674 4031 3886 4092 poterat

2305 4113 2416 4174 ubi,
2433 4118 2628 4182 printer
2648 4109 2700 4164 id
2718 4109 2862 4179 quod
2885 4110 2937 4164 in
2960 4109 3169 4163 Domini
3189 4111 3388 4180 templo
3412 4120 3546 4177 erat,
3566 4112 3697 4168 nihil
3719 4113 3884 4169 videri

2305 4203 2521 4273 penitus
2545 4200 2647 4254 nisi
2670 4199 2942 4254 sordidum
2977 4199 3207 4254 licebat?
3227 4199 3537 4270 Quanquam
3557 4203 3684 4272 quid
3705 4204 3882 4260 dicam

2306 4295 2360 4350 in
2388 4293 2484 4348 Dei
2513 4292 2746 4375 templo?
2773 4291 2888 4346 Hoc
2915 4292 3111 4362 quippe
3140 4301 3310 4348 totum
3343 4293 3411 4348 ad
3435 4294 3737 4350 sacerdotes
3767 4303 3886 4349 tan-

2307 4395 2420 4441 tum
2447 4392 2502 4440 et
2528 4385 2731 4439 clerum
2757 4383 3026 4454 pertinet:
3065 4397 3202 4452 quos
3247 4381 3274 4421 ιι
3316 4400 3424 4438 non
3462 4384 3704 4449 discutio,
3753 4384 3879 4454 quia

1320 4551 1326 4558 ἢ
1795 4466 2131 4532 STEPHANI
2168 4477 2437 4534 BALUle
2473 4476 2700 4532 NOT/E.

620 4568 854 4622 reducem
887 4567 1226 4636 repromittat,
1258 4566 1513 4636 lapidibus
1545 4566 1727 4636 magis,
1765 4581 1856 4636 nec
1884 4567 2066 4636 saltem
2095 4583 2200 4621 ειε-
2227 4572 2279 4630 D
2376 4566 2404 4605 ι)
2436 4565 2696 4634 Loquitur
2715 4564 2791 4636 de
2809 4564 3195 4636 sacerdotibus,
3223 4565 3272 4619 id
3301 4573 3383 4620 est
3408 4567 3692 4636 episcopis,
3721 4577 3775 4623 et
3796 4585 3880 4625 re-

617 4637 796 4697 stibus,
830 4653 862 4688 a
887 4634 1092 4706 populi:
1104 4634 1354 4706 exigetur.
1386 4635 1454 4706 Et
1481 4636 1533 4689 in
1565 4634 1702 4706 libro
1727 4635 1903 4704 primo
1926 4635 1993 4688 ad
2023 4637 2199 4692 natio-

619 4721 734 4767 nes,
928 4704 961 4777 4_
993 4723 1026 4777 :A
1045 4704 1160 4775 Ego
1193 4703 1361 4777 miror
1386 4704 1568 4759 Caium
1598 4703 1775 4777 Seium
1802 4721 2007 4777 gravem
2036 4707 2198 4777 vifum

618 4778 815 4846 factum
841 4771 1204 4846 Christianum.
1232 4774 1415 4846 Inepta
1445 4782 1732 4846 autemest
1758 4771 1859 4846 Ιοξί
1890 4776 2042 4830 istius
2081 4775 2200 4830 Sal-

615 4844 760 4924 iiani
781 4845 1172 4924 _le_etio_quam_
1207 4844 1463 4924 exhibent
1507 4844 1772 4924 editiones
1810 4844 2109 4900 Brassicani
2143 4854 2198 4901 et

615 4914 891 4976 Galesinii,
943 4913 1035 4968 ubi
1060 4915 1137 4968 sic
1160 4913 1350 4982 legitur
1381 4932 1393 4967 :
1425 4914 1532 4969 Sed
1570 4914 1664 4968 hac
1695 4923 1799 4968 tam
1827 4931 2002 4969 rarum
2030 4925 2105 4969 est
2134 4933 2196 4968 ac

616 5001 799 5040 novum
853 5000 1006 5056 quam
1035 4999 1210 5036 rarum
1251 4984 1410 5037 videri
1440 4993 1603 5054 potest
1623 4983 1891 5055 quemlibet
1914 5001 2194 5056 ganeonem

615 5072 719 5108 non
748 5072 871 5124 esse
897 5069 1197 5124 ganeouem,
1230 5063 1319 5124 aut
1360 5069 1704 5124 quemcunque
1730 5070 1918 5108 siccum
1947 5072 2050 5109 non
2085 5071 2195 5109 esse

615 5141 822 5179 aevum.
845 5121 1030 5180 codex
1047 5121 1419 5179 Colbertinus:
1450 5121 1679 5176 Ganeum
1701 5140 1804 5177 non
1827 5141 1937 5177 esse
1956 5142 2191 5194 ganeum,

614 5203 704 5246 aut
743 5210 1086 5265 quemcunque
1127 5210 1296 5265 sevum
1321 5209 1454 5265 nnon
1495 5209 1608 5265 esse
1654 5209 1840 5265 sevum.
1880 5194 2081 5265 Mirum
2113 5202 2195 5248 est

615 5262 873 5341 quantum
903 5264 979 5341 ⁸ἰιι
1003 5262 1436 5341 ὶξίςληοιηίιιίδιξε
1462 5262 1563 5341 sibi
1617 5263 1954 5341 permiserint
1981 5271 2193 5341 veteges

616 5330 1040 5404 librarii._A_pud
1085 5331 1336 5404 Optatum
1394 5334 1445 5386 in
1475 5330 1799 5386 libro'tertio
1829 5332 2022 5397 legitur
2055 5352 2066 5384 :
2097 5331 2191 5404 Cui

619 5397 972 5473 _Sei__autCaia
1003 5397 1148 5473 Sei_a,'
1175 5404 1619 5473 adhuc_pagauus
1646 5418 1699 5456 es
1738 5405 2096 5473 autpagana?
2127 5401 2192 5455 Et

617 5468 672 5543 ξι)
695 5467 830 5543 libro
859 5477 1010 5523 sexto
1035 5469 1164 5543 :_Cai
1192 5471 1301 5543 Sci,
1328 5467 1649 5543 ACaia'_Seia,
1677 5467 1987 5543 quandiuite
2015 5473 2190 5543 leues?

620 5537 913 5619 Utrohique
959 5539 1214 5619 scriptum
1232 5609 1246 5619 _
1267 5540 1428 5619 fuisse
1456 5537 1766 5619 Caiaseijin
1796 5539 2040 5619 editione
2056 5539 2188 5619 (Ier-

618 5608 830 5678 manica
846 5608 1429 5678 admonet_Balduinus,
1445 5611 1535 5678 qui
1557 5611 1737 5665 statim
1758 5617 1981 5664 annotat
2001 5608 2187 5664 Caium

617 5686 711 5748 aut
739 5677 920 5733 Seium
948 5685 1054 5748 aut
1091 5676 1286 5732 Titium
1315 5676 1570 5748 appellari
1619 5697 1647 5734 a
1670 5680 2064 5748 jurisconsnltis
2101 5697 2190 5735 so-

618 5746 728 5802 lere
748 5747 988 5817 quemvis
1017 5747 1305 5817 hominem.

692 5825 725 5890 ’.
748 5816 803 5870 In
827 5818 1011 5890 codice
1039 5816 1370 5890 Colbertino_
1388 5818 1645 5890 scriptum
1671 5828 1771 5890 est,
1804 5822 2187 5890 crapulatarum

623 5883 901 5940 turbarum.
929 5887 1044 5957 Quo
1067 5889 1228 5944 etiam
1250 5888 1410 5943 modo
1441 5883 1601 5943 habet
1629 5889 1797 5946 codex
1825 5883 2184 5948 Cdrbeiensis.
2221 5932 2234 5945 .

2304 4637 2462 4706 liquis
2489 4633 2713 4689 e’clero.
2748 4633 2963 4706 Horum,
2981 4635 3425 4706 actusidiscutere
3442 4633 3508 4691 se
3535 4633 3680 4694 nolle
3709 4640 3784 4693 ait
3809 4639 3878 4694 ob

2302 4704 2659 4780 reverentiam
2691 4719 2812 4780 quq;
2838 4704 3096 4780 ministris
3126 4705 3218 4780 Qui
3247 4705 3487 4780 debetur.
3522 4706 3880 4780 Hieronymus

2302 4776 2355 4830 in
2397 4775 2624 4844 epistola
2670 4773 2737 4826 ad
2776 4773 3053 4829 Rusticum
3086 4793 3098 4828 :
3133 4772 3256 4828 Non
3295 4786 3371 4829 est
3407 4772 3880 4844 humilitatis'meie

2301 4839 2459 4916 neque
2480 4859 2734 4916 mensura:
2755 4844 2992 4916 judicare
3018 4843 3080 4916 de
3107 4843 3323 4916 clericis,
3347 4846 3478 4916 etde
3496 4848 3748 4903 ministris
3774 4839 3879 4902 Ec-

2298 4914 2570 4987 glesiarum
2584 4914 3132 4987 sinistru_m__quippiam
3154 4914 3338 4968 dicere.
3363 4915 3507 4970 Idem
3531 4917 3583 4970 in
3606 4928 3767 4987 caput
3790 4935 3878 4974 vni

2297 4983 2631 5058 Ecclesiastis
2664 4984 2738 5037 ait
2773 4983 3043 5058 difﬁcilem
3078 4999 3197 5058 esse
3229 4987 3624 5058 accusationem
3664 4983 3717 5041 in
3757 4990 3876 5058 epi-

2295 5070 2535 5130 scopum.
2570 5051 2738 5108 Nemo
2771 5056 2988 5130 quippe,
3021 5055 3208 5130 inquit,
3241 5055 3394 5130 audet
3423 5072 3670 5130 accusare
3697 5051 3874 5130 majo-

2295 5123 2449 5201 izem.
2474 5123 2756 5201 Propterea
2783 5123 2931 5195 quasi
2969 5126 3134 5176 sancti
3174 5132 3224 5176 et
3253 5123 3385 5178 beati
3431 5135 3480 5179 et
3512 5127 3565 5201 iu
3604 5123 3875 5201 pcteceptis

2295 5193 2507 5248 Domini
2538 5193 2881 5269 ambulantes,
2914 5203 3101 5263 augent
3133 5203 3343 5269 peccata
3363 5193 3613 5265 peccatis.
3636 5193 3874 5269 Diﬁicilis

2293 5274 2368 5318 est
2405 5265 2758 5337 accusatioin
2787 5264 3100 5337 episwpum.
3133 5263 3193 5337 Si
3231 5263 3370 5318 enim
3411 5263 3735 5337 peccaverit:
3770 5285 3874 5323 non

2292 5335 2545 5405 creditur;
2575 5333 2974 5405 et_si__cuonvictus
3019 5334 3199 5405 fuerit,
3230 5350 3334 5387 non
3371 5333 3604 5405 punitur.
3648 5337 3876 5393 Sanctus

2293 5402 2581 5478 Gregorius
2620 5403 2670 5455 in
2700 5401 3303 5478 libro_priuio_de_Cura
3331 5401 3609 5474 pastorali,
3639 5423 3758 5478 cap.
3791 5408 3827 5460 2
3858 5425 3870 5460 :

2294 5469 2463 5525 Nemo
2492 5474 2676 5541 quippe
2704 5471 3006 5550 amplius‘in
3033 5469 3268 5550 Ecclesia
3293 5469 3439 5550 nocet
3466 5469 3621 5550 quam
3642 5469 3737 5550 ,σιῙὶ
3765 5495 3872 5550 per-

2291 5558 2430 5594 verse
2456 5539 2630 5610 agens,
2664 5556 2848 5593 nomen
2878 5539 2953 5610 vel
2981 5540 3211 5594 ordinem
3239 5539 3530 5598 sanctitatis
3563 5539 3731 5600 habet.
3765 5539 3872 5601 De-

2292 5609 2600 5688 linquentem
2636 5626 2864 5688 uanique
2899 5609 3046 5688 haud
3062 5627 3209 5664 nemo
3239 5614 3545 5688 redarguere
3574 5619 3872 5688 praesumit;

2291 5690 2341 5734 et
2375 5679 2430 5732 in
2458 5679 2744 5758 exemplum
2783 5679 2934 5758 culpa
2963 5680 3278 5758 vehementer
3310 5679 3622 5758 extEnditu'r,
3644 5679 3874 5758 quando

2331 5766 2386 5803 ro
2421 5748 2929 5829 reverentitiordiui‘s
2955 5759 3193 5829 peccator
3221 5751 3523 5829 honoratur.
3557 5748 3692 5811 vmé
3723 5757 3874 5814 libel-

2295 5768 2386 5875 pro
2421 5768 2701 5803 reverentia
2731 5768 2929 5828 01'0""?
2955 5768 3193 5829 γείσωον
3221 5768 3523 5806 nonoratur.
3563 5768 3608 5810 Vl

2318 5836 2404 5874 nm
2427 5835 2646 5890 precum
2677 5818 2969 5875 Marcellum
2999 5829 3052 5872 et
3079 5818 3338 5889 Faustini,
3371 5837 3489 5893 pag.
3522 5825 3608 5879 57.
