4234 6262
371 302 474 357 “5

1437 291 1525 347 DE
1562 288 2091 348 GUBERNATIONE
2131 290 2243 344 DEI
2285 291 2409 345 LIB.
2454 287 2561 346 VII.

3553 291 3660 352 NG
3742 245 3746 249 Ι

372 410 582 468 Domini
614 409 719 464 mei
751 407 1047 463 ministerio
1094 405 1450 461 reverentiam
1499 419 1684 470 servo;
1729 411 1784 457 et
1822 418 1958 472 quos
1988 408 2035 462 A
2071 403 2224 474 165
2255 404 2449 472 piaculi
2478 404 2907 460 exsecrationem
2927 412 3030 472 est,
3062 404 3237 460 scelus
3264 419 3529 462 summum
3559 411 3659 464 ad-

372 503 445 559 ita
475 501 623 558 solos
652 516 822 572 puros
857 500 1015 555 fuisse
1049 498 1280 554 arbitror
1318 498 1371 551 in
1407 496 1632 563 altario,
1660 496 1800 551 sicut
1841 511 1964 566 per—

375 593 627 651 euntibus
647 592 896 648 Sodomis
914 591 1085 646 solum
1100 588 1238 645 Loth
1267 588 1429 644 fuisse
1453 587 1681 656 legimus
1709 588 1762 642 in
1784 595 1968 643 monts

378 686 535 758 (Gen.
561 703 668 750 xix,
691 685 803 754 30).
827 684 1088 740 Cancrum
1109 692 1369 752 quantum
1391 681 1456 736 ad
1477 681 1689 752 plebem
1709 681 1964 752 pertinet,

325 789 328 792 ‘
379 779 498 849 quis
519 777 569 834 in
593 777 682 834 illo
702 791 926 833 nmuero
951 785 1060 830 tam
1090 776 1376 830 innumero
1395 781 1576 830 castus
1598 773 1731 828 fuit?
1758 780 1966 828 castum

378 872 520 928 dico.
557 870 712 942 164
741 868 871 937 Quis
893 884 1001 925 non
1032 866 1372 931 fornicarius,
1393 882 1502 921 non
1523 864 1753 931 adulter,
1784 865 1968 920 ethoc

377 965 495 1021 sine
522 963 838 1029 cessatione,
871 962 988 1018 sine
1013 960 1282 1017 termino?
1312 959 1544 1014 Rursum
1572 957 1847 1014 clamitem
1876 956 1971 1012 ita-

379 1069 486 1125 que
515 1068 732 1110 necesse
751 1063 855 1109 est.
880 1051 1010 1120 Qua:
1031 1067 1156 1122 spes
1179 1051 1232 1105 in
1255 1050 1348 1105 illo
1377 1048 1576 1122 populo
1597 1064 1718 1104 esse
1737 1053 1969 1118 poterat,

379 1147 466 1201 ubi
495 1160 613 1202 cum
645 1161 785 1200 unus
805 1144 1074 1199 interdum
1098 1142 1310 1197 adulter
1350 1150 1376 1179 ι
1403 1141 1618 1212 plebem
1648 1139 1972 1196 ecclesiasti-

374 1257 488 1299 cam
511 1241 737 1312 polluat,
764 1240 837 1296 ibi
859 1240 1002 1294 inter
1031 1248 1112 1294 tot
1139 1236 1306 1292 millia
1334 1235 1377 1292 si
1399 1235 1802 1305 diligentissime
1822 1247 1969 1303 quae-

373 1348 542 1398 reres,
567 1341 781 1388 castum
802 1330 890 1386 vel
915 1331 968 1384 in
982 1329 1222 1385 Ecclesia
1244 1327 1485 1382 invenire
1507 1326 1593 1380 vix
1615 1340 1824 1397 posses.
1847 1323 1974 1378 Plus

374 1425 544 1480 multo
571 1424 770 1481 dicam.
807 1422 1020 1478 Utinam
1049 1423 1164 1478 hare
1191 1434 1372 1477 essent
1413 1421 1526 1476 sola
1553 1435 1676 1490 qua:
1719 1419 1972 1484 diximus,

379 1527 434 1573 et
453 1525 712 1573 contenta
736 1515 844 1570 illic
864 1515 1105 1570 virorum
1130 1513 1410 1584 impuritas
1435 1510 1623 1567 fuisset
1650 1509 1778 1566 solis
1799 1509 1975 1564 sordi—

2068 496 2285 550 mittere
2313 506 2369 551 et
2395 495 2657 566 pudorem
2695 496 2913 553 sceleris
2951 513 3060 554 non
3099 498 3319 554 habere.
3361 497 3664 571 Quid-rogo

2070 588 2183 644 fieri
2215 588 2324 644 illic
2351 589 2711 659 prodigiosius
2737 590 2948 660 potuit?
2976 589 3034 644 In
3071 590 3204 646 urbe
3229 589 3537 666 Christiana
3559 634 3575 658 ,
3608 593 3665 648 in

2019 744 2032 755 _
2070 679 2203 735 urbe
2249 680 2646 747 ecclesiastica,
2698 696 2860 751 quam
2906 680 3181 752 quondam
3234 681 3496 739 doctrinis
3548 683 3662 740 suis

2070 772 2099 812 δ
2128 773 2362 844 apostoli
2392 773 2767 840 instituerant,
2806 787 2971 844 quam
3008 773 3352 844 passionibus
3379 775 3490 830 suis
3517 790 3666 829 mar-

2073 876 2219 940 tyres
2246 875 2592 934 coronarant,
2629 866 2729 922 viri
2769 867 2822 922 in
2859 867 3162 938 semetipsis
3189 865 3418 924 feminas
3445 867 3668 940 profite-

2072 961 2288 1022 bantur,
2339 967 2396 1014 et
2440 958 2544 1014 hoc
2590 958 2708 1014 sine
2753 957 2974 1029 pudoris
3018 958 3349 1024 umbraculo,
3395 958 3512 1014 sine
3556 958 3670 1013 ullo
3741 1007 3758 1018 .

2072 1050 2411 1106 verecundia:
2439 1050 2638 1106 amictu
2665 1068 2678 1103 :
2702 1065 2767 1105 ac
2793 1051 2889 1115 sic,
2912 1050 3064 1120 quasi
3085 1065 3272 1121 parum
3300 1050 3498 1122 piaculi
3526 1065 3671 1106 esses

2075 1145 2121 1200 si
2149 1145 2291 1200 malo
2320 1145 2412 1201 illo
2440 1145 2706 1200 malorum
2734 1153 2941 1200 tantum
2963 1146 3370 1216 inquinarentur
3395 1155 3668 1212 auctores.

2078 1253 2176 1309 per
2202 1238 2469 1308 publicam
2498 1239 2722 1294 sceleris
2749 1239 3140 1309 professionem
3169 1239 3330 1296 fiebat
3357 1240 3519 1295 etiam
3547 1255 3673 1296 sce-

2078 1327 2160 1382 lus
2207 1327 2428 1397 intcgra:
2475 1329 2724 1384 civitatis.
2757 1327 2987 1384 Videbat
3029 1329 3228 1401 quippe
3272 1330 3378 1385 hoc
3421 1330 3673 1388 universa

2078 1419 2240 1484 urbs,
2272 1427 2332 1474 et
2355 1419 2662 1490 patiebatur
2693 1438 2707 1473 :
2739 1419 2994 1476 videbant
3016 1419 3244 1489 iudices,
3275 1428 3332 1476 et
3359 1419 3673 1488 acquiesce-

2079 1513 2209 1566 bant
2238 1530 2250 1564 :
2276 1512 2509 1582 populus
2529 1511 2765 1578 videbat,
2791 1520 2845 1568 et
2863 1512 3224 1583 applaudebat
3247 1529 3262 1565 :
3284 1527 3349 1567 ac
3375 1511 3455 1568 sic
3480 1509 3674 1567 diffuso

378 1611 564 1665 ularum
586 1609 872 1664 mulierum
893 1583 1343 1662 fornicationibus
1363 1603 1632 1674 inquinari
1653 1603 1666 1655 !
1691 1601 1824 1657 Illud
1850 1616 1976 1671 gra-
2037 1583 2039 1585 1
2081 1619 2180 1674 per
2204 1611 2373 1659 totam
2394 1604 2582 1660 urbem
2609 1603 2890 1660 dedecoris
2909 1604 3234 1673 scelerisque
3253 1603 3548 1668 consortio,
3570 1601 3676 1663 etsi

381 1707 499 1760 vius
527 1715 580 1760 et
606 1704 905 1769 scelestius,
936 1701 1082 1772 quod
1111 1701 1201 1756 illa
1229 1700 1296 1755 de
1323 1698 1518 1769 quibus
1541 1698 1732 1753 beatus
1759 1703 1980 1766 aposto-
2081 1697 2188 1752 hoc
2215 1712 2503 1752 commune
2531 1697 2781 1752 omnibus
2810 1712 2917 1752 non
2946 1696 3176 1752 faciebat
3195 1705 3367 1763 actus,
3388 1711 3676 1752 commune

381 1798 464 1851 lus
492 1795 705 1863 Paulus,
749 1811 872 1852 cum
901 1809 1108 1851 summa
1137 1790 1302 1847 animi
1327 1789 1712 1846 lamentatione
1739 1801 1977 1856 eonque-
2005 1789 2055 1850 B
2081 1789 2333 1846 omnibus
2361 1787 2592 1844 faciebat
2619 1803 2885 1845 assensus.
2923 1787 3029 1844 Sed
3059 1789 3179 1844 linis
3207 1789 3497 1859 aliquando
3525 1789 3679 1846 forsi-

307 1894 314 1901 ‘
381 1889 520 1943 ritur
544 1888 716 1959 (Rom.
743 1905 786 1952 ι,
809 1888 881 1942 ‘25
901 1887 1087 1959 seqq.),
1111 1887 1165 1941 in
1186 1883 1330 1940 Afris
1351 1899 1492 1955 pene
1513 1883 1695 1939 omnia
1720 1881 1935 1938 fuerunt
1955 1898 1990 1948 ;·

384 1979 589 2040 scilicet
623 1981 747 2047 quia
776 1978 1034 2044 masculi,
1083 1976 1272 2032 relicto
1317 1976 1550 2030 naturali
1598 1990 1698 2030 usu
1739 1971 1972 2040 feminm,

391 2078 706 2124 exarserunt
749 2070 800 2123 in
830 2067 1111 2123 desideriis
1135 2067 1247 2122 suis
1277 2066 1329 2121 in
1372 2065 1634 2130 invicem,
1667 2063 1891 2119 masculi
1923 2063 1977 2117 in

397 2158 664 2214 masculos
716 2158 1098 2229 turpitudinem
1157 2167 1501 2221 exercentes,
1562 2165 1620 2210 ct
1669 2153 1978 2211 mercedem

395 2266 561 2320 quam
599 2251 834 2321 oportuit
860 2251 1060 2306 erroris
1098 2251 1176 2305 sui
1208 2251 1260 2305 in
1295 2250 1595 2320 semetipsis
1632 2248 1972 2318 recipientes.

391 2342 460 2397 Et
490 2346 626 2398 sicut
656 2360 762 2399 non
809 2344 1171 2414 probaverunt
1215 2343 1377 2398 Demu
1424 2343 1625 2399 habere
1667 2343 1721 2396 in
1767 2341 1976 2407 notitia,

387 2433 607 2488 tradidit
634 2435 752 2489 illos
780 2435 922 2490 Deus
963 2435 1016 2490 in
1059 2436 1344 2506 reprobum
1383 2450 1621 2500 sensum,
1675 2443 1733 2488 ut
1778 2432 1984 2488 faciant

381 2539 505 2594 qua:
533 2539 640 2580 non
670 2527 939 2581 convenit.
970 2525 1215 2596 Nunquid
1245 2527 1350 2584 hoc
1377 2528 1568 2583 beatus
1593 2526 1886 2598 Apostolus
1913 2523 1983 2580 de

382 2616 624 2671 barbaris
652 2632 713 2673 ac
741 2617 869 2676 feris
896 2619 1147 2688 gentibus
1175 2619 1347 2674 dixit?
1390 2635 1497 2675 non
1527 2620 1710 2688 utique
1732 2660 1748 2684 ,
1774 2617 1887 2673 sed
1913 2617 1984 2673 de

385 2709 570 2776 nobis,
601 2709 653 2764 id
681 2720 792 2778 est,
834 2711 1146 2780 specialiter
1171 2711 1240 2765 de
1272 2711 1532 2766 Romanis
1557 2729 1570 2764 :
1601 2726 1738 2779 quos
1765 2710 1982 2779 quidem

383 2801 514 2870 Afri,
540 2803 664 2872 quia
694 2818 1038 2873 nequaquam
1068 2804 1198 2859 olim
1227 2803 1445 2858 vincere
1473 2803 1700 2873 imperio
1729 2818 1794 2858 ac
1819 2802 1985 2858 subli-

384 2896 574 2952 mitate
605 2896 922 2958 valuerunt,
955 2896 1102 2966 quod
1135 2904 1427 2965 potuerunt
1457 2912 1652 2962 unum,
1680 2897 1986 2967 impuritate

390 2986 661 3039 vicerunt.
720 2983 1042 3052 Quicunque
1070 2999 1200 3053 ergo
1221 2985 1343 3053 jure
1369 3001 1429 3041 se
1456 2987 1585 3041 mihi
1615 2987 1773 3042 irasci
1810 2995 1982 3057 putat,

394 3075 567 3144 magis
587 3075 848 3146 Apostolo
878 3076 1140 3130 irascatur
1165 3094 1178 3129 :
1211 3077 1415 3132 scilicet
1442 3078 1566 3148 quia
1589 3078 1730 3148 quod
1759 3078 1985 3134 dicimus

2083 1889 2170 1935 tan
2202 1879 2327 1934 mali
2357 1888 2453 1934 aut
2479 1880 2788 1936 emendatio
2817 1881 2997 1950 aliqua
3027 1881 3162 1935 labis
3189 1881 3343 1936 istius
3370 1879 3504 1936 fuit?
3543 1878 3676 1948 Quis

2079 1970 2302 2027 credere
2329 1979 2423 2025 aut
2449 1971 2612 2025 etiam
2641 1970 2827 2026 audire
2855 1973 3026 2042 possit
3051 1972 3382 2027 convertisse
3411 1972 3466 2026 in
3499 1981 3520 2010 ε
3552 1986 3675 2026 ιιιιι-

2083 2063 2305 2119 licbrcm
2337 2065 2680 2119 tolerantiam
2710 2066 2854 2120 viros
2899 2080 3009 2120 non
3055 2081 3211 2123 usum
3258 2073 3467 2121 tantum
3513 2073 3678 2136 atque

2083 2167 2330 2211 naturam
2350 2197 2365 2222 ,
2397 2156 2494 2211 sed
2523 2158 2686 2212 etiam
2715 2158 2919 2212 vultum
2937 2199 2954 2224 ,
2986 2157 3252 2214 incessum
3270 2199 3286 2226 ,
3316 2158 3589 2224 habitum,
3621 2165 3678 2216 es

2088 2257 2258 2304 totum
2289 2248 2507 2318 penitus
2536 2249 2794 2319 quidquid
2821 2259 2915 2305 aut
2941 2252 2995 2306 in
3043 2267 3176 2306 sexu
3220 2260 3304 2306 est
3343 2259 3435 2305 aut
3477 2251 3533 2305 in
3577 2266 3680 2312 usu
3720 2270 3722 2272 ·

2087 2340 2186 2394 viri
2219 2358 2231 2392 :
2267 2339 2406 2394 adeo
2435 2355 2590 2396 versa
2621 2341 2675 2395 in
2703 2341 2980 2397 diversum
3014 2343 3196 2399 omnia
3223 2351 3414 2410 erant;
3454 2351 3516 2398 ut
3555 2339 3681 2399 cum

2087 2431 2216 2484 viris
2245 2430 2380 2484 nihil
2407 2432 2579 2500 magis
2609 2431 2802 2502 pudori
2843 2448 2964 2490 esse
3003 2443 3254 2505 oporteat
3293 2449 3458 2506 quam
3484 2435 3530 2489 si
3558 2450 3679 2491 mu-

2089 2521 2256 2576 liebre
2285 2522 2487 2592 aliquid
2518 2523 2570 2578 in
2599 2538 2659 2578 se
2687 2524 2890 2581 habere
2917 2525 3226 2593 videantur;
3257 2526 3365 2582 illic
3392 2527 3524 2581 nihil
3551 2525 3681 2582 viris

2087 2613 2410 2684 quibusdam
2439 2615 2648 2686 turpius
2675 2615 2948 2673 videretur
2972 2631 3136 2686 quam
3181 2617 3227 2672 si
3273 2617 3327 2671 in
3372 2616 3553 2684 aliquo
3580 2616 3682 2673 viri

2093 2704 2416 2760 viderentur.
2559 2706 2565 2712 '

2161 2795 2300 2851 XIX.
2333 2797 2441 2853 Sed
2468 2813 2764 2868 paucorum
2800 2798 2936 2864 hoc,
2969 2798 3176 2867 inquis,
3208 2795 3442 2852 dedecus
3469 2795 3596 2863 fuit;
3627 2805 3683 2856 at

2087 2890 2235 2960 quod
2264 2905 2373 2944 non
2401 2906 2432 2944 a
2460 2890 2702 2960 pluribus
2729 2898 3102 2960 perpetratum
3131 2898 3233 2957 est,
3257 2889 3466 2945 cunctis
3484 2903 3684 2946 nocere

2090 2997 2198 3038 non
2226 2983 2421 3053 potuit.
2455 2981 2573 3036 Jam
2601 2981 2818 3052 quidem
2846 2997 3008 3054 supra
3036 2981 3147 3038 dixi
3174 2981 3488 3054 sazpissime,
3514 2982 3567 3037 in
3587 2981 3685 3044 Dei

2089 3075 2293 3146 populo
2321 3075 2485 3130 etiam
2513 3076 2672 3131 unius
2699 3074 2905 3132 facinus
2930 3085 3141 3147 pestem
3168 3075 3334 3132 fuisse
3360 3077 3684 3143 multorum;

396 3179 496 3219 nos
534 3163 699 3220 fuisse
742 3163 919 3230 Arms,
963 3165 1068 3220 hoc
1096 3165 1184 3220 ille
1211 3164 1346 3220 dixit
1383 3166 1630 3223 dominos
1655 3183 1839 3224 eorum
1866 3184 1986 3225 esse
2011 3164 2060 3228 C
2092 3167 2232 3223 sicut
2260 3182 2327 3221 ex
2351 3165 2494 3222 furto
2523 3167 2700 3224 Achar
2725 3168 2956 3240 populus
2975 3169 3083 3224 ruit
3104 3167 3286 3241 (Iosue
3310 3166 3428 3239 vn).
3451 3168 3590 3223 sicut
3616 3179 3686 3227 οι

394 3253 689 3310 Romanos.

462 3344 644 3400 XVIII.
676 3345 780 3401 Sed
807 3347 948 3402 forte
977 3348 1063 3402 vel
1114 3349 1165 3403 id
1213 3350 1480 3406 occultum
1525 3352 1671 3422 quod
1712 3353 1984 3424 loquimur

388 3449 524 3504 erat,
551 3449 645 3493 aut
669 3439 860 3495 saltem
883 3441 988 3496 hoc
1011 3442 1366 3512 providebant
1389 3455 1772 3515 procuratores
1799 3462 1868 3502 ne
1890 3463 1984 3518 pu-

390 3534 543 3588 blica:
568 3534 768 3603 passim
796 3533 1091 3605 disciplina:
1129 3536 1316 3592 oculos
1343 3537 1578 3594 civitatis
1604 3540 1810 3596 scelera
1851 3555 1982 3610 pro-

392 3625 568 3696 palata
621 3626 942 3695 polluerent.
988 3625 1142 3694 Quod
1189 3628 1236 3682 si
1284 3627 1483 3684 factum
1533 3630 1716 3700 utique
1759 3630 1980 3699 fuisset,

391 3709 638 3787 quamvis
684 3719 835 3774 multi
865 3719 1198 3776 exstitissent
1226 3735 1391 3791 opere
1436 3723 1555 3793 ipso
1600 3723 1830 3792 sordidi,
1879 3741 1989 3782 non

391 3825 582 3865 omnes
611 3819 788 3866 tamen
839 3810 1053 3866 fuerant
1080 3812 1199 3867 visu
1227 3820 1390 3882 atque
1413 3813 1593 3869 animo
1615 3815 1906 3882 sordidati;
1933 3825 1990 3872 et

393 3902 532 3956 solet
557 3902 686 3956 satis
707 3917 795 3958 res
813 3901 1098 3972 flagitiosa,
1121 3903 1337 3972 quando
1365 3905 1543 3973 agitur
1569 3907 1798 3974 occulte,
1829 3908 1988 3964 tidem

399 3989 650 4047 facinoris
672 4007 778 4048 non
795 3993 1009 4049 mereri.
1027 3992 1200 4064 Supra
1216 4008 1432 4050 omnem
1453 4003 1636 4051 autem
1656 4000 1988 4056 monstruosi

2093 3258 2211 3314 zelo
2243 3259 2421 3315 Saulis
2448 3269 2569 3316 orta
2597 3270 2680 3317 est
2706 3261 3010 3333 pestilentia
3036 3259 3087 3333 (Ι
3117 3260 3246 3333 Reg.
3275 3277 3362 3318 xix
3380 3261 3420 3331 ),
3451 3260 3591 3317 sicut
3617 3259 3686 3317 ex

2092 3353 2264 3407 sancti
2293 3351 2462 3408 David
2481 3353 2912 3410 dinumeratione
2936 3354 3240 3410 mortalitas
3261 3350 3338 3426 (ll
3360 3351 3488 3424 Reg.
3513 3351 3682 3422 sxw).

2091 3444 2170 3499 Ita
2199 3454 2282 3501 est
2318 3447 2463 3502 enim
2502 3445 2599 3502 Dei
2626 3446 2863 3503 Ecclesia
2902 3447 3055 3518 quasi
3099 3447 3308 3504 oculus.
3354 3445 3490 3500 Nam
3532 3452 3591 3498 ut
3630 3443 3686 3499 in

2094 3540 2312 3596 oculum
2339 3541 2503 3596 etiam
2530 3541 2576 3596 si
2604 3556 2768 3611 parva
2799 3540 2987 3596 sordes
3015 3540 3248 3603 incidat,
3292 3547 3466 3594 totum
3505 3538 3687 3592 lumen

2101 3633 2260 3704 166
2285 3632 2555 3697 obcaecat,
2597 3631 2676 3686 sic
2710 3632 2764 3684 in
2797 3630 2824 3666 ά
2859 3630 3226 3686 ecclesiastico
3265 3642 3495 3697 corpore
3522 3629 3687 3684 etiam

2092 3724 2138 3778 si
2180 3723 2338 3793 pauci
2377 3720 2594 3777 sordida
2640 3719 2866 3784 faciant,
2907 3735 3078 3788 prope
3114 3727 3287 3772 totum
3335 3716 3687 3776 ecclesiastici

2091 3811 2394 3884 splendoris
2433 3811 2616 3865 lumen
2667 3808 2950 3865 oll'uscant.
3001 3807 3069 3862 Et
3113 3805 3236 3864 ideo
3282 3808 3531 3864 Salvator
3571 3810 3687 3882 ipse

2091 3905 2443 3979 principalem
2453 3901 2706 3959 Ecclesiae
2716 3908 2923 3974 partem
2936 3900 3152 3957 oculum
3165 3901 3656 3962 nominavitdicens
3670 3922 3684 3956 :

2095 3999 2334 4054 Lucerna
2362 3997 2596 4070 corporis
2625 3995 2699 4050 tui
2737 4002 2814 4048 est
2849 3994 3028 4049 oculus
3070 4002 3204 4048 atus.
3252 3991 3315 4049 Si
3355 3992 3530 4049 oculus
3570 4002 3689 4050 tuus

1575 4153 1918 4213 STEPHANI
1956 4157 2230 4215 BALUZII
2267 4155 2496 4212 ΝΟΤΑΞ.

468 4299 496 4329 ³
527 4290 584 4346 Id
613 4299 730 4362 est,
780 4291 1036 4362 populum
1057 4291 1334 4362 Ecclesia:
1360 4293 1475 4348 sive
1516 4294 1664 4348 urbis
1709 4293 1993 4362 Carthagi-

392 4361 810 4434 nensisaSupra
852 4361 973 4432 pag.
1013 4361 1084 4416 45
1116 4382 1128 4416 :
1160 4364 1378 4434 populos
1410 4363 1807 4434 ecglesiasticos.
1847 4361 1991 4420 Infra

392 4445 516 4505 pag.
550 4431 655 4505 166
686 4431 783 4505 {in
814 4431 1421 4505 ecclesiastico'corpore.
1457 4432 1526 4486 Et
1569 4447 1692 4503 pag.
1722 4432 1830 4487 216
1863 4453 1876 4489 :
1908 4453 1992 4490 ec-

395 4502 699 4573 clesiasticae
727 4502 908 4573 plebis.

466 4571 495 4610 δ
517 4570 745 4627 Putabat
759 4572 1040 4629 Salvianus
1055 4572 1350 4630 Ecelesiam
1371 4572 1850 4642 Carthaginiensem
1871 4591 1992 4632 esse

394 4657 557 4714 unam
586 4658 655 4697 ex
683 4644 1018 4714 apostolicis.
1049 4643 1104 4698 In
1135 4660 1245 4714 quo
1273 4644 1466 4699 falsum
1505 4644 1653 4699 illum
1683 4645 1848 4701 fuisse
1876 4662 1990 4701 ma-

2097 4310 2235 4374 gnus
2253 4295 2352 4349 ιιι).
2376 4310 2416 4374 ι2
2440 4291 2600 4374 epist.
2632 4291 2862 4374 75,.qua}
2892 4290 2958 4374 ad
2979 4307 3076 4374 eos
3103 4292 3430 4374 scripta__est.
3450 4294 3689 4374 Xulgata

2097 4362 2282 4434 itaque
2310 4362 2606 4418 ambitione
2633 4362 2984 4434 antiquitatis,
3013 4362 3141 4416 dum
3169 4362 3421 4430 quaelibet
3449 4362 3688 4420 Ecclesia

2096 4431 2841 4516 antiquissimampriginem
2867 4432 2981 4514 sibi
3027 4447 3270 4516 asserere
3317 4441 3563 4516 conatur,
3613 4435 3690 4492 ln-

2096 4501 2247 4586 venti
2295 4512 2420 4586 sunt
2466 4503 2557 4586 qui
2595 4517 2723 4559 suos
2769 4501 2961 4586 Africze
3007 4503 3284 4586 apostolos
3311 4503 3686 4586 vindicarent,

2096 4575 2317 4632 Petrum
2364 4572 2618 4645 nimirum
2659 4572 3050 4645 apostolorum
3075 4575 3369 4645 principem
3399 4583 3454 4630 et
3486 4573 3690 4636 Lauda-

2097 4655 2210 4701 tum
2257 4644 2547 4716 quemdam
2593 4641 2826 4716 primum
2846 4713 2858 4716 _
2879 4641 3222 4716 Carthaginis
3250 4641 3579 4716 episcopum
3621 4645 3690 4708 ab

389 4711 644 4788 nifestnm
686 4708 787 4788 est_.
836 4713 972 4788 lVam
1002 4708 1372 4788 Tertullianus
1386 4756 1400 4779 ,
1455 4715 1618 4788 homo
1648 4715 1775 4770 Afer
1797 4756 1812 4780 ,
1860 4717 1991 4788 dum
2017 4708 2068 4769 D
2095 4708 2362 4788 apostolis
2386 4708 2868 4788 ordinatum.__Sed
2893 4714 2992 4768 has
3014 4708 3194 4788 ‘nu'gas
3221 4708 3415 4773 merito
3449 4708 3690 4788 explodit

389 4784 718 4853 apostolicas
745 4783 1016 4840 Ecelesias
1036 4792 1304 4849 recenset,
1334 4784 1811 4853 Carthaginiensem
1834 4787 1990 4841 omit-

389 4855 475 4917 tit,
507 4871 627 4943 ‘non
667 4855 967 4943 emissurus
1002 4854 1308 4943 hauddubie
1344 4857 1390 4910 si
1427 4870 1533 4924 qua
1573 4857 1868 4943 antiquitus
1907 4855 1986 4939 fa-

389 4940 476 4983 ma
507 4923 697 4996 fuisset
725 4925 1004 4996 apostolos
1023 4995 1026 4996 ν
1044 4925 1362 4996 penetrasse
1407 4923 1577 4995 usque
1606 4927 1673 4982 ad
1701 4923 1985 4996 Carthagi-

391 5010 534 5050 nem.
567 4994 776 5052 Veruni
797 4995 923 5065 quia
945 4994 1186 5050 Salviani
1213 5003 1375 5050 astate
1403 4994 1654 5052 catholici
1685 4998 1826 5052 intra
1855 4994 1989 5051 Afri-

392 5079 512 5117 cam
533 5066 934 5136 contendebant
961 5065 1246 5122 Africanos
1267 5068 1335 5121 ab
1356 5067 1616 5136 apostolis
1638 5066 1988 5136 Evangelium

393 5135 686 5207 accepisse,
729 5137 874 5207 quod
916 5153 946 5191 a
993 5137 1294 5192 Donatistis
1340 5135 1622 5206 prmfraete
1665 5135 1983 5206 negabatur,

391 5203 680 5261 Salvianus
727 5203 854 5262 odio
892 5207 1037 5262 haud
1083 5207 1246 5263 dubie
1275 5203 1532 5262 adversus
1578 5203 1884 5266 Donatistas
1931 5216 1988 5263 et

390 5289 584 5330 amore
619 5277 1006 5332 catholicorum
1049 5276 1206 5348 facile
1243 5278 1527 5348 amplexus
1559 5278 1985 5348 estapinionem

389 5358 582 5419 eorum
615 5348 715 5419 qui
763 5347 1028 5419 dicebant,
1057 5347 1220 5419 Afros
1247 5346 1552 5404 Christiana
1601 5346 1716 5419 fide
1751 5348 1986 5403 imbutos

389 5416 558 5489 fuisse
579 5417 647 5472 ab
668 5418 948 5489 apostolis.
969 5416 1199 5473 Videbat
1216 5427 1476 5489 praeterea
1503 5418 1984 5486 Carthaginensem

389 5487 1033 5570 episcopum’wqualibus
1052 5487 1354 5570 privilegiis
1372 5489 1472 5544 frui
1501 5505 1622 5570 cum
1653 5489 1984 5570 antistitibus

468 5558 756 5614 clesiarum
805 5558 1263 5628 apostolicarum;
1306 5560 1534 5630 ideoque
1580 5559 1734 5616 facile
1763 5559 1836 5614 illi
1883 5558 1984 5614 fuit

384 5630 622 5700 s_ransire
664 5630 717 5684 in
745 5644 866 5684 eam
907 5631 1233 5700 sententiam
1279 5645 1398 5700 qua:
1428 5631 1640 5686 volebat
1674 5630 1979 5686 Africanam

385 5696 688 5754 Ecclesiam
731 5701 800 5754 ab
827 5699 1084 5769 apostolis
1111 5699 1276 5755 fuisse
1299 5696 1594 5756 fundatam.
1629 5702 1782 5769 Quod
1816 5719 1846 5757 a
1877 5701 1979 5756 Nu-

385 5769 548 5825 midis
589 5784 807 5840 quoque
835 5769 1098 5825 creditum
1137 5769 1302 5828 fuisse
1339 5771 1496 5828 docet
1525 5772 1817 5842 Gregorius
1862 5772 1977 5828 Ma-

1410 5920 1516 5940 θ’θ’.

2095 4783 2490 4840 illustrissimus
2517 4783 2804 4838 cardinalis
2831 4783 3114 4838 Baronius.

2086 4888 2088 4890 τ
2169 4867 2190 4894 ο
2221 4854 2310 4910 Sic
2331 4854 2482 4925 apud
2525 4854 2841 4925 Sallustium
2879 4853 3192 4925 inCa_tilina
3226 4875 3238 4910 :
3287 4855 3399 4911 Viri
3429 4857 3538 4917 pati
3575 4873 3690 4909 mu-

2092 4926 2295 4980 liebria.
2329 4923 2397 4978 Et
2439 4924 2582 4994 apud
2610 4923 2855 4979 Tacitum
2875 4965 2888 4991 ,
2923 4924 2990 4980 de
3016 4923 3287 4994 Cesonino
3320 4943 3334 4979 :
3373 4925 3439 4979 In
3469 4925 3558 4977 illo
3589 4927 3686 4992 [ω-

2094 4997 2310 5050 dissimo
2331 5005 2460 5049 coetu
2479 4993 2673 5065 passus
2694 4995 2985 5050 muliebria.
3011 4993 3250 5065 Muretus
3272 5009 3402 5065 vero
3423 5001 3608 5046 noster
3632 4994 3688 5048 in

2094 5062 2498 5121 commentario
2553 5063 2621 5119 ad
2678 5065 2967 5121 secundam
3032 5062 3398 5118 Catilinariam
3462 5070 3691 5116 annotat

2094 5135 2474 5202 Massilienses,
2497 5135 2589 5206 qui
2619 5145 2802 5192 essent
2829 5134 3028 5206 alioqui
3053 5132 3278 5206 optimis
3303 5131 3687 5206 sanctissimis-

2095 5223 2200 5278 que
2230 5207 2436 5276 legibus
2462 5197 2770 5278 instructi,
2815 5221 2922 5278 non
2952 5197 3022 5257 ob
3052 5197 3167 5278 hoc
3200 5197 3406 5278 traduci
3436 5199 3690 5259 debuisse

2096 5269 2164 5331 ab
2186 5269 2443 5348 Athenaeo
2471 5277 2616 5348 quod
2646 5269 2896 5333 mascula:
2922 5270 3103 5348 veneri
3129 5269 3301 5348 dediti
3326 5280 3532 5348 essent,
3562 5288 3688 5328 cum

2096 5349 2238 5418 apud
2285 5338 2574 5404 Cretenses
2614 5362 2830 5417 quoque
2877 5351 2932 5397 et
2968 5338 3408 5418 Dacedazmonios
3453 5359 3687 5418 quorum

2073 5410 2310 5488 uirique
2354 5410 2706 5474 sanctissimis
2742 5410 2819 5469 ac
2844 5410 3199 5468 severissimis
3237 5412 3445 5488 legibus
3470 5410 3558 5472 usi
3587 5432 3689 5486 pu-

2093 5487 2291 5555 tantur,
2334 5502 2624 5559 puerorum
2670 5496 2848 5540 tamen
2889 5497 3104 5539 amores
3131 5487 3333 5557 probro
3379 5508 3486 5548 non
3526 5491 3690 5549 duce-

2048 5608 2051 5610 .
2089 5570 2294 5615 rentur.

2158 5593 2371 5750 δ’ὃέῗὲ
2399 5635 2611 5681 constat
2639 5642 2705 5681 ex
2735 5627 2947 5686 clericis
2975 5639 3029 5685 et
3059 5629 3229 5686 laicis.
3264 5633 3399 5688 Vide
3429 5633 3593 5686 Notas
3619 5629 3690 5686 ad

2159 5715 2211 5750 α.
2361 5736 2372 5748 .

2087 5715 2211 5770 pag.
2251 5715 2372 5750 τοι.
