4234 6262
586 155 685 212 14⁸7

1541 157 1596 210 S.
1640 153 1953 210 SALVIANI
1997 150 2456 208 MASSILIENSIS
2494 122 2919 227 PRESBYTER!

3720 202 3726 207 -
3758 163 3864 218 με

522 255 539 265 ’
564 252 737 341 ‘fnerit
752 268 989 341 simplex,
1005 278 1165 325 totum
1186 287 1367 342 corpus
1390 279 1529 323 tuum
1550 267 1773 322 lucidum
1795 269 1918 321 erit:
1937 269 1979 320 si
2002 277 2169 320 autem
2199 267 2245 324 Α
2276 281 2380 319 non
2412 277 2615 322 crescat
2647 284 2765 322 cum
2814 268 3170 341 prosperitate
3198 267 3499 343 vitiositas?
3527 270 3602 326 Ac
3627 288 3723 345 per
3761 276 3863 343 hoc

522 402 533 407 -
582 365 760 420 «ab:
784 374 904 419 tua
932 358 1090 436 ﬁeri:
1105 364 1342 436 nequam,
1368 370 1526 416 totum
1554 376 1740 431 corpus
1770 368 1910 413 tuum
1933 358 2168 413 tenebro-

581 473 697 512 sum
715 458 815 519 eri}
835 455 1050 529 (lauit.
1083 470 1164 522 vr,
1189 453 1278 520 Ω,
1300 453 1413 524 35).
1447 451 1601 507 Unde
1621 460 1676 507 et
1705 450 2034 521 Apostolus:
2061 447 2171 504 Ne-

568 550 746 623 scitis,
769 548 959 617 iquit,
988 549 1111 620 quia
1142 546 1402 602 modicum
1430 548 1733 618 renuentum
1764 553 1923 600 totam
1941 561 2171 599 massam

580 640 867 711 corrumpit
884 637 939 710 (ι
958 638 1079 694 Cor.
1107 656 1158 705 ν,
1176 637 1275 708 8)?
1302 638 1560 705 Quamvis
1588 651 1689 706 ego
1718 637 1827 692 illic
1855 653 1963 692 non
1993 635 2169 691 modi-

582 744 711 785 cum
730 730 804 785 de
828 730 932 784 hoc
959 729 1123 797 malo,
1158 730 1253 787 sed
1282 730 1441 785 nimis
1467 728 1633 785 fuisse
1657 728 1862 795 dicam;
1904 745 2014 784 non
2044 729 2171 798 quia

495 893 498 897 ,
550 820 775 881 .ιωιιοει
796 820 1013 890 plurimi
1038 818 1258 889 fuerint,
1286 822 1382 878 sed
1409 822 1536 891 quia
1565 820 1821 876 mollities
1854 835 2167 892 paucorum,

578 912 730 968 labos
752 920 840 967 est
862 912 1237 983 plurimorum.
1262 914 1394 970 Nam
1422 915 1527 971 etsi
1552 915 1710 985 pauci
1739 922 1864 970 sunt
1890 915 1981 985 qui
2009 914 2172 969 dede-

578 1016 771 1059 coros:
800 1004 1122 1072 sustineant,
1152 1005 1305 1060 multi
1333 1013 1460 1060 sunt
1484 1005 1577 1075 qui
1605 1001 2173 1075 paucorum'sordibus

576 1095 906 1164 pelluntur.
935 1095 1088 1152 Sicut
1115 1098 1261 1159 enim
1288 1113 1396 1153 una
1424 1099 1682 1153 meretrix
1714 1098 1915 1153 multos
1939 1098 2173 1153 fornica-

574 1193 726 1245 tores
744 1186 895 1254 facit,
913 1189 996 1244 sic
1014 1189 1301 1259 plurimam
1324 1192 1508 1263 populi
1537 1198 1747 1262 partem
1770 1191 2013 1260 inquinat
2034 1206 2172 1263 pau-

574 1294 769 1337 corum
796 1278 1229 1341 eﬁ‘emiutorum
1259 1261 1620 1338 abominanda
1644 1282 1950 1353 permixtio.
1981 1261 2050 1334 Et
2072 1297 2170 1336 ne-

572 1369 693 1427 scio
706 1369 805 1439 ςιή
818 1384 1012 1425 eorum
1030 1379 1158 1426 ante
1178 1371 1349 1428 Deum
1368 1372 1666 1428 deteriores
1684 1372 1810 1437 sint,
1833 1386 1958 1426 cum
1976 1366 2171 1441 aequali

572 1458 633 1519 in
652 1458 867 1529 scriptis
885 1460 1052 1515 sacris
1071 1468 1218 1516 sorte
1237 1461 1577 1521 damnentur.
1608 1459 1791 1534 Neque
1809 1462 1947 1515 enim
1968 1461 2169 1526 moues,

575 1550 771 1620 inquit,
816 1568 979 1624 segne
1028 1554 1379 1611 masculorum
1429 1553 1780 1610 concubitores
1819 1572 2032 1626 regnum
2073 1553 2172 1609 Dei

2272 366 2749 437 temperatissimas
2777 366 2939 421 luisse
2968 363 3264 421 Wandalos
3290 375 3495 423 certum
3525 378 3626 441 est,
3654 370 3698 423 si
3725 385 3859 443 qua-

2272 455 2351 510 les
2382 455 2455 510 illi
2487 455 2702 513 fuerunt
2720 458 2822 527 qui
2856 457 3000 527 capti
3036 472 3100 512 ac
3134 457 3403 528 subjugati
3435 467 3580 527 sunt,
3623 461 3758 517 tales
3784 461 3861 523 illi

2274 547 2498 603 fuissent
2527 549 2777 605 victores.
2807 549 2974 621 igitur
3002 550 3055 617 in
3086 557 3235 605 tanta
3265 549 3541 608 afﬂuentia
3560 568 3741 611 rerum
3781 562 3864 621 at-

2225 651 2229 655 '
2273 653 2378 707 que
2415 638 2623 697 luxuria
2659 640 2838 694 nullus
2875 655 3062 695 eorum
3099 641 3277 703 mollis
3306 641 3528 701 etl‘ectus
3558 646 3681 702 est?
3714 645 3864 715 Nun-

2273 729 2401 798 quid
2437 745 2627 800 parum
2658 729 2903 790 videtur?
2927 730 3088 786 Certe
3111 730 3446 791 familiariter
3465 735 3629 793 etiam
3658 735 3864 791 nobiles

2274 820 2378 875 hoc
2407 818 2554 874 fuere
2585 819 2834 875 Romani.
2864 819 2970 877 Sed
2993 821 3122 892 quid
3154 822 3330 879 adhuc
3362 823 3536 880 addo?
3564 824 3752 885 Nullus
3782 827 3864 881 vel

2274 911 2367 981 qui
2406 911 2774 975 Romanorum
2822 911 2931 971 illic
2964 914 3204 968 mollium
3241 916 3574 987 pollueretur
3612 918 3866 979 incestu?

2274 1001 2436 1058 Certe
2479 1004 2582 1059 hoc
2629 1004 2770 1083 apud
2821 1004 3097 1065 Romanos
3144 1007 3299 1081 168
3356 1009 3467 1079 jam
3506 1010 3711 1087 pridem
3761 1009 3867 1067 tale

2277 1094 2641 1148 existimatum
2668 1101 2768 1167 est,
2788 1102 2847 1157 lli
2876 1097 3045 1155 Virtus
3072 1098 3249 1167 potius
3270 1105 3547 1169 putaretur
3566 1115 3685 1155 esse
3704 1114 3868 1171 quam

2230 1240 2238 1247 ,
2277 1187 2485 1251 vitium,
2519 1194 2575 1241 et
2604 1186 2681 1241 illi
2705 1203 2764 1242 se
2792 1188 2964 1259 magis
2991 1188 3161 1245 virilis
3186 1189 3509 1247 fortitudinis
3535 1207 3652 1249 esse
3681 1192 3869 1247 crede-

2275 1284 2399 1332 rent
2425 1279 2515 1349 qui
2549 1278 2780 1334 maxime
2800 1280 2945 1334 viros
2972 1278 3187 1336 feminei
3217 1297 3345 1337 usus
3373 1281 3734 1355 probrositatc
3763 1281 3869 1344 fre-

2275 1369 2495 1441 gissent.
2537 1368 2687 1425 Unde
2715 1371 2878 1425 etiam
2923 1371 3052 1426 illud
3081 1372 3211 1439 fuit,
3258 1362 3403 1443 quod
3429 1372 3549 1431 lixis
3576 1390 3868 1447 puerorum

2275 1460 2550 1531 quondam
2595 1462 2865 1528 exercitus
2892 1464 3360 1535 prosequentibus,
3390 1464 3505 1520 haec
3530 1466 3683 1535 quasi
3730 1467 3871 1525 bene

2277 1552 2484 1607 meritis
2524 1553 2958 1627 expeditionibus
2985 1554 3249 1633 stipendia
3280 1555 3478 1612 laboris
3505 1558 3870 1614 decerneban-

572 1641 981 1715 possidebunt“
1002 1643 1122 1700 Cor.
1144 1662 1228 1713 vt,
1272 1645 1382 1719 10).
1413 1646 1549 1702 Illud
1588 1660 1719 1717 ergo
1747 1648 1915 1717 magis
1943 1648 2171 1718 ingemi-
2201 1632 2253 1694 Β
2279 1651 2367 1696 tur
2394 1642 2453 1696 ut
2491 1644 2616 1713 quia
2650 1644 2748 1698 viri
2779 1643 2947 1701 fortes
2987 1653 3169 1699 essent
3191 1685 3206 1710 ,
3239 1647 3384 1701 viros
3412 1647 3465 1702 in
3495 1648 3747 1706 mulieres
3783 1650 3868 1707 de

542 1792 547 1797 ,
572 1731 835 1795 Scaldem
862 1742 1030 1805 atque
1055 1736 1346 1806 lugendum
1387 1748 1501 1806 est,
1532 1740 1678 1809 quod
1708 1741 1816 1795 tale
1859 1742 1965 1796 hoc
1991 1742 2171 1797 scelus
2202 1802 2207 1807 _

568 1828 780 1891 ﬂium
804 1830 971 1884 etiam
996 1832 1163 1888 totius
1187 1833 1494 1904 reipublicae
1521 1833 1820 1901 videbatur,
1844 1842 1899 1889 et
1920 1835 2170 1889 universa

574 1920 809 1979 Romani
837 1925 1071 1981 nominis
1096 1926 1331 1996 dignitas
1372 1926 1625 1983 facinoris
1663 1926 1957 1998 prodigiosi
1986 1928 2169 1997 inure-

542 2006 735 2082 ‘Ab‘atur
779 2013 1019 2071 infamia.
1049 2017 1186 2073 Cum
1233 2020 1375 2074 enim
1421 2020 1736 2075 muliebrem
1784 2020 2026 2075 habitum
2068 2021 2170 2075 viri

566 2110 870 2171 summat,
887 2115 943 2165 et
962 2109 1130 2178 magis
1145 2124 1307 2180 quam
1328 2111 1579 2166 mulieres
1597 2110 1820 2184 gradum
1840 2111 2167 2181 frangerent,

540 2213 700 2256 -am
725 2198 937 2255 indicia
984 2200 1091 2257 sibi
1133 2202 1381 2271 quadam
1432 2212 1793 2259 monstruosa:
1841 2204 2169 2273 impuritatis

573 2288 934 2356 innectereut,
956 2299 1013 2347 et
1038 2291 1288 2349 femineis
1306 2294 1604 2365 tegminum
1626 2295 1971 2364 illigamentis
1992 2298 2169 2367 capita

572 2379 849 2449 celarent,
880 2389 1045 2452 atque
1087 2384 1194 2447 hoc
1219 2385 1433 2455 publice
1485 2386 1539 2439 in
1580 2394 1607 2429 ει
1648 2368 1866 2441 civitate
1902 2385 2163 2454 Romana,

572 2472 711 2529 urbe
751 2472 861 2530 illic
892 2490 1103 2533 summa
1150 2485 1208 2532 et
1242 2478 1625 2546 celeberrima;
1656 2479 1783 2548 quid
1824 2478 1968 2533 aliud
2008 2494 2168 2549 quam

571 2560 811 2631 Romani
836 2565 1049 2637 imperii
1076 2566 1309 2624 dedecus
1334 2576 1452 2623 erat
1480 2569 1612 2624 utin
1656 2570 1835 2625 medio
1862 2570 2170 2640 reipublicae

573 2654 697 2711 sinu
721 2657 1261 2713 exsecrandissimum
1309 2658 1461 2715 nefas
1488 2641 1666 2730 palam
1708 2660 1897 2715 liceret
1925 2659 2170 2714 admitti?

546 2743 824 2807 'POteatas
850 2748 1055 2820 quippe
1070 2746 1263 2820 magna
1286 2758 1342 2806 et
1365 2751 1759 2822 potentissima,
1782 2766 1902 2821 quae
1928 2750 2170 2806 inhibere

575 2838 753 2897 aeolus
776 2843 1070 2899 maximum
1098 2851 1298 2915 potest,
1320 2844 1474 2913 quasi
1498 2844 1693 2916 probat
1719 2844 1918 2900 debere
1956 2844 2091 2910 ﬁeri,
2123 2844 2170 2898 si

576 2926 757 2989 sciens
782 2931 987 2999 patitur
1012 2935 1333 3003 peapetrari.
1371 2937 1525 3006 167
1560 2935 1617 2990 In
1646 2935 1801 3005 cuius
1829 2935 1974 2991 enim
2004 2950 2169 2991 manu

2275 1742 2566 1789 mutarent.
2601 1732 2707 1789 Pro
2748 1732 2927 1791 nefas!
2954 1743 3008 1790 ct
3031 1736 3137 1792 hoc
3165 1736 3415 1797 Romani.
3450 1738 3577 1795 Plus
3616 1741 3783 1807 addo,
3811 1752 3868 1799 et

2215 1822 2232 1840 '
2273 1826 2378 1881 hoc
2403 1825 2770 1881 Romaui‘non
2798 1825 2958 1896 hujus
2996 1829 3288 1897 temporis;
3320 1837 3578 1899 attamen,
3627 1848 3695 1887 ne
3719 1841 3869 1891 vete-

2248 1942 2249 1945 η
2273 1933 2362 1993 res
2390 1932 2724 1983 accusemus,
2749 1917 2999 1984 Romani,
3017 1919 3113 1974 sed
3138 1935 3249 1977 non
3273 1920 3499 1991 antiqui,
3525 1921 3636 1993 jam
3666 1924 3868 1981 scilicet

2273 2010 2533 2080 corrupti,
2570 2008 2680 2079 jam
2712 2008 2979 2075 dissoluti,
3006 2009 3118 2091 jam
3149 2011 3249 2066 sibi
3291 2021 3345 2067 et
3374 2014 3485 2068 suis
3512 2013 3771 2085 dispares,
3812 2025 3869 2071 et

2269 2101 2473 2159 Grtecis
2492 2118 2653 2173 quam
2676 2102 2935 2159 Romanis
2963 2091 3266 2163 similiores.
3306 2103 3375 2160 Ut
3401 2106 3580 2178 (quod
3601 2123 3742 2179 saepe
3753 2110 3868 2182 jam

2273 2196 2551 2270 diximus)
2581 2197 2802 2251 minime
2856 2198 3048 2252 mirum
3079 2199 3168 2263 sit,
3201 2199 3247 2254 si
3276 2198 3516 2253 Romana
3564 2201 3866 2274 respublica

2271 2286 2560 2355 aliquando
2583 2287 2784 2358 patitur
2812 2289 2956 2357 quod
2981 2288 3092 2358 jam
3123 2288 3324 2347 dudum
3353 2299 3612 2348 meretur.

2342 2376 2484 2432 XXI.
2526 2376 2652 2433 Haec
2699 2394 2829 2448 ergo
2886 2379 3167 2450 impuritas
3224 2381 3278 2439 in
3329 2381 3587 2438 Romanis
3633 2392 3688 2439 et
3741 2392 3867 2440 ante

2270 2469 2468 2525 Christi
2498 2469 2849 2539 Evangelium
2877 2486 2996 2526 esse
3023 2472 3206 2550 erepit,
3238 2479 3311 2539 et,
3343 2472 3487 2541 quod
3513 2482 3596 2529 est
3628 2476 3867 2545 gravius,

2272 2576 2373 2615 nec
2399 2570 2523 2631 post
2550 2559 2838 2631 Evangelia
2882 2563 3127 2625 cessavit.
3162 2562 3230 2618 Et
3267 2564 3388 2641 quis
3426 2574 3549 2635 post
3598 2566 3712 2622 hzec
3757 2556 3869 2633 non

2274 2652 2572 2707 admiretur
2596 2653 2827 2723 populos
2850 2653 3273 2709 Wandalorum?
3301 2654 3393 2727 qui
3422 2655 3646 2725 ingressi
3675 2657 3867 2713 urbem

2274 2744 2761 2814 opulentissimam,
2804 2745 2893 2800 ubi
2922 2746 3036 2801 haec
3075 2746 3256 2800 omnia
3303 2747 3500 2816 passim
3530 2747 3864 2816 agebantur,

2272 2835 2349 2891 ita
2374 2836 2593 2892 delicias
2620 2845 2994 2907 corruptorqu
3023 2835 3299 2891 hominum
3321 2835 3523 2907 indepti
3546 2844 3689 2902 sunt,
3720 2835 3870 2906 quod

2273 2929 2612 3000 corruptelas
2655 2943 2867 2983 morum
2904 2926 3275 2998 repudiarunt,
3325 2934 3381 2982 et
3405 2942 3556 2985 usum
3602 2926 3869 2985 bonarum

552 3025 663 3077 est
688 3026 750 3075 nt
776 3020 1082 3088 prohibeat,
1115 3002 1276 3093 iubet
1310 3002 1507 3093 agi—,si—
1521 3041 1629 3081 non
1659 3002 1911 3095 prohibet
1935 3025 2163 3080 admitti.
2194 3002 2241 3065 (ἶ
2274 3037 2456 3076 rerum
2503 3020 2799 3091 possident,
2842 3019 3107 3085 malarum
3169 3019 3572 3089 inquinamenta
3612 3019 3864 3085 vitantes.

603 3151 607 3155 ~
651 3104 767 3167 Π.
804 3107 1024 3175 Iterum,
1052 3113 1180 3181 quia
1209 3112 1367 3167 dolor
1393 3114 1579 3183 exigit,
1602 3115 1670 3168 ab
1698 3115 1783 3169 his
1807 3115 1899 3183 qui
1926 3115 2173 3170 irascun-

570 3204 669 3259 ω
689 3198 913 3267 requiro
950 3217 963 3253 :
1010 3200 1066 3269 in
1121 3202 1319 3269 quibus
1361 3202 1476 3255 hac
1520 3202 1764 3258 barbaris
1790 3202 2039 3271 gentibus
2084 3211 2177 3257 aut

577 3283 722 3357 facta
750 3295 881 3346 sunt
908 3302 1170 3357 unquam,
1212 3297 1307 3343 aut
1344 3290 1463 3344 ﬁeri
1499 3290 1713 3360 publica
1751 3291 2070 3362 impunitate
2110 3292 2178 3346 li-

571 3376 790 3445 cuerit?
814 3376 1079 3446 Denique,
1108 3393 1180 3436 ne
1206 3378 1422 3448 longius
1444 3378 1516 3435 de
1542 3380 1647 3435 hac
1669 3396 1729 3435 re
1750 3374 1948 3451 ambigi
1973 3391 2067 3437 aut
2095 3383 2177 3437 in-

574 3468 836 3537 vestigari
880 3483 1106 3531 incesse
1142 3470 1235 3537 sit,
1273 3470 1422 3540 ipso:
1467 3470 1590 3528 iilos
1633 3472 1827 3529 Africa:
1871 3466 2176 3533 vastatores

552 3556 833 3625 Afrorum
860 3562 1077 3641 populis
1100 3576 1494 3634 comparemus.
1518 3563 1809 3621 Videamus
1846 3567 1974 3635 quid
2001 3567 2177 3624 simile

577 3668 614 3717 8
636 3653 915 3717 Wandalis
939 3653 1139 3716 factum
1166 3658 1256 3723 sit.
1286 3655 1356 3712 Et
1390 3665 1539 3714 certe
1565 3657 1782 3714 barbari
1827 3660 2063 3718 elatione
2092 3671 2176 3717 tu-

575 3745 730 3812 midi,
761 3746 988 3811 uictoria
1014 3748 1252 3819 superbi,
1295 3748 1605 3805 divitiarum
1648 3765 1713 3806 ac
1738 3749 2053 3807 deliciarum
2093 3752 2169 3808 af.

577 3834 800 3907 ﬂuentia
810 3839 1086 3906 dissoluti.
1104 3841 1198 3910 qui
1226 3839 1472 3912 profecto
1490 3843 1701 3901 etiamsi
1727 3844 2178 3902 oontinentissimi

572 3936 639 3995 et
681 3932 968 3997 castissimi
1006 3946 1224 4001 semper
1252 3931 1519 3999 ﬁdssent,
1569 3934 1769 3987 mutari
1809 3943 1988 3989 tamen
2026 3942 2177 3989 tanta

576 4037 761 4078 rerum
788 4024 1272 4079 obsecundantium
1299 4024 1557 4080 felicitate
1584 4034 1907 4101 potuerunt,
1954 4029 2178 4103 ingressi

578 4113 805 4180 scilicet,
836 4121 896 4168 ut
922 4114 978 4169 in
1015 4114 1211 4169 divinis
1234 4114 1429 4171 litteris
1456 4116 1715 4187 scriptum
1743 4125 1826 4173 est
1857 4117 2042 4191 (Deut.
2084 4137 2137 4175 Vl
2158 4162 2173 4186 ,

569 4205 618 4273 .5
638 4203 913 4274 Menam
934 4206 1074 4271 lacte
1092 4215 1155 4267 et
1174 4207 1334 4271 melle
1352 4217 1683 4283 manentem.
1707 4210 2011 4280 facundam,
2040 4229 2177 4285 opu-

572 4295 955 4368 ientissimam,
970 4302 1213 4358 omnium
1238 4301 1553 4363 deliciarum
1564 4304 1736 4376 copiis
1754 4305 1909 4374 quasi
1929 4307 2131 4361 ebriam
2158 4325 2171 4374 ;

2278 3110 2535 3167 Sufficere
2562 3111 2723 3178 igitur
2749 3112 2818 3165 ad
2845 3110 3058 3165 laudem
3081 3098 3269 3166 earum
3298 3111 3414 3166 haec
3431 3117 3675 3180 possunt,
3704 3109 3867 3165 etiam

2277 3201 2323 3255 si
2354 3200 2457 3255 alia
2495 3216 2604 3255 non
2657 3199 2830 3254 dicam
2884 3218 2896 3252 :
2936 3201 3231 3267 abominati
3277 3200 3420 3261 enim
3465 3209 3591 3255 sunt
3632 3200 3865 3263 virorum

2277 3276 2635 3363 impuritates.
2668 3290 2795 3347 Plus
2822 3292 2998 3348 adhuc
3022 3291 3161 3347 addo
3195 3309 3207 3344 :
3240 3293 3537 3349 abominati
3581 3292 3744 3348 ctiam
3790 3291 3867 3346 fe-

2277 3382 2574 3449 hrinarum,
2617 3384 2945 3438 horruerunt
2989 3382 3157 3437 lustra
3195 3397 3259 3439 ac
3305 3383 3603 3454 lupanaria,
3643 3383 3866 3439 horrue-

2278 3485 2406 3533 runt
2437 3475 2752 3532 concubitus
2786 3481 3175 3545 contactusque
3215 3474 3579 3529 meretricum.
3619 3471 3868 3543 Nunquid

2280 3568 2384 3624 hoc
2412 3566 2668 3624 credibile
2705 3565 2829 3626 ullis
2860 3564 3027 3621 videri
3068 3572 3279 3636 potest,
3310 3564 3585 3620 Romanos
3612 3565 3727 3625 lucc
3772 3565 3867 3619 ad-

2278 3659 2509 3724 misisse,
2544 3657 2811 3725 Barbaros
2853 3655 3166 3710 horruissc?
3201 3663 3294 3708 aut
3328 3654 3565 3724 nunquid
3606 3663 3706 3720 est,
3746 3663 3868 3725 post

2279 3752 2381 3808 ista
2407 3765 2526 3821 quae
2554 3749 2810 3814 diximus,
2841 3745 2988 3817 quod
3017 3746 3123 3803 dici
3153 3762 3311 3817 posse
3332 3747 3614 3802 videatur?
3642 3747 3749 3817 Sed
3787 3755 3868 3801 est

2279 3850 2482 3906 tamen,
2513 3851 2561 3895 et
2592 3840 2760 3894 multo
2786 3839 2907 3908 plus
2946 3847 3045 3893 est.
3078 3837 3212 3909 Nam
3240 3838 3385 3909 quod
3414 3838 3610 3895 vitasse
3647 3855 3743 3895 eos
3782 3855 3869 3896 res

2279 3932 2448 3987 ftedas
2467 3930 2716 3997 diximus,
2742 3929 2918 3983 minus
2937 3937 3036 3983 est.
3054 3926 3240 3984 Potest
3267 3930 3408 3983 enim
3437 3932 3558 3999 quis
3585 3932 3867 3987 inhonesta

2278 4022 2524 4097 horrere,
2573 4036 2680 4079 non
2730 4020 2939 4075 tollere.
2971 4020 3106 4075 Illud
3151 4022 3332 4090 magni
3372 4038 3435 4077 ac
3479 4024 3760 4092 singularis
3787 4031 3868 4079 est

2280 4115 2477 4178 meriti,
2516 4115 2671 4186 169
2690 4128 2798 4168 non
2825 4113 3001 4169 solum
3030 4114 3204 4183 ipsum
3252 4114 3375 4169 labe
3402 4131 3510 4170 non
3538 4117 3725 4185 pollui,
3774 4117 3867 4175 sed

2278 4208 2563 4280 providere
2592 4207 2755 4262 etiam
2792 4207 2863 4262 ne
2892 4205 3127 4276 unquam
3161 4208 3252 4262 alii
3281 4200 3608 4278 polluantur.
3658 4196 3863 4267 Procu-

2278 4310 2430 4355 rator
2472 4299 2616 4355 enim
2661 4307 2743 4355 est
2787 4297 3183 4369 quodammodo
3230 4299 3416 4363 salutis
3463 4302 3725 4369 humanae,
3771 4305 3863 4377 qui

577 4388 636 4445 in
676 4405 785 4460 qua
830 4393 1013 4477 utique
1060 4395 1280 4450 minime
1319 4397 1514 4465 mirum
1541 4375 1718 4463 fuerat
1756 4398 1806 4461 si
1852 4399 2177 4460 luxuriasset
2205 4375 2255 4435 D
2280 4412 2389 4453 non
2421 4403 2630 4451 tantum
2660 4395 2711 4450 id
2753 4395 2864 4463 agit
2891 4403 2950 4449 ut
2980 4394 3094 4465 ipse
3117 4395 3291 4449 bonus
3315 4395 3406 4462 sit,
3436 4395 3528 4467 sed
3558 4395 3772 4473 edicere
3794 4375 3868 4452 et

574 4493 713 4561 gens
757 4476 1022 4553 barbara,
1066 4486 1159 4545 ubi
1203 4485 1393 4547 similis
1437 4476 1837 4559 quodammodo
1881 4492 2175 4551 luxurianti

574 4579 700 4627 erat
726 4572 844 4642 ipsa
890 4584 1103 4634 natura.
1142 4578 1418 4648 luga-assos
1443 4582 1560 4653 haec
1584 4581 1705 4640 loca
1734 4583 2029 4642 Wandalos
2055 4589 2178 4658 quis

572 4673 691 4757 anon
717 4669 871 4757 putet
899 4666 1045 4720 omni
1066 4675 1126 4723 se
1154 4668 1406 4729 vitiorum
1426 4681 1591 4743 atque
1618 4674 1987 4746 impuritatum
2016 4695 2176 4757 C(BIit)

577 4752 927 4843 immersisse,
956 4768 1071 4827 aut,
1104 4769 1162 4819 ut
1188 4762 1459 4824 levissime
1507 4768 1702 4836 dicam,
1734 4771 1925 4831 saltem
1971 4772 2061 4829 illa
2108 4754 2179 4831 fe-

574 4848 717 4914 cisse
751 4865 871 4923 qua:
902 4851 970 4907 ab
998 4852 1140 4913 Afris
1161 4855 1363 4926 iugiter
1398 4858 1542 4915 facta
1581 4861 1824 4928 fuerant,
1858 4864 1912 4917 in
1942 4879 2170 4934 quorum

571 4941 693 5029 iura
722 4944 1051 5014 migrarant?
1077 4945 1145 5014 Et
1165 4957 1313 5005 certe
1351 4953 1396 5007 si
1425 4967 1489 5007 ea
1517 4960 1730 5011 tantum
1755 4998 1769 5022 ,
1814 4942 2170 5023 continentis—

572 5032 693 5088 simi
723 5049 787 5091 ac
821 5036 1208 5107 modestissimi
1230 5038 1507 5117 iudicandi
1545 5053 1728 5113 erant,
1759 5060 1898 5116 quos
1935 5064 2045 5111 non
2091 5049 2171 5106 fe—

573 5123 738 5185 cisset
764 5129 1130 5203 corruptiores
1164 5130 1282 5201 ipsa
1323 5130 1569 5192 felicitas.
1605 5133 1816 5201 Quotus
1841 5137 1984 5193 enim
2030 5140 2174 5210 quis-

573 5225 680 5282 sue
707 5216 1008 5286 sapientum
1034 5228 1147 5295 est,
1188 5236 1353 5297 quem
1375 5225 1610 5301 secunda
1652 5241 1763 5282 non
1806 5234 2039 5300 mutent,
2081 5232 2169 5286 cui

2278 4488 2384 4549 hoc
2412 4487 2600 4545 nititur
2626 4493 2688 4542 ut
2727 4485 2819 4540 alii
2862 4484 3150 4540 malives'se
3195 4486 3477 4559 desistant.
3524 4485 3741 4541 Grande
3787 4495 3867 4542 est

2277 4578 2526 4652 profecto
2570 4577 2716 4648 quod
2763 4575 3029 4645 dicimus,
3078 4576 3280 4646 grande
3324 4593 3389 4633 ac
3440 4580 3863 4651 supereminens.

2280 4656 2412 4740 Quis
2457 4670 2641 4727 credat
2679 4665 2971 4729 Wandalos
3012 4668 3068 4733 in
3111 4668 3418 4737 civitatibus
3468 4668 3728 4735 Rernauis
3771 4672 3867 4729 ista

2277 4764 2507 4823 fecisse?
2537 4762 2768 4821 Remota
2792 4761 2993 4835 quippe
3020 4767 3104 4816 est
3128 4760 3199 4815 ab
3225 4760 3331 4816 illis
3358 4761 3533 4817 omnis
3560 4762 3739 4816 carnis
3767 4747 3869 4815 im-

2266 4858 2493 4931 puritas.
2549 4856 2617 4910 At
2654 4854 2927 4925 quomodo
2970 4854 3219 4911 remota?
3246 4853 3365 4928 Non
3411 4855 3551 4923 sicut
3596 4854 3865 4923 removeri

2272 4951 2455 5021 aliqua
2484 4964 2515 5003 a
2545 4947 2802 5005 Romanis
2829 4946 3025 5012 solent,
3055 4947 3147 5021 qui
3175 4952 3419 5007 statuunt
3440 4963 3549 5007 non
3570 4946 3868 5017 adulteram

2268 5042 2416 5117 dum,
2448 5046 2504 5105 et
2531 5039 2692 5110 primi
2735 5038 3073 5105 adulteram;
3116 5046 3357 5095 statmint
3401 5055 3511 5107 non
3558 5039 3864 5106 furandum,

2267 5144 2325 5193 et
2370 5136 2633 5189 iurantur.
2666 5130 2922 5199 Quamvis
2951 5145 3091 5201 pene
3124 5147 3234 5195 non
3280 5132 3485 5205 possim
3513 5131 3695 5191 dicere
3722 5128 3866 5203 quod

2265 5229 2530 5299 tuentur.
2559 5225 2679 5293 Non
2708 5224 2853 5282 enim
2885 5230 3012 5281 sunt
3037 5237 3157 5294 quae
3185 5232 3351 5299 agunt
3375 5223 3535 5292 furta,
3566 5224 3665 5293 sed
3695 5225 3860 5291 iatro-

1865 5389 2203 5455 STEPIiANl
2238 5389 2513 5453 BALUZII
2545 5387 2773 5456 NOTAE.

573 5581 707 5643 erat.

608 5523 684 5599 ..t_
700 5512 760 5594 Id
787 5521 889 5585 est,
918 5515 974 5571 in
1001 5516 1134 5579 urbe
1152 5517 1578 5594 Carthaginensi.
1613 5522 1763 5581 Hanc
1791 5525 1932 5585 enim
1960 5530 2121 5583 vocat
2148 5523 2337 5583 urbem
2363 5521 2684 5591 Boxuauam,
2707 5520 2834 5594 quia
2863 5520 3109 5589 Romano
3133 5531 3247 5589 nim
3272 5523 3504 5596 imperio
3531 5542 3597 5585 ea
3616 5527 3869 5599 subjecta-
