4234 6262
344 307 350 313 ’
388 305 494 360 149

1471 295 1556 356 DE
1590 292 2123 357 GUBERNATIOM‘J
2162 293 2273 351 DEI
2314 294 2437 351 LIB.
2481 292 2588 349 VII.

3578 300 3682 359 £50

387 418 555 475 cinia.
590 413 753 475 Pnait
779 414 920 471 enim
945 410 1105 481 juder
1136 412 1189 466 in
1218 411 1324 467 alio
1352 421 1373 446 δ
1396 411 1728 480 peculatum,
1763 425 1884 465 cum
1914 410 1985 462 sit
2014 416 2061 472 Α
2088 409 2157 465 ad
2186 408 2490 465 maritalem
2530 414 2707 463 torum
2763 408 2991 463 transire
3034 410 3366 478 meretrices,
3398 424 3575 473 scorta
3626 419 3680 476 in

390 512 509 583 ipse
530 508 839 579 peculator;
872 506 1022 576 punit
1047 506 1310 575 rapinam,
1339 518 1461 565 cuin
1491 502 1605 572 ipse
1651 503 1721 565 sit
1768 509 1982 571 raptor;

390 602 550 672 punit
579 600 849 663 sicarium,
896 614 1017 655 «un
1059 598 1175 668 ipse
1204 596 1275 653 sit
1302 593 1596 663 gladiator;
1626 594 1783 664 punit
1827 592 1986 655 ell‘ra-

389 702 574 749 ctores
596 691 949 749 claustrorum
977 697 1035 745 et
1063 688 1349 753 ostiorum,
1381 702 1502 743 cum
1529 686 1644 756 ipse
1672 685 1743 745 sit
1764 700 1987 743 eversor

392 784 635 847 urbium;
668 781 818 851 puniit
840 779 1235 850 exspoliatores
1260 777 1566 843 domorum.
1597 792 1721 837 cum
1764 776 1880 846 ipse
1912 776 1987 837 sit

389 873 722 943 exspelialer
778 871 1054 933 civitatum
1119 879 1283 939 atque
1328 868 1747 938 provinciarum.
1812 866 1987 938 Atque

389 964 494 1023 hoc
526 964 726 1025 utinam
755 963 833 1021 illi
860 969 1075 1025 tantum
1101 961 1193 1032 qui
1232 961 1287 1015 in
1314 965 1588 1033 potestate
1615 969 1743 1023 sunt
1783 958 1941 1028 positi
1967 996 1983 1021 ,

384 1066 443 1117 et
470 1058 662 1128 quibus
682 1057 773 1131 jus
794 1054 1223 1131 exercendorum
1252 1051 1663 1113 latrociniorum
1684 1051 1857 1109 honor
1871 1050 1986 1120 ipse

386 1150 639 1220 largitur!
678 1148 815 1211 illud
844 1147 1064 1216 gravius
1116 1161 1181 1202 ac
1225 1144 1397 1213 magis
1444 1142 1811 1209 intolerabile,
1838 1140 1985 1211 quod

382 1242 488 1299 hoc
514 1241 724 1303 faciunt
742 1250 801 1297 et
830 1238 1029 1311 privati
1059 1237 1267 1294 hisdem
1296 1245 1424 1293 ante
1461 1234 1758 1297 honoribus
1793 1233 1979 1297 iuncti.

382 1336 617 1399 Tantum
664 1334 749 1393 eis
794 1330 1048 1402 indele
1086 1327 1255 1391 semel
1284 1327 1460 1387 honor
1483 1325 1579 1383 dat
1622 1322 1892 1389 beneﬁcii,
1924 1331 1984 1381 ut

379 1444 600 1500 semper
632 1426 873 1487 habeant
902 1422 995 1491 jus
1043 1417 1419 1483 latrocinandi.
1470 1415 1621 1473 Adeo
1649 1415 1833 1479 etiam,
1858 1428 1982 1475 cum

378 1519 693 1581 destiterint
740 1516 810 1575 ad
859 1509 1346 1577 administrandum
1404 1515 1730 1579 potestatem
1783 1504 1985 1565 habere

380 1612 672 1685 publicam,
704 1623 814 1671 non
841 1605 1098 1669 desinunt
1125 1610 1304 1665 tamen
1334 1599 1402 1655 ad
1431 1595 1858 1661 latrocinandum
1886 1609 1983 1665 po-

380 1709 634 1761 testatem
663 1699 865 1761 habere
888 1694 1159 1766 privatam
1195 1709 1206 1745 :
1233 1691 1296 1747 ac
1322 1690 1402 1749 sic
1430 1688 1602 1745 levior
1632 1695 1713 1743 est
1743 1692 1984 1756 potestas

2086 501 2357 565 connubia
2394 507 2701 566 verterunt;
2751 501 2903 577 171
2958 501 3245 570 implentes
3282 503 3487 561 scilicet
3530 506 3680 579 Apo—

2086 594 2212 657 steli
2239 593 2444 655 dictum
2472 600 2636 663 atque
2663 591 2998 660 mandatum,
3028 602 3087 648 ut
3114 601 3170 649 et
3198 610 3536 668 unaquaeque
3556 615 3680 663 ωυ-

2084 687 2186 749 tier
2212 687 2387 749 virum
2412 686 2641 745 baberet
2667 701 2844 753 suum,
2876 692 2932 745 et
2975 688 3343 759 unusquisque
3379 691 3464 749 vir
3489 693 3680 765 conju-

2078 792 2209 848 gem
2235 794 2390 835 suam
2420 777 2466 849 (ι
2496 777 2617 833 Ger.
2671 793 2765 842 vn,
2795 776 2888 844 εκ
2920 787 2981 837 nt
3006 780 3133 849 quia
3169 781 3414 839 cohiberi
3442 772 3678 845 inconti-

2086 870 2272 929 neut-ia
2298 872 2418 933 sine
2462 871 2567 931 hac
2592 870 2829 931 carnalis
2855 887 2985 929 usus
3031 873 3391 942 permixtione
3414 890 3526 933 non
3552 893 3680 948 pos-

2080 968 2188 1025 set,
2212 961 2288 1023 ita
2314 961 2614 1030 legitimum
2642 976 2798 1023 unum
2828 962 2981 1021 calor
3000 963 3298 1034 corporalis
3323 966 3596 1037 acciperet
3620 976 3680 1025 ut

2085 1059 2368 1122 peccatum
2414 1052 2807 1115 incontinentis
2842 1068 2951 1111 non
2976 1053 3219 1115 haberet.
3242 1054 3299 1109 ln
3327 1070 3439 1125 quo
3461 1058 3680 1126 quidem

2087 1159 2197 1203 non
2239 1143 2292 1201 id
2343 1143 2718 1205 tantummodo
2765 1146 3041 1216 provisum
3089 1154 3174 1207 est
3200 1156 3261 1209 ut
3287 1149 3434 1209 viros
3466 1149 3679 1209 funium

2082 1236 2351 1299 haberent
2374 1250 2497 1305 qua:
2524 1235 2643 1299 sine
2669 1236 2799 1291 viris
2825 1250 2946 1292 esse
2972 1252 3083 1297 non
3119 1246 3362 1308 possent,
3393 1239 3489 1296 sed
3506 1242 3675 1301 etiam

2085 1334 2147 1389 ut
2176 1342 2273 1397 per
2326 1334 2741 1389 conservatores
2765 1327 3095 1387 domesticos
3146 1329 3307 1387 salva
3349 1339 3531 1387 essent
3553 1347 3677 1402 quo

2086 1421 2297 1490 seipsas
2322 1434 2542 1481 servare
2568 1421 2871 1486 nescirent;
2901 1428 2957 1477 et
2984 1420 3320 1481 adhaerentes
3353 1421 3553 1494 iugiter
3576 1437 3675 1493 gu-

2084 1511 2382 1571 bernaculo
2409 1511 2664 1576 maritali,
2695 1512 2858 1571 etiam
2887 1513 2932 1569 si
2977 1513 3043 1569 ad
3070 1514 3377 1584 improbum
3420 1529 3515 1573 eas
3540 1515 3675 1573 faci-

2085 1618 2187 1663 nus
2209 1602 2547 1663 consuetudo
2569 1611 2831 1659 anteacta:
2856 1603 3181 1674 impuritatis
3204 1604 3467 1671 inliceret,
3489 1605 3673 1675 conju-

2082 1692 2220 1762 galis
2249 1701 2432 1753 tamen
2459 1692 2706 1749 custodia
2737 1694 2804 1751 ab
2836 1693 3182 1763 improbitate
3207 1695 3537 1764 prohiberet.
3568 1694 3674 1751 Ad-

381 1795 473 1852 iila
500 1807 663 1864 quam
690 1789 993 1851 habuerunt
1009 1784 1240 1855 indices,
1268 1796 1432 1852 uuam
1456 1780 1571 1841 hinc
1590 1792 1751 1847 quam
1782 1775 1981 1847 privati
2009 1782 2061 1843 B
2082 1782 2333 1841 diderunt
2357 1798 2576 1853 quoque
2604 1784 2708 1841 hoc
2752 1785 2821 1839 ad
2869 1784 3144 1845 libidinem
3194 1786 3674 1856 comprimendam.

380 1885 604 1945 habent.
630 1881 686 1937 in
714 1880 800 1939 illa
827 1880 971 1943 enim
993 1876 1072 1941 eis
1096 1889 1239 1945 saepe
1264 1870 1591 1935 θυωθάίωτ,
1628 1869 1681 1923 in
1712 1868 1813 1924 hac
1839 1882 1978 1925 nun-

385 1991 572 2045 quam.
597 1971 735 2031 Ecce
768 1970 894 2040 quid
921 1969 1134 2029 valeant
1179 1971 1380 2023 statuta
1424 1962 1622 2031 legum,
1672 1972 1801 2019 ecce
1847 1956 1979 2027 quid

390 2064 609 2137 proiicit
618 2062 850 2123 deﬁnitio
870 2059 1357 2125 sanctionum.qu:e
1368 2054 1444 2109 illi
1457 2059 1721 2124 spernunt
1739 2049 1979 2111 maxime

396 2157 495 2226 qui
525 2155 840 2213 ministrant.
882 2150 1027 2213 Sane
1056 2148 1124 2207 ad
1156 2145 1447 2219 parendum
1484 2143 1713 2207 humiles
1748 2140 1977 2211 abiecti-

392 2264 510 2317 que
536 2253 816 2315 coguntur,
845 2240 1238 2310 compelluntur
1259 2236 1419 2306 jussis
1446 2236 1824 2304 obtemperare
1846 2245 1979 2305 pau-

388 2337 635 2411 pertini;
665 2345 719 2391 et
746 2335 846 2397 nisi
884 2330 1365 2400 obtemperaveriut
1390 2366 1404 2391 ,
1456 2325 1771 2397 puniuntur.
1823 2323 1980 2401 17o

385 2428 649 2489 Eamdem
668 2428 812 2485 enim
854 2424 1115 2483 rationem
1161 2422 1215 2476 in
1260 2419 1358 2476 hac
1407 2432 1466 2474 re
1512 2415 1712 2472 habent
1740 2412 1978 2483 quamin

382 2519 620 2583 tributis.
651 2516 763 2574 Soli
784 2516 953 2586 jussis
977 2511 1207 2585 publicis
1252 2510 1515 2575 serviunt,
1563 2507 1701 2564 sicut
1744 2505 1846 2561 soli
1876 2505 1976 2563 tri-

382 2613 513 2677 luna
542 2611 775 2673 ﬁnirent.
808 2609 887 2669 Ac
913 2608 990 2667 sic
1019 2607 1074 2665 in
1103 2605 1237 2679 ipsis
1266 2604 1476 2675 legibus
1515 2610 1569 2657 et
1612 2601 1665 2656 in
1688 2601 1806 2670 ipsa
1831 2599 1977 2667 justa

382 2719 565 2765 rerum
596 2701 954 2773 prreceptipne
979 2697 1277 2759 maximum
1300 2693 1575 2762 iniustitiae
1594 2691 1768 2746 scelus
1783 2689 1975 2757 agitur,
2034 2766 2037 2769 _

382 2809 506 2857 cum
530 2808 595 2857 ea
623 2792 860 2849 minores
884 2788 1036 2863 quasi
1064 2800 1219 2849 sacra
1251 2784 1543 2840 observare
1571 2787 1835 2849 coguntur
1862 2792 1979 2846 quae

378 2888 621 2957 maiores
643 2884 843 2955 iugiter
871 2879 1029 2953 quasi
1056 2877 1204 2943 nulla
1229 2874 1569 2931 conculcant.

458 2976 626 3035 XXII.
644 2972 869 3031 Excessi
888 2970 1164 3047 paulisper
1179 2974 1417 3040 emptum
1434 2962 1696 3021 sermonis
1716 2960 1977 3025 ordinem,

388 3085 576 3135 rerum
604 3066 921 3137 indignitate
958 3059 1289 3139 compulsus.
1322 3055 1472 3113 Nunc
1502 3054 1567 3111 ad
1593 3053 1867 3125 superiora
1896 3066 1981 3109 re-

2080 1890 2300 1933 severas
2329 1875 2599 1945 pudicitia:
2640 1876 2947 1933 sanctiones
2970 1876 3311 1937 decretorum
3358 1877 3536 1945 gladio
3578 1878 3674 1935 im-

2080 1966 2397 2037 pudicitiam
2449 1975 2799 2033 coercentes;
2833 1974 2891 2021 ut
2920 1968 3207 2037 puritatem
3249 1966 3453 2023 scilicet
3480 1968 3674 2027 utrius-

2079 2071 2187 2127 que
2215 2072 2378 2113 scrns
2404 2064 2459 2111 et
2481 2055 2628 2111 domi
2658 2058 2914 2117 connubii
2943 2065 3247 2113 reservaret
3275 2055 3518 2123 allectus,
3544 2067 3599 2114 et
3621 2060 3673 2115 in

2081 2150 2302 2223 publico
2329 2158 2506 2205 metus
2546 2149 2756 2219 legum;
2788 2165 2850 2205 ac
2879 2150 2960 2209 sic
2984 2150 3188 2220 duplici
3234 2150 3484 2220 pratsidio
3511 2152 3674 2207 casti-

2080 2244 2264 2299 monia
2293 2244 2575 2309 niterctur,
2602 2258 2725 2299 cum
2767 2252 2824 2297 et
2853 2244 2996 2299 intus
3025 2251 3168 2299 esset
3193 2242 3339 2313 quod
3381 2250 3673 2310 amaretur,

2080 2344 2139 2390 et
2165 2334 2296 2389 foris
2307 2333 2450 2404 quod
2472 2334 2771 2391 timeretur.
2792 2334 2965 2404 Leges
2985 2343 3166 2393 autem
3186 2335 3315 2405 ipsae
3337 2348 3675 2405 nequaquam

2082 2426 2190 2482 illis
2218 2434 2344 2480 sunt
2367 2426 2573 2494 legibus
2600 2435 2981 2485 consentanea:
3000 2442 3120 2497 quae
3142 2427 3216 2481 ita
3246 2436 3453 2497 partem
3475 2426 3674 2498 impro-

2080 2517 2267 2572 bitatis
2293 2526 2575 2575 removent
2602 2526 2661 2572 ut
2703 2526 2913 2591 partem
2951 2517 3302 2575 obscenitatis
3352 2517 3672 2582 admittant;

2083 2617 2178 2664 aut
2205 2619 2263 2663 ut
2293 2607 2537 2665 Romana
2568 2608 2657 2665 illa
2677 2609 2916 2676 decreta,
2940 2622 3061 2681 quas
3086 2616 3421 2667 scortatores
3457 2607 3675 2676 quidem

2082 2697 2150 2752 ab
2177 2698 2368 2755 alienis
2397 2697 2655 2757 uxoribus
2673 2705 3037 2765 removerunt,
3061 2696 3129 2755 ad
3153 2712 3343 2755 omnes
3364 2704 3546 2751 autem
3584 2712 3672 2753 so-

2081 2790 2287 2846 litarias
2314 2791 2517 2861 passim
2545 2789 2897 2857 admiserunt,
2920 2790 3185 2849 adulteria
3223 2796 3488 2857 vetantes,
3514 2789 3671 2860 lupa-

2082 2882 2234 2941 naria
2259 2882 2612 2941 :edilicantes.
2644 2882 2963 2943 Timuerunt
2982 2882 3235 2945 videlimt
3261 2898 3330 2943 ne
3359 2883 3520 2941 nimis
3538 2882 3674 2943 casti

2081 2973 2332 3031 homines
2359 2988 2425 3029 ac
2474 2973 2593 3044 puri
2622 2964 2822 3037 essent,
2852 2974 2898 3033 si
2927 2973 2997 3030 ab
3025 2975 3172 3035 omni
3214 2989 3309 3033 eos
3334 2973 3546 3045 penitus
3568 2974 3673 3029 im-

2082 3065 2319 3143 puritnte
2345 3063 2715 3137 prohiberent.
2748 3063 2817 3121 At
2838 3080 2947 3122 non
2976 3066 3049 3122 ita
3077 3065 3166 3127 isti
3187 3065 3256 3125 de
3281 3064 3475 3136 quibus
3493 3064 3671 3134 loqui-

388 3164 635 3225 deamus.
668 3157 911 3224 Diximus
935 3155 1136 3229 quippe
1162 3151 1350 3229 plenas
1376 3148 1540 3207 fuisse
1584 3144 1981 3216 impuritatibus

2086 3172 2226 3222 mur.
2255 3157 2347 3227 qui
2404 3158 2481 3213 sic
2507 3156 2854 3221 inhibuerunt
2880 3166 3059 3219 scorta
3086 3165 3147 3214 ut
3186 3158 3468 3226 adulteria,
3498 3158 3591 3228 qui
3618 3164 3675 3218 et

386 3249 749 3315 mansimusis
776 3245 969 3312 Africae
996 3244 1260 3307 civitates,
1292 3249 1346 3297 et
1370 3239 1636 3311 praecipue
1678 3236 1785 3291 illic
1830 3234 1975 3303 rogi-

384 3360 510 3405 nam
535 3351 591 3400 et
614 3341 770 3414 quasi
797 3338 1092 3402 dominam,
1120 3316 1621 3393 Wandalos'autem
1644 3329 1707 3384 iis
1730 3326 1981 3383 omnibus

383 3454 493 3497 non
525 3435 687 3497 [uisse
713 3432 971 3506 pollutos.
1004 3429 1123 3485 Non
1152 3428 1290 3491 tales
1311 3439 1440 3499 ergo
1468 3424 1554 3487 isti
1584 3422 1651 3479 de
1676 3422 1871 3492 quibus
1894 3420 1977 3476 lo-

380 3531 621 3600 quimur,
654 3524 879 3587 Barbari
898 3522 966 3581 ad
995 3519 1385 3579 emendandam
1414 3524 1720 3577 nostrarum
1751 3513 1980 3584 turpitu—

381 3622 569 3681 dinum
592 3618 770 3681 labem
798 3615 1140 3673 exstiterunt.
1172 3610 1521 3669 Abstulerunt
1560 3608 1703 3662 enim
1738 3604 1806 3660 de
1831 3604 1978 3660 omni

384 3711 565 3775 Africa
610 3707 798 3765 sordes
824 3706 1063 3763 vironun
1110 3702 1390 3768 mollium,
1422 3699 1770 3769 contagiones
1815 3697 1979 3751 etiam

382 3805 647 3861 horruere
674 3797 1050 3862 meretricum;
1105 3809 1206 3849 nec
1252 3794 1578 3848 horruerunt
1634 3798 1842 3847 tantum
1888 3797 1981 3855 aut

386 3895 712 3966 temporarie
752 3897 1182 3953 summoverunt,
1212 3886 1304 3942 scd
1344 3886 1560 3957 penitus
1578 3884 1691 3956 jam
1724 3900 1829 3937 non
1861 3896 1982 3936 esse

390 3986 649 4041 fecerunt.
697 3982 742 4037 Ο
780 3984 870 4054 pie
892 3981 1141 4045 Domine,
1163 3995 1198 4034 o
1226 3978 1476 4033 Salvator
1515 3976 1687 4039 bone,
1720 3981 1979 4043 quantum

389 4076 633 4133 eﬂiciunt
677 4090 773 4151 per
801 4083 852 4129 te
883 4073 1056 4128 studia
1114 4070 1441 4141 disciplinas,
1475 4084 1573 4138 per
1617 4082 1736 4136 quae
1786 4066 1982 4119 mutari

391 4175 621 4241 possunt
646 4166 774 4221 vitia
819 4172 1039 4225 natum,
1071 4162 1211 4218 sicut
1240 4161 1306 4215 ab
1336 4160 1441 4219 illis
1468 4158 1673 4215 scilicet
1704 4157 1981 4210 immutata

388 4268 537 4317 sunt.
562 4258 630 4312 At
668 4256 940 4327 quomodo
969 4253 1282 4308 immutata?
1324 4252 1557 4317 interest
1586 4250 1729 4313 enim
1761 4264 1867 4307 non
1893 4262 1983 4302 so-

387 4354 498 4409 lum
527 4349 753 4406 cll'ectus
782 4362 960 4403 rerum
978 4387 993 4411 ,
1026 4344 1121 4400 sed
1149 4344 1313 4399 etiam
1354 4342 1641 4396 etl'ectuum
1684 4354 1873 4393 causas
1900 4337 1981 4389 di-

387 4461 533 4502 cere.
558 4442 585 4481 δ
615 4439 841 4496 Difficile
879 4446 963 4494 est
989 4438 1188 4508 quippe
1234 4431 1625 4504 impudicitiam
1675 4430 1841 4484 verbo
1889 4436 1982 4482 aut

2030 3277 2041 3287 ν
2081 3246 2309 3304 feminas
2336 3246 2496 3311 nullis
2520 3248 2710 3305 volunt
2738 3264 2859 3306 esse
2894 3247 3120 3309 feminas
3158 3247 3261 3309 nisi
3297 3248 3510 3305 maritis
3540 3248 3672 3312 suis,

2083 3344 2139 3391 et
2165 3338 2309 3395 viros
2336 3338 2498 3401 nullis
2530 3339 2719 3401 volunt
2754 3340 3071 3399 mulieribus
3107 3354 3228 3401 esse
3264 3340 3537 3401 masculos
3572 3338 3675 3398 nisi

2082 3428 2339 3489 uxoribus
2377 3430 2521 3498 suis;
2553 3430 2645 3502 qui
2675 3430 2890 3502 evagari
2928 3430 3193 3491 obscenas
3230 3428 3481 3489 libidines
3518 3434 3674 3484 extra

2082 3519 2378 3589 legitimum
2409 3529 2584 3581 torum
2622 3506 2732 3577 non
2779 3522 2981 3588 sinunt,
3026 3521 3173 3590 leges
3207 3534 3335 3575 suas
3369 3519 3577 3581 scilicet
3601 3517 3674 3574 ad

2082 3610 2275 3675 divina
2297 3611 2431 3680 legis
2451 3612 2690 3679 regulam
2722 3611 3034 3678 dirigentes,
3071 3612 3226 3685 173
3253 3610 3466 3665 ut'nibil
3494 3608 3596 3667 sibi
3617 3606 3673 3665 in

2084 3702 2183 3757 hac
2214 3718 2275 3757 re
2304 3702 2588 3757 crederent
2612 3702 2775 3755 licere
2800 3700 2947 3770 quod
2976 3700 3117 3755 Deus
3143 3698 3318 3753 voluit
3351 3713 3461 3753 non
3488 3697 3673 3757 licere.

2084 3790 2151 3845 Et
2180 3792 2303 3849 ideo
2333 3808 2441 3847 non
2466 3798 2791 3862 putaverunt
2831 3805 2861 3842 a
2907 3804 2966 3843 se
2995 3788 3086 3842 ulli
3111 3786 3320 3843 homini
3359 3782 3673 3857 permitteb-

2083 3883 2228 3948 dnm,
2266 3882 2369 3943 nisi
2399 3880 2541 3952 quod
2574 3878 2757 3934 fuisset
2786 3878 3035 3934 omnibus
3062 3892 3092 3931 a
3120 3875 3411 3931 Divinitate
3437 3877 3671 3946 permis-

2083 3992 2220 4031 sum.
3684 3976 3691 4015 Ι

2155 4067 2340 4123 XXIII.
2371 4068 2496 4124 Scio
2521 4068 2647 4138 quia
2669 4064 3025 4121 intolerabilia
3046 4061 3365 4135 quibusdam
3396 4060 3675 4137 videantur

2086 4162 2187 4216 ista
2212 4176 2332 4235 qua:
2382 4159 2636 4215 diximus.
2666 4156 2773 4213 Sed
2802 4158 3011 4212 ratione
3036 4171 3216 4212 rerum
3264 4155 3530 4225 agendum
3568 4164 3671 4222 est,

2085 4269 2193 4311 non
2220 4252 2444 4317 libidine
2471 4252 2826 4322 voluptatum.
2861 4250 3012 4305 Dicat
3038 4248 3169 4303 mihi
3203 4248 3447 4318 quisquis
3474 4247 3564 4302 ille
3593 4255 3676 4307 est

2084 4345 2176 4417 qui
2203 4344 2511 4412 indignatur
2532 4357 2617 4397 me
2639 4342 2739 4395 ista
2762 4340 2960 4404 dicere,
2985 4337 3223 4407 nunquid
3249 4353 3356 4392 non
3391 4338 3675 4407 sapientis~

2085 4435 2251 4489 simus
2282 4434 2520 4489 omnium
2555 4432 2808 4487 Socrates
2839 4446 3054 4501 semper
3080 4430 3416 4486 existimatus
3443 4437 3547 4496 est,
3588 4438 3675 4486 te-

390 4541 627 4613 iussione
652 4537 792 4602 tolli,
822 4536 925 4591 nisi
953 4529 1115 4588 fuerit
1143 4531 1355 4595 ablata;
1385 4536 1442 4583 et
1462 4524 1679 4581 difﬁcile
1704 4532 1788 4579 est
1824 4522 1981 4593 pudi-
2012 4533 2061 4594 ι)
2082 4528 2337 4584 stimonio
2364 4528 2569 4585 scilicet
2606 4526 2769 4582 etiam
2810 4525 3048 4596 Delphici
3077 4525 3360 4593 damonis,
3392 4525 3486 4596 qui
3517 4526 3674 4595 quasi

385 4636 570 4691 citium
614 4632 780 4706 verbo
809 4628 969 4699 erigi,
1001 4628 1105 4682 nisi
1144 4625 1307 4681 fuerit
1336 4629 1543 4679 exacta.
1576 4618 1730 4687 Quod
1761 4619 1847 4675 isti
1874 4621 1980 4675 uti-

379 4742 489 4797 que
537 4725 790 4789 scientes,
822 4722 900 4777 sic
950 4717 1336 4790 impudicitiam
1384 4721 1789 4771 summoverunt
1834 4713 1980 4783 quod

381 4816 682 4889 impudicas
709 4817 1186 4875 conservaverunt,
1211 4823 1321 4863 non
1350 4803 1734 4860 interﬂcientes
1760 4804 1981 4859 mulier-

380 4910 534 4965 culas
558 4905 823 4971 infelices,
851 4919 919 4960 ne
942 4903 1197 4958 vitiorum
1218 4913 1402 4955 curam
1422 4897 1744 4954 crudelitate
1766 4912 1979 4967 resper-

383 5007 596 5069 gerent,
626 5005 684 5053 et
708 4996 836 5052 dunt
864 5001 1087 5068 peccata
1114 4991 1326 5047 auferre
1345 4997 1622 5059 cuperent,
1650 4987 1750 5059 ipsi
1783 4989 1834 5042 in
1852 5003 1979 5058 pec-

388 5098 633 5146 catorum
685 5070 1023 5143 resecatione
1082 5088 1391 5155 peccarent.
1442 5079 1550 5137 Sed
1610 5080 1682 5133 ita
1737 5087 1981 5135 errantes

388 5181 810 5237 emendaverunt
824 5186 884 5234 ut
900 5166 1107 5233 factum
1127 5189 1315 5231 eorum
1343 5171 1607 5227 medicina
1630 5178 1793 5233 esset,
1820 5184 1981 5239 pruna

387 5288 501 5328 non
529 5278 688 5327 esset.
720 5269 1003 5327 Iusserunt
1027 5267 1293 5338 siquidem
1311 5272 1367 5320 et
1387 5261 1764 5338 compulerunt
1792 5273 1982 5313 omnes

2086 4619 2335 4690 prinwpe
2378 4617 2824 4689 philosophorum
2870 4617 2968 4682 sic,
3011 4624 3071 4671 ut
3097 4616 3485 4674 daemoniorum
3533 4622 3671 4672 erat.

2086 4709 2375 4764 Videamur
2388 4721 2519 4777 ergo
2532 4722 2669 4776 quas
2687 4704 2940 4762 Socrates
2957 4706 3026 4761 de
3045 4706 3300 4776 pudicitia
3322 4706 3470 4776 leges
3489 4720 3676 4761 sanxe-

2085 4800 2176 4864 rit,
2206 4808 2262 4854 et
2285 4813 2424 4869 quas
2449 4798 2524 4853 illi
2564 4798 2633 4854 de
2678 4797 2874 4867 quibus
2901 4796 3186 4864 loquimur.
3224 4796 3469 4862 Uxorem,
3502 4797 3675 4864 inquit

2086 4891 2365 4955 Socrates,
2410 4891 2677 4961 propriam
2718 4888 2889 4943 nulla:
2922 4885 3107 4940 habent
3132 4902 3149 4940 :
3175 4887 3509 4945 matrimonia
3536 4887 3673 4936 enim

2085 4983 2281 5035 cunctis
2302 4980 2486 5036 debent
2513 4997 2625 5035 esse
2666 4981 2959 5034 somnia
2982 4994 3000 5030 :
3030 4979 3105 5032 sic
3143 4991 3363 5044 namque
3382 4972 3554 5040 major
3576 4973 3674 5026 erit

2081 5072 2362 5128 concordia
2414 5072 2708 5136 civitatum,
2738 5072 2786 5124 si
2823 5083 2999 5124 omnes
3026 5067 3123 5120 vin'
3172 5063 3376 5135 feminis
3403 5060 3516 5113 sine
3561 5061 3672 5113 dis-

2084 5167 2310 5220 cretione
2343 5162 2583 5217 omnibus
2610 5162 2944 5222 misceantur,
2974 5168 3150 5209 omnes
3177 5166 3233 5204 se
3266 5149 3472 5220 feminae
3499 5151 3671 5203 omni-

2086 5260 2179 5313 bus
2206 5258 2328 5311 viris
2350 5258 2463 5311 sine
2489 5254 2821 5309 distinctione
2842 5247 3202 5307 substernunt;
3225 5256 3286 5294 ac
3306 5241 3383 5295 sic
3408 5241 3542 5310 [iant
3561 5259 3670 5297 om-

1583 5329 1922 5409 srn'pnm
1958 5346 2228 5404 BALUZII
2264 5344 2491 5402 ΝΟΤιΕ.

458 5468 488 5497 ⁸
516 5456 746 5513 Codices
766 5454 1112 5510 Corbeiensis
1150 5459 1208 5508 et
1233 5449 1578 5506 Colbertinus
1609 5444 1811 5514 habent
1834 5458 1985 5514 pecu-

386 5531 668 5615 lationemL
696 5526 1020 5615 Quonetiam
1062 5522 1226 5615 modo
1274 5526 1590 5575 anuotatum
1640 5523 1723 5615 est
1760 5513 1814 5568 in
1843 5528 1988 5569 mar-

380 5602 513 5672 gine
527 5598 798 5672 editionis
821 5595 1135 5672 Pitbmanze.

458 5669 491 5710 ιι
520 5668 729 5724 Sensus
767 5667 920 5721 istius
947 5666 1051 5722 loci
1082 5678 1189 5720 non
1218 5662 1350 5718 satis
1375 5660 1505 5717 mihi
1531 5657 1745 5714 videtur
1768 5661 1985 5710 consta-

390 5755 471 5798 re.
506 5739 725 5805 blallem
753 5738 937 5806 itaque
973 5736 1052 5791 sic
1079 5736 1258 5804 legere
1295 5751 1307 5785 :
1344 5730 1538 5788 Inutile
1572 5736 1649 5783 est
1676 5728 1862 5801 quippe
1888 5725 1988 5777 im-

884 5883 1048 5905 —"**‘

2089 5440 2392 5512 meum
2420 5437 2690 5512 manus;
2707 5431 2942 5512 ἰιωιίονξε
2970 5426 3108 5512 me
3133 5428 3261 5511 «ire
3284 5428 3441 5512 {wit
3462 5426 3670 5512 «Nam

2087 5497 2149 5565 2r
2164 5510 2349 5565 inutile
2372 5497 2777 5578 ωερςιάῇοὶερἁπι
2804 5497 2952 5578 verba
2972 5498 3128 5578 exigi,
3161 5497 3441 5578 nisijuerit
3467 5507 3668 5578 exacta.

2090 5580 2325 5644 Mallem,
2343 5586 2401 5633 ut
2420 5568 2648 5651 diii,_i_ta
2669 5571 2848 5651 legere
2869 5570 3012 5626 hunc
3033 5568 3228 5628 locum.
3253 5568 3359 5627 Sed
3374 5573 3671 5639 repugnant

2092 5639 2359 5705 editiones
2386 5653 2440 5700 et
2467 5642 2648 5712 scripti
2678 5639 2817 5695 libri.

3416 5863 3477 5874 ο..
