4234 6250
589 294 686 353 £51

1523 295 1577 348 S.
1621 280 1937 347 SALV-l‘ANl
1985 287 2442 346 MASSlLlENSlS
2483 285 2908 342 PRESBYTERI

3785 286 3888 344 152

585 395 679 467 iter
707 411 799 464 viri
837 411 1064 463 omnium
1095 411 1362 463 mulierum
1393 410 1587 470 mariti,
1623 424 1795 460 omnes
1826 408 2034 478 [emitur
2061 423 2175 459 om-
2205 411 2254 468 Α
2282 406 2445 460 etiam
2474 420 2505 458 e
2527 404 2835 460 civitatibus
2875 404 3240 470 sustulerunt;
3285 404 3374 458 ille
3404 413 3674 474 prostrate
3715 405 3883 460 voluit

588 505 730 557 nium
776 503 999 556 virorum
1045 516 1252 553 uxores.
1294 497 1554 567 Nunquid
1601 498 1768 553 ullum
1816 514 2050 568 unquam
2091 508 2184 554 aut

585 593 960 664 phreneticum
988 598 1080 644 aut
1099 589 1508 652 daamoniacum,
1531 589 1680 643 varia
1710 590 2039 644 insaniarum
2060 590 2182 645 labe

584 685 865 749 furiosum,
899 683 1007 737 tale
1032 681 1233 750 aliquid
1260 681 1500 736 locutum
1533 696 1653 737 esse
1681 681 2073 750 cognovimus?
2099 680 2181 736 Tu

583 776 733 841 dicis,
767 774 1000 828 maxime
1024 772 1490 842 philosophorum,
1515 772 1618 827 hac
1646 773 1857 828 ratione
1887 786 2077 827 omnes
2101 771 2182 826 vi-

582 884 672 922 ros
701 881 821 923 esse
848 865 1169 920 feminarum
1200 864 1439 919 omnium
1460 865 1706 929 maritos,
1731 872 1786 920 et
1813 879 2003 920 omnes
2027 863 2181 919 femi-

581 975 678 1014 nas
704 959 944 1013 virorum
971 957 1213 1011 omnium
1244 973 1463 1015 uxores.
1488 964 1542 1011 et
1563 956 1819 1026 parvulos
1847 970 2037 1012 omnes
2062 970 2179 1011 om-

579 1051 729 1104 nium
760 1046 915 1102 ﬁlios.
969 1047 1038 1100 At
1067 1061 1168 1115 ego
1199 1047 1302 1101 hac
1344 1047 1554 1102 ratione
1601 1047 1743 1113 dico,
1788 1061 1964 1116 neque
2009 1047 2178 1105 ullum

577 1140 754 1193 virum
786 1139 946 1193 ullius
968 1137 1180 1192 femina:
1213 1138 1487 1202 maritum,
1511 1152 1687 1206 neque
1710 1137 1877 1192 ullam
1897 1137 2178 1193 mulierem

576 1231 738 1285 ullius
759 1213 1003 1286 .masculi
1029 1244 1276 1297 uxorem,
1312 1245 1486 1300 neque
1516 1239 1542 1268 ⁸
1573 1231 1742 1284 ullum
1789 1229 1982 1300 pignus
2021 1229 2178 1284 ullius

576 1322 817 1392 parentis
845 1320 1033 1376 ﬁlium.
1095 1320 1192 1375 Ubi
1221 1321 1365 1375 enim
1413 1322 1718 1392 promiscua
1751 1321 1934 1377 omnia
1957 1329 2014 1376 et
2039 1336 2176 1376 con-

577 1414 696 1471 fusa
723 1420 869 1479 sunt,
910 1429 1070 1469 nemo
1117 1422 1200 1468 est
1239 1413 1331 1484 qui
1371 1429 1527 1468 suum
1565 1414 1738 1484 possit
1765 1414 1969 1484 aliquid
1996 1413 2176 1470 vindi-

577 1521 722 1562 care.
771 1505 881 1561 Nec
924 1503 1122 1560 sufficit
1171 1505 1599 1575 sapientissimo,
1632 1514 1693 1560 ut
1737 1506 1955 1574 quidam
1991 1507 2171 1570 aiunt,

576 1597 899 1667 philosopho
941 1596 1139 1652 docere
1187 1597 1309 1662 hoc,
1344 1597 1446 1652 nisi
1493 1598 1609 1667 ipse
1655 1597 1874 1653 fecisset
1903 1617 1916 1652 :
1945 1611 2173 1655 uxorem

574 1690 719 1744 enim
749 1705 901 1743 suam
948 1689 1102 1744 alteri
1131 1689 1248 1743 viro
1296 1689 1555 1744 tradidit:
1589 1690 1796 1746 scilicet
1840 1690 1978 1746 sicut
2005 1693 2173 1747 etiam

2289 511 2480 550 omnes
2524 495 2779 562 virgines,
2821 495 2909 549 isti
2937 504 3116 550 castas
3143 495 3321 550 iecere
3345 495 3676 551 meretrices.
3710 494 3883 565 Atque

2289 587 2495 640 utinam
2533 586 2622 641 hic
2667 584 2910 641 Socratis
2956 593 3163 639 tantum
3212 601 3367 641 error
3395 585 3623 653 “fuisset,
3675 601 3781 641 non
3827 595 3884 641 et

2285 678 2642 750 complurium
2671 677 3042 734 Romanorum
3086 694 3150 734 ac
3176 694 3316 749 pene
3359 680 3633 746 omnium;
3661 679 3753 749 qui
3780 680 3881 736 etsi
3916 717 3923 724 -

2285 785 2625 841 nequaquam
2638 770 2878 826 Socratis
2899 771 3062 825 vitam
3083 771 3138 824 in
3159 771 3389 836 caeteris,
3407 771 3462 826 in
3491 771 3593 827 hac
3612 787 3672 827 re
3700 779 3879 828 tamen

2284 862 2564 918 Socratica
2594 863 2840 918 instituta
2870 871 3150 918 sectantur
3179 881 3192 916 :
3225 863 3350 933 quia
3371 871 3426 918 et
3455 863 3762 935 complures
3779 864 3879 920 viri

2283 970 2483 1011 uxores
2509 955 2770 1025 plurimas
2789 956 3004 1024 singuli,
3037 964 3092 1012 et
3121 956 3415 1012 innumerae
3455 957 3709 1012 mulieres
3736 957 3880 1012 viros

2285 1045 2592 1116 complures
2621 1045 2843 1114 singulae
2872 1045 3095 1107 habent.
3135 1044 3334 1102 Omnes
3374 1047 3608 1116 denique
3635 1047 3882 1102 civitates

2285 1137 2530 1207 nunquid
2557 1153 2667 1193 non
2707 1137 2892 1192 lustris
2930 1137 3104 1208 plenae
3130 1147 3256 1194 sunt
3283 1154 3346 1194 ac
3385 1139 3734 1210 lupanaribus
3777 1141 3880 1196 fa:-

2281 1231 2436 1286 tent?
2457 1229 2526 1284 Et
2547 1231 2675 1300 quid
2694 1231 2817 1287 dico
2843 1233 3072 1287 omnes?
3090 1241 3239 1288 certe
3266 1233 3608 1289 nobilissima:
3627 1249 3877 1305 quicque,

2281 1337 2347 1377 ac
2374 1323 2769 1379 sublimissima:
2796 1323 2932 1380 adeo
2971 1324 3245 1393 dignitatis
3269 1343 3282 1379 :
3313 1341 3433 1396 qua:
3461 1327 3625 1382 etiam
3652 1337 3709 1382 et
3734 1343 3878 1398 pra:-

2285 1415 2530 1482 rogativa
2565 1413 2723 1486 174
2748 1423 2833 1470 est
2875 1415 2990 1471 luce
3018 1416 3284 1471 honorum
3315 1417 3369 1470 in
3395 1417 3604 1486 magnis
3633 1417 3873 1485 urbibus,

2280 1516 2342 1560 ut
2365 1515 2628 1575 quantum
2657 1507 2972 1577 pnecellunt
3000 1508 3213 1563 caeteris
3251 1508 3639 1579 magnitudine,
3669 1517 3877 1564 tantum

2278 1606 2537 1668 praestent
2564 1599 2892 1669 impuritate.
2920 1597 2989 1653 Et
3009 1614 3130 1668 quae
3159 1615 3297 1666 esse,
3319 1614 3472 1670 rogo,
3498 1599 3744 1657 Romano
3762 1609 3876 1657 sta-

2280 1688 2356 1742 tui
2378 1703 2503 1758 spes
2523 1697 2723 1759 potest,
2747 1688 2963 1759 quando
2992 1689 3254 1746 Castiores
3291 1705 3356 1746 ac
3381 1690 3628 1760 puriores
3654 1689 3876 1746 Barbari

578 1781 849 1835 Romanus
895 1779 1049 1846 Cato,
1083 1781 1136 1835 id
1163 1791 1265 1847 est,
1296 1781 1434 1838 alius
1462 1781 1628 1836 Italia:
1685 1781 1957 1838 Socrates.
2015 1785 2173 1856 173
2203 1790 2252 1852 Β
2277 1794 2441 1849 quam
2469 1779 2702 1835 Romani
2724 1781 2882 1835 sunt?
2904 1778 3101 1835 Parum
3143 1789 3227 1836 est
3255 1780 3400 1851 quod
3443 1780 3691 1838 dicimus.
3743 1781 3875 1849 Quae

575 1871 715 1928 Ecce
740 1887 860 1942 quae
881 1881 1007 1928 sunt
1033 1872 1292 1928 Romanae
1311 1882 1367 1928 et
1385 1872 1576 1929 Atticae
1598 1874 1876 1944 sapientia:
1897 1877 2171 1946 exempla:

576 1981 766 2021 omnes
794 1967 1008 2036 penitus
1036 1967 1283 2032 maritos,
1313 1975 1577 2036 quantum
1608 1968 1662 2022 in
1707 1968 1840 2038 ipsis
1869 1968 1988 2036 fuit,
2019 1971 2174 2027 leno-

573 2075 668 2115 nes
697 2076 928 2115 uxorum
955 2077 1174 2116 suarum
1203 2076 1324 2116 esse
1370 2062 1630 2117 fecerunt.
1677 2063 1785 2118 Sed
1813 2064 1942 2120 vicit
1992 2074 2174 2121 tamen

573 2151 844 2218 Socrates,
871 2153 963 2222 qui
992 2153 1061 2208 de
1088 2155 1190 2209 hac
1217 2169 1277 2209 re
1304 2163 1360 2208 et
1390 2154 1556 2210 libros
1591 2157 1850 2222 condidit,
1883 2167 1936 2214 et
1964 2175 2172 2215 memo-

573 2241 669 2294 riae
694 2241 808 2296 haec
835 2241 1086 2312 pudenda
1114 2243 1408 2298 mandavit.
1438 2243 1566 2300 Plus
1593 2247 1760 2301 habet
1785 2249 1925 2303 unde
1951 2250 2172 2318 gloriari

573 2331 672 2386 sibi
723 2333 1008 2403 praeceptis
1053 2335 1165 2388 suis
1209 2336 1400 2405 possit.
1430 2336 1703 2404 Quantum
1754 2341 1823 2395 ad
1871 2341 2171 2397 doctrinam

573 2439 727 2479 suam
756 2425 1012 2495 pertinet,
1054 2427 1282 2498 lupanar
1310 2429 1436 2484 fecit
1464 2446 1496 2486 e
1535 2431 1757 2488 mundo.
1790 2434 1994 2504 injuste
2021 2435 2169 2491 dam-

574 2524 736 2571 natus
755 2515 954 2571 dicitur
973 2532 1003 2570 a
1021 2516 1309 2586 judicibus.
1354 2518 1421 2574 Et
1441 2536 1627 2577 verum
1651 2532 1752 2578 est.
1787 2523 2006 2580 Rectius
2027 2527 2167 2580 enim

572 2619 696 2659 eum
724 2605 838 2662 haec
880 2608 1008 2662 talia
1050 2609 1433 2678 przedicantem
1475 2627 1648 2682 genus
1675 2614 1956 2670 damnaret
1979 2617 2169 2670 huma-

567 2711 720 2764 num,
752 2698 890 2754 sicut
914 2699 1118 2770 absque
1145 2701 1308 2760 dubio
1335 2703 1630 2760 damnavit.
1667 2705 1800 2760 Nam
1833 2723 1953 2762 cum
1984 2708 2037 2763 in
2068 2711 2168 2765 hac

571 2802 631 2842 re
657 2788 959 2846 doctrinam
989 2791 1107 2861 ejus
1135 2809 1324 2850 omnes
1353 2796 1777 2866 repudiaverint,
1811 2814 2001 2855 omnes
2043 2815 2167 2855 eum

571 2895 681 2933 non
709 2881 883 2934 solum
931 2885 1216 2939 sententiae
1266 2887 1612 2960 auctoritate,
1661 2889 1776 2956 sed,
1823 2890 1968 2960 quod
1998 2892 2168 2948 multo

571 2972 741 3040 magis
788 2982 905 3040 est,
937 2975 1060 3030 vitre
1115 2977 1382 3034 electione
1429 2979 1866 3038 damnaverunt:
1913 2993 1969 3040 et
1996 2994 2165 3041 recte.

571 3060 932 3118 Conferantur
949 3066 1092 3120 enim
1116 3084 1238 3122 cum
1265 3070 1347 3124 his
1367 3085 1488 3139 quae
1511 3072 1601 3128 ille
1621 3075 1920 3142 constituit,
1938 3077 2026 3131 illa
2047 3091 2168 3146 qua:

2282 1870 2458 1936 nobis,
2491 1885 2644 1941 rogo,
2670 1879 2795 1927 ante
2825 1871 2993 1927 Deum
3013 1880 3108 1927 aut
3147 1872 3271 1927 vita:
3293 1887 3413 1928 esse
3438 1881 3533 1928 aut
3559 1873 3728 1928 venia;
3755 1887 3877 1944 spes

2279 1969 2479 2033 potest,
2523 1963 2740 2032 quando
2775 1944 3077 2020 castitatem
3112 1964 3167 2018 in
3201 1962 3454 2019 Barbaris
3491 1963 3780 2029 cernimus,
3821 1972 3877 2018 et

2279 2069 2382 2110 nec
2407 2055 2487 2110 sic
2513 2055 2650 2113 casti
2678 2056 2900 2110 sumus?
2928 2054 3322 2111 Erubescamus
3345 2095 3360 2121 ,
3390 2069 3575 2125 quasso
3596 2096 3612 2122 ,
3642 2064 3698 2110 et
3743 2069 3877 2110 con-

2279 2147 2586 2203 fundamur.
2614 2146 2749 2213 Jam.
2763 2145 2906 2218 apud
2951 2145 3160 2203 Gothos
3205 2147 3458 2218 impudici
3487 2163 3596 2203 non
3623 2155 3749 2202 sunt
3775 2146 3878 2202 nisi

2279 2241 2528 2308 Romani,
2568 2242 2680 2310 jam
2727 2242 2867 2312 apud
2898 2241 3191 2298 Wandalos
3224 2256 3325 2296 nec
3365 2240 3614 2297 Romani.
3647 2239 3876 2294 Tantum

2277 2338 2417 2407 apud
2466 2337 2587 2392 illos
2623 2333 2852 2406 profecit
2887 2336 3126 2390 studium
3153 2336 3508 2403 castimonia),
3553 2341 3758 2389 tantum
3792 2347 3875 2389 se-

2275 2427 2474 2480 veritas
2501 2426 2812 2495 disciplime,
2844 2441 2952 2480 non
2967 2426 3143 2480 solum
3168 2425 3312 2495 quod
3334 2426 3436 2495 ipsi
3457 2426 3592 2481 casti
3617 2425 3744 2489 sint,
3762 2423 3875 2492 sed,

2274 2527 2334 2574 ut
2363 2534 2476 2573 rem
2504 2519 2747 2574 dicamus
2771 2534 2989 2583 novam,
3021 2533 3136 2573 rem
3166 2519 3568 2585 incredibilem,
3593 2533 3709 2573 rem
3737 2532 3876 2589 pene

2273 2613 2436 2668 etiam
2485 2608 2781 2668 inauditam
2805 2655 2820 2680 ,
2865 2621 3044 2668 castos
3073 2612 3238 2667 etiam
3268 2611 3543 2667 Romanos
3571 2627 3693 2668 esse
3732 2610 3876 2666 fece-

2272 2715 2416 2760 runt.
2450 2705 2506 2761 Si
2535 2705 2818 2761 inﬁrmitas
2861 2705 2914 2760 id
2942 2705 3177 2760 humana
3224 2711 3533 2775 pateretur,
3565 2703 3875 2759 exclamare

2272 2815 2436 2870 super
2463 2799 2606 2856 vires
2633 2815 2781 2854 meas
2810 2814 3087 2869 cuperem,
3118 2807 3179 2854 ut
3202 2806 3318 2854 ῑοῑο
3347 2799 3481 2853 orbe
3507 2810 3820 2852 resonarem
3853 2813 3868 2848 ε

2275 2888 2482 2945 Pudeat
2511 2905 2625 2955 vos,
2664 2888 2894 2943 Romani
2925 2889 3125 2957 ubique
3151 2887 3356 2959 populi,
3395 2886 3597 2958 pudeat
3622 2886 3748 2940 vitae
3774 2899 3871 2940 ve-

2272 2994 2416 3040 strm.
2450 2982 2618 3037 Nulla:
2637 2997 2777 3053 pene
2799 2982 2961 3038 urbes
2986 2981 3190 3048 lustris,
3213 2981 3371 3036 nulla:
3397 2979 3620 3036 omnino
3647 2977 3873 3048 impuri-

2271 3075 2473 3130 tatibus
2509 3082 2742 3139 vacant,
2783 3075 2886 3131 nisi
2925 3074 3028 3130 illae
3068 3081 3280 3129 tantum
3322 3073 3377 3128 in
3419 3072 3613 3142 quibus
3650 3070 3875 3126 Barbari

570 3161 876 3244 statuerunt
905 3156 939 3209 ii
969 3171 1107 3226 quos
1145 3159 1412 3215 dominari
1442 3162 1636 3218 Africa:
1666 3165 1809 3221 Deus
1831 3167 2010 3244 jussit.
2045 3168 2169 3224 Sta-
2197 3179 2243 3240 ρ
2274 3181 2394 3222 esse
2413 3176 2713 3236 cmperunt.
2748 3165 2816 3219 Et
2838 3167 3101 3220 miramur
3119 3165 3165 3220 si
3193 3163 3394 3231 miseri,
3424 3163 3517 3232 qui
3544 3170 3653 3217 tam
3679 3161 3874 3231 impuri

572 3243 676 3297 tuit
704 3244 794 3300 ille
823 3253 881 3299 ut
907 3247 1083 3302 nullus
1111 3251 1327 3318 penitus
1356 3265 1509 3305 suam
1550 3253 1777 3308 haberet
1805 3271 2050 3321 uxorem,
2083 3257 2171 3312 isti

569 3343 631 3388 ut
653 3336 828 3393 nullus
855 3339 1071 3409 penitus
1100 3357 1207 3396 non
1237 3357 1420 3409 suam;
1464 3344 1554 3400 ille
1582 3354 1641 3399 ut
1664 3347 1842 3402 omnis
1869 3349 2066 3403 femina
2091 3350 2172 3404 vi-

409 3473 418 3483 .
486 3479 498 3499 ,
567 3428 645 3484 ris
691 3431 940 3488 omnibus
995 3433 1314 3503 subjaceret,
1341 3435 1429 3490 isti
1483 3445 1543 3491 ut
1584 3439 1728 3493 nulla
1780 3440 1975 3495 femina
2005 3441 2169 3497 alium

568 3535 732 3590 quam
771 3525 943 3579 virum
973 3542 1130 3581 suum
1155 3537 1440 3596 nosceret;
1474 3529 1563 3585 ille
1591 3532 1995 3600 generationem
2025 3534 2165 3589 mix-

568 3618 678 3666 tam
708 3621 869 3684 alque
923 3617 1221 3684 confusam,
1253 3618 1338 3674 isti
1389 3637 1581 3691 puram
1610 3632 1665 3678 et
1711 3624 2042 3693 ordinatam;
2076 3627 2166 3682 ille

567 3716 759 3759 omnes
783 3705 974 3762 domos
1001 3710 1228 3764 scortari
1258 3709 1446 3776 voluit,
1473 3713 1559 3769 isti
1581 3715 1813 3784 nullam;
1843 3716 1933 3773 ille
1959 3718 2010 3772 in
2033 3734 2165 3774 cun-

568 3796 670 3851 ctis
712 3797 1031 3856 habitaculis
1071 3801 1347 3873 lupanaria
1385 3805 1652 3864 aediﬁcare
1689 3818 1916 3865 conatus
1943 3818 2046 3875 est,
2079 3812 2162 3866 isti

2277 3273 2496 3324 sumus;
2539 3259 2798 3312 miramur
2825 3259 2870 3312 si
2917 3258 2985 3311 ab
3025 3258 3182 3311 hoste
3221 3257 3426 3311 viribus
3467 3255 3748 3320 vincimur,
3779 3254 3869 3323 qui

2274 3351 2559 3405 honestate
2585 3365 2936 3420 superamur;
2969 3349 3228 3403 miramur
3247 3350 3292 3402 si
3321 3349 3464 3404 bona
3494 3356 3678 3404 nostra
3705 3345 3870 3418 possi-

2273 3441 2423 3505 dent,
2462 3441 2556 3510 qui
2597 3441 2736 3495 mala
2778 3449 2961 3495 nostra
2999 3441 3388 3495 exsecrantur?
3429 3439 3541 3496 Nec
3570 3440 3690 3494 illos
3717 3447 3869 3494 natu-

2273 3532 2387 3587 rale
2427 3531 2593 3587 robur
2624 3547 2916 3602 corporum
2957 3531 3084 3586 facit
3126 3530 3365 3597 vincere,
3406 3547 3508 3587 nec
3535 3548 3636 3587 nos
3669 3539 3868 3586 natura:

2274 3622 2558 3680 inﬁrmitas
2585 3624 2747 3680 vinci.
2793 3622 2963 3679 Nemo
2991 3622 3094 3678 sibi
3125 3621 3269 3677 aliud
3317 3623 3674 3692 persuadeat,
3710 3638 3867 3678 nemo

2274 3717 2420 3772 aliud
2463 3717 2793 3772 arbitretur:
2831 3716 2944 3771 sola
2986 3731 3086 3770 nos
3130 3729 3342 3770 morum
3385 3724 3692 3770 nostrorum
3739 3715 3864 3769 vitia

2271 3812 2537 3868 vicerunt.

1761 3914 2101 3975 STEPHANI
2139 3920 2408 3976 BALUZII
2448 3922 2673 3980 ΝΟΤᾹΣ.

641 4009 666 4036 ιι
696 3998 751 4054 ld
780 4008 882 4065 est,
911 4001 1078 4054 ullum
1110 4001 1389 4064 librorum,
1422 4013 1480 4057 ut
1507 4009 1668 4075 paulo
1698 4018 1825 4062 ante
1852 4009 2009 4062 dixit.

1521 4190 2006 4302 LIBER
2061 4129 2895 4306 ﬁrm

1751 4386 2686 4414 ---—-—-—-—————-————

650 4488 805 4557 175
844 4487 892 4542 Ι.
925 4487 1192 4554 Arbitror,
1244 4489 1409 4543 immo
1455 4500 1638 4546 certus
1679 4509 1798 4548 sum
1828 4494 2162 4552 fastidiosam
2193 4497 2244 4558 D
2269 4503 2433 4565 atque
2456 4496 2730 4552 irridenda
2751 4496 3003 4553 deferre?
3031 4499 3265 4554 maxime
3294 4514 3414 4554 eum
3443 4513 3474 4552 a
3505 4496 3749 4553 ﬁdelibus
3779 4495 3859 4551 vi-

555 4580 815 4652 plurimis
849 4582 973 4652 styli
1011 4581 1168 4650 hujus
1197 4584 1561 4652 prolixitatem
1603 4587 1737 4654 fore,
1776 4591 2008 4646 maxime
2036 4592 2162 4661 quia

571 4688 782 4728 morum
804 4683 1109 4730 nostrorum
1141 4677 1269 4732 vitia
1293 4681 1540 4747 castigat.
1573 4680 1775 4736 Omnes
1803 4683 1945 4737 enim
1973 4683 2164 4740 adma--

570 4761 697 4816 dum
726 4777 785 4816 se
813 4763 1019 4819 laudari
1055 4768 1242 4824 volunt
1276 4789 1287 4823 :
1330 4770 1460 4826 nulli
1492 4781 1645 4841 grata
1676 4775 2026 4843 reprehensio
2060 4785 2158 4831 est.

570 4851 760 4920 Immo,
783 4855 930 4924 quod
957 4857 1112 4927 pejus
1139 4862 1307 4915 multo
1330 4870 1430 4925 est,
1455 4863 1750 4931 q'uamlibct
1771 4866 1960 4932 malus,
1975 4881 2161 4936 quam-

569 4942 701 4999 libet
755 4946 1015 5016 perditus,
1069 4950 1271 5004 mavult
1325 4953 1658 5008 mendaciter
1690 4954 1968 5022 praedicari
1997 4972 2156 5025 quam

567 5035 686 5105 jure
715 5039 1060 5107 reprehendi,
1093 5049 1148 5094 et
1174 5042 1430 5097 falsarum
1461 5044 1675 5098 laudum
1706 5045 2040 5103 irrisionibus
2066 5047 2160 5102 de-

568 5125 675 5194 cipi
706 5143 867 5195 quam
899 5129 1254 5186 saluberrima
1274 5132 1645 5189 admonitione
1670 5138 1892 5191 servari.
1931 5137 2000 5192 Et
2036 5155 2156 5193 cum

568 5215 685 5269 lucc
720 5218 791 5271 ita
826 5219 954 5286 sint,
993 5221 1121 5290 quid
1154 5223 1419 5293 agendum
1453 5227 1572 5279 est?
1614 5225 1862 5298 Nunquid
1895 5229 2158 5285 voluntati

571 5304 940 5372 improborum
969 5311 1245 5367 hominum
1274 5315 1654 5370 serviendum?
1678 5329 1770 5374 aut
1795 5320 1840 5374 si
1869 5320 1966 5374 sibi
1994 5321 2156 5376 etiam

570 5393 646 5447 illi
677 5395 897 5452 frivolas
941 5401 1125 5458 laudes
1170 5405 1367 5463 deferri
1398 5408 1602 5476 volunt,
1635 5411 1794 5466 decet
1841 5427 1940 5466 nos
1969 5411 2156 5467 frivola

2267 4588 2342 4642 ris
2372 4603 2439 4642 ne
2468 4587 2542 4641 illi
2569 4588 2785 4657 quidem
2817 4587 3029 4643 irrideri
3057 4588 3290 4644 debeant
3319 4589 3412 4660 qui
3440 4604 3499 4644 se
3528 4588 3736 4644 irrideri
3768 4604 3861 4644 vo-

2268 4678 2403 4740 lunt.
2429 4681 2568 4736 sicut
2599 4696 2665 4735 ne
2688 4681 2763 4734 illi
2792 4681 3009 4750 quidem
3037 4682 3373 4738 mendaciter
3398 4682 3781 4752 pradicariqui
3805 4696 3862 4736 se

2265 4773 2490 4843 cupiunt
2517 4773 2675 4828 titulo
2701 4774 2864 4828 etiam
2897 4783 2922 4811 ιι
2953 4774 3099 4830 falsa:
3127 4775 3306 4830 laudis
3326 4776 3509 4830 ornari
3541 4794 3554 4829 :
3597 4776 3722 4845 quia
3753 4790 3858 4830 non

2267 4874 2378 4920 tam
2423 4865 2553 4919 illud
2591 4866 2736 4935 quod
2782 4867 3150 4938 unusquisque
3197 4867 3412 4923 illorum
3440 4868 3623 4939 cupiat
3650 4867 3855 4931 audire,

2229 4970 2428 5024 ‘quam
2476 4956 2602 5025 quid
2646 4973 2744 5012 nos
2789 4957 2970 5014 dicere
3013 4959 3203 5016 deceat
3248 4959 3698 5016 considerandum
3743 4968 3856 5024 est;

2267 5047 2536 5117 pmcipue
2591 5064 2712 5102 cum
2759 5052 3024 5121 propheta
3071 5052 3260 5107 dicat:
3321 5051 3414 5106 Ve
3459 5051 3539 5106 his
3566 5055 3652 5124 qui
3682 5051 3857 5105 dicunt

2266 5138 2416 5193 dulce
2461 5159 2698 5197 amarum
2739 5153 2787 5196 et
2830 5153 3066 5198 amarum
3095 5145 3244 5199 dulce
3273 5143 3410 5216 (lca.
3444 5162 3498 5212 v,
3521 5145 3632 5216 16).
3659 5147 3735 5201 Ac
3762 5161 3858 5216 per

2268 5231 2373 5286 hoc
2392 5233 2564 5288 modis
2586 5234 2835 5290 omnibus
2856 5233 3086 5290 tenenda
3110 5236 3324 5302 veritas,
3343 5247 3404 5292 ut
3421 5236 3568 5307 quod
3595 5238 3648 5292 in
3670 5253 3728 5292 re
3750 5243 3852 5299 est,

2265 5322 2371 5380 hoc
2399 5332 2454 5378 et
2480 5325 2532 5378 in
2565 5326 2741 5380 verbis
2769 5325 2837 5381 sit
2872 5345 2884 5378 :
2925 5341 3043 5395 qua:
3081 5326 3134 5380 in
3173 5342 3233 5382 se
3265 5326 3603 5383 dulcedinem
3632 5327 3850 5392 habent,

2265 5414 2472 5479 dulcia;
2495 5430 2613 5483 qua:
2643 5416 3072 5484 amaritudinem,
3104 5434 3285 5474 amara
3311 5418 3590 5486 dicantur;
3621 5433 3852 5490 praeser-

1742 5522 2079 5578 STEPllANl
2118 5524 2204 5578 BA
2213 5523 2393 5581 LUle
2431 5527 2636 5590 NO'UE
2647 5568 2658 5580 .

651 5608 676 5638 ι
702 5597 804 5684 Qui
832 5615 892 5656 se
919 5601 1054 5684 falso
1084 5604 1290 5684 laudari
1318 5611 1527 5684 volunt,
1560 5614 1762 5668 utinam
1794 5615 1931 5668 bene
1961 5615 2156 5670 intelli—

568 5679 981 5752 gerentquanti
1025 5679 1283 5752 momenti
1322 5681 1430 5735 sint
1475 5684 1660 5739 laudes
1701 5685 1751 5739 in
1784 5685 2152 5740 immerentem

570 5741 847 5812 conjectte.
879 5741 1132 5802 Sidonius
1179 5747 1270 5804 lib.
1304 5767 1419 5817 vin,-
1451 5754 1607 5822 epist.
1646 5754 1711 5808 l0
1746 5775 1755 5808 :
1793 5755 2152 5822 Symmachia-

2261 5634 2386 5671 num
2426 5618 2556 5672 illud
2589 5627 2639 5672 te
2667 5621 2894 5690 cogitare
2956 5627 3212 5748 arguerat
3240 5644 3257 5681 :
3293 5625 3363 5682 Ut
3383 5644 3502 5682 vera
3533 5630 3646 5682 laus
3675 5635 3846 5690 ornat,

2261 5690 2336 5741 ita
2367 5690 2504 5748 [uisa
2545 5691 2785 5748 rasliaat.
2827 5642 2960 5748 Vita
3047 5705 3165 5748 otas
3194 5698 3292 5748 viri
3338 5698 3622 5748 clarissimi
3663 5695 3846 5748 Jacobi

2260 5690 2336 5761 ita
2367 5690 2785 5761 fulsqrasligat.
2827 5690 2960 5761 Vide
3001 5690 3165 5751 Notas
3194 5698 3292 5752 viri
3338 5698 3622 5755 clarissimi
3663 5695 3850 5752 Jacobi

2261 5756 2530 5813 Sirmomli
2561 5759 2629 5816 ad
2657 5756 2796 5817 hunc
2820 5760 3025 5820 Sidonii
3047 5767 3243 5822 locum.
3577 5784 3586 5789 '
