  <div class='ocr_page' id='page_1' title='image "/cluster/home/n/w/nwhite01/storage/ocr_20150623/53/hvd.32044073505232/083.png"; bbox 0 0 4234 6250; ppageno 0'>
   <div class='ocr_carea' id='block_1_1' title="bbox 583 221 731 293">
    <p class='ocr_par' dir='ltr' id='par_1_1' title="bbox 583 221 731 293">
     <span class='ocr_line' id='line_1_1' title="bbox 583 221 731 293; baseline 0.014 -2"><span class='ocrx_word' id='word_1_1' title='bbox 583 281 593 291; x_wconf 84' lang='grc'><strong>.</strong></span> <span class='ocrx_word' id='word_1_2' title='bbox 630 221 731 293; x_wconf 70' lang='grc' dir='ltr'><strong>15ῧ</strong></span> 
     </span>
    </p>
   </div>
   <div class='ocr_carea' id='block_1_2' title="bbox 1580 204 2973 313">
    <p class='ocr_par' dir='ltr' id='par_1_2' title="bbox 1580 204 2973 313">
     <span class='ocr_line' id='line_1_2' title="bbox 1580 204 2973 313; baseline -0.001 -31"><span class='ocrx_word' id='word_1_3' title='bbox 1580 226 1634 282; x_wconf 90' lang='lat' dir='ltr'><strong>s.</strong></span> <span class='ocrx_word' id='word_1_4' title='bbox 1675 204 1985 281; x_wconf 74' lang='lat' dir='ltr'><strong>SALVIANI</strong></span> <span class='ocrx_word' id='word_1_5' title='bbox 2025 225 2480 283; x_wconf 83' lang='lat' dir='ltr'><strong>MASSILIENSIS</strong></span> <span class='ocrx_word' id='word_1_6' title='bbox 2521 225 2973 313; x_wconf 59' lang='lat' dir='ltr'><strong>nassonem.</strong></span> 
     </span>
    </p>
   </div>
   <div class='ocr_carea' id='block_1_3' title="bbox 3802 232 3907 287">
    <p class='ocr_par' dir='ltr' id='par_1_3' title="bbox 3802 232 3907 287">
     <span class='ocr_line' id='line_1_3' title="bbox 3802 232 3907 287; baseline 0.019 -2"><span class='ocrx_word' id='word_1_7' title='bbox 3802 232 3907 287; x_wconf 72' lang='lat'><strong>156</strong></span> 
     </span>
    </p>
   </div>
   <div class='ocr_carea' id='block_1_4' title="bbox 627 339 3905 419">
    <p class='ocr_par' dir='ltr' id='par_1_4' title="bbox 627 339 3905 419">
     <span class='ocr_line' id='line_1_4' title="bbox 627 339 3905 419; baseline 0.003 -26"><span class='ocrx_word' id='word_1_8' title='bbox 627 339 702 393; x_wconf 83' lang='lat' dir='ltr'><strong>Ac</strong></span> <span class='ocrx_word' id='word_1_9' title='bbox 732 355 830 410; x_wconf 90' lang='lat' dir='ltr'><strong>per</strong></span> <span class='ocrx_word' id='word_1_10' title='bbox 856 340 959 397; x_wconf 89' lang='lat' dir='ltr'><strong>hoc</strong></span> <span class='ocrx_word' id='word_1_11' title='bbox 1001 343 1307 411; x_wconf 85' lang='lat' dir='ltr'><strong>quicunque</strong></span> <span class='ocrx_word' id='word_1_12' title='bbox 1351 343 1449 396; x_wconf 86' lang='lat' dir='ltr'><strong>ista</strong></span> <span class='ocrx_word' id='word_1_13' title='bbox 1481 343 1740 409; x_wconf 87' lang='lat' dir='ltr'><strong>fecerunt,</strong></span> <span class='ocrx_word' id='word_1_14' title='bbox 1793 360 1900 399; x_wconf 89' lang='lat' dir='ltr'><strong>non</strong></span> <span class='ocrx_word' id='word_1_15' title='bbox 1949 344 2213 415; x_wconf 88' lang='lat' dir='ltr'><strong>dederunt</strong></span> <span class='ocrx_word' id='word_1_16' title='bbox 2241 349 2287 407; x_wconf 79' lang='grc' dir='ltr'><strong>Α</strong></span> <span class='ocrx_word' id='word_1_17' title='bbox 2319 345 2678 415; x_wconf 86' lang='lat' dir='ltr'><strong>telligeremus</strong></span> <span class='ocrx_word' id='word_1_18' title='bbox 2725 346 2893 419; x_wconf 88' lang='lat' dir='ltr'><strong>Deum</strong></span> <span class='ocrx_word' id='word_1_19' title='bbox 2949 353 3059 401; x_wconf 89' lang='lat' dir='ltr'><strong>tam</strong></span> <span class='ocrx_word' id='word_1_20' title='bbox 3116 361 3283 415; x_wconf 88' lang='lat' dir='ltr'><strong>parva</strong></span> <span class='ocrx_word' id='word_1_21' title='bbox 3328 354 3638 419; x_wconf 88' lang='lat' dir='ltr'><strong>sanctorum</strong></span> <span class='ocrx_word' id='word_1_22' title='bbox 3685 361 3905 402; x_wconf 88' lang='lat' dir='ltr'><strong>suorum</strong></span> 
     </span>
    </p>
   </div>
   <div class='ocr_carea' id='block_1_5' title="bbox 624 431 2211 508">
    <p class='ocr_par' dir='ltr' id='par_1_5' title="bbox 624 431 2211 508">
     <span class='ocr_line' id='line_1_5' title="bbox 624 431 2211 508; baseline 0.003 -22"><span class='ocrx_word' id='word_1_23' title='bbox 624 431 885 488; x_wconf 85' lang='lat' dir='ltr'><strong>honorem</strong></span> <span class='ocrx_word' id='word_1_24' title='bbox 932 432 1063 501; x_wconf 90' lang='lat' dir='ltr'><strong>Deo,</strong></span> <span class='ocrx_word' id='word_1_25' title='bbox 1096 433 1189 488; x_wconf 92' lang='lat' dir='ltr'><strong>sed</strong></span> <span class='ocrx_word' id='word_1_26' title='bbox 1218 432 1630 503; x_wconf 83' lang='lat' dir='ltr'><strong>derogaverunt.</strong></span> <span class='ocrx_word' id='word_1_27' title='bbox 1664 434 1797 490; x_wconf 83' lang='lat' dir='ltr'><strong>Nam</strong></span> <span class='ocrx_word' id='word_1_28' title='bbox 1844 437 2007 492; x_wconf 91' lang='lat' dir='ltr'><strong>etiam</strong></span> <span class='ocrx_word' id='word_1_29' title='bbox 2038 437 2211 508; x_wconf 87' lang='lat' dir='ltr'><strong>ipsam</strong></span> 
     </span>
    </p>
   </div>
   <div class='ocr_carea' id='block_1_6' title="bbox 621 523 2209 601">
    <p class='ocr_par' dir='ltr' id='par_1_6' title="bbox 621 523 2209 601">
     <span class='ocr_line' id='line_1_6' title="bbox 621 523 2209 601; baseline 0.006 -24"><span class='ocrx_word' id='word_1_30' title='bbox 621 523 1021 595; x_wconf 89' lang='lat' dir='ltr'><strong>quodammodo</strong></span> <span class='ocrx_word' id='word_1_31' title='bbox 1071 524 1313 579; x_wconf 72' lang='lat' dir='ltr'><strong>ecclesia:</strong></span> <span class='ocrx_word' id='word_1_32' title='bbox 1360 524 1738 582; x_wconf 75' lang='lat' dir='ltr'><strong>salutationem</strong></span> <span class='ocrx_word' id='word_1_33' title='bbox 1779 529 1922 584; x_wconf 91' lang='lat' dir='ltr'><strong>idolo</strong></span> <span class='ocrx_word' id='word_1_34' title='bbox 1947 529 2209 601; x_wconf 63' lang='lat' dir='ltr'><strong>pratstite-</strong></span> 
     </span>
    </p>
   </div>
   <div class='ocr_carea' id='block_1_7' title="bbox 621 613 2210 701">
    <p class='ocr_par' dir='ltr' id='par_1_7' title="bbox 621 613 2210 701">
     <span class='ocr_line' id='line_1_7' title="bbox 621 613 2210 701; baseline 0.005 -32"><span class='ocrx_word' id='word_1_35' title='bbox 621 622 747 669; x_wconf 90' lang='lat' dir='ltr'><strong>runt</strong></span> <span class='ocrx_word' id='word_1_36' title='bbox 771 632 784 667; x_wconf 90' lang='lat'><strong>:</strong></span> <span class='ocrx_word' id='word_1_37' title='bbox 814 613 939 683; x_wconf 86' lang='lat' dir='ltr'><strong>quia</strong></span> <span class='ocrx_word' id='word_1_38' title='bbox 960 615 1178 685; x_wconf 86' lang='lat' dir='ltr'><strong>secundi</strong></span> <span class='ocrx_word' id='word_1_39' title='bbox 1206 616 1309 672; x_wconf 92' lang='lat' dir='ltr'><strong>ioci</strong></span> <span class='ocrx_word' id='word_1_40' title='bbox 1338 615 1651 673; x_wconf 85' lang='lat' dir='ltr'><strong>oiiiciositas</strong></span> <span class='ocrx_word' id='word_1_41' title='bbox 1672 619 1868 675; x_wconf 82' lang='lat' dir='ltr'><strong>honori</strong></span> <span class='ocrx_word' id='word_1_42' title='bbox 1897 620 2039 676; x_wconf 90' lang='lat' dir='ltr'><strong>illius</strong></span> <span class='ocrx_word' id='word_1_43' title='bbox 2082 638 2210 701; x_wconf 86' lang='lat' dir='ltr'><strong>pro-</strong></span> 
     </span>
    </p>
   </div>
   <div class='ocr_carea' id='block_1_8' title="bbox 620 703 2212 778">
    <p class='ocr_par' dir='ltr' id='par_1_8' title="bbox 620 703 2212 778">
     <span class='ocr_line' id='line_1_8' title="bbox 620 703 2212 778; baseline 0.008 -24"><span class='ocrx_word' id='word_1_44' title='bbox 620 703 732 758; x_wconf 84' lang='lat' dir='ltr'><strong>ﬁcit</strong></span> <span class='ocrx_word' id='word_1_45' title='bbox 758 703 842 757; x_wconf 91' lang='lat' dir='ltr'><strong>cui</strong></span> <span class='ocrx_word' id='word_1_46' title='bbox 863 704 1178 774; x_wconf 87' lang='lat' dir='ltr'><strong>principalia</strong></span> <span class='ocrx_word' id='word_1_47' title='bbox 1201 704 1532 763; x_wconf 89' lang='lat' dir='ltr'><strong>deferuntur.</strong></span> <span class='ocrx_word' id='word_1_48' title='bbox 1565 706 1704 764; x_wconf 84' lang='lat' dir='ltr'><strong>Ecce</strong></span> <span class='ocrx_word' id='word_1_49' title='bbox 1731 724 1850 778; x_wconf 65' lang='lat' dir='ltr'><strong>quae</strong></span> <span class='ocrx_word' id='word_1_50' title='bbox 1879 708 2129 767; x_wconf 85' lang='lat' dir='ltr'><strong>Afrorum</strong></span> <span class='ocrx_word' id='word_1_51' title='bbox 2155 719 2212 767; x_wconf 86' lang='lat' dir='ltr'><strong>et</strong></span> 
     </span>
    </p>
   </div>
   <div class='ocr_carea' id='block_1_9' title="bbox 618 796 2209 877">
    <p class='ocr_par' dir='ltr' id='par_1_9' title="bbox 618 796 2209 877">
     <span class='ocr_line' id='line_1_9' title="bbox 618 796 2209 877; baseline 0.006 -28"><span class='ocrx_word' id='word_1_52' title='bbox 618 797 852 863; x_wconf 81' lang='lat' dir='ltr'><strong>maxime</strong></span> <span class='ocrx_word' id='word_1_53' title='bbox 881 796 1337 854; x_wconf 87' lang='lat' dir='ltr'><strong>nobilissimorum</strong></span> <span class='ocrx_word' id='word_1_54' title='bbox 1360 798 1508 865; x_wconf 91' lang='lat' dir='ltr'><strong>ﬁdes,</strong></span> <span class='ocrx_word' id='word_1_55' title='bbox 1533 815 1652 871; x_wconf 80' lang='lat' dir='ltr'><strong>quae</strong></span> <span class='ocrx_word' id='word_1_56' title='bbox 1679 802 1886 871; x_wconf 76' lang='lat' dir='ltr'><strong>religio,</strong></span> <span class='ocrx_word' id='word_1_57' title='bbox 1910 818 2030 877; x_wconf 71' lang='lat' dir='ltr'><strong>qua:</strong></span> <span class='ocrx_word' id='word_1_58' title='bbox 2054 802 2209 875; x_wconf 82' lang='lat' dir='ltr'><strong>Chri-</strong></span> 
     </span>
    </p>
   </div>
   <div class='ocr_carea' id='block_1_10' title="bbox 617 888 2207 952">
    <p class='ocr_par' dir='ltr' id='par_1_10' title="bbox 617 888 2207 952">
     <span class='ocr_line' id='line_1_10' title="bbox 617 888 2207 952; baseline 0.005 -9"><span class='ocrx_word' id='word_1_59' title='bbox 617 889 862 944; x_wconf 89' lang='lat' dir='ltr'><strong>stianitas</strong></span> <span class='ocrx_word' id='word_1_60' title='bbox 900 888 1018 944; x_wconf 91' lang='lat' dir='ltr'><strong>fuit.</strong></span> <span class='ocrx_word' id='word_1_61' title='bbox 1052 890 1379 947; x_wconf 87' lang='lat' dir='ltr'><strong>Dioebantur</strong></span> <span class='ocrx_word' id='word_1_62' title='bbox 1405 891 1699 949; x_wconf 76' lang='lat' dir='ltr'><strong>Christiani</strong></span> <span class='ocrx_word' id='word_1_63' title='bbox 1728 894 1795 949; x_wconf 90' lang='lat' dir='ltr'><strong>ad</strong></span> <span class='ocrx_word' id='word_1_64' title='bbox 1825 896 2207 952; x_wconf 82' lang='lat' dir='ltr'><strong>contumeliam</strong></span> 
     </span>
    </p>
   </div>
   <div class='ocr_carea' id='block_1_11' title="bbox 538 978 2209 1057">
    <p class='ocr_par' dir='ltr' id='par_1_11' title="bbox 538 978 2209 1057">
     <span class='ocr_line' id='line_1_11' title="bbox 538 978 2209 1057; baseline 0.006 -24"><span class='ocrx_word' id='word_1_65' title='bbox 538 1048 543 1049; x_wconf 15' lang='grc' dir='ltr'><em>γ</em></span> <span class='ocrx_word' id='word_1_66' title='bbox 616 978 834 1049; x_wconf 88' lang='lat' dir='ltr'><strong>Christi.</strong></span> <span class='ocrx_word' id='word_1_67' title='bbox 864 979 1000 1036; x_wconf 87' lang='lat' dir='ltr'><strong>Cum</strong></span> <span class='ocrx_word' id='word_1_68' title='bbox 1022 980 1313 1051; x_wconf 79' lang='lat' dir='ltr'><strong>Apostolus</strong></span> <span class='ocrx_word' id='word_1_69' title='bbox 1339 984 1644 1040; x_wconf 85' lang='lat' dir='ltr'><strong>declamet:</strong></span> <span class='ocrx_word' id='word_1_70' title='bbox 1679 984 1802 1041; x_wconf 85' lang='lat' dir='ltr'><strong>Non</strong></span> <span class='ocrx_word' id='word_1_71' title='bbox 1824 990 2034 1057; x_wconf 75' lang='lat' dir='ltr'><strong>potestis</strong></span> <span class='ocrx_word' id='word_1_72' title='bbox 2078 986 2209 1043; x_wconf 86' lang='lat' dir='ltr'><strong>cali-</strong></span> 
     </span>
    </p>
   </div>
   <div class='ocr_carea' id='block_1_12' title="bbox 617 1069 2207 1149">
    <p class='ocr_par' dir='ltr' id='par_1_12' title="bbox 617 1069 2207 1149">
     <span class='ocr_line' id='line_1_12' title="bbox 617 1069 2207 1149; baseline 0.005 -25"><span class='ocrx_word' id='word_1_73' title='bbox 617 1087 723 1125; x_wconf 79' lang='lat' dir='ltr'><strong>cem</strong></span> <span class='ocrx_word' id='word_1_74' title='bbox 744 1069 959 1125; x_wconf 82' lang='lat' dir='ltr'><strong>Domini</strong></span> <span class='ocrx_word' id='word_1_75' title='bbox 975 1071 1144 1143; x_wconf 81' lang='lat' dir='ltr'><strong>bibere</strong></span> <span class='ocrx_word' id='word_1_76' title='bbox 1171 1083 1221 1128; x_wconf 92' lang='lat' dir='ltr'><strong>et</strong></span> <span class='ocrx_word' id='word_1_77' title='bbox 1249 1074 1461 1129; x_wconf 82' lang='lat' dir='ltr'><strong>calicem</strong></span> <span class='ocrx_word' id='word_1_78' title='bbox 1490 1077 1858 1149; x_wconf 69' lang='lat' dir='ltr'><strong>daemoniorum</strong></span> <span class='ocrx_word' id='word_1_79' title='bbox 1881 1094 1899 1131; x_wconf 92' lang='lat'><strong><em>:</em></strong></span> <span class='ocrx_word' id='word_1_80' title='bbox 1930 1094 2034 1132; x_wconf 88' lang='lat' dir='ltr'><strong>non</strong></span> <span class='ocrx_word' id='word_1_81' title='bbox 2060 1088 2207 1149; x_wconf 86' lang='lat' dir='ltr'><strong>pote-</strong></span> 
     </span>
    </p>
   </div>
   <div class='ocr_carea' id='block_1_13' title="bbox 613 1163 2206 1237">
    <p class='ocr_par' dir='ltr' id='par_1_13' title="bbox 613 1163 2206 1237">
     <span class='ocr_line' id='line_1_13' title="bbox 613 1163 2206 1237; baseline 0.004 -20"><span class='ocrx_word' id='word_1_82' title='bbox 613 1165 707 1218; x_wconf 82' lang='lat' dir='ltr'><strong>stis</strong></span> <span class='ocrx_word' id='word_1_83' title='bbox 728 1178 918 1218; x_wconf 73' lang='lat' dir='ltr'><strong>mensw</strong></span> <span class='ocrx_word' id='word_1_84' title='bbox 938 1163 1149 1219; x_wconf 78' lang='lat' dir='ltr'><strong>Domini</strong></span> <span class='ocrx_word' id='word_1_85' title='bbox 1171 1167 1487 1237; x_wconf 77' lang='lat' dir='ltr'><strong>participare</strong></span> <span class='ocrx_word' id='word_1_86' title='bbox 1506 1176 1557 1221; x_wconf 92' lang='lat' dir='ltr'><strong>et</strong></span> <span class='ocrx_word' id='word_1_87' title='bbox 1572 1176 1597 1204; x_wconf 77' lang='grc' dir='ltr'>ι</span> <span class='ocrx_word' id='word_1_88' title='bbox 1621 1184 1810 1223; x_wconf 77' lang='lat' dir='ltr'><strong>mensa:</strong></span> <span class='ocrx_word' id='word_1_89' title='bbox 1838 1169 2206 1224; x_wconf 65' lang='lat' dir='ltr'><strong>daemoniorum</strong></span> 
     </span>
    </p>
   </div>
   <div class='ocr_carea' id='block_1_14' title="bbox 616 1253 2205 1327">
    <p class='ocr_par' dir='ltr' id='par_1_14' title="bbox 616 1253 2205 1327">
     <span class='ocr_line' id='line_1_14' title="bbox 616 1253 2205 1327; baseline 0.003 -18"><span class='ocrx_word' id='word_1_90' title='bbox 616 1253 660 1327; x_wconf 90' lang='lat' dir='ltr'><strong>(l</strong></span> <span class='ocrx_word' id='word_1_91' title='bbox 691 1254 808 1310; x_wconf 85' lang='lat' dir='ltr'><strong>Cor.</strong></span> <span class='ocrx_word' id='word_1_92' title='bbox 840 1271 892 1321; x_wconf 87' lang='lat' dir='ltr'><strong>x,</strong></span> <span class='ocrx_word' id='word_1_93' title='bbox 924 1255 1012 1321; x_wconf 75' lang='lat'><strong>‘20,</strong></span> <span class='ocrx_word' id='word_1_94' title='bbox 1053 1255 1176 1327; x_wconf 74' lang='lat' dir='ltr'><strong>2i);</strong></span> <span class='ocrx_word' id='word_1_95' title='bbox 1218 1257 1321 1312; x_wconf 88' lang='lat' dir='ltr'><strong>illis</strong></span> <span class='ocrx_word' id='word_1_96' title='bbox 1363 1257 1468 1313; x_wconf 91' lang='lat' dir='ltr'><strong>hoc</strong></span> <span class='ocrx_word' id='word_1_97' title='bbox 1508 1258 1640 1312; x_wconf 89' lang='lat' dir='ltr'><strong>satis</strong></span> <span class='ocrx_word' id='word_1_98' title='bbox 1677 1274 1787 1312; x_wconf 90' lang='lat' dir='ltr'><strong>non</strong></span> <span class='ocrx_word' id='word_1_99' title='bbox 1830 1266 1947 1313; x_wconf 87' lang='lat' dir='ltr'><strong>erat</strong></span> <span class='ocrx_word' id='word_1_100' title='bbox 1987 1266 2046 1313; x_wconf 93' lang='lat' dir='ltr'><strong>ut</strong></span> <span class='ocrx_word' id='word_1_101' title='bbox 2084 1275 2205 1314; x_wconf 91' lang='lat' dir='ltr'><strong>cum</strong></span> 
     </span>
    </p>
   </div>
   <div class='ocr_carea' id='block_1_15' title="bbox 612 1347 2257 1417">
    <p class='ocr_par' dir='ltr' id='par_1_15' title="bbox 612 1347 2257 1417">
     <span class='ocr_line' id='line_1_15' title="bbox 612 1347 2257 1417; baseline 0.002 -16"><span class='ocrx_word' id='word_1_102' title='bbox 612 1347 781 1417; x_wconf 83' lang='lat' dir='ltr'><strong>calice</strong></span> <span class='ocrx_word' id='word_1_103' title='bbox 808 1347 904 1402; x_wconf 88' lang='lat' dir='ltr'><strong>Dei</strong></span> <span class='ocrx_word' id='word_1_104' title='bbox 932 1347 1154 1403; x_wconf 86' lang='lat' dir='ltr'><strong>calicem</strong></span> <span class='ocrx_word' id='word_1_105' title='bbox 1194 1349 1442 1404; x_wconf 82' lang='lat' dir='ltr'><strong>biberent</strong></span> <span class='ocrx_word' id='word_1_106' title='bbox 1470 1349 1884 1415; x_wconf 71' lang='lat' dir='ltr'><strong>dmoniorum,</strong></span> <span class='ocrx_word' id='word_1_107' title='bbox 1920 1350 2023 1404; x_wconf 91' lang='lat' dir='ltr'><strong>nisi</strong></span> <span class='ocrx_word' id='word_1_108' title='bbox 2055 1350 2206 1404; x_wconf 90' lang='lat' dir='ltr'><strong>illum</strong></span> <span class='ocrx_word' id='word_1_109' title='bbox 2248 1375 2257 1386; x_wconf 85' lang='lat'><strong>-</strong></span> 
     </span>
    </p>
   </div>
   <div class='ocr_carea' id='block_1_16' title="bbox 616 1440 2205 1511">
    <p class='ocr_par' dir='ltr' id='par_1_16' title="bbox 616 1440 2205 1511">
     <span class='ocr_line' id='line_1_16' title="bbox 616 1440 2205 1511; baseline 0.002 -17"><span class='ocrx_word' id='word_1_110' title='bbox 616 1440 778 1495; x_wconf 89' lang='lat' dir='ltr'><strong>etiam</strong></span> <span class='ocrx_word' id='word_1_111' title='bbox 808 1441 1199 1511; x_wconf 64' lang='lat' dir='ltr'><strong>praetulissent;</strong></span> <span class='ocrx_word' id='word_1_112' title='bbox 1232 1458 1333 1497; x_wconf 88' lang='lat' dir='ltr'><strong>nec</strong></span> <span class='ocrx_word' id='word_1_113' title='bbox 1356 1441 1656 1510; x_wconf 76' lang='lat' dir='ltr'><strong>sufﬁciebat</strong></span> <span class='ocrx_word' id='word_1_114' title='bbox 1676 1453 1734 1496; x_wconf 91' lang='lat' dir='ltr'><strong>ut</strong></span> <span class='ocrx_word' id='word_1_115' title='bbox 1748 1457 1988 1497; x_wconf 85' lang='lat' dir='ltr'><strong>mensam</strong></span> <span class='ocrx_word' id='word_1_116' title='bbox 2011 1442 2205 1497; x_wconf 61' lang='lat' dir='ltr'><strong>daemo-</strong></span> 
     </span>
    </p>
   </div>
   <div class='ocr_carea' id='block_1_17' title="bbox 611 1534 2203 1606">
    <p class='ocr_par' dir='ltr' id='par_1_17' title="bbox 611 1534 2203 1606">
     <span class='ocr_line' id='line_1_17' title="bbox 611 1534 2203 1606; baseline 0.001 -19"><span class='ocrx_word' id='word_1_117' title='bbox 611 1548 739 1588; x_wconf 89' lang='lat' dir='ltr'><strong>num</strong></span> <span class='ocrx_word' id='word_1_118' title='bbox 765 1549 964 1589; x_wconf 79' lang='lat' dir='ltr'><strong>mensae</strong></span> <span class='ocrx_word' id='word_1_119' title='bbox 992 1534 1284 1590; x_wconf 65' lang='lat' dir='ltr'><strong>Dominicaa</strong></span> <span class='ocrx_word' id='word_1_120' title='bbox 1306 1542 1703 1605; x_wconf 79' lang='lat' dir='ltr'><strong>compararent,</strong></span> <span class='ocrx_word' id='word_1_121' title='bbox 1737 1536 1840 1594; x_wconf 86' lang='lat' dir='ltr'><strong>nisi</strong></span> <span class='ocrx_word' id='word_1_122' title='bbox 1868 1542 1992 1605; x_wconf 86' lang='lat' dir='ltr'><strong>post</strong></span> <span class='ocrx_word' id='word_1_123' title='bbox 2012 1550 2203 1606; x_wconf 85' lang='lat' dir='ltr'><strong>super-</strong></span> 
     </span>
    </p>
   </div>
   <div class='ocr_carea' id='block_1_18' title="bbox 610 1625 2200 1697">
    <p class='ocr_par' dir='ltr' id='par_1_18' title="bbox 610 1625 2200 1697">
     <span class='ocr_line' id='line_1_18' title="bbox 610 1625 2200 1697; baseline -0.001 -16"><span class='ocrx_word' id='word_1_124' title='bbox 610 1627 886 1695; x_wconf 86' lang='lat' dir='ltr'><strong>stitionum</strong></span> <span class='ocrx_word' id='word_1_125' title='bbox 918 1625 1193 1681; x_wconf 82' lang='lat' dir='ltr'><strong>infamium</strong></span> <span class='ocrx_word' id='word_1_126' title='bbox 1221 1626 1398 1682; x_wconf 89' lang='lat' dir='ltr'><strong>cultus</strong></span> <span class='ocrx_word' id='word_1_127' title='bbox 1424 1627 1492 1681; x_wconf 91' lang='lat' dir='ltr'><strong>ad</strong></span> <span class='ocrx_word' id='word_1_128' title='bbox 1520 1627 1614 1681; x_wconf 89' lang='lat' dir='ltr'><strong>Dei</strong></span> <span class='ocrx_word' id='word_1_129' title='bbox 1654 1626 1855 1697; x_wconf 90' lang='lat' dir='ltr'><strong>templa</strong></span> <span class='ocrx_word' id='word_1_130' title='bbox 1902 1626 2200 1692; x_wconf 84' lang='lat' dir='ltr'><strong>venientes,</strong></span> 
     </span>
    </p>
   </div>
   <div class='ocr_carea' id='block_1_19' title="bbox 2315 436 3903 509">
    <p class='ocr_par' dir='ltr' id='par_1_19' title="bbox 2315 436 3903 509">
     <span class='ocr_line' id='line_1_19' title="bbox 2315 436 3903 509; baseline 0.001 -18"><span class='ocrx_word' id='word_1_131' title='bbox 2315 438 2641 493; x_wconf 89' lang='lat' dir='ltr'><strong>contumelia</strong></span> <span class='ocrx_word' id='word_1_132' title='bbox 2677 436 2801 493; x_wconf 67' lang='lat' dir='ltr'><strong>laedi</strong></span> <span class='ocrx_word' id='word_1_133' title='bbox 2829 452 2990 508; x_wconf 90' lang='lat' dir='ltr'><strong>quam</strong></span> <span class='ocrx_word' id='word_1_134' title='bbox 3034 436 3184 509; x_wconf 86' lang='lat' dir='ltr'><strong>parvi</strong></span> <span class='ocrx_word' id='word_1_135' title='bbox 3212 436 3453 491; x_wconf 82' lang='lat' dir='ltr'><strong>verberis</strong></span> <span class='ocrx_word' id='word_1_136' title='bbox 3505 444 3649 491; x_wconf 87' lang='lat' dir='ltr'><strong>tactu</strong></span> <span class='ocrx_word' id='word_1_137' title='bbox 3687 436 3903 494; x_wconf 87' lang='lat' dir='ltr'><strong>humani</strong></span> 
     </span>
    </p>
   </div>
   <div class='ocr_carea' id='block_1_20' title="bbox 2313 528 3904 603">
    <p class='ocr_par' dir='ltr' id='par_1_20' title="bbox 2313 528 3904 603">
     <span class='ocr_line' id='line_1_20' title="bbox 2313 528 3904 603; baseline 0.001 -19"><span class='ocrx_word' id='word_1_138' title='bbox 2313 530 2458 585; x_wconf 88' lang='lat' dir='ltr'><strong>visus</strong></span> <span class='ocrx_word' id='word_1_139' title='bbox 2479 532 2623 586; x_wconf 87' lang='lat' dir='ltr'><strong>acies</strong></span> <span class='ocrx_word' id='word_1_140' title='bbox 2642 530 2944 586; x_wconf 67' lang='lat' dir='ltr'><strong>laederetur.</strong></span> <span class='ocrx_word' id='word_1_141' title='bbox 2968 530 3378 586; x_wconf 86' lang='lat' dir='ltr'><strong>lnsectabantur</strong></span> <span class='ocrx_word' id='word_1_142' title='bbox 3399 530 3581 599; x_wconf 88' lang='lat' dir='ltr'><strong>itaque</strong></span> <span class='ocrx_word' id='word_1_143' title='bbox 3611 528 3721 585; x_wconf 80' lang='lat' dir='ltr'><strong>Afri</strong></span> <span class='ocrx_word' id='word_1_144' title='bbox 3748 534 3904 603; x_wconf 69' lang='lat'><strong>180</strong></span> 
     </span>
    </p>
   </div>
   <div class='ocr_carea' id='block_1_21' title="bbox 2314 620 3540 692">
    <p class='ocr_par' dir='ltr' id='par_1_21' title="bbox 2314 620 3540 692">
     <span class='ocr_line' id='line_1_21' title="bbox 2314 620 3540 692; baseline 0 -17"><span class='ocrx_word' id='word_1_145' title='bbox 2314 629 2475 692; x_wconf 90' lang='lat' dir='ltr'><strong>atque</strong></span> <span class='ocrx_word' id='word_1_146' title='bbox 2502 622 2729 679; x_wconf 89' lang='lat' dir='ltr'><strong>oderant</strong></span> <span class='ocrx_word' id='word_1_147' title='bbox 2754 637 2941 679; x_wconf 84' lang='lat' dir='ltr'><strong>servos</strong></span> <span class='ocrx_word' id='word_1_148' title='bbox 2969 621 3083 689; x_wconf 87' lang='lat' dir='ltr'><strong>Dei,</strong></span> <span class='ocrx_word' id='word_1_149' title='bbox 3108 629 3162 677; x_wconf 91' lang='lat' dir='ltr'><strong>et</strong></span> <span class='ocrx_word' id='word_1_150' title='bbox 3183 623 3236 678; x_wconf 91' lang='lat' dir='ltr'><strong>in</strong></span> <span class='ocrx_word' id='word_1_151' title='bbox 3265 622 3332 678; x_wconf 91' lang='lat' dir='ltr'><strong>iis</strong></span> <span class='ocrx_word' id='word_1_152' title='bbox 3351 620 3540 677; x_wconf 86' lang='lat' dir='ltr'><strong>Deum.</strong></span> 
     </span>
    </p>
   </div>
   <div class='ocr_carea' id='block_1_22' title="bbox 2382 712 4027 784">
    <p class='ocr_par' dir='ltr' id='par_1_22' title="bbox 2382 712 4027 784">
     <span class='ocr_line' id='line_1_22' title="bbox 2382 712 4027 784; baseline 0.002 -15"><span class='ocrx_word' id='word_1_153' title='bbox 2382 713 2471 770; x_wconf 80' lang='lat' dir='ltr'><strong>IV.</strong></span> <span class='ocrx_word' id='word_1_154' title='bbox 2512 713 2621 769; x_wconf 88' lang='lat' dir='ltr'><strong>Sed</strong></span> <span class='ocrx_word' id='word_1_155' title='bbox 2655 714 2914 784; x_wconf 65' lang='lat' dir='ltr'><strong>quaeritur</strong></span> <span class='ocrx_word' id='word_1_156' title='bbox 2952 712 3176 769; x_wconf 81' lang='lat' dir='ltr'><strong>forsitan</strong></span> <span class='ocrx_word' id='word_1_157' title='bbox 3215 712 3411 782; x_wconf 88' lang='lat' dir='ltr'><strong>quibus</strong></span> <span class='ocrx_word' id='word_1_158' title='bbox 3451 712 3625 768; x_wconf 90' lang='lat' dir='ltr'><strong>modis</strong></span> <span class='ocrx_word' id='word_1_159' title='bbox 3648 714 3901 783; x_wconf 84' lang='lat' dir='ltr'><strong>probetur</strong></span> <span class='ocrx_word' id='word_1_160' title='bbox 3974 719 3981 783; x_wconf 71' lang='grc' dir='ltr'><em>ἑ</em></span> <span class='ocrx_word' id='word_1_161' title='bbox 4022 768 4027 773; x_wconf 85' lang='grc'><em>.</em></span> 
     </span>
    </p>
   </div>
   <div class='ocr_carea' id='block_1_23' title="bbox 2312 803 3977 875">
    <p class='ocr_par' dir='ltr' id='par_1_23' title="bbox 2312 803 3977 875">
     <span class='ocr_line' id='line_1_23' title="bbox 2312 803 3977 875; baseline 0.001 -15"><span class='ocrx_word' id='word_1_162' title='bbox 2312 804 2495 860; x_wconf 91' lang='lat' dir='ltr'><strong>odium</strong></span> <span class='ocrx_word' id='word_1_163' title='bbox 2524 804 2757 860; x_wconf 86' lang='lat' dir='ltr'><strong>illorum.</strong></span> <span class='ocrx_word' id='word_1_164' title='bbox 2811 804 2921 859; x_wconf 82' lang='lat' dir='ltr'><strong>illis</strong></span> <span class='ocrx_word' id='word_1_165' title='bbox 2948 804 3156 860; x_wconf 85' lang='lat' dir='ltr'><strong>scilicet</strong></span> <span class='ocrx_word' id='word_1_166' title='bbox 3175 803 3370 875; x_wconf 89' lang='lat' dir='ltr'><strong>quibus</strong></span> <span class='ocrx_word' id='word_1_167' title='bbox 3397 804 3559 859; x_wconf 86' lang='lat' dir='ltr'><strong>etiam</strong></span> <span class='ocrx_word' id='word_1_168' title='bbox 3595 803 3901 861; x_wconf 71' lang='lat' dir='ltr'><strong>Iudaeorum</strong></span> <span class='ocrx_word' id='word_1_169' title='bbox 3970 803 3977 853; x_wconf 68' lang='grc' dir='ltr'><strong>ε</strong></span> 
     </span>
    </p>
   </div>
   <div class='ocr_carea' id='block_1_24' title="bbox 2312 895 3900 968">
    <p class='ocr_par' dir='ltr' id='par_1_24' title="bbox 2312 895 3900 968">
     <span class='ocr_line' id='line_1_24' title="bbox 2312 895 3900 968; baseline -0.001 -16"><span class='ocrx_word' id='word_1_170' title='bbox 2312 896 2436 952; x_wconf 91' lang='lat' dir='ltr'><strong>odia</strong></span> <span class='ocrx_word' id='word_1_171' title='bbox 2484 897 2907 968; x_wconf 85' lang='lat' dir='ltr'><strong>comprobantur</strong></span> <span class='ocrx_word' id='word_1_172' title='bbox 2949 897 3002 951; x_wconf 93' lang='lat' dir='ltr'><strong>in</strong></span> <span class='ocrx_word' id='word_1_173' title='bbox 3049 895 3341 959; x_wconf 86' lang='lat' dir='ltr'><strong>Christum,</strong></span> <span class='ocrx_word' id='word_1_174' title='bbox 3381 911 3505 951; x_wconf 88' lang='lat' dir='ltr'><strong>cum</strong></span> <span class='ocrx_word' id='word_1_175' title='bbox 3544 895 3795 951; x_wconf 89' lang='lat' dir='ltr'><strong>dicebant</strong></span> <span class='ocrx_word' id='word_1_176' title='bbox 3834 897 3900 952; x_wconf 89' lang='lat' dir='ltr'><strong>ad</strong></span> 
     </span>
    </p>
   </div>
   <div class='ocr_carea' id='block_1_25' title="bbox 2311 985 3897 1056">
    <p class='ocr_par' dir='ltr' id='par_1_25' title="bbox 2311 985 3897 1056">
     <span class='ocr_line' id='line_1_25' title="bbox 2311 985 3897 1056; baseline -0.002 -13"><span class='ocrx_word' id='word_1_177' title='bbox 2311 1002 2454 1053; x_wconf 89' lang='lat' dir='ltr'><strong>eum,</strong></span> <span class='ocrx_word' id='word_1_178' title='bbox 2493 986 2863 1043; x_wconf 85' lang='lat' dir='ltr'><strong>Samaritanus</strong></span> <span class='ocrx_word' id='word_1_179' title='bbox 2890 1004 2945 1042; x_wconf 92' lang='lat' dir='ltr'><strong>es</strong></span> <span class='ocrx_word' id='word_1_180' title='bbox 2974 996 3045 1053; x_wconf 83' lang='lat' dir='ltr'><strong>tu,</strong></span> <span class='ocrx_word' id='word_1_181' title='bbox 3077 996 3127 1041; x_wconf 87' lang='lat' dir='ltr'><strong>et</strong></span> <span class='ocrx_word' id='word_1_182' title='bbox 3155 986 3461 1042; x_wconf 65' lang='lat' dir='ltr'><strong>daemonium</strong></span> <span class='ocrx_word' id='word_1_183' title='bbox 3493 985 3650 1041; x_wconf 84' lang='lat' dir='ltr'><strong>habes</strong></span> <span class='ocrx_word' id='word_1_184' title='bbox 3682 986 3897 1056; x_wconf 82' lang='lat' dir='ltr'><strong>(Joanu.</strong></span> 
     </span>
    </p>
   </div>
   <div class='ocr_carea' id='block_1_26' title="bbox 2310 1078 3901 1150">
    <p class='ocr_par' dir='ltr' id='par_1_26' title="bbox 2310 1078 3901 1150">
     <span class='ocr_line' id='line_1_26' title="bbox 2310 1078 3901 1150; baseline 0.001 -17"><span class='ocrx_word' id='word_1_185' title='bbox 2310 1095 2421 1146; x_wconf 80' lang='lat' dir='ltr'><strong>vni,</strong></span> <span class='ocrx_word' id='word_1_186' title='bbox 2453 1078 2575 1150; x_wconf 63' lang='lat'><strong>48);</strong></span> <span class='ocrx_word' id='word_1_187' title='bbox 2606 1096 2728 1135; x_wconf 89' lang='lat' dir='ltr'><strong>cum</strong></span> <span class='ocrx_word' id='word_1_188' title='bbox 2748 1080 3060 1147; x_wconf 87' lang='lat' dir='ltr'><strong>irridebant,</strong></span> <span class='ocrx_word' id='word_1_189' title='bbox 3085 1096 3208 1135; x_wconf 89' lang='lat' dir='ltr'><strong>cum</strong></span> <span class='ocrx_word' id='word_1_190' title='bbox 3236 1080 3641 1145; x_wconf 86' lang='lat' dir='ltr'><strong>maledicebant,</strong></span> <span class='ocrx_word' id='word_1_191' title='bbox 3666 1096 3786 1135; x_wconf 91' lang='lat' dir='ltr'><strong>cum</strong></span> <span class='ocrx_word' id='word_1_192' title='bbox 3820 1079 3901 1134; x_wconf 87' lang='lat' dir='ltr'><strong>in-</strong></span> 
     </span>
    </p>
   </div>
   <div class='ocr_carea' id='block_1_27' title="bbox 2310 1158 3902 1240">
    <p class='ocr_par' dir='ltr' id='par_1_27' title="bbox 2310 1158 3902 1240">
     <span class='ocr_line' id='line_1_27' title="bbox 2310 1158 3902 1240; baseline -0.002 -13"><span class='ocrx_word' id='word_1_193' title='bbox 2310 1158 2600 1227; x_wconf 80' lang='lat' dir='ltr'><strong>sumabant</strong></span> <span class='ocrx_word' id='word_1_194' title='bbox 2620 1173 2674 1226; x_wconf 90' lang='lat' dir='ltr'><strong>in</strong></span> <span class='ocrx_word' id='word_1_195' title='bbox 2695 1171 2886 1226; x_wconf 77' lang='lat' dir='ltr'><strong>faciem</strong></span> <span class='ocrx_word' id='word_1_196' title='bbox 2909 1171 3044 1240; x_wconf 86' lang='lat' dir='ltr'><strong>ejus,</strong></span> <span class='ocrx_word' id='word_1_197' title='bbox 3063 1178 3117 1225; x_wconf 93' lang='lat' dir='ltr'><strong>et</strong></span> <span class='ocrx_word' id='word_1_198' title='bbox 3134 1170 3448 1226; x_wconf 84' lang='lat' dir='ltr'><strong>frendebant</strong></span> <span class='ocrx_word' id='word_1_199' title='bbox 3466 1170 3716 1225; x_wconf 83' lang='lat' dir='ltr'><strong>dentibus</strong></span> <span class='ocrx_word' id='word_1_200' title='bbox 3737 1183 3902 1239; x_wconf 82' lang='lat' dir='ltr'><strong>super</strong></span> 
     </span>
    </p>
   </div>
   <div class='ocr_carea' id='block_1_28' title="bbox 2311 1259 3903 1333">
    <p class='ocr_par' dir='ltr' id='par_1_28' title="bbox 2311 1259 3903 1333">
     <span class='ocr_line' id='line_1_28' title="bbox 2311 1259 3903 1333; baseline -0.002 -16"><span class='ocrx_word' id='word_1_201' title='bbox 2311 1270 2474 1333; x_wconf 90' lang='lat' dir='ltr'><strong>caput</strong></span> <span class='ocrx_word' id='word_1_202' title='bbox 2502 1262 2635 1331; x_wconf 85' lang='lat' dir='ltr'><strong>ejus.</strong></span> <span class='ocrx_word' id='word_1_203' title='bbox 2670 1261 2824 1317; x_wconf 85' lang='lat' dir='ltr'><strong>Unde</strong></span> <span class='ocrx_word' id='word_1_204' title='bbox 2852 1262 3017 1316; x_wconf 89' lang='lat' dir='ltr'><strong>etiam</strong></span> <span class='ocrx_word' id='word_1_205' title='bbox 3040 1263 3092 1316; x_wconf 90' lang='lat' dir='ltr'><strong>in</strong></span> <span class='ocrx_word' id='word_1_206' title='bbox 3122 1262 3341 1331; x_wconf 83' lang='lat' dir='ltr'><strong>psalmis</strong></span> <span class='ocrx_word' id='word_1_207' title='bbox 3361 1261 3490 1316; x_wconf 88' lang='lat' dir='ltr'><strong>dicit</strong></span> <span class='ocrx_word' id='word_1_208' title='bbox 3516 1259 3765 1315; x_wconf 81' lang='lat' dir='ltr'><strong>Salvator</strong></span> <span class='ocrx_word' id='word_1_209' title='bbox 3786 1260 3903 1329; x_wconf 89' lang='lat' dir='ltr'><strong>ipse</strong></span> 
     </span>
    </p>
   </div>
   <div class='ocr_carea' id='block_1_29' title="bbox 2310 1352 3903 1426">
    <p class='ocr_par' dir='ltr' id='par_1_29' title="bbox 2310 1352 3903 1426">
     <span class='ocr_line' id='line_1_29' title="bbox 2310 1352 3903 1426; baseline -0.001 -17"><span class='ocrx_word' id='word_1_210' title='bbox 2310 1357 2401 1425; x_wconf 89' lang='lat' dir='ltr'><strong>qui</strong></span> <span class='ocrx_word' id='word_1_211' title='bbox 2428 1355 2647 1425; x_wconf 87' lang='lat' dir='ltr'><strong>pertulit</strong></span> <span class='ocrx_word' id='word_1_212' title='bbox 2679 1372 2692 1407; x_wconf 87' lang='lat'><strong>:</strong></span> <span class='ocrx_word' id='word_1_213' title='bbox 2727 1352 2919 1409; x_wconf 85' lang='lat' dir='ltr'><strong>Omnes</strong></span> <span class='ocrx_word' id='word_1_214' title='bbox 2947 1357 3033 1426; x_wconf 84' lang='lat' dir='ltr'><strong>qui</strong></span> <span class='ocrx_word' id='word_1_215' title='bbox 3076 1353 3456 1425; x_wconf 75' lang='lat' dir='ltr'><strong>conspiciebant</strong></span> <span class='ocrx_word' id='word_1_216' title='bbox 3489 1352 3903 1425; x_wconf 69' lang='lat' dir='ltr'><strong>aspernabantur</strong></span> 
     </span>
    </p>
   </div>
   <div class='ocr_carea' id='block_1_30' title="bbox 2309 1442 3895 1515">
    <p class='ocr_par' dir='ltr' id='par_1_30' title="bbox 2309 1442 3895 1515">
     <span class='ocr_line' id='line_1_30' title="bbox 2309 1442 3895 1515; baseline -0.001 -16"><span class='ocrx_word' id='word_1_217' title='bbox 2309 1462 2409 1510; x_wconf 87' lang='lat' dir='ltr'><strong>me,</strong></span> <span class='ocrx_word' id='word_1_218' title='bbox 2440 1456 2491 1500; x_wconf 89' lang='lat' dir='ltr'><strong>et</strong></span> <span class='ocrx_word' id='word_1_219' title='bbox 2518 1447 2673 1501; x_wconf 87' lang='lat' dir='ltr'><strong>locuti</strong></span> <span class='ocrx_word' id='word_1_220' title='bbox 2704 1454 2824 1500; x_wconf 81' lang='lat' dir='ltr'><strong>sunt</strong></span> <span class='ocrx_word' id='word_1_221' title='bbox 2849 1444 3020 1507; x_wconf 85' lang='lat' dir='ltr'><strong>labiis,</strong></span> <span class='ocrx_word' id='word_1_222' title='bbox 3065 1454 3114 1499; x_wconf 87' lang='lat' dir='ltr'><strong>et</strong></span> <span class='ocrx_word' id='word_1_223' title='bbox 3158 1452 3425 1499; x_wconf 80' lang='lat' dir='ltr'><strong>moverunt</strong></span> <span class='ocrx_word' id='word_1_224' title='bbox 3470 1452 3624 1515; x_wconf 85' lang='lat' dir='ltr'><strong>caput</strong></span> <span class='ocrx_word' id='word_1_225' title='bbox 3670 1442 3895 1513; x_wconf 82' lang='lat' dir='ltr'><strong>(Psalm.</strong></span> 
     </span>
    </p>
   </div>
   <div class='ocr_carea' id='block_1_31' title="bbox 2309 1535 3900 1609">
    <p class='ocr_par' dir='ltr' id='par_1_31' title="bbox 2309 1535 3900 1609">
     <span class='ocr_line' id='line_1_31' title="bbox 2309 1535 3900 1609; baseline -0.003 -17"><span class='ocrx_word' id='word_1_226' title='bbox 2309 1553 2419 1603; x_wconf 79' lang='lat' dir='ltr'><strong>xxr,</strong></span> <span class='ocrx_word' id='word_1_227' title='bbox 2452 1536 2528 1609; x_wconf 92' lang='lat'><strong>8).</strong></span> <span class='ocrx_word' id='word_1_228' title='bbox 2562 1536 2629 1591; x_wconf 90' lang='lat' dir='ltr'><strong>Et</strong></span> <span class='ocrx_word' id='word_1_229' title='bbox 2677 1538 2801 1593; x_wconf 84' lang='lat' dir='ltr'><strong>alibi</strong></span> <span class='ocrx_word' id='word_1_230' title='bbox 2830 1556 2842 1591; x_wconf 93' lang='lat'><strong>:</strong></span> <span class='ocrx_word' id='word_1_231' title='bbox 2878 1537 3239 1603; x_wconf 80' lang='lat' dir='ltr'><strong>Tentaverunt,</strong></span> <span class='ocrx_word' id='word_1_232' title='bbox 3277 1536 3467 1606; x_wconf 91' lang='lat' dir='ltr'><strong>inquit,</strong></span> <span class='ocrx_word' id='word_1_233' title='bbox 3500 1552 3598 1602; x_wconf 84' lang='lat' dir='ltr'><strong>me,</strong></span> <span class='ocrx_word' id='word_1_234' title='bbox 3630 1544 3681 1589; x_wconf 84' lang='lat' dir='ltr'><strong>et</strong></span> <span class='ocrx_word' id='word_1_235' title='bbox 3707 1535 3900 1589; x_wconf 80' lang='lat' dir='ltr'><strong>derise-</strong></span> 
     </span>
    </p>
   </div>
   <div class='ocr_carea' id='block_1_32' title="bbox 2309 1624 3913 1703">
    <p class='ocr_par' dir='ltr' id='par_1_32' title="bbox 2309 1624 3913 1703">
     <span class='ocr_line' id='line_1_32' title="bbox 2309 1624 3913 1703; baseline -0.004 -17"><span class='ocrx_word' id='word_1_236' title='bbox 2309 1640 2430 1686; x_wconf 85' lang='lat' dir='ltr'><strong>runt</strong></span> <span class='ocrx_word' id='word_1_237' title='bbox 2458 1632 2654 1697; x_wconf 81' lang='lat' dir='ltr'><strong>derisu,</strong></span> <span class='ocrx_word' id='word_1_238' title='bbox 2689 1631 3027 1703; x_wconf 79' lang='lat' dir='ltr'><strong>frenduerunt</strong></span> <span class='ocrx_word' id='word_1_239' title='bbox 3053 1633 3109 1685; x_wconf 84' lang='lat' dir='ltr'><strong>in</strong></span> <span class='ocrx_word' id='word_1_240' title='bbox 3135 1647 3218 1685; x_wconf 89' lang='lat' dir='ltr'><strong>me</strong></span> <span class='ocrx_word' id='word_1_241' title='bbox 3245 1630 3481 1684; x_wconf 80' lang='lat' dir='ltr'><strong>dentibus</strong></span> <span class='ocrx_word' id='word_1_242' title='bbox 3510 1630 3617 1683; x_wconf 84' lang='lat' dir='ltr'><strong>suis</strong></span> <span class='ocrx_word' id='word_1_243' title='bbox 3668 1624 3913 1700; x_wconf 74' lang='lat' dir='ltr'><strong>(Psalm.“</strong></span> 
     </span>
    </p>
   </div>
   <div class='ocr_carea' id='block_1_33' title="bbox 609 1717 3887 1791">
    <p class='ocr_par' dir='ltr' id='par_1_33' title="bbox 609 1717 3887 1791">
     <span class='ocr_line' id='line_1_33' title="bbox 609 1717 3887 1791; baseline 0 -19"><span class='ocrx_word' id='word_1_244' title='bbox 609 1717 966 1772; x_wconf 84' lang='lat' dir='ltr'><strong>sacrosanctis</strong></span> <span class='ocrx_word' id='word_1_245' title='bbox 1010 1717 1209 1772; x_wconf 86' lang='lat' dir='ltr'><strong>Christi</strong></span> <span class='ocrx_word' id='word_1_246' title='bbox 1262 1717 1521 1773; x_wconf 85' lang='lat' dir='ltr'><strong>altaribus</strong></span> <span class='ocrx_word' id='word_1_247' title='bbox 1557 1717 1721 1773; x_wconf 90' lang='lat' dir='ltr'><strong>ductu</strong></span> <span class='ocrx_word' id='word_1_248' title='bbox 1751 1718 1919 1788; x_wconf 85' lang='lat' dir='ltr'><strong>ipsius</strong></span> <span class='ocrx_word' id='word_1_249' title='bbox 1947 1717 2200 1773; x_wconf 89' lang='lat' dir='ltr'><strong>diabolici</strong></span> <span class='ocrx_word' id='word_1_250' title='bbox 2231 1727 2277 1787; x_wconf 76' lang='grc' dir='ltr'><strong>Β</strong></span> <span class='ocrx_word' id='word_1_251' title='bbox 2303 1738 2487 1787; x_wconf 84' lang='lat' dir='ltr'><strong>xxxiv,</strong></span> <span class='ocrx_word' id='word_1_252' title='bbox 2521 1721 2629 1791; x_wconf 79' lang='grc'><strong>16).</strong></span> <span class='ocrx_word' id='word_1_253' title='bbox 2662 1722 2739 1775; x_wconf 85' lang='lat' dir='ltr'><strong>ita</strong></span> <span class='ocrx_word' id='word_1_254' title='bbox 2788 1722 2950 1787; x_wconf 80' lang='lat' dir='ltr'><strong>igitur</strong></span> <span class='ocrx_word' id='word_1_255' title='bbox 2979 1728 3034 1775; x_wconf 90' lang='lat' dir='ltr'><strong>et</strong></span> <span class='ocrx_word' id='word_1_256' title='bbox 3062 1721 3114 1774; x_wconf 93' lang='lat' dir='ltr'><strong>in</strong></span> <span class='ocrx_word' id='word_1_257' title='bbox 3144 1719 3172 1759; x_wconf 69' lang='grc' dir='ltr'>δ</span> <span class='ocrx_word' id='word_1_258' title='bbox 3201 1719 3500 1783; x_wconf 85' lang='lat' dir='ltr'><strong>monachis,</strong></span> <span class='ocrx_word' id='word_1_259' title='bbox 3530 1719 3583 1772; x_wconf 90' lang='lat' dir='ltr'><strong>id</strong></span> <span class='ocrx_word' id='word_1_260' title='bbox 3609 1728 3712 1782; x_wconf 89' lang='lat' dir='ltr'><strong>est,</strong></span> <span class='ocrx_word' id='word_1_261' title='bbox 3762 1732 3887 1773; x_wconf 86' lang='lat' dir='ltr'><strong>san-</strong></span> 
     </span>
    </p>
   </div>
   <div class='ocr_carea' id='block_1_34' title="bbox 608 1809 1911 1893">
    <p class='ocr_par' dir='ltr' id='par_1_34' title="bbox 608 1809 1911 1893">
     <span class='ocr_line' id='line_1_34' title="bbox 608 1809 1911 1893; baseline -0.002 -28"><span class='ocrx_word' id='word_1_262' title='bbox 608 1810 828 1885; x_wconf 86' lang='lat' dir='ltr'><strong>spiritus</strong></span> <span class='ocrx_word' id='word_1_263' title='bbox 847 1810 1254 1893; x_wconf 86' lang='lat' dir='ltr'><strong>spurcissimum</strong></span> <span class='ocrx_word' id='word_1_264' title='bbox 1285 1809 1528 1877; x_wconf 84' lang='lat' dir='ltr'><strong>nidorem</strong></span> <span class='ocrx_word' id='word_1_265' title='bbox 1556 1809 1911 1863; x_wconf 88' lang='lat' dir='ltr'><strong>inhaiassent.</strong></span> 
     </span>
    </p>
   </div>
   <div class='ocr_carea' id='block_1_35' title="bbox 677 1899 2199 1977">
    <p class='ocr_par' dir='ltr' id='par_1_35' title="bbox 677 1899 2199 1977">
     <span class='ocr_line' id='line_1_35' title="bbox 677 1899 2199 1977; baseline 0 -22"><span class='ocrx_word' id='word_1_266' title='bbox 677 1900 765 1955; x_wconf 89' lang='lat' dir='ltr'><strong>Ill.</strong></span> <span class='ocrx_word' id='word_1_267' title='bbox 806 1901 892 1968; x_wconf 80' lang='lat' dir='ltr'><strong>At,</strong></span> <span class='ocrx_word' id='word_1_268' title='bbox 919 1901 1114 1970; x_wconf 90' lang='lat' dir='ltr'><strong>inquis,</strong></span> <span class='ocrx_word' id='word_1_269' title='bbox 1147 1916 1255 1955; x_wconf 91' lang='lat' dir='ltr'><strong>non</strong></span> <span class='ocrx_word' id='word_1_270' title='bbox 1287 1916 1475 1956; x_wconf 87' lang='lat' dir='ltr'><strong>onmes</strong></span> <span class='ocrx_word' id='word_1_271' title='bbox 1501 1900 1600 1956; x_wconf 89' lang='lat' dir='ltr'><strong>ista</strong></span> <span class='ocrx_word' id='word_1_272' title='bbox 1631 1899 1920 1965; x_wconf 84' lang='lat' dir='ltr'><strong>faciebant,</strong></span> <span class='ocrx_word' id='word_1_273' title='bbox 1963 1899 2060 1955; x_wconf 91' lang='lat' dir='ltr'><strong>sed</strong></span> <span class='ocrx_word' id='word_1_274' title='bbox 2099 1916 2199 1977; x_wconf 89' lang='lat' dir='ltr'><strong>po-</strong></span> 
     </span>
    </p>
   </div>
   <div class='ocr_carea' id='block_1_36' title="bbox 611 1990 2203 2061">
    <p class='ocr_par' dir='ltr' id='par_1_36' title="bbox 611 1990 2203 2061">
     <span class='ocr_line' id='line_1_36' title="bbox 611 1990 2203 2061; baseline -0.001 -15"><span class='ocrx_word' id='word_1_275' title='bbox 611 1991 898 2046; x_wconf 88' lang='lat' dir='ltr'><strong>tentissimi</strong></span> <span class='ocrx_word' id='word_1_276' title='bbox 933 1992 1133 2061; x_wconf 89' lang='lat' dir='ltr'><strong>quique</strong></span> <span class='ocrx_word' id='word_1_277' title='bbox 1162 2007 1225 2047; x_wconf 91' lang='lat' dir='ltr'><strong>ac</strong></span> <span class='ocrx_word' id='word_1_278' title='bbox 1248 1990 1632 2046; x_wconf 88' lang='lat' dir='ltr'><strong>sublimissimi.</strong></span> <span class='ocrx_word' id='word_1_279' title='bbox 1662 1990 2079 2061; x_wconf 82' lang='lat' dir='ltr'><strong>Acquiescamus</strong></span> <span class='ocrx_word' id='word_1_280' title='bbox 2097 1991 2203 2046; x_wconf 89' lang='lat' dir='ltr'><strong>hoc</strong></span> 
     </span>
    </p>
   </div>
   <div class='ocr_carea' id='block_1_37' title="bbox 612 2082 2202 2158">
    <p class='ocr_par' dir='ltr' id='par_1_37' title="bbox 612 2082 2202 2158">
     <span class='ocr_line' id='line_1_37' title="bbox 612 2082 2202 2158; baseline -0.002 -20"><span class='ocrx_word' id='word_1_281' title='bbox 612 2083 686 2138; x_wconf 91' lang='lat' dir='ltr'><strong>ita</strong></span> <span class='ocrx_word' id='word_1_282' title='bbox 718 2097 854 2139; x_wconf 90' lang='lat' dir='ltr'><strong>esse.</strong></span> <span class='ocrx_word' id='word_1_283' title='bbox 887 2082 995 2139; x_wconf 85' lang='lat' dir='ltr'><strong>Sed</strong></span> <span class='ocrx_word' id='word_1_284' title='bbox 1024 2098 1145 2138; x_wconf 89' lang='lat' dir='ltr'><strong>cum</strong></span> <span class='ocrx_word' id='word_1_285' title='bbox 1174 2082 1450 2138; x_wconf 76' lang='lat' dir='ltr'><strong>ditissima:</strong></span> <span class='ocrx_word' id='word_1_286' title='bbox 1471 2097 1699 2153; x_wconf 65' lang='lat' dir='ltr'><strong>quaeque</strong></span> <span class='ocrx_word' id='word_1_287' title='bbox 1726 2098 1789 2158; x_wconf 76' lang='lat' dir='ltr'><strong>ac</strong></span> <span class='ocrx_word' id='word_1_288' title='bbox 1817 2082 2202 2152; x_wconf 72' lang='lat' dir='ltr'><strong>potentissima:</strong></span> 
     </span>
    </p>
   </div>
   <div class='ocr_carea' id='block_1_38' title="bbox 615 2174 2202 2263">
    <p class='ocr_par' dir='ltr' id='par_1_38' title="bbox 615 2174 2202 2263">
     <span class='ocr_line' id='line_1_38' title="bbox 615 2174 2202 2263; baseline 0 -34"><span class='ocrx_word' id='word_1_289' title='bbox 615 2174 807 2231; x_wconf 89' lang='lat' dir='ltr'><strong>domus</strong></span> <span class='ocrx_word' id='word_1_290' title='bbox 836 2177 1047 2243; x_wconf 81' lang='lat' dir='ltr'><strong>turbam</strong></span> <span class='ocrx_word' id='word_1_291' title='bbox 1084 2176 1240 2263; x_wconf 41' lang='lat'><strong>1’79</strong></span> <span class='ocrx_word' id='word_1_292' title='bbox 1266 2174 1466 2230; x_wconf 81' lang='lat' dir='ltr'><strong>faciant</strong></span> <span class='ocrx_word' id='word_1_293' title='bbox 1490 2175 1741 2239; x_wconf 86' lang='lat' dir='ltr'><strong>civitatis,</strong></span> <span class='ocrx_word' id='word_1_294' title='bbox 1770 2176 1921 2231; x_wconf 89' lang='lat' dir='ltr'><strong>vides</strong></span> <span class='ocrx_word' id='word_1_295' title='bbox 1940 2191 2039 2246; x_wconf 91' lang='lat' dir='ltr'><strong>per</strong></span> <span class='ocrx_word' id='word_1_296' title='bbox 2068 2191 2202 2247; x_wconf 88' lang='lat' dir='ltr'><strong>pau-</strong></span> 
     </span>
    </p>
   </div>
   <div class='ocr_carea' id='block_1_39' title="bbox 607 2267 2201 2338">
    <p class='ocr_par' dir='ltr' id='par_1_39' title="bbox 607 2267 2201 2338">
     <span class='ocr_line' id='line_1_39' title="bbox 607 2267 2201 2338; baseline -0.001 -16"><span class='ocrx_word' id='word_1_297' title='bbox 607 2282 794 2322; x_wconf 87' lang='lat' dir='ltr'><strong>corum</strong></span> <span class='ocrx_word' id='word_1_298' title='bbox 823 2267 1121 2338; x_wconf 90' lang='lat' dir='ltr'><strong>potentium</strong></span> <span class='ocrx_word' id='word_1_299' title='bbox 1163 2267 1478 2336; x_wconf 82' lang='lat' dir='ltr'><strong>sacrilegam</strong></span> <span class='ocrx_word' id='word_1_300' title='bbox 1527 2268 1965 2338; x_wconf 88' lang='lat' dir='ltr'><strong>superstitionem</strong></span> <span class='ocrx_word' id='word_1_301' title='bbox 2010 2267 2201 2322; x_wconf 89' lang='lat' dir='ltr'><strong>urbem</strong></span> 
     </span>
    </p>
   </div>
   <div class='ocr_carea' id='block_1_40' title="bbox 606 2359 2203 2433">
    <p class='ocr_par' dir='ltr' id='par_1_40' title="bbox 606 2359 2203 2433">
     <span class='ocr_line' id='line_1_40' title="bbox 606 2359 2203 2433; baseline 0.001 -20"><span class='ocrx_word' id='word_1_302' title='bbox 606 2370 857 2415; x_wconf 87' lang='lat' dir='ltr'><strong>cunctam</strong></span> <span class='ocrx_word' id='word_1_303' title='bbox 889 2359 1053 2424; x_wconf 84' lang='lat' dir='ltr'><strong>fuisse</strong></span> <span class='ocrx_word' id='word_1_304' title='bbox 1072 2359 1361 2433; x_wconf 80' lang='lat' dir='ltr'><strong>pollutam.</strong></span> <span class='ocrx_word' id='word_1_305' title='bbox 1400 2360 1612 2416; x_wconf 87' lang='lat' dir='ltr'><strong>Nemini</strong></span> <span class='ocrx_word' id='word_1_306' title='bbox 1646 2369 1825 2416; x_wconf 88' lang='lat' dir='ltr'><strong>autem</strong></span> <span class='ocrx_word' id='word_1_307' title='bbox 1865 2360 2084 2416; x_wconf 89' lang='lat' dir='ltr'><strong>dubium</strong></span> <span class='ocrx_word' id='word_1_308' title='bbox 2119 2369 2203 2416; x_wconf 90' lang='lat' dir='ltr'><strong>est</strong></span> 
     </span>
    </p>
   </div>
   <div class='ocr_carea' id='block_1_41' title="bbox 607 2452 2200 2519">
    <p class='ocr_par' dir='ltr' id='par_1_41' title="bbox 607 2452 2200 2519">
     <span class='ocr_line' id='line_1_41' title="bbox 607 2452 2200 2519; baseline 0.001 -13"><span class='ocrx_word' id='word_1_309' title='bbox 607 2468 795 2519; x_wconf 78' lang='lat' dir='ltr'><strong>omnes</strong></span> <span class='ocrx_word' id='word_1_310' title='bbox 814 2452 1156 2515; x_wconf 84' lang='lat' dir='ltr'><strong>dominorum</strong></span> <span class='ocrx_word' id='word_1_311' title='bbox 1192 2452 1421 2508; x_wconf 83' lang='lat' dir='ltr'><strong>familias</strong></span> <span class='ocrx_word' id='word_1_312' title='bbox 1450 2463 1544 2508; x_wconf 91' lang='lat' dir='ltr'><strong>aut</strong></span> <span class='ocrx_word' id='word_1_313' title='bbox 1573 2454 1777 2510; x_wconf 90' lang='lat' dir='ltr'><strong>similes</strong></span> <span class='ocrx_word' id='word_1_314' title='bbox 1819 2469 1939 2509; x_wconf 87' lang='lat' dir='ltr'><strong>esse</strong></span> <span class='ocrx_word' id='word_1_315' title='bbox 1967 2453 2200 2509; x_wconf 85' lang='lat' dir='ltr'><strong>dominis</strong></span> 
     </span>
    </p>
   </div>
   <div class='ocr_carea' id='block_1_42' title="bbox 607 2544 2195 2623">
    <p class='ocr_par' dir='ltr' id='par_1_42' title="bbox 607 2544 2195 2623">
     <span class='ocr_line' id='line_1_42' title="bbox 607 2544 2195 2623; baseline -0.002 -23"><span class='ocrx_word' id='word_1_316' title='bbox 607 2554 702 2600; x_wconf 88' lang='lat' dir='ltr'><strong>aut</strong></span> <span class='ocrx_word' id='word_1_317' title='bbox 728 2544 1032 2613; x_wconf 79' lang='lat' dir='ltr'><strong>deteriores</strong></span> <span class='ocrx_word' id='word_1_318' title='bbox 1053 2564 1075 2623; x_wconf 69' lang='lat' dir='ltr'><strong>j,</strong></span> <span class='ocrx_word' id='word_1_319' title='bbox 1093 2546 1339 2616; x_wconf 79' lang='lat' dir='ltr'><strong>quamvis</strong></span> <span class='ocrx_word' id='word_1_320' title='bbox 1364 2545 1468 2601; x_wconf 91' lang='lat' dir='ltr'><strong>hoc</strong></span> <span class='ocrx_word' id='word_1_321' title='bbox 1495 2546 1742 2601; x_wconf 87' lang='lat' dir='ltr'><strong>usitatius</strong></span> <span class='ocrx_word' id='word_1_322' title='bbox 1772 2554 1831 2600; x_wconf 86' lang='lat' dir='ltr'><strong>ut</strong></span> <span class='ocrx_word' id='word_1_323' title='bbox 1861 2545 2159 2601; x_wconf 85' lang='lat' dir='ltr'><strong>deteriores</strong></span> <span class='ocrx_word' id='word_1_324' title='bbox 2184 2563 2195 2597; x_wconf 91' lang='lat'>:</span> 
     </span>
    </p>
   </div>
   <div class='ocr_carea' id='block_1_43' title="bbox 606 2639 2201 2712">
    <p class='ocr_par' dir='ltr' id='par_1_43' title="bbox 606 2639 2201 2712">
     <span class='ocr_line' id='line_1_43' title="bbox 606 2639 2201 2712; baseline 0 -18"><span class='ocrx_word' id='word_1_325' title='bbox 606 2655 670 2711; x_wconf 82' lang='lat' dir='ltr'><strong>ac</strong></span> <span class='ocrx_word' id='word_1_326' title='bbox 697 2655 794 2712; x_wconf 88' lang='lat' dir='ltr'><strong>per</strong></span> <span class='ocrx_word' id='word_1_327' title='bbox 812 2640 918 2695; x_wconf 89' lang='lat' dir='ltr'><strong>hoc</strong></span> <span class='ocrx_word' id='word_1_328' title='bbox 938 2655 1060 2701; x_wconf 88' lang='lat' dir='ltr'><strong>cum</strong></span> <span class='ocrx_word' id='word_1_329' title='bbox 1088 2639 1254 2707; x_wconf 78' lang='lat' dir='ltr'><strong>etiam</strong></span> <span class='ocrx_word' id='word_1_330' title='bbox 1279 2640 1409 2694; x_wconf 93' lang='lat' dir='ltr'><strong>boni</strong></span> <span class='ocrx_word' id='word_1_331' title='bbox 1429 2640 1630 2695; x_wconf 91' lang='lat' dir='ltr'><strong>domini</strong></span> <span class='ocrx_word' id='word_1_332' title='bbox 1652 2655 1839 2695; x_wconf 90' lang='lat' dir='ltr'><strong>servos</strong></span> <span class='ocrx_word' id='word_1_333' title='bbox 1861 2639 1947 2694; x_wconf 83' lang='lat' dir='ltr'><strong>vel</strong></span> <span class='ocrx_word' id='word_1_334' title='bbox 1969 2639 2201 2694; x_wconf 82' lang='lat' dir='ltr'><strong>maxime</strong></span> 
     </span>
    </p>
   </div>
   <div class='ocr_carea' id='block_1_44' title="bbox 605 2729 2204 2807">
    <p class='ocr_par' dir='ltr' id='par_1_44' title="bbox 605 2729 2204 2807">
     <span class='ocr_line' id='line_1_44' title="bbox 605 2729 2204 2807; baseline 0.001 -23"><span class='ocrx_word' id='word_1_335' title='bbox 605 2730 778 2800; x_wconf 84' lang='lat' dir='ltr'><strong>malos</strong></span> <span class='ocrx_word' id='word_1_336' title='bbox 801 2731 1060 2807; x_wconf 83' lang='lat' dir='ltr'><strong>habeant,</strong></span> <span class='ocrx_word' id='word_1_337' title='bbox 1095 2740 1406 2805; x_wconf 89' lang='lat' dir='ltr'><strong>promptum</strong></span> <span class='ocrx_word' id='word_1_338' title='bbox 1434 2740 1517 2791; x_wconf 91' lang='lat' dir='ltr'><strong>est</strong></span> <span class='ocrx_word' id='word_1_339' title='bbox 1553 2731 1851 2800; x_wconf 82' lang='lat' dir='ltr'><strong>intelligere</strong></span> <span class='ocrx_word' id='word_1_340' title='bbox 1879 2730 2065 2799; x_wconf 90' lang='lat' dir='ltr'><strong>quales</strong></span> <span class='ocrx_word' id='word_1_341' title='bbox 2094 2729 2204 2785; x_wconf 89' lang='lat' dir='ltr'><strong>illic</strong></span> 
     </span>
    </p>
   </div>
   <div class='ocr_carea' id='block_1_45' title="bbox 607 2808 2204 2892">
    <p class='ocr_par' dir='ltr' id='par_1_45' title="bbox 607 2808 2204 2892">
     <span class='ocr_line' id='line_1_45' title="bbox 607 2808 2204 2892; baseline -0.001 -15"><span class='ocrx_word' id='word_1_342' title='bbox 607 2821 823 2880; x_wconf 77' lang='lat' dir='ltr'><strong>familia:</strong></span> <span class='ocrx_word' id='word_1_343' title='bbox 852 2808 1284 2889; x_wconf 72' lang='lat' dir='ltr'><strong>omnesfuerint,</strong></span> <span class='ocrx_word' id='word_1_344' title='bbox 1318 2838 1440 2878; x_wconf 88' lang='lat' dir='ltr'><strong>cum</strong></span> <span class='ocrx_word' id='word_1_345' title='bbox 1468 2822 1691 2877; x_wconf 87' lang='lat' dir='ltr'><strong>serviles</strong></span> <span class='ocrx_word' id='word_1_346' title='bbox 1719 2822 1928 2889; x_wconf 78' lang='lat' dir='ltr'><strong>animos</strong></span> <span class='ocrx_word' id='word_1_347' title='bbox 1951 2820 2064 2891; x_wconf 87' lang='lat' dir='ltr'><strong>jam</strong></span> <span class='ocrx_word' id='word_1_348' title='bbox 2106 2836 2204 2892; x_wconf 90' lang='lat' dir='ltr'><strong>per</strong></span> 
     </span>
    </p>
   </div>
   <div class='ocr_carea' id='block_1_46' title="bbox 604 2912 2199 2985">
    <p class='ocr_par' dir='ltr' id='par_1_46' title="bbox 604 2912 2199 2985">
     <span class='ocr_line' id='line_1_46' title="bbox 604 2912 2199 2985; baseline -0.001 -16"><span class='ocrx_word' id='word_1_349' title='bbox 604 2928 664 2969; x_wconf 90' lang='lat' dir='ltr'><strong>se</strong></span> <span class='ocrx_word' id='word_1_350' title='bbox 692 2914 863 2967; x_wconf 88' lang='lat' dir='ltr'><strong>malos</strong></span> <span class='ocrx_word' id='word_1_351' title='bbox 888 2913 1047 2975; x_wconf 82' lang='lat' dir='ltr'><strong>etiam</strong></span> <span class='ocrx_word' id='word_1_352' title='bbox 1077 2913 1421 2979; x_wconf 84' lang='lat' dir='ltr'><strong>dominorum</strong></span> <span class='ocrx_word' id='word_1_353' title='bbox 1467 2912 1669 2979; x_wconf 82' lang='lat' dir='ltr'><strong>faceret</strong></span> <span class='ocrx_word' id='word_1_354' title='bbox 1696 2913 1936 2983; x_wconf 88' lang='lat' dir='ltr'><strong>nequitia</strong></span> <span class='ocrx_word' id='word_1_355' title='bbox 1967 2912 2199 2985; x_wconf 83' lang='lat' dir='ltr'><strong>pejores.</strong></span> 
     </span>
    </p>
   </div>
   <div class='ocr_carea' id='block_1_47' title="bbox 605 3000 2204 3087">
    <p class='ocr_par' dir='ltr' id='par_1_47' title="bbox 605 3000 2204 3087">
     <span class='ocr_line' id='line_1_47' title="bbox 605 3000 2204 3087; baseline 0.002 -30"><span class='ocrx_word' id='word_1_356' title='bbox 605 3001 737 3075; x_wconf 83' lang='lat' dir='ltr'><strong>Esto</strong></span> <span class='ocrx_word' id='word_1_357' title='bbox 766 3018 913 3081; x_wconf 82' lang='lat' dir='ltr'><strong>ergo,</strong></span> <span class='ocrx_word' id='word_1_358' title='bbox 938 3005 1029 3059; x_wconf 92' lang='lat' dir='ltr'><strong>illa</strong></span> <span class='ocrx_word' id='word_1_359' title='bbox 1052 3021 1171 3087; x_wconf 60' lang='lat' dir='ltr'><strong>qum</strong></span> <span class='ocrx_word' id='word_1_360' title='bbox 1190 3004 1423 3071; x_wconf 82' lang='lat' dir='ltr'><strong>diximus</strong></span> <span class='ocrx_word' id='word_1_361' title='bbox 1448 3005 1516 3073; x_wconf 87' lang='lat' dir='ltr'><strong>ad</strong></span> <span class='ocrx_word' id='word_1_362' title='bbox 1539 3006 1943 3077; x_wconf 90' lang='lat' dir='ltr'><strong>potentissimos</strong></span> <span class='ocrx_word' id='word_1_363' title='bbox 1961 3000 2204 3075; x_wconf 82' lang='lat' dir='ltr'><strong>quosque</strong></span> 
     </span>
    </p>
   </div>
   <div class='ocr_carea' id='block_1_48' title="bbox 2244 1808 3895 1882">
    <p class='ocr_par' dir='ltr' id='par_1_48' title="bbox 2244 1808 3895 1882">
     <span class='ocr_line' id='line_1_48' title="bbox 2244 1808 3895 1882; baseline -0.004 -14"><span class='ocrx_word' id='word_1_364' title='bbox 2244 1838 2251 1845; x_wconf 68' lang='grc' dir='ltr'><strong><em>ο</em></strong></span> <span class='ocrx_word' id='word_1_365' title='bbox 2302 1812 2402 1868; x_wconf 91' lang='lat' dir='ltr'><strong>ctis</strong></span> <span class='ocrx_word' id='word_1_366' title='bbox 2450 1812 2564 1880; x_wconf 91' lang='lat' dir='ltr'><strong>Dei,</strong></span> <span class='ocrx_word' id='word_1_367' title='bbox 2596 1810 2847 1866; x_wconf 80' lang='lat' dir='ltr'><strong>Afrorum</strong></span> <span class='ocrx_word' id='word_1_368' title='bbox 2892 1812 3154 1882; x_wconf 87' lang='lat' dir='ltr'><strong>probatur</strong></span> <span class='ocrx_word' id='word_1_369' title='bbox 3180 1809 3390 1875; x_wconf 87' lang='lat' dir='ltr'><strong>odium;</strong></span> <span class='ocrx_word' id='word_1_370' title='bbox 3438 1809 3561 1880; x_wconf 89' lang='lat' dir='ltr'><strong>quia</strong></span> <span class='ocrx_word' id='word_1_371' title='bbox 3604 1808 3895 1863; x_wconf 83' lang='lat' dir='ltr'><strong>irridebant</strong></span> 
     </span>
    </p>
   </div>
   <div class='ocr_carea' id='block_1_49' title="bbox 2300 1899 3893 1980">
    <p class='ocr_par' dir='ltr' id='par_1_49' title="bbox 2300 1899 3893 1980">
     <span class='ocr_line' id='line_1_49' title="bbox 2300 1899 3893 1980; baseline -0.004 -21"><span class='ocrx_word' id='word_1_372' title='bbox 2300 1902 2525 1965; x_wconf 87' lang='lat' dir='ltr'><strong>scilicet,</strong></span> <span class='ocrx_word' id='word_1_373' title='bbox 2553 1902 2680 1972; x_wconf 88' lang='lat' dir='ltr'><strong>quia</strong></span> <span class='ocrx_word' id='word_1_374' title='bbox 2708 1901 3120 1980; x_wconf 83' lang='lat' dir='ltr'><strong>maledicebant,</strong></span> <span class='ocrx_word' id='word_1_375' title='bbox 3153 1900 3278 1969; x_wconf 88' lang='lat' dir='ltr'><strong>quia</strong></span> <span class='ocrx_word' id='word_1_376' title='bbox 3319 1899 3737 1965; x_wconf 84' lang='lat' dir='ltr'><strong>insectabantur,</strong></span> <span class='ocrx_word' id='word_1_377' title='bbox 3768 1899 3893 1967; x_wconf 84' lang='lat' dir='ltr'><strong>quia</strong></span> 
     </span>
    </p>
   </div>
   <div class='ocr_carea' id='block_1_50' title="bbox 2301 1991 3893 2064">
    <p class='ocr_par' dir='ltr' id='par_1_50' title="bbox 2301 1991 3893 2064">
     <span class='ocr_line' id='line_1_50' title="bbox 2301 1991 3893 2064; baseline -0.004 -14"><span class='ocrx_word' id='word_1_378' title='bbox 2301 1995 2727 2061; x_wconf 86' lang='lat' dir='ltr'><strong>detestabantur,</strong></span> <span class='ocrx_word' id='word_1_379' title='bbox 2758 1995 2884 2064; x_wconf 90' lang='lat' dir='ltr'><strong>quia</strong></span> <span class='ocrx_word' id='word_1_380' title='bbox 2913 1995 3094 2049; x_wconf 88' lang='lat' dir='ltr'><strong>omnia</strong></span> <span class='ocrx_word' id='word_1_381' title='bbox 3124 1994 3178 2047; x_wconf 91' lang='lat' dir='ltr'><strong>in</strong></span> <span class='ocrx_word' id='word_1_382' title='bbox 3209 1993 3330 2048; x_wconf 90' lang='lat' dir='ltr'><strong>illos</strong></span> <span class='ocrx_word' id='word_1_383' title='bbox 3352 2007 3490 2063; x_wconf 86' lang='lat' dir='ltr'><strong>pene</strong></span> <span class='ocrx_word' id='word_1_384' title='bbox 3510 1991 3752 2047; x_wconf 80' lang='lat' dir='ltr'><strong>fecerunt</strong></span> <span class='ocrx_word' id='word_1_385' title='bbox 3774 2004 3893 2060; x_wconf 67' lang='lat' dir='ltr'><strong>quae</strong></span> 
     </span>
    </p>
   </div>
   <div class='ocr_carea' id='block_1_51' title="bbox 2303 2076 3892 2154">
    <p class='ocr_par' dir='ltr' id='par_1_51' title="bbox 2303 2076 3892 2154">
     <span class='ocr_line' id='line_1_51' title="bbox 2303 2076 3892 2154; baseline -0.006 -11"><span class='ocrx_word' id='word_1_386' title='bbox 2303 2090 2357 2143; x_wconf 90' lang='lat' dir='ltr'><strong>in</strong></span> <span class='ocrx_word' id='word_1_387' title='bbox 2387 2086 2724 2143; x_wconf 89' lang='lat' dir='ltr'><strong>Salvatorem</strong></span> <span class='ocrx_word' id='word_1_388' title='bbox 2754 2095 2997 2142; x_wconf 90' lang='lat' dir='ltr'><strong>nostrum</strong></span> <span class='ocrx_word' id='word_1_389' title='bbox 3024 2085 3329 2145; x_wconf 75' lang='lat' dir='ltr'><strong>Judteorum</strong></span> <span class='ocrx_word' id='word_1_390' title='bbox 3349 2083 3597 2154; x_wconf 89' lang='lat' dir='ltr'><strong>impietas</strong></span> <span class='ocrx_word' id='word_1_391' title='bbox 3618 2090 3742 2137; x_wconf 89' lang='lat' dir='ltr'><strong>ante</strong></span> <span class='ocrx_word' id='word_1_392' title='bbox 3769 2076 3892 2137; x_wconf 80' lang='lat' dir='ltr'><strong>fecit</strong></span> 
     </span>
    </p>
   </div>
   <div class='ocr_carea' id='block_1_52' title="bbox 2302 2176 3888 2253">
    <p class='ocr_par' dir='ltr' id='par_1_52' title="bbox 2302 2176 3888 2253">
     <span class='ocr_line' id='line_1_52' title="bbox 2302 2176 3888 2253; baseline -0.004 -17"><span class='ocrx_word' id='word_1_393' title='bbox 2302 2197 2466 2253; x_wconf 88' lang='lat' dir='ltr'><strong>quam</strong></span> <span class='ocrx_word' id='word_1_394' title='bbox 2488 2180 2555 2235; x_wconf 89' lang='lat' dir='ltr'><strong>ad</strong></span> <span class='ocrx_word' id='word_1_395' title='bbox 2570 2180 2886 2236; x_wconf 87' lang='lat' dir='ltr'><strong>effusionem</strong></span> <span class='ocrx_word' id='word_1_396' title='bbox 2908 2181 3079 2250; x_wconf 90' lang='lat' dir='ltr'><strong>ipsam</strong></span> <span class='ocrx_word' id='word_1_397' title='bbox 3093 2179 3260 2233; x_wconf 85' lang='lat' dir='ltr'><strong>divini</strong></span> <span class='ocrx_word' id='word_1_398' title='bbox 3281 2178 3555 2247; x_wconf 74' lang='lat' dir='ltr'><strong>sanguinis</strong></span> <span class='ocrx_word' id='word_1_399' title='bbox 3567 2176 3888 2247; x_wconf 88' lang='lat' dir='ltr'><strong>perveniret.</strong></span> 
     </span>
    </p>
   </div>
   <div class='ocr_carea' id='block_1_53' title="bbox 2302 2266 3893 2341">
    <p class='ocr_par' dir='ltr' id='par_1_53' title="bbox 2302 2266 3893 2341">
     <span class='ocr_line' id='line_1_53' title="bbox 2302 2266 3893 2341; baseline -0.003 -15"><span class='ocrx_word' id='word_1_400' title='bbox 2302 2271 2409 2327; x_wconf 90' lang='lat' dir='ltr'><strong>Sed</strong></span> <span class='ocrx_word' id='word_1_401' title='bbox 2431 2273 2537 2337; x_wconf 90' lang='lat' dir='ltr'><strong>isti,</strong></span> <span class='ocrx_word' id='word_1_402' title='bbox 2566 2273 2761 2341; x_wconf 91' lang='lat' dir='ltr'><strong>inquis,</strong></span> <span class='ocrx_word' id='word_1_403' title='bbox 2787 2284 3006 2327; x_wconf 86' lang='lat' dir='ltr'><strong>sanctos</strong></span> <span class='ocrx_word' id='word_1_404' title='bbox 3027 2286 3134 2326; x_wconf 91' lang='lat' dir='ltr'><strong>non</strong></span> <span class='ocrx_word' id='word_1_405' title='bbox 3165 2270 3495 2335; x_wconf 87' lang='lat' dir='ltr'><strong>occiderunt,</strong></span> <span class='ocrx_word' id='word_1_406' title='bbox 3522 2268 3659 2325; x_wconf 89' lang='lat' dir='ltr'><strong>sicut</strong></span> <span class='ocrx_word' id='word_1_407' title='bbox 3684 2266 3893 2322; x_wconf 67' lang='lat' dir='ltr'><strong>Iudaeos</strong></span> 
     </span>
    </p>
   </div>
   <div class='ocr_carea' id='block_1_54' title="bbox 2301 2356 3887 2432">
    <p class='ocr_par' dir='ltr' id='par_1_54' title="bbox 2301 2356 3887 2432">
     <span class='ocr_line' id='line_1_54' title="bbox 2301 2356 3887 2432; baseline -0.003 -15"><span class='ocrx_word' id='word_1_408' title='bbox 2301 2363 2493 2419; x_wconf 88' lang='lat' dir='ltr'><strong>fecisse</strong></span> <span class='ocrx_word' id='word_1_409' title='bbox 2520 2364 2763 2432; x_wconf 88' lang='lat' dir='ltr'><strong>legimus.</strong></span> <span class='ocrx_word' id='word_1_410' title='bbox 2808 2364 2889 2416; x_wconf 81' lang='lat' dir='ltr'><strong>An</strong></span> <span class='ocrx_word' id='word_1_411' title='bbox 2918 2362 3231 2427; x_wconf 89' lang='lat' dir='ltr'><strong>occiderint,</strong></span> <span class='ocrx_word' id='word_1_412' title='bbox 3266 2361 3469 2425; x_wconf 88' lang='lat' dir='ltr'><strong>nescio,</strong></span> <span class='ocrx_word' id='word_1_413' title='bbox 3501 2375 3611 2415; x_wconf 90' lang='lat' dir='ltr'><strong>non</strong></span> <span class='ocrx_word' id='word_1_414' title='bbox 3658 2356 3887 2413; x_wconf 84' lang='lat' dir='ltr'><strong>afﬁrmo.</strong></span> 
     </span>
    </p>
   </div>
   <div class='ocr_carea' id='block_1_55' title="bbox 2302 2450 3888 2531">
    <p class='ocr_par' dir='ltr' id='par_1_55' title="bbox 2302 2450 3888 2531">
     <span class='ocr_line' id='line_1_55' title="bbox 2302 2450 3888 2531; baseline -0.004 -21"><span class='ocrx_word' id='word_1_415' title='bbox 2302 2454 2409 2531; x_wconf 86' lang='lat' dir='ltr'><strong>Sed</strong></span> <span class='ocrx_word' id='word_1_416' title='bbox 2457 2463 2637 2509; x_wconf 89' lang='lat' dir='ltr'><strong>tamen</strong></span> <span class='ocrx_word' id='word_1_417' title='bbox 2667 2468 2857 2522; x_wconf 85' lang='lat' dir='ltr'><strong>magna</strong></span> <span class='ocrx_word' id='word_1_418' title='bbox 2904 2452 3164 2519; x_wconf 87' lang='lat' dir='ltr'><strong>defensio,</strong></span> <span class='ocrx_word' id='word_1_419' title='bbox 3197 2454 3240 2506; x_wconf 92' lang='lat' dir='ltr'><strong>si</strong></span> <span class='ocrx_word' id='word_1_420' title='bbox 3270 2454 3374 2509; x_wconf 92' lang='lat' dir='ltr'><strong>hoc</strong></span> <span class='ocrx_word' id='word_1_421' title='bbox 3403 2460 3611 2507; x_wconf 89' lang='lat' dir='ltr'><strong>tantum</strong></span> <span class='ocrx_word' id='word_1_422' title='bbox 3636 2453 3691 2507; x_wconf 88' lang='lat' dir='ltr'><strong>in</strong></span> <span class='ocrx_word' id='word_1_423' title='bbox 3719 2451 3796 2507; x_wconf 91' lang='lat' dir='ltr'><strong>eis</strong></span> <span class='ocrx_word' id='word_1_424' title='bbox 3821 2450 3888 2505; x_wconf 92' lang='lat' dir='ltr'><strong>de</strong></span> 
     </span>
    </p>
   </div>
   <div class='ocr_carea' id='block_1_56' title="bbox 2300 2544 3889 2620">
    <p class='ocr_par' dir='ltr' id='par_1_56' title="bbox 2300 2544 3889 2620">
     <span class='ocr_line' id='line_1_56' title="bbox 2300 2544 3889 2620; baseline -0.003 -18"><span class='ocrx_word' id='word_1_425' title='bbox 2300 2562 2636 2620; x_wconf 86' lang='lat' dir='ltr'><strong>paganorum</strong></span> <span class='ocrx_word' id='word_1_426' title='bbox 2664 2561 2771 2600; x_wconf 91' lang='lat' dir='ltr'><strong>non</strong></span> <span class='ocrx_word' id='word_1_427' title='bbox 2803 2545 2902 2599; x_wconf 84' lang='lat' dir='ltr'><strong>fuit</strong></span> <span class='ocrx_word' id='word_1_428' title='bbox 2921 2545 3314 2615; x_wconf 87' lang='lat' dir='ltr'><strong>persecutione,</strong></span> <span class='ocrx_word' id='word_1_429' title='bbox 3347 2545 3493 2613; x_wconf 90' lang='lat' dir='ltr'><strong>quod</strong></span> <span class='ocrx_word' id='word_1_430' title='bbox 3547 2544 3711 2620; x_wconf 88' lang='lat' dir='ltr'><strong>habet</strong></span> <span class='ocrx_word' id='word_1_431' title='bbox 3763 2558 3889 2613; x_wconf 90' lang='lat' dir='ltr'><strong>per-</strong></span> 
     </span>
    </p>
   </div>
   <div class='ocr_carea' id='block_1_57' title="bbox 2303 2618 3894 2716">
    <p class='ocr_par' dir='ltr' id='par_1_57' title="bbox 2303 2618 3894 2716">
     <span class='ocr_line' id='line_1_57' title="bbox 2303 2618 3894 2716; baseline -0.004 -20"><span class='ocrx_word' id='word_1_432' title='bbox 2303 2618 2507 2696; x_wconf 78' lang='lat' dir='ltr'><strong>secutio</strong></span> <span class='ocrx_word' id='word_1_433' title='bbox 2548 2639 2661 2708; x_wconf 88' lang='lat' dir='ltr'><strong>ipsa</strong></span> <span class='ocrx_word' id='word_1_434' title='bbox 2690 2644 3042 2708; x_wconf 82' lang='lat' dir='ltr'><strong>postremum.</strong></span> <span class='ocrx_word' id='word_1_435' title='bbox 3085 2635 3342 2690; x_wconf 91' lang='lat' dir='ltr'><strong>Putemus</strong></span> <span class='ocrx_word' id='word_1_436' title='bbox 3369 2649 3500 2703; x_wconf 88' lang='lat' dir='ltr'><strong>ergo</strong></span> <span class='ocrx_word' id='word_1_437' title='bbox 3548 2618 3894 2716; x_wconf 52' lang='lat' dir='ltr'><strong>occisosjllic</strong></span> 
     </span>
    </p>
   </div>
   <div class='ocr_carea' id='block_1_58' title="bbox 2306 2724 3896 2797">
    <p class='ocr_par' dir='ltr' id='par_1_58' title="bbox 2306 2724 3896 2797">
     <span class='ocr_line' id='line_1_58' title="bbox 2306 2724 3896 2797; baseline -0.005 -12"><span class='ocrx_word' id='word_1_438' title='bbox 2306 2745 2414 2785; x_wconf 91' lang='lat' dir='ltr'><strong>non</strong></span> <span class='ocrx_word' id='word_1_439' title='bbox 2443 2745 2564 2785; x_wconf 87' lang='lat' dir='ltr'><strong>esse</strong></span> <span class='ocrx_word' id='word_1_440' title='bbox 2591 2738 2825 2784; x_wconf 83' lang='lat' dir='ltr'><strong>sanctos.</strong></span> <span class='ocrx_word' id='word_1_441' title='bbox 2860 2728 2967 2784; x_wconf 90' lang='lat' dir='ltr'><strong>Sed</strong></span> <span class='ocrx_word' id='word_1_442' title='bbox 2994 2726 3124 2797; x_wconf 90' lang='lat' dir='ltr'><strong>quid</strong></span> <span class='ocrx_word' id='word_1_443' title='bbox 3152 2724 3409 2781; x_wconf 89' lang='lat' dir='ltr'><strong>faciemus</strong></span> <span class='ocrx_word' id='word_1_444' title='bbox 3456 2724 3601 2794; x_wconf 91' lang='lat' dir='ltr'><strong>quod</strong></span> <span class='ocrx_word' id='word_1_445' title='bbox 3632 2739 3737 2778; x_wconf 91' lang='lat' dir='ltr'><strong>non</strong></span> <span class='ocrx_word' id='word_1_446' title='bbox 3766 2735 3896 2777; x_wconf 88' lang='lat' dir='ltr'><strong>sunt</strong></span> 
     </span>
    </p>
   </div>
   <div class='ocr_carea' id='block_1_59' title="bbox 2305 2817 3891 2892">
    <p class='ocr_par' dir='ltr' id='par_1_59' title="bbox 2305 2817 3891 2892">
     <span class='ocr_line' id='line_1_59' title="bbox 2305 2817 3891 2892; baseline -0.005 -15"><span class='ocrx_word' id='word_1_447' title='bbox 2305 2822 2466 2892; x_wconf 86' lang='lat' dir='ltr'><strong>longe</strong></span> <span class='ocrx_word' id='word_1_448' title='bbox 2494 2823 2561 2877; x_wconf 91' lang='lat' dir='ltr'><strong>ab</strong></span> <span class='ocrx_word' id='word_1_449' title='bbox 2603 2821 2973 2878; x_wconf 91' lang='lat' dir='ltr'><strong>occidentibus</strong></span> <span class='ocrx_word' id='word_1_450' title='bbox 3000 2821 3092 2889; x_wconf 91' lang='lat' dir='ltr'><strong>qui</strong></span> <span class='ocrx_word' id='word_1_451' title='bbox 3134 2818 3313 2873; x_wconf 86' lang='lat' dir='ltr'><strong>animo</strong></span> <span class='ocrx_word' id='word_1_452' title='bbox 3334 2817 3618 2873; x_wconf 87' lang='lat' dir='ltr'><strong>occisionis</strong></span> <span class='ocrx_word' id='word_1_453' title='bbox 3639 2817 3891 2880; x_wconf 89' lang='lat' dir='ltr'><strong>oderunt,</strong></span> 
     </span>
    </p>
   </div>
   <div class='ocr_carea' id='block_1_60' title="bbox 2305 2906 3893 2984">
    <p class='ocr_par' dir='ltr' id='par_1_60' title="bbox 2305 2906 3893 2984">
     <span class='ocr_line' id='line_1_60' title="bbox 2305 2906 3893 2984; baseline -0.006 -15"><span class='ocrx_word' id='word_1_454' title='bbox 2305 2913 2604 2984; x_wconf 69' lang='lat' dir='ltr'><strong>pnesertim</strong></span> <span class='ocrx_word' id='word_1_455' title='bbox 2636 2929 2757 2968; x_wconf 90' lang='lat' dir='ltr'><strong>cum</strong></span> <span class='ocrx_word' id='word_1_456' title='bbox 2787 2912 3044 2968; x_wconf 87' lang='lat' dir='ltr'><strong>Dominus</strong></span> <span class='ocrx_word' id='word_1_457' title='bbox 3075 2910 3189 2981; x_wconf 90' lang='lat' dir='ltr'><strong>ipse</strong></span> <span class='ocrx_word' id='word_1_458' title='bbox 3208 2909 3377 2965; x_wconf 88' lang='lat' dir='ltr'><strong>dicat:</strong></span> <span class='ocrx_word' id='word_1_459' title='bbox 3412 2906 3514 2972; x_wconf 86' lang='lat' dir='ltr'><strong>Qui</strong></span> <span class='ocrx_word' id='word_1_460' title='bbox 3541 2908 3649 2963; x_wconf 81' lang='lat' dir='ltr'><strong>odit</strong></span> <span class='ocrx_word' id='word_1_461' title='bbox 3680 2908 3893 2979; x_wconf 82' lang='lat' dir='ltr'><strong>fratrem</strong></span> 
     </span>
    </p>
   </div>
   <div class='ocr_carea' id='block_1_61' title="bbox 2307 2997 3887 3071">
    <p class='ocr_par' dir='ltr' id='par_1_61' title="bbox 2307 2997 3887 3071">
     <span class='ocr_line' id='line_1_61' title="bbox 2307 2997 3887 3071; baseline -0.005 -13"><span class='ocrx_word' id='word_1_462' title='bbox 2307 3022 2454 3060; x_wconf 75' lang='lat' dir='ltr'><strong>suum</strong></span> <span class='ocrx_word' id='word_1_463' title='bbox 2502 3006 2615 3059; x_wconf 87' lang='lat' dir='ltr'><strong>sine</strong></span> <span class='ocrx_word' id='word_1_464' title='bbox 2658 3021 2835 3071; x_wconf 80' lang='lat' dir='ltr'><strong>causa,</strong></span> <span class='ocrx_word' id='word_1_465' title='bbox 2890 3003 3150 3059; x_wconf 73' lang='lat' dir='ltr'><strong>honticida</strong></span> <span class='ocrx_word' id='word_1_466' title='bbox 3199 3010 3275 3056; x_wconf 80' lang='lat' dir='ltr'><strong>est</strong></span> <span class='ocrx_word' id='word_1_467' title='bbox 3344 3000 3391 3070; x_wconf 78' lang='grc' dir='ltr'><strong>(Ι</strong></span> <span class='ocrx_word' id='word_1_468' title='bbox 3417 2999 3613 3055; x_wconf 83' lang='lat' dir='ltr'><strong>Joann.</strong></span> <span class='ocrx_word' id='word_1_469' title='bbox 3658 3014 3733 3061; x_wconf 80' lang='grc' dir='ltr'><strong>ηπ,</strong></span> <span class='ocrx_word' id='word_1_470' title='bbox 3778 2997 3887 3066; x_wconf 73' lang='grc'><strong>15).</strong></span> 
     </span>
    </p>
   </div>
   <div class='ocr_carea' id='block_1_62' title="bbox 601 3088 3886 3175">
    <p class='ocr_par' dir='ltr' id='par_1_62' title="bbox 601 3088 3886 3175">
     <span class='ocr_line' id='line_1_62' title="bbox 601 3088 3886 3175; baseline -0.002 -25"><span class='ocrx_word' id='word_1_471' title='bbox 601 3111 670 3155; x_wconf 85' lang='lat' dir='ltr'><strong>ac</strong></span> <span class='ocrx_word' id='word_1_472' title='bbox 721 3095 1082 3163; x_wconf 73' lang='lat' dir='ltr'><strong>nobilissimos</strong></span> <span class='ocrx_word' id='word_1_473' title='bbox 1132 3088 1553 3168; x_wconf 44' lang='lat' dir='ltr'><strong>pertinuerunt</strong></span> <span class='ocrx_word' id='word_1_474' title='bbox 1586 3096 1837 3167; x_wconf 82' lang='lat' dir='ltr'><strong>Nunquid</strong></span> <span class='ocrx_word' id='word_1_475' title='bbox 1869 3096 1961 3150; x_wconf 90' lang='lat' dir='ltr'><strong>illa</strong></span> <span class='ocrx_word' id='word_1_476' title='bbox 2002 3096 2203 3151; x_wconf 86' lang='lat' dir='ltr'><strong>leviora</strong></span> <span class='ocrx_word' id='word_1_477' title='bbox 2229 3108 2279 3172; x_wconf 74' lang='grc' dir='ltr'><strong>ρ</strong></span> <span class='ocrx_word' id='word_1_478' title='bbox 2306 3095 2563 3175; x_wconf 83' lang='lat' dir='ltr'><strong>Quamvis</strong></span> <span class='ocrx_word' id='word_1_479' title='bbox 2591 3112 2699 3152; x_wconf 86' lang='lat' dir='ltr'><strong>non</strong></span> <span class='ocrx_word' id='word_1_480' title='bbox 2722 3097 2840 3151; x_wconf 81' lang='lat' dir='ltr'><strong>sine</strong></span> <span class='ocrx_word' id='word_1_481' title='bbox 2866 3110 3028 3151; x_wconf 88' lang='lat' dir='ltr'><strong>causa</strong></span> <span class='ocrx_word' id='word_1_482' title='bbox 3058 3093 3325 3165; x_wconf 79' lang='lat' dir='ltr'><strong>persecuti</strong></span> <span class='ocrx_word' id='word_1_483' title='bbox 3352 3100 3478 3148; x_wconf 88' lang='lat' dir='ltr'><strong>sunt</strong></span> <span class='ocrx_word' id='word_1_484' title='bbox 3499 3104 3523 3133; x_wconf 73' lang='grc' dir='ltr'><strong>ο</strong></span> <span class='ocrx_word' id='word_1_485' title='bbox 3546 3107 3731 3147; x_wconf 89' lang='lat' dir='ltr'><strong>servos</strong></span> <span class='ocrx_word' id='word_1_486' title='bbox 3775 3091 3886 3145; x_wconf 89' lang='lat' dir='ltr'><strong>Dei.</strong></span> 
     </span>
    </p>
   </div>
   <div class='ocr_carea' id='block_1_63' title="bbox 604 3187 2198 3261">
    <p class='ocr_par' dir='ltr' id='par_1_63' title="bbox 604 3187 2198 3261">
     <span class='ocr_line' id='line_1_63' title="bbox 604 3187 2198 3261; baseline -0.001 -19"><span class='ocrx_word' id='word_1_487' title='bbox 604 3203 723 3259; x_wconf 69' lang='lat' dir='ltr'><strong>qua:</strong></span> <span class='ocrx_word' id='word_1_488' title='bbox 768 3188 1037 3251; x_wconf 88' lang='lat' dir='ltr'><strong>nobilibus</strong></span> <span class='ocrx_word' id='word_1_489' title='bbox 1092 3189 1524 3261; x_wconf 82' lang='lat' dir='ltr'><strong>ignobilibusque</strong></span> <span class='ocrx_word' id='word_1_490' title='bbox 1570 3188 1915 3257; x_wconf 85' lang='lat' dir='ltr'><strong>communia?</strong></span> <span class='ocrx_word' id='word_1_491' title='bbox 1939 3187 2061 3242; x_wconf 89' lang='lat' dir='ltr'><strong>odia</strong></span> <span class='ocrx_word' id='word_1_492' title='bbox 2090 3187 2198 3242; x_wconf 88' lang='lat' dir='ltr'><strong>sci-</strong></span> 
     </span>
    </p>
   </div>
   <div class='ocr_carea' id='block_1_64' title="bbox 603 3277 2193 3352">
    <p class='ocr_par' dir='ltr' id='par_1_64' title="bbox 603 3277 2193 3352">
     <span class='ocr_line' id='line_1_64' title="bbox 603 3277 2193 3352; baseline -0.001 -18"><span class='ocrx_word' id='word_1_493' title='bbox 603 3277 730 3349; x_wconf 79' lang='lat' dir='ltr'><strong>licet</strong></span> <span class='ocrx_word' id='word_1_494' title='bbox 779 3288 940 3352; x_wconf 89' lang='lat' dir='ltr'><strong>atque</strong></span> <span class='ocrx_word' id='word_1_495' title='bbox 991 3280 1393 3345; x_wconf 80' lang='lat' dir='ltr'><strong>exsecrationes</strong></span> <span class='ocrx_word' id='word_1_496' title='bbox 1432 3286 1743 3334; x_wconf 89' lang='lat' dir='ltr'><strong>sanctorum</strong></span> <span class='ocrx_word' id='word_1_497' title='bbox 1783 3279 2022 3334; x_wconf 89' lang='lat' dir='ltr'><strong>omnium</strong></span> <span class='ocrx_word' id='word_1_498' title='bbox 2052 3278 2193 3333; x_wconf 89' lang='lat' dir='ltr'><strong>dico.</strong></span> 
     </span>
    </p>
   </div>
   <div class='ocr_carea' id='block_1_65' title="bbox 601 3356 2200 3447">
    <p class='ocr_par' dir='ltr' id='par_1_65' title="bbox 601 3356 2200 3447">
     <span class='ocr_line' id='line_1_65' title="bbox 601 3356 2200 3447; baseline 0 -22"><span class='ocrx_word' id='word_1_499' title='bbox 601 3369 878 3440; x_wconf 83' lang='lat' dir='ltr'><strong>Sacrilegii</strong></span> <span class='ocrx_word' id='word_1_500' title='bbox 899 3372 1095 3447; x_wconf 89' lang='lat' dir='ltr'><strong>quippe</strong></span> <span class='ocrx_word' id='word_1_501' title='bbox 1114 3384 1283 3439; x_wconf 87' lang='lat' dir='ltr'><strong>genus</strong></span> <span class='ocrx_word' id='word_1_502' title='bbox 1303 3356 1411 3436; x_wconf 66' lang='lat' dir='ltr'><strong>est,</strong></span> <span class='ocrx_word' id='word_1_503' title='bbox 1435 3369 1529 3425; x_wconf 86' lang='lat' dir='ltr'><strong>Dei</strong></span> <span class='ocrx_word' id='word_1_504' title='bbox 1560 3370 1739 3426; x_wconf 89' lang='lat' dir='ltr'><strong>odisse</strong></span> <span class='ocrx_word' id='word_1_505' title='bbox 1768 3370 2022 3439; x_wconf 86' lang='lat' dir='ltr'><strong>cultores.</strong></span> <span class='ocrx_word' id='word_1_506' title='bbox 2048 3369 2200 3447; x_wconf 89' lang='lat' dir='ltr'><strong>Sicut</strong></span> 
     </span>
    </p>
   </div>
   <div class='ocr_carea' id='block_1_66' title="bbox 603 3446 2195 3535">
    <p class='ocr_par' dir='ltr' id='par_1_66' title="bbox 603 3446 2195 3535">
     <span class='ocr_line' id='line_1_66' title="bbox 603 3446 2195 3535; baseline 0 -18"><span class='ocrx_word' id='word_1_507' title='bbox 603 3462 745 3521; x_wconf 89' lang='lat' dir='ltr'><strong>enim</strong></span> <span class='ocrx_word' id='word_1_508' title='bbox 774 3462 818 3521; x_wconf 87' lang='lat' dir='ltr'><strong>si</strong></span> <span class='ocrx_word' id='word_1_509' title='bbox 845 3446 1041 3518; x_wconf 79' lang='lat' dir='ltr'><strong>servos</strong></span> <span class='ocrx_word' id='word_1_510' title='bbox 1059 3470 1274 3535; x_wconf 85' lang='lat' dir='ltr'><strong>nostros</strong></span> <span class='ocrx_word' id='word_1_511' title='bbox 1302 3462 1570 3534; x_wconf 86' lang='lat' dir='ltr'><strong>quispiam</strong></span> <span class='ocrx_word' id='word_1_512' title='bbox 1594 3460 1782 3529; x_wconf 53' lang='lat' dir='ltr'><strong>credat,</strong></span> <span class='ocrx_word' id='word_1_513' title='bbox 1831 3474 1929 3516; x_wconf 88' lang='lat' dir='ltr'><strong>nos</strong></span> <span class='ocrx_word' id='word_1_514' title='bbox 1978 3462 2033 3515; x_wconf 90' lang='lat' dir='ltr'><strong>in</strong></span> <span class='ocrx_word' id='word_1_515' title='bbox 2078 3446 2195 3518; x_wconf 89' lang='lat' dir='ltr'><strong>ser-</strong></span> 
     </span>
    </p>
   </div>
   <div class='ocr_carea' id='block_1_67' title="bbox 603 3552 2197 3625">
    <p class='ocr_par' dir='ltr' id='par_1_67' title="bbox 603 3552 2197 3625">
     <span class='ocr_line' id='line_1_67' title="bbox 603 3552 2197 3625; baseline 0.001 -18"><span class='ocrx_word' id='word_1_516' title='bbox 603 3569 791 3615; x_wconf 84' lang='lat' dir='ltr'><strong>vorum</strong></span> <span class='ocrx_word' id='word_1_517' title='bbox 819 3562 1125 3611; x_wconf 90' lang='lat' dir='ltr'><strong>nostrorum</strong></span> <span class='ocrx_word' id='word_1_518' title='bbox 1149 3554 1305 3621; x_wconf 59' lang='lat' dir='ltr'><strong>caedit</strong></span> <span class='ocrx_word' id='word_1_519' title='bbox 1351 3552 1598 3624; x_wconf 80' lang='lat' dir='ltr'><strong>iniuriam</strong></span> <span class='ocrx_word' id='word_1_520' title='bbox 1623 3570 1637 3621; x_wconf 91' lang='lat'><strong>;</strong></span> <span class='ocrx_word' id='word_1_521' title='bbox 1682 3561 1737 3608; x_wconf 89' lang='lat' dir='ltr'><strong>et</strong></span> <span class='ocrx_word' id='word_1_522' title='bbox 1790 3553 1834 3609; x_wconf 91' lang='lat' dir='ltr'><strong>si</strong></span> <span class='ocrx_word' id='word_1_523' title='bbox 1864 3568 1894 3608; x_wconf 91' lang='lat' dir='ltr'><strong>a</strong></span> <span class='ocrx_word' id='word_1_524' title='bbox 1923 3568 2197 3625; x_wconf 89' lang='lat' dir='ltr'><strong>quoquam</strong></span> 
     </span>
    </p>
   </div>
   <div class='ocr_carea' id='block_1_68' title="bbox 603 3631 2197 3717">
    <p class='ocr_par' dir='ltr' id='par_1_68' title="bbox 603 3631 2197 3717">
     <span class='ocr_line' id='line_1_68' title="bbox 603 3631 2197 3717; baseline 0.002 -20"><span class='ocrx_word' id='word_1_525' title='bbox 603 3643 744 3707; x_wconf 88' lang='lat' dir='ltr'><strong>ﬁlius</strong></span> <span class='ocrx_word' id='word_1_526' title='bbox 789 3646 1106 3712; x_wconf 78' lang='lat' dir='ltr'><strong>verberetur</strong></span> <span class='ocrx_word' id='word_1_527' title='bbox 1151 3644 1378 3713; x_wconf 89' lang='lat' dir='ltr'><strong>alienus,</strong></span> <span class='ocrx_word' id='word_1_528' title='bbox 1405 3631 1458 3700; x_wconf 87' lang='lat' dir='ltr'><strong>in</strong></span> <span class='ocrx_word' id='word_1_529' title='bbox 1484 3645 1748 3717; x_wconf 84' lang='lat' dir='ltr'><strong>supplicio</strong></span> <span class='ocrx_word' id='word_1_530' title='bbox 1779 3642 1870 3699; x_wconf 89' lang='lat' dir='ltr'><strong>ﬁlii</strong></span> <span class='ocrx_word' id='word_1_531' title='bbox 1901 3644 2073 3716; x_wconf 89' lang='lat' dir='ltr'><strong>pietas</strong></span> <span class='ocrx_word' id='word_1_532' title='bbox 2101 3659 2197 3716; x_wconf 89' lang='lat' dir='ltr'><strong>pa-</strong></span> 
     </span>
    </p>
   </div>
   <div class='ocr_carea' id='block_1_69' title="bbox 602 3736 2196 3810">
    <p class='ocr_par' dir='ltr' id='par_1_69' title="bbox 602 3736 2196 3810">
     <span class='ocr_line' id='line_1_69' title="bbox 602 3736 2196 3810; baseline 0.002 -20"><span class='ocrx_word' id='word_1_533' title='bbox 602 3743 755 3799; x_wconf 83' lang='lat' dir='ltr'><strong>terna</strong></span> <span class='ocrx_word' id='word_1_534' title='bbox 784 3745 1065 3810; x_wconf 87' lang='lat' dir='ltr'><strong>torquetur</strong></span> <span class='ocrx_word' id='word_1_535' title='bbox 1090 3756 1103 3803; x_wconf 79' lang='lat'><strong>:</strong></span> <span class='ocrx_word' id='word_1_536' title='bbox 1135 3737 1208 3792; x_wconf 88' lang='lat' dir='ltr'><strong>ita</strong></span> <span class='ocrx_word' id='word_1_537' title='bbox 1249 3746 1303 3807; x_wconf 81' lang='lat' dir='ltr'><strong>et</strong></span> <span class='ocrx_word' id='word_1_538' title='bbox 1332 3753 1453 3805; x_wconf 88' lang='lat' dir='ltr'><strong>cum</strong></span> <span class='ocrx_word' id='word_1_539' title='bbox 1482 3753 1670 3794; x_wconf 90' lang='lat' dir='ltr'><strong>servus</strong></span> <span class='ocrx_word' id='word_1_540' title='bbox 1699 3736 1793 3793; x_wconf 92' lang='lat' dir='ltr'><strong>Dei</strong></span> <span class='ocrx_word' id='word_1_541' title='bbox 1841 3753 1871 3791; x_wconf 91' lang='lat' dir='ltr'><strong>a</strong></span> <span class='ocrx_word' id='word_1_542' title='bbox 1922 3753 2196 3808; x_wconf 91' lang='lat' dir='ltr'><strong>quoquam</strong></span> 
     </span>
    </p>
   </div>
   <div class='ocr_carea' id='block_1_70' title="bbox 602 3827 2196 3905">
    <p class='ocr_par' dir='ltr' id='par_1_70' title="bbox 602 3827 2196 3905">
     <span class='ocr_line' id='line_1_70' title="bbox 602 3827 2196 3905; baseline 0 -23"><span class='ocrx_word' id='word_1_543' title='bbox 602 3827 830 3905; x_wconf 61' lang='lat' dir='ltr'><strong>lmditur,</strong></span> <span class='ocrx_word' id='word_1_544' title='bbox 874 3828 1130 3899; x_wconf 88' lang='lat' dir='ltr'><strong>majeslas</strong></span> <span class='ocrx_word' id='word_1_545' title='bbox 1172 3829 1353 3885; x_wconf 88' lang='lat' dir='ltr'><strong>divina</strong></span> <span class='ocrx_word' id='word_1_546' title='bbox 1396 3829 1649 3899; x_wconf 85' lang='lat' dir='ltr'><strong>violatur,</strong></span> <span class='ocrx_word' id='word_1_547' title='bbox 1696 3829 1909 3882; x_wconf 89' lang='lat' dir='ltr'><strong>dicente</strong></span> <span class='ocrx_word' id='word_1_548' title='bbox 1939 3828 1990 3882; x_wconf 90' lang='lat' dir='ltr'><strong>id</strong></span> <span class='ocrx_word' id='word_1_549' title='bbox 2022 3829 2196 3905; x_wconf 90' lang='lat' dir='ltr'><strong>ipsum</strong></span> 
     </span>
    </p>
   </div>
   <div class='ocr_carea' id='block_1_71' title="bbox 602 3915 2197 3995">
    <p class='ocr_par' dir='ltr' id='par_1_71' title="bbox 602 3915 2197 3995">
     <span class='ocr_line' id='line_1_71' title="bbox 602 3915 2197 3995; baseline -0.003 -21"><span class='ocrx_word' id='word_1_550' title='bbox 602 3919 669 3974; x_wconf 90' lang='lat' dir='ltr'><strong>ad</strong></span> <span class='ocrx_word' id='word_1_551' title='bbox 691 3919 967 3995; x_wconf 80' lang='lat' dir='ltr'><strong>apostolos</strong></span> <span class='ocrx_word' id='word_1_552' title='bbox 994 3936 1122 3975; x_wconf 87' lang='lat' dir='ltr'><strong>suos</strong></span> <span class='ocrx_word' id='word_1_553' title='bbox 1152 3919 1381 3987; x_wconf 87' lang='lat' dir='ltr'><strong>Domino</strong></span> <span class='ocrx_word' id='word_1_554' title='bbox 1406 3937 1418 3971; x_wconf 89' lang='lat'>:</span> <span class='ocrx_word' id='word_1_555' title='bbox 1449 3915 1551 3987; x_wconf 72' lang='lat' dir='ltr'><strong>Qui</strong></span> <span class='ocrx_word' id='word_1_556' title='bbox 1580 3935 1669 3972; x_wconf 78' lang='lat' dir='ltr'><strong>vos</strong></span> <span class='ocrx_word' id='word_1_557' title='bbox 1689 3918 1890 3986; x_wconf 83' lang='lat' dir='ltr'><strong>recipit,</strong></span> <span class='ocrx_word' id='word_1_558' title='bbox 1917 3933 1997 3969; x_wconf 85' lang='lat' dir='ltr'><strong>me</strong></span> <span class='ocrx_word' id='word_1_559' title='bbox 2017 3919 2197 3988; x_wconf 84' lang='lat' dir='ltr'><strong>recipit</strong></span> 
     </span>
    </p>
   </div>
   <div class='ocr_carea' id='block_1_72' title="bbox 602 4004 2190 4089">
    <p class='ocr_par' dir='ltr' id='par_1_72' title="bbox 602 4004 2190 4089">
     <span class='ocr_line' id='line_1_72' title="bbox 602 4004 2190 4089; baseline -0.003 -25"><span class='ocrx_word' id='word_1_560' title='bbox 602 4008 820 4081; x_wconf 79' lang='lat' dir='ltr'><strong>(Mattlt.</strong></span> <span class='ocrx_word' id='word_1_561' title='bbox 844 4025 899 4072; x_wconf 72' lang='grc' dir='ltr'><strong>ι,</strong></span> <span class='ocrx_word' id='word_1_562' title='bbox 928 4009 1052 4078; x_wconf 73' lang='grc'><strong>40);</strong></span> <span class='ocrx_word' id='word_1_563' title='bbox 1079 4017 1129 4062; x_wconf 90' lang='lat' dir='ltr'><strong>et</strong></span> <span class='ocrx_word' id='word_1_564' title='bbox 1148 4010 1234 4089; x_wconf 80' lang='lat' dir='ltr'><strong>qui</strong></span> <span class='ocrx_word' id='word_1_565' title='bbox 1256 4024 1343 4060; x_wconf 81' lang='lat' dir='ltr'><strong>vos</strong></span> <span class='ocrx_word' id='word_1_566' title='bbox 1366 4008 1582 4089; x_wconf 82' lang='lat' dir='ltr'><strong>spernit,</strong></span> <span class='ocrx_word' id='word_1_567' title='bbox 1613 4023 1695 4059; x_wconf 89' lang='lat' dir='ltr'><strong>me</strong></span> <span class='ocrx_word' id='word_1_568' title='bbox 1713 4007 1909 4074; x_wconf 84' lang='lat' dir='ltr'><strong>spernit</strong></span> <span class='ocrx_word' id='word_1_569' title='bbox 1951 4004 2102 4073; x_wconf 86' lang='lat' dir='ltr'><strong>(Luc.</strong></span> <span class='ocrx_word' id='word_1_570' title='bbox 2136 4024 2190 4069; x_wconf 74' lang='grc' dir='ltr'><strong>ι,</strong></span> 
     </span>
    </p>
   </div>
   <div class='ocr_carea' id='block_1_73' title="bbox 600 4086 2195 4167">
    <p class='ocr_par' dir='ltr' id='par_1_73' title="bbox 600 4086 2195 4167">
     <span class='ocr_line' id='line_1_73' title="bbox 600 4086 2195 4167; baseline 0.001 -17"><span class='ocrx_word' id='word_1_571' title='bbox 600 4098 712 4167; x_wconf 77' lang='grc'><strong>16).</strong></span> <span class='ocrx_word' id='word_1_572' title='bbox 771 4086 1193 4165; x_wconf 76' lang='lat' dir='ltr'><strong>Benignissimus</strong></span> <span class='ocrx_word' id='word_1_573' title='bbox 1246 4086 1452 4163; x_wconf 81' lang='lat' dir='ltr'><strong>scilicet</strong></span> <span class='ocrx_word' id='word_1_574' title='bbox 1507 4109 1571 4149; x_wconf 91' lang='lat' dir='ltr'><strong>ac</strong></span> <span class='ocrx_word' id='word_1_575' title='bbox 1617 4094 1889 4165; x_wconf 90' lang='lat' dir='ltr'><strong>piissimus</strong></span> <span class='ocrx_word' id='word_1_576' title='bbox 1934 4094 2195 4151; x_wconf 86' lang='lat' dir='ltr'><strong>Dominus</strong></span> 
     </span>
    </p>
   </div>
   <div class='ocr_carea' id='block_1_74' title="bbox 600 4185 2194 4256">
    <p class='ocr_par' dir='ltr' id='par_1_74' title="bbox 600 4185 2194 4256">
     <span class='ocr_line' id='line_1_74' title="bbox 600 4185 2194 4256; baseline 0.001 -14"><span class='ocrx_word' id='word_1_577' title='bbox 600 4200 940 4251; x_wconf 78' lang='lat' dir='ltr'><strong>communem</strong></span> <span class='ocrx_word' id='word_1_578' title='bbox 969 4186 1071 4253; x_wconf 83' lang='lat' dir='ltr'><strong>sibi</strong></span> <span class='ocrx_word' id='word_1_579' title='bbox 1091 4200 1214 4255; x_wconf 82' lang='lat' dir='ltr'><strong>cum</strong></span> <span class='ocrx_word' id='word_1_580' title='bbox 1242 4186 1413 4252; x_wconf 84' lang='lat' dir='ltr'><strong>servis</strong></span> <span class='ocrx_word' id='word_1_581' title='bbox 1433 4185 1542 4256; x_wconf 81' lang='lat' dir='ltr'><strong>suis</strong></span> <span class='ocrx_word' id='word_1_582' title='bbox 1569 4193 1625 4241; x_wconf 90' lang='lat' dir='ltr'><strong>et</strong></span> <span class='ocrx_word' id='word_1_583' title='bbox 1664 4186 1926 4241; x_wconf 89' lang='lat' dir='ltr'><strong>honorem</strong></span> <span class='ocrx_word' id='word_1_584' title='bbox 1954 4186 2112 4242; x_wconf 90' lang='lat' dir='ltr'><strong>simul</strong></span> <span class='ocrx_word' id='word_1_585' title='bbox 2139 4195 2194 4243; x_wconf 91' lang='lat' dir='ltr'><strong>et</strong></span> 
     </span>
    </p>
   </div>
   <div class='ocr_carea' id='block_1_75' title="bbox 601 4277 2188 4351">
    <p class='ocr_par' dir='ltr' id='par_1_75' title="bbox 601 4277 2188 4351">
     <span class='ocr_line' id='line_1_75' title="bbox 601 4277 2188 4351; baseline 0.001 -18"><span class='ocrx_word' id='word_1_586' title='bbox 601 4279 980 4344; x_wconf 81' lang='lat' dir='ltr'><strong>contumeliam</strong></span> <span class='ocrx_word' id='word_1_587' title='bbox 1009 4278 1167 4346; x_wconf 84' lang='lat' dir='ltr'><strong>facit;</strong></span> <span class='ocrx_word' id='word_1_588' title='bbox 1199 4294 1267 4335; x_wconf 90' lang='lat' dir='ltr'><strong>ne</strong></span> <span class='ocrx_word' id='word_1_589' title='bbox 1288 4278 1427 4351; x_wconf 86' lang='lat' dir='ltr'><strong>quis,</strong></span> <span class='ocrx_word' id='word_1_590' title='bbox 1452 4293 1575 4334; x_wconf 91' lang='lat' dir='ltr'><strong>cum</strong></span> <span class='ocrx_word' id='word_1_591' title='bbox 1596 4277 1814 4349; x_wconf 70' lang='lat' dir='ltr'><strong>laederet</strong></span> <span class='ocrx_word' id='word_1_592' title='bbox 1834 4278 1930 4333; x_wconf 90' lang='lat' dir='ltr'><strong>Dei</strong></span> <span class='ocrx_word' id='word_1_593' title='bbox 1955 4294 2188 4346; x_wconf 87' lang='lat' dir='ltr'><strong>servum,</strong></span> 
     </span>
    </p>
   </div>
   <div class='ocr_carea' id='block_1_76' title="bbox 601 4360 2193 4442">
    <p class='ocr_par' dir='ltr' id='par_1_76' title="bbox 601 4360 2193 4442">
     <span class='ocr_line' id='line_1_76' title="bbox 601 4360 2193 4442; baseline -0.001 -12"><span class='ocrx_word' id='word_1_594' title='bbox 601 4368 876 4430; x_wconf 86' lang='lat' dir='ltr'><strong>hominem</strong></span> <span class='ocrx_word' id='word_1_595' title='bbox 903 4380 1112 4428; x_wconf 89' lang='lat' dir='ltr'><strong>tantum</strong></span> <span class='ocrx_word' id='word_1_596' title='bbox 1141 4388 1172 4427; x_wconf 92' lang='lat' dir='ltr'><strong>a</strong></span> <span class='ocrx_word' id='word_1_597' title='bbox 1200 4387 1259 4429; x_wconf 86' lang='lat' dir='ltr'><strong>se</strong></span> <span class='ocrx_word' id='word_1_598' title='bbox 1286 4360 1409 4427; x_wconf 70' lang='lat' dir='ltr'><strong>laedi</strong></span> <span class='ocrx_word' id='word_1_599' title='bbox 1439 4372 1810 4436; x_wconf 87' lang='lat' dir='ltr'><strong>arbitraretur,</strong></span> <span class='ocrx_word' id='word_1_600' title='bbox 1836 4387 1961 4427; x_wconf 89' lang='lat' dir='ltr'><strong>cum</strong></span> <span class='ocrx_word' id='word_1_601' title='bbox 1989 4374 2193 4442; x_wconf 91' lang='lat' dir='ltr'><strong>absque</strong></span> 
     </span>
    </p>
   </div>
   <div class='ocr_carea' id='block_1_77' title="bbox 602 4462 2272 4537">
    <p class='ocr_par' dir='ltr' id='par_1_77' title="bbox 602 4462 2272 4537">
     <span class='ocr_line' id='line_1_77' title="bbox 602 4462 2272 4537; baseline 0.004 -21"><span class='ocrx_word' id='word_1_602' title='bbox 602 4462 766 4517; x_wconf 89' lang='lat' dir='ltr'><strong>dubio</strong></span> <span class='ocrx_word' id='word_1_603' title='bbox 800 4463 1009 4532; x_wconf 87' lang='lat' dir='ltr'><strong>injuriis</strong></span> <span class='ocrx_word' id='word_1_604' title='bbox 1042 4477 1318 4518; x_wconf 86' lang='lat' dir='ltr'><strong>servorum</strong></span> <span class='ocrx_word' id='word_1_605' title='bbox 1354 4462 1749 4518; x_wconf 89' lang='lat' dir='ltr'><strong>dominicorum</strong></span> <span class='ocrx_word' id='word_1_606' title='bbox 1787 4462 1885 4525; x_wconf 84' lang='lat' dir='ltr'><strong>Dei</strong></span> <span class='ocrx_word' id='word_1_607' title='bbox 1924 4463 2190 4528; x_wconf 71' lang='lat' dir='ltr'><strong>admisce-</strong></span> <span class='ocrx_word' id='word_1_608' title='bbox 2218 4476 2272 4537; x_wconf 78' lang='grc' dir='ltr'><strong>ι]</strong></span> 
     </span>
    </p>
   </div>
   <div class='ocr_carea' id='block_1_78' title="bbox 604 4550 2193 4629">
    <p class='ocr_par' dir='ltr' id='par_1_78' title="bbox 604 4550 2193 4629">
     <span class='ocr_line' id='line_1_78' title="bbox 604 4550 2193 4629; baseline 0.003 -26"><span class='ocrx_word' id='word_1_609' title='bbox 604 4558 752 4619; x_wconf 76' lang='lat' dir='ltr'><strong>retur</strong></span> <span class='ocrx_word' id='word_1_610' title='bbox 772 4550 984 4629; x_wconf 89' lang='lat' dir='ltr'><strong>injuria,</strong></span> <span class='ocrx_word' id='word_1_611' title='bbox 1013 4558 1256 4626; x_wconf 45' lang='lat' dir='ltr'><strong>testante,</strong></span> <span class='ocrx_word' id='word_1_612' title='bbox 1272 4551 1325 4621; x_wconf 88' lang='lat' dir='ltr'><strong>id</strong></span> <span class='ocrx_word' id='word_1_613' title='bbox 1349 4552 1465 4629; x_wconf 17' lang='lat' dir='ltr'><strong>suis,</strong></span> <span class='ocrx_word' id='word_1_614' title='bbox 1484 4550 1600 4617; x_wconf 85' lang='lat' dir='ltr'><strong>Deo</strong></span> <span class='ocrx_word' id='word_1_615' title='bbox 1624 4550 1816 4607; x_wconf 86' lang='lat' dir='ltr'><strong>affectu</strong></span> <span class='ocrx_word' id='word_1_616' title='bbox 1842 4552 2193 4621; x_wconf 90' lang='lat' dir='ltr'><strong>indulgentis-</strong></span> 
     </span>
    </p>
   </div>
   <div class='ocr_carea' id='block_1_79' title="bbox 602 4628 2195 4718">
    <p class='ocr_par' dir='ltr' id='par_1_79' title="bbox 602 4628 2195 4718">
     <span class='ocr_line' id='line_1_79' title="bbox 602 4628 2195 4718; baseline 0.003 -23"><span class='ocrx_word' id='word_1_617' title='bbox 602 4641 739 4711; x_wconf 70' lang='lat' dir='ltr'><strong>sima</strong></span> <span class='ocrx_word' id='word_1_618' title='bbox 768 4641 823 4709; x_wconf 67' lang='lat' dir='ltr'><strong>in</strong></span> <span class='ocrx_word' id='word_1_619' title='bbox 843 4628 985 4707; x_wconf 60' lang='grc' dir='ltr'><strong>ἣλιηᾶ</strong></span> <span class='ocrx_word' id='word_1_620' title='bbox 1021 4641 1239 4709; x_wconf 78' lang='lat' dir='ltr'><strong>modum</strong></span> <span class='ocrx_word' id='word_1_621' title='bbox 1270 4661 1283 4699; x_wconf 89' lang='lat'><strong>:</strong></span> <span class='ocrx_word' id='word_1_622' title='bbox 1317 4628 1576 4715; x_wconf 72' lang='lat' dir='ltr'><strong>Quoniam</strong></span> <span class='ocrx_word' id='word_1_623' title='bbox 1604 4644 1689 4717; x_wconf 80' lang='lat' dir='ltr'><strong>qui</strong></span> <span class='ocrx_word' id='word_1_624' title='bbox 1712 4661 1799 4713; x_wconf 75' lang='lat' dir='ltr'><strong>vos</strong></span> <span class='ocrx_word' id='word_1_625' title='bbox 1828 4644 2013 4717; x_wconf 88' lang='lat' dir='ltr'><strong>tangit,</strong></span> <span class='ocrx_word' id='word_1_626' title='bbox 2045 4646 2195 4718; x_wconf 83' lang='lat' dir='ltr'><strong>quasi</strong></span> 
     </span>
    </p>
   </div>
   <div class='ocr_carea' id='block_1_80' title="bbox 601 4735 2189 4812">
    <p class='ocr_par' dir='ltr' id='par_1_80' title="bbox 601 4735 2189 4812">
     <span class='ocr_line' id='line_1_80' title="bbox 601 4735 2189 4812; baseline -0.012 -4"><span class='ocrx_word' id='word_1_627' title='bbox 601 4735 689 4807; x_wconf 66' lang='grc' dir='ltr'><strong>ηαδ</strong></span> <span class='ocrx_word' id='word_1_628' title='bbox 715 4736 881 4807; x_wconf 64' lang='lat' dir='ltr'><em>W</em></span> <span class='ocrx_word' id='word_1_629' title='bbox 902 4736 1153 4808; x_wconf 59' lang='lat' dir='ltr'><strong>mium</strong></span> <span class='ocrx_word' id='word_1_630' title='bbox 1176 4738 1311 4799; x_wconf 74' lang='lat' dir='ltr'><strong>acuti</strong></span> <span class='ocrx_word' id='word_1_631' title='bbox 1329 4740 1430 4799; x_wconf 62' lang='lat' dir='ltr'><strong>mai</strong></span> <span class='ocrx_word' id='word_1_632' title='bbox 1459 4737 1647 4809; x_wconf 63' lang='lat' dir='ltr'><strong>(lactt.</strong></span> <span class='ocrx_word' id='word_1_633' title='bbox 1673 4756 1729 4805; x_wconf 82' lang='grc' dir='ltr'><strong>ιι,</strong></span> <span class='ocrx_word' id='word_1_634' title='bbox 1758 4737 1837 4809; x_wconf 84' lang='grc'><strong>8).</strong></span> <span class='ocrx_word' id='word_1_635' title='bbox 1886 4739 1966 4810; x_wconf 73' lang='lat' dir='ltr'><strong>Ad</strong></span> <span class='ocrx_word' id='word_1_636' title='bbox 2006 4741 2189 4812; x_wconf 68' lang='lat' dir='ltr'><strong>expri-</strong></span> 
     </span>
    </p>
   </div>
   <div class='ocr_carea' id='block_1_81' title="bbox 601 4827 2193 4905">
    <p class='ocr_par' dir='ltr' id='par_1_81' title="bbox 601 4827 2193 4905">
     <span class='ocr_line' id='line_1_81' title="bbox 601 4827 2193 4905; baseline 0.006 -25"><span class='ocrx_word' id='word_1_637' title='bbox 601 4827 849 4893; x_wconf 74' lang='lat' dir='ltr'><strong>mendam</strong></span> <span class='ocrx_word' id='word_1_638' title='bbox 872 4830 1284 4897; x_wconf 82' lang='lat' dir='ltr'><strong>teneritudinem</strong></span> <span class='ocrx_word' id='word_1_639' title='bbox 1307 4832 1527 4904; x_wconf 77' lang='lat' dir='ltr'><strong>pietatis</strong></span> <span class='ocrx_word' id='word_1_640' title='bbox 1545 4847 1673 4899; x_wconf 68' lang='lat' dir='ltr'><strong>sum,</strong></span> <span class='ocrx_word' id='word_1_641' title='bbox 1706 4834 2051 4903; x_wconf 73' lang='lat' dir='ltr'><strong>tenerrimam</strong></span> <span class='ocrx_word' id='word_1_642' title='bbox 2074 4849 2193 4905; x_wconf 77' lang='lat' dir='ltr'><strong>par-</strong></span> 
     </span>
    </p>
   </div>
   <div class='ocr_carea' id='block_1_82' title="bbox 603 4920 2191 5007">
    <p class='ocr_par' dir='ltr' id='par_1_82' title="bbox 603 4920 2191 5007">
     <span class='ocr_line' id='line_1_82' title="bbox 603 4920 2191 5007; baseline 0.002 -30"><span class='ocrx_word' id='word_1_643' title='bbox 603 4929 709 4989; x_wconf 82' lang='lat' dir='ltr'><strong>tem</strong></span> <span class='ocrx_word' id='word_1_644' title='bbox 764 4920 985 4985; x_wconf 83' lang='lat' dir='ltr'><strong>humani</strong></span> <span class='ocrx_word' id='word_1_645' title='bbox 1030 4922 1273 4993; x_wconf 79' lang='lat' dir='ltr'><strong>corporis</strong></span> <span class='ocrx_word' id='word_1_646' title='bbox 1302 4924 1630 4993; x_wconf 74' lang='lat' dir='ltr'><strong>nominavit;</strong></span> <span class='ocrx_word' id='word_1_647' title='bbox 1661 4932 1720 4987; x_wconf 86' lang='lat' dir='ltr'><strong>ut</strong></span> <span class='ocrx_word' id='word_1_648' title='bbox 1749 4926 2089 5007; x_wconf 74' lang='lat' dir='ltr'><strong>apertissime</strong></span> <span class='ocrx_word' id='word_1_649' title='bbox 2107 4927 2191 4980; x_wconf 84' lang='lat' dir='ltr'><strong>in-</strong></span> 
     </span>
    </p>
   </div>
   <div class='ocr_carea' id='block_1_83' title="bbox 2268 3180 3889 3257">
    <p class='ocr_par' dir='ltr' id='par_1_83' title="bbox 2268 3180 3889 3257">
     <span class='ocr_line' id='line_1_83' title="bbox 2268 3180 3889 3257; baseline -0.004 -15"><span class='ocrx_word' id='word_1_650' title='bbox 2268 3180 2434 3242; x_wconf 56' lang='lat' dir='ltr'><strong>&#39;Nam</strong></span> <span class='ocrx_word' id='word_1_651' title='bbox 2484 3190 2606 3257; x_wconf 89' lang='lat' dir='ltr'><strong>quis</strong></span> <span class='ocrx_word' id='word_1_652' title='bbox 2648 3188 2830 3243; x_wconf 88' lang='lat' dir='ltr'><strong>dicere</strong></span> <span class='ocrx_word' id='word_1_653' title='bbox 2874 3188 3045 3257; x_wconf 87' lang='lat' dir='ltr'><strong>possit</strong></span> <span class='ocrx_word' id='word_1_654' title='bbox 3087 3185 3233 3255; x_wconf 91' lang='lat' dir='ltr'><strong>quod</strong></span> <span class='ocrx_word' id='word_1_655' title='bbox 3277 3187 3395 3240; x_wconf 91' lang='lat' dir='ltr'><strong>sine</strong></span> <span class='ocrx_word' id='word_1_656' title='bbox 3432 3200 3615 3248; x_wconf 88' lang='lat' dir='ltr'><strong>causa,</strong></span> <span class='ocrx_word' id='word_1_657' title='bbox 3648 3183 3889 3239; x_wconf 89' lang='lat' dir='ltr'><strong>homines</strong></span> 
     </span>
    </p>
   </div>
   <div class='ocr_carea' id='block_1_84' title="bbox 2298 3274 3888 3334">
    <p class='ocr_par' dir='ltr' id='par_1_84' title="bbox 2298 3274 3888 3334">
     <span class='ocr_line' id='line_1_84' title="bbox 2298 3274 3888 3334; baseline -0.005 0"><span class='ocrx_word' id='word_1_658' title='bbox 2298 3279 2502 3334; x_wconf 87' lang='lat' dir='ltr'><strong>scilicet</strong></span> <span class='ocrx_word' id='word_1_659' title='bbox 2530 3278 2777 3333; x_wconf 78' lang='lat' dir='ltr'><strong>omnibus</strong></span> <span class='ocrx_word' id='word_1_660' title='bbox 2806 3294 2836 3331; x_wconf 90' lang='lat' dir='ltr'><strong>a</strong></span> <span class='ocrx_word' id='word_1_661' title='bbox 2865 3293 2927 3332; x_wconf 91' lang='lat' dir='ltr'><strong>se</strong></span> <span class='ocrx_word' id='word_1_662' title='bbox 2950 3278 3075 3331; x_wconf 67' lang='lat' dir='ltr'><strong>vita:</strong></span> <span class='ocrx_word' id='word_1_663' title='bbox 3122 3292 3187 3331; x_wconf 88' lang='lat' dir='ltr'><strong>ac</strong></span> <span class='ocrx_word' id='word_1_664' title='bbox 3216 3290 3428 3330; x_wconf 87' lang='lat' dir='ltr'><strong>merum</strong></span> <span class='ocrx_word' id='word_1_665' title='bbox 3450 3275 3642 3330; x_wconf 90' lang='lat' dir='ltr'><strong>studiis</strong></span> <span class='ocrx_word' id='word_1_666' title='bbox 3686 3274 3888 3329; x_wconf 88' lang='lat' dir='ltr'><strong>discre-</strong></span> 
     </span>
    </p>
   </div>
   <div class='ocr_carea' id='block_1_85' title="bbox 2297 3368 3888 3443">
    <p class='ocr_par' dir='ltr' id='par_1_85' title="bbox 2297 3368 3888 3443">
     <span class='ocr_line' id='line_1_85' title="bbox 2297 3368 3888 3443; baseline -0.001 -17"><span class='ocrx_word' id='word_1_667' title='bbox 2297 3381 2506 3443; x_wconf 88' lang='lat' dir='ltr'><strong>pantes,</strong></span> <span class='ocrx_word' id='word_1_668' title='bbox 2538 3374 2593 3427; x_wconf 89' lang='lat' dir='ltr'><strong>in</strong></span> <span class='ocrx_word' id='word_1_669' title='bbox 2620 3372 2815 3443; x_wconf 82' lang='lat' dir='ltr'><strong>quibus</strong></span> <span class='ocrx_word' id='word_1_670' title='bbox 2843 3371 2974 3426; x_wconf 89' lang='lat' dir='ltr'><strong>nihil</strong></span> <span class='ocrx_word' id='word_1_671' title='bbox 3020 3369 3275 3426; x_wconf 86' lang='lat' dir='ltr'><strong>videbant</strong></span> <span class='ocrx_word' id='word_1_672' title='bbox 3302 3385 3478 3434; x_wconf 86' lang='lat' dir='ltr'><strong>suum,</strong></span> <span class='ocrx_word' id='word_1_673' title='bbox 3511 3371 3765 3439; x_wconf 89' lang='lat' dir='ltr'><strong>quoniam</strong></span> <span class='ocrx_word' id='word_1_674' title='bbox 3793 3368 3888 3424; x_wconf 79' lang='lat' dir='ltr'><strong>Dei</strong></span> 
     </span>
    </p>
   </div>
   <div class='ocr_carea' id='block_1_86' title="bbox 2299 3459 3885 3518">
    <p class='ocr_par' dir='ltr' id='par_1_86' title="bbox 2299 3459 3885 3518">
     <span class='ocr_line' id='line_1_86' title="bbox 2299 3459 3885 3518; baseline -0.001 -2"><span class='ocrx_word' id='word_1_675' title='bbox 2299 3471 2490 3518; x_wconf 87' lang='lat' dir='ltr'><strong>totum.</strong></span> <span class='ocrx_word' id='word_1_676' title='bbox 2540 3462 2775 3517; x_wconf 84' lang='lat' dir='ltr'><strong>Maxima</strong></span> <span class='ocrx_word' id='word_1_677' title='bbox 2804 3463 2947 3517; x_wconf 82' lang='lat' dir='ltr'><strong>enim</strong></span> <span class='ocrx_word' id='word_1_678' title='bbox 2980 3475 3142 3516; x_wconf 82' lang='lat' dir='ltr'><strong>causa</strong></span> <span class='ocrx_word' id='word_1_679' title='bbox 3174 3468 3257 3516; x_wconf 89' lang='lat' dir='ltr'><strong>est</strong></span> <span class='ocrx_word' id='word_1_680' title='bbox 3287 3459 3677 3517; x_wconf 81' lang='lat' dir='ltr'><strong>discordiarum</strong></span> <span class='ocrx_word' id='word_1_681' title='bbox 3710 3459 3885 3515; x_wconf 88' lang='lat' dir='ltr'><strong>diver-</strong></span> 
     </span>
    </p>
   </div>
   <div class='ocr_carea' id='block_1_87' title="bbox 2296 3550 3888 3622">
    <p class='ocr_par' dir='ltr' id='par_1_87' title="bbox 2296 3550 3888 3622">
     <span class='ocr_line' id='line_1_87' title="bbox 2296 3550 3888 3622; baseline -0.002 -14"><span class='ocrx_word' id='word_1_682' title='bbox 2296 3553 2427 3608; x_wconf 87' lang='lat' dir='ltr'><strong>sitas</strong></span> <span class='ocrx_word' id='word_1_683' title='bbox 2470 3552 2840 3607; x_wconf 85' lang='lat' dir='ltr'><strong>voluntatum:</strong></span> <span class='ocrx_word' id='word_1_684' title='bbox 2888 3552 3014 3622; x_wconf 86' lang='lat' dir='ltr'><strong>quia</strong></span> <span class='ocrx_word' id='word_1_685' title='bbox 3044 3550 3156 3606; x_wconf 82' lang='lat' dir='ltr'><strong>ﬁeri</strong></span> <span class='ocrx_word' id='word_1_686' title='bbox 3204 3559 3297 3605; x_wconf 78' lang='lat' dir='ltr'><strong>aut</strong></span> <span class='ocrx_word' id='word_1_687' title='bbox 3333 3551 3556 3607; x_wconf 89' lang='lat' dir='ltr'><strong>omnino</strong></span> <span class='ocrx_word' id='word_1_688' title='bbox 3582 3565 3691 3605; x_wconf 91' lang='lat' dir='ltr'><strong>non</strong></span> <span class='ocrx_word' id='word_1_689' title='bbox 3711 3557 3888 3621; x_wconf 80' lang='lat' dir='ltr'><strong>potest</strong></span> 
     </span>
    </p>
   </div>
   <div class='ocr_carea' id='block_1_88' title="bbox 2298 3642 3888 3715">
    <p class='ocr_par' dir='ltr' id='par_1_88' title="bbox 2298 3642 3888 3715">
     <span class='ocr_line' id='line_1_88' title="bbox 2298 3642 3888 3715; baseline -0.003 -16"><span class='ocrx_word' id='word_1_690' title='bbox 2298 3653 2391 3699; x_wconf 84' lang='lat' dir='ltr'><strong>aut</strong></span> <span class='ocrx_word' id='word_1_691' title='bbox 2416 3644 2505 3699; x_wconf 85' lang='lat' dir='ltr'><strong>vix</strong></span> <span class='ocrx_word' id='word_1_692' title='bbox 2530 3651 2731 3715; x_wconf 89' lang='lat' dir='ltr'><strong>potest,</strong></span> <span class='ocrx_word' id='word_1_693' title='bbox 2766 3651 2824 3697; x_wconf 83' lang='lat' dir='ltr'><strong>ut</strong></span> <span class='ocrx_word' id='word_1_694' title='bbox 2848 3658 2968 3698; x_wconf 89' lang='lat' dir='ltr'><strong>eam</strong></span> <span class='ocrx_word' id='word_1_695' title='bbox 2998 3657 3113 3696; x_wconf 88' lang='lat' dir='ltr'><strong>rem</strong></span> <span class='ocrx_word' id='word_1_696' title='bbox 3143 3642 3196 3696; x_wconf 89' lang='lat' dir='ltr'><strong>in</strong></span> <span class='ocrx_word' id='word_1_697' title='bbox 3226 3642 3334 3697; x_wconf 83' lang='lat' dir='ltr'><strong>alio</strong></span> <span class='ocrx_word' id='word_1_698' title='bbox 3378 3642 3665 3711; x_wconf 82' lang='lat' dir='ltr'><strong>quisquam</strong></span> <span class='ocrx_word' id='word_1_699' title='bbox 3704 3642 3888 3710; x_wconf 79' lang='lat' dir='ltr'><strong>diligat</strong></span> 
     </span>
    </p>
   </div>
   <div class='ocr_carea' id='block_1_89' title="bbox 2299 3726 3883 3805">
    <p class='ocr_par' dir='ltr' id='par_1_89' title="bbox 2299 3726 3883 3805">
     <span class='ocr_line' id='line_1_89' title="bbox 2299 3726 3883 3805; baseline -0.003 -15"><span class='ocrx_word' id='word_1_700' title='bbox 2299 3753 2329 3790; x_wconf 89' lang='lat' dir='ltr'><strong>a</strong></span> <span class='ocrx_word' id='word_1_701' title='bbox 2353 3751 2455 3804; x_wconf 85' lang='lat' dir='ltr'><strong>qua</strong></span> <span class='ocrx_word' id='word_1_702' title='bbox 2480 3735 2595 3805; x_wconf 90' lang='lat' dir='ltr'><strong>ipse</strong></span> <span class='ocrx_word' id='word_1_703' title='bbox 2610 3735 2878 3789; x_wconf 82' lang='lat' dir='ltr'><strong>dissentit.</strong></span> <span class='ocrx_word' id='word_1_704' title='bbox 2912 3734 3101 3802; x_wconf 75' lang='lat' dir='ltr'><strong>itaque</strong></span> <span class='ocrx_word' id='word_1_705' title='bbox 3121 3726 3217 3788; x_wconf 85' lang='lat' dir='ltr'><strong>eos</strong></span> <span class='ocrx_word' id='word_1_706' title='bbox 3251 3735 3407 3804; x_wconf 63' lang='grc' dir='ltr'><strong>ιδ]</strong></span> <span class='ocrx_word' id='word_1_707' title='bbox 3439 3748 3546 3787; x_wconf 87' lang='lat' dir='ltr'><strong>non</strong></span> <span class='ocrx_word' id='word_1_708' title='bbox 3567 3734 3686 3789; x_wconf 89' lang='lat' dir='ltr'><strong>sine</strong></span> <span class='ocrx_word' id='word_1_709' title='bbox 3705 3748 3883 3798; x_wconf 86' lang='lat' dir='ltr'><strong>causa,</strong></span> 
     </span>
    </p>
   </div>
   <div class='ocr_carea' id='block_1_90' title="bbox 2297 3816 3884 3896">
    <p class='ocr_par' dir='ltr' id='par_1_90' title="bbox 2297 3816 3884 3896">
     <span class='ocr_line' id='line_1_90' title="bbox 2297 3816 3884 3896; baseline -0.002 -13"><span class='ocrx_word' id='word_1_710' title='bbox 2297 3838 2358 3883; x_wconf 90' lang='lat' dir='ltr'><strong>ut</strong></span> <span class='ocrx_word' id='word_1_711' title='bbox 2386 3827 2516 3894; x_wconf 86' lang='lat' dir='ltr'><strong>dixi,</strong></span> <span class='ocrx_word' id='word_1_712' title='bbox 2568 3827 2816 3890; x_wconf 87' lang='lat' dir='ltr'><strong>oderunt,</strong></span> <span class='ocrx_word' id='word_1_713' title='bbox 2850 3827 2904 3882; x_wconf 81' lang='lat' dir='ltr'><strong>ia</strong></span> <span class='ocrx_word' id='word_1_714' title='bbox 2932 3816 3128 3895; x_wconf 82' lang='lat' dir='ltr'><strong>quibus</strong></span> <span class='ocrx_word' id='word_1_715' title='bbox 3156 3827 3337 3881; x_wconf 87' lang='lat' dir='ltr'><strong>omnia</strong></span> <span class='ocrx_word' id='word_1_716' title='bbox 3364 3827 3467 3883; x_wconf 89' lang='lat' dir='ltr'><strong>sibi</strong></span> <span class='ocrx_word' id='word_1_717' title='bbox 3512 3827 3703 3881; x_wconf 77' lang='lat' dir='ltr'><strong>aemula</strong></span> <span class='ocrx_word' id='word_1_718' title='bbox 3726 3833 3884 3896; x_wconf 86' lang='lat' dir='ltr'><strong>atque</strong></span> 
     </span>
    </p>
   </div>
   <div class='ocr_carea' id='block_1_91' title="bbox 2258 3915 3884 3993">
    <p class='ocr_par' dir='ltr' id='par_1_91' title="bbox 2258 3915 3884 3993">
     <span class='ocr_line' id='line_1_91' title="bbox 2258 3915 3884 3993; baseline 0.001 -22"><span class='ocrx_word' id='word_1_719' title='bbox 2258 3986 2265 3993; x_wconf 20' lang='grc' dir='ltr'>δ</span> <span class='ocrx_word' id='word_1_720' title='bbox 2296 3919 2510 3974; x_wconf 90' lang='lat' dir='ltr'><strong>inimica</strong></span> <span class='ocrx_word' id='word_1_721' title='bbox 2539 3918 2851 3973; x_wconf 85' lang='lat' dir='ltr'><strong>cernebant.</strong></span> <span class='ocrx_word' id='word_1_722' title='bbox 2884 3917 2963 3972; x_wconf 88' lang='lat' dir='ltr'><strong>illi</strong></span> <span class='ocrx_word' id='word_1_723' title='bbox 3004 3918 3148 3973; x_wconf 87' lang='lat' dir='ltr'><strong>enim</strong></span> <span class='ocrx_word' id='word_1_724' title='bbox 3200 3918 3452 3974; x_wconf 83' lang='lat' dir='ltr'><strong>vivebant</strong></span> <span class='ocrx_word' id='word_1_725' title='bbox 3475 3917 3679 3988; x_wconf 77' lang='lat' dir='ltr'><strong>iugiter</strong></span> <span class='ocrx_word' id='word_1_726' title='bbox 3706 3919 3760 3973; x_wconf 92' lang='lat' dir='ltr'><strong>in</strong></span> <span class='ocrx_word' id='word_1_727' title='bbox 3791 3915 3884 3974; x_wconf 76' lang='lat' dir='ltr'><strong>ne-</strong></span> 
     </span>
    </p>
   </div>
   <div class='ocr_carea' id='block_1_92' title="bbox 2295 3994 3979 4086">
    <p class='ocr_par' dir='ltr' id='par_1_92' title="bbox 2295 4018 3979 4086">
     <span class='ocr_line' id='line_1_92' title="bbox 2295 4018 3979 4086; baseline 0.001 -15"><span class='ocrx_word' id='word_1_728' title='bbox 2295 4018 2486 4086; x_wconf 85' lang='lat' dir='ltr'><strong>quitia,</strong></span> <span class='ocrx_word' id='word_1_729' title='bbox 2511 4018 2599 4072; x_wconf 90' lang='lat' dir='ltr'><strong>isti</strong></span> <span class='ocrx_word' id='word_1_730' title='bbox 2629 4018 2682 4072; x_wconf 90' lang='lat' dir='ltr'><strong>in</strong></span> <span class='ocrx_word' id='word_1_731' title='bbox 2713 4018 3054 4085; x_wconf 89' lang='lat' dir='ltr'><strong>innocentia;</strong></span> <span class='ocrx_word' id='word_1_732' title='bbox 3082 4018 3158 4072; x_wconf 91' lang='lat' dir='ltr'><strong>illi</strong></span> <span class='ocrx_word' id='word_1_733' title='bbox 3184 4019 3235 4073; x_wconf 91' lang='lat' dir='ltr'><strong>in</strong></span> <span class='ocrx_word' id='word_1_734' title='bbox 3258 4018 3500 4081; x_wconf 90' lang='lat' dir='ltr'><strong>libidine,</strong></span> <span class='ocrx_word' id='word_1_735' title='bbox 3535 4018 3622 4073; x_wconf 85' lang='lat' dir='ltr'><strong>isti</strong></span> <span class='ocrx_word' id='word_1_736' title='bbox 3643 4019 3698 4072; x_wconf 89' lang='lat' dir='ltr'><strong>in</strong></span> <span class='ocrx_word' id='word_1_737' title='bbox 3721 4019 3883 4074; x_wconf 90' lang='lat' dir='ltr'><strong>casti-</strong></span> <span class='ocrx_word' id='word_1_738' title='bbox 3962 4044 3979 4061; x_wconf 67' lang='grc' dir='ltr'><em>ι</em></span> 
     </span>
    </p>
   </div>
   <div class='ocr_carea' id='block_1_93' title="bbox 2299 4118 3884 4190">
    <p class='ocr_par' dir='ltr' id='par_1_93' title="bbox 2299 4118 3884 4190">
     <span class='ocr_line' id='line_1_93' title="bbox 2299 4118 3884 4190; baseline 0.002 -18"><span class='ocrx_word' id='word_1_739' title='bbox 2299 4125 2441 4185; x_wconf 84' lang='lat' dir='ltr'><strong>tate;</strong></span> <span class='ocrx_word' id='word_1_740' title='bbox 2468 4119 2542 4173; x_wconf 88' lang='lat' dir='ltr'><strong>iiii</strong></span> <span class='ocrx_word' id='word_1_741' title='bbox 2568 4118 2622 4173; x_wconf 92' lang='lat' dir='ltr'><strong>in</strong></span> <span class='ocrx_word' id='word_1_742' title='bbox 2647 4118 2850 4182; x_wconf 87' lang='lat' dir='ltr'><strong>lustris,</strong></span> <span class='ocrx_word' id='word_1_743' title='bbox 2886 4118 2974 4173; x_wconf 90' lang='lat' dir='ltr'><strong>isti</strong></span> <span class='ocrx_word' id='word_1_744' title='bbox 3007 4119 3058 4173; x_wconf 92' lang='lat' dir='ltr'><strong>in</strong></span> <span class='ocrx_word' id='word_1_745' title='bbox 3081 4119 3454 4188; x_wconf 87' lang='lat' dir='ltr'><strong>monasteriis;</strong></span> <span class='ocrx_word' id='word_1_746' title='bbox 3488 4119 3563 4173; x_wconf 90' lang='lat' dir='ltr'><strong>illi</strong></span> <span class='ocrx_word' id='word_1_747' title='bbox 3591 4135 3762 4190; x_wconf 90' lang='lat' dir='ltr'><strong>prope</strong></span> <span class='ocrx_word' id='word_1_748' title='bbox 3798 4121 3884 4190; x_wconf 86' lang='lat' dir='ltr'><strong>ju-</strong></span> 
     </span>
    </p>
   </div>
   <div class='ocr_carea' id='block_1_94' title="bbox 2294 4217 3884 4289">
    <p class='ocr_par' dir='ltr' id='par_1_94' title="bbox 2294 4217 3884 4289">
     <span class='ocr_line' id='line_1_94' title="bbox 2294 4217 3884 4289; baseline 0 -15"><span class='ocrx_word' id='word_1_749' title='bbox 2294 4221 2434 4289; x_wconf 63' lang='lat' dir='ltr'><strong>alter</strong></span> <span class='ocrx_word' id='word_1_750' title='bbox 2460 4236 2580 4275; x_wconf 90' lang='lat' dir='ltr'><strong>cum</strong></span> <span class='ocrx_word' id='word_1_751' title='bbox 2610 4219 2847 4288; x_wconf 89' lang='lat' dir='ltr'><strong>diabolo,</strong></span> <span class='ocrx_word' id='word_1_752' title='bbox 2896 4220 2984 4275; x_wconf 92' lang='lat' dir='ltr'><strong>isti</strong></span> <span class='ocrx_word' id='word_1_753' title='bbox 3032 4221 3148 4276; x_wconf 89' lang='lat' dir='ltr'><strong>sine</strong></span> <span class='ocrx_word' id='word_1_754' title='bbox 3176 4220 3477 4276; x_wconf 90' lang='lat' dir='ltr'><strong>cessatione</strong></span> <span class='ocrx_word' id='word_1_755' title='bbox 3506 4235 3628 4275; x_wconf 90' lang='lat' dir='ltr'><strong>cum</strong></span> <span class='ocrx_word' id='word_1_756' title='bbox 3647 4217 3884 4279; x_wconf 84' lang='lat' dir='ltr'><strong>Christo.</strong></span> 
     </span>
    </p>
   </div>
   <div class='ocr_carea' id='block_1_95' title="bbox 2294 4298 3885 4397">
    <p class='ocr_par' dir='ltr' id='par_1_95' title="bbox 2294 4298 3885 4397">
     <span class='ocr_line' id='line_1_95' title="bbox 2294 4298 3885 4397; baseline 0.001 -22"><span class='ocrx_word' id='word_1_757' title='bbox 2294 4320 2413 4381; x_wconf 87' lang='lat' dir='ltr'><strong>Non</strong></span> <span class='ocrx_word' id='word_1_758' title='bbox 2463 4320 2579 4377; x_wconf 89' lang='lat' dir='ltr'><strong>sine</strong></span> <span class='ocrx_word' id='word_1_759' title='bbox 2627 4335 2788 4387; x_wconf 81' lang='lat' dir='ltr'><strong>causa</strong></span> <span class='ocrx_word' id='word_1_760' title='bbox 2815 4298 3010 4397; x_wconf 76' lang='lat' dir='ltr'><strong>itaque</strong></span> <span class='ocrx_word' id='word_1_761' title='bbox 3058 4319 3199 4387; x_wconf 77' lang='lat' dir='ltr'><strong>istud</strong></span> <span class='ocrx_word' id='word_1_762' title='bbox 3226 4319 3324 4385; x_wconf 87' lang='lat' dir='ltr'><strong>fuit</strong></span> <span class='ocrx_word' id='word_1_763' title='bbox 3351 4319 3495 4390; x_wconf 89' lang='lat' dir='ltr'><strong>quod</strong></span> <span class='ocrx_word' id='word_1_764' title='bbox 3520 4321 3656 4385; x_wconf 87' lang='lat' dir='ltr'><strong>intra</strong></span> <span class='ocrx_word' id='word_1_765' title='bbox 3690 4319 3885 4377; x_wconf 61' lang='lat' dir='ltr'><strong>Africa:</strong></span> 
     </span>
    </p>
   </div>
   <div class='ocr_carea' id='block_1_96' title="bbox 2295 4418 3884 4491">
    <p class='ocr_par' dir='ltr' id='par_1_96' title="bbox 2295 4418 3884 4491">
     <span class='ocr_line' id='line_1_96' title="bbox 2295 4418 3884 4491; baseline -0.002 -14"><span class='ocrx_word' id='word_1_766' title='bbox 2295 4422 2559 4491; x_wconf 83' lang='lat' dir='ltr'><strong>civitates,</strong></span> <span class='ocrx_word' id='word_1_767' title='bbox 2584 4430 2640 4477; x_wconf 92' lang='lat' dir='ltr'><strong>et</strong></span> <span class='ocrx_word' id='word_1_768' title='bbox 2666 4422 2899 4476; x_wconf 80' lang='lat' dir='ltr'><strong>maxime</strong></span> <span class='ocrx_word' id='word_1_769' title='bbox 2928 4421 3067 4474; x_wconf 91' lang='lat' dir='ltr'><strong>intra</strong></span> <span class='ocrx_word' id='word_1_770' title='bbox 3093 4418 3436 4487; x_wconf 89' lang='lat' dir='ltr'><strong>Carthaginis</strong></span> <span class='ocrx_word' id='word_1_771' title='bbox 3479 4435 3681 4486; x_wconf 92' lang='lat' dir='ltr'><strong>muros,</strong></span> <span class='ocrx_word' id='word_1_772' title='bbox 3707 4418 3735 4455; x_wconf 72' lang='grc' dir='ltr'>ά</span> <span class='ocrx_word' id='word_1_773' title='bbox 3768 4420 3884 4490; x_wconf 81' lang='lat' dir='ltr'><strong>pal-</strong></span> 
     </span>
    </p>
   </div>
   <div class='ocr_carea' id='block_1_97' title="bbox 2293 4517 3883 4590">
    <p class='ocr_par' dir='ltr' id='par_1_97' title="bbox 2293 4517 3883 4590">
     <span class='ocr_line' id='line_1_97' title="bbox 2293 4517 3883 4590; baseline 0.001 -16"><span class='ocrx_word' id='word_1_774' title='bbox 2293 4520 2483 4576; x_wconf 87' lang='lat' dir='ltr'><strong>liatum</strong></span> <span class='ocrx_word' id='word_1_775' title='bbox 2533 4529 2589 4576; x_wconf 89' lang='lat' dir='ltr'><strong>et</strong></span> <span class='ocrx_word' id='word_1_776' title='bbox 2637 4520 2893 4590; x_wconf 86' lang='lat' dir='ltr'><strong>pallidum</strong></span> <span class='ocrx_word' id='word_1_777' title='bbox 2947 4526 3001 4574; x_wconf 91' lang='lat' dir='ltr'><strong>et</strong></span> <span class='ocrx_word' id='word_1_778' title='bbox 3054 4518 3244 4573; x_wconf 88' lang='lat' dir='ltr'><strong>recisis</strong></span> <span class='ocrx_word' id='word_1_779' title='bbox 3291 4533 3566 4573; x_wconf 89' lang='lat' dir='ltr'><strong>comarum</strong></span> <span class='ocrx_word' id='word_1_780' title='bbox 3609 4517 3883 4577; x_wconf 84' lang='lat' dir='ltr'><strong>fluentium</strong></span> 
     </span>
    </p>
   </div>
   <div class='ocr_carea' id='block_1_98' title="bbox 2290 4616 3882 4690">
    <p class='ocr_par' dir='ltr' id='par_1_98' title="bbox 2290 4616 3882 4690">
     <span class='ocr_line' id='line_1_98' title="bbox 2290 4616 3882 4690; baseline -0.002 -15"><span class='ocrx_word' id='word_1_781' title='bbox 2290 4620 2437 4690; x_wconf 80' lang='lat' dir='ltr'><strong>jubis</strong></span> <span class='ocrx_word' id='word_1_782' title='bbox 2464 4632 2636 4688; x_wconf 80' lang='lat' dir='ltr'><strong>usque</strong></span> <span class='ocrx_word' id='word_1_783' title='bbox 2661 4619 2731 4677; x_wconf 78' lang='lat' dir='ltr'><strong>ad</strong></span> <span class='ocrx_word' id='word_1_784' title='bbox 2756 4626 2939 4677; x_wconf 78' lang='lat' dir='ltr'><strong>cutem</strong></span> <span class='ocrx_word' id='word_1_785' title='bbox 2969 4625 3184 4680; x_wconf 73' lang='lat' dir='ltr'><strong>tonsum</strong></span> <span class='ocrx_word' id='word_1_786' title='bbox 3212 4616 3397 4681; x_wconf 79' lang='lat' dir='ltr'><strong>videre</strong></span> <span class='ocrx_word' id='word_1_787' title='bbox 3426 4626 3533 4677; x_wconf 78' lang='lat' dir='ltr'><strong>tam</strong></span> <span class='ocrx_word' id='word_1_788' title='bbox 3580 4617 3769 4679; x_wconf 81' lang='lat' dir='ltr'><strong>infelix</strong></span> <span class='ocrx_word' id='word_1_789' title='bbox 3798 4618 3882 4673; x_wconf 85' lang='lat' dir='ltr'><strong>ille</strong></span> 
     </span>
    </p>
   </div>
   <div class='ocr_carea' id='block_1_99' title="bbox 2295 4717 3953 4803">
    <p class='ocr_par' dir='ltr' id='par_1_99' title="bbox 2295 4717 3953 4803">
     <span class='ocr_line' id='line_1_99' title="bbox 2295 4717 3953 4803; baseline -0.002 -24"><span class='ocrx_word' id='word_1_790' title='bbox 2295 4726 2526 4803; x_wconf 86' lang='lat' dir='ltr'><strong>populus</strong></span> <span class='ocrx_word' id='word_1_791' title='bbox 2554 4735 2715 4793; x_wconf 89' lang='lat' dir='ltr'><strong>quam</strong></span> <span class='ocrx_word' id='word_1_792' title='bbox 2745 4717 2976 4783; x_wconf 82' lang='lat' dir='ltr'><strong>inﬁdelis</strong></span> <span class='ocrx_word' id='word_1_793' title='bbox 3002 4718 3120 4779; x_wconf 84' lang='lat' dir='ltr'><strong>sine</strong></span> <span class='ocrx_word' id='word_1_794' title='bbox 3139 4720 3384 4779; x_wconf 86' lang='lat' dir='ltr'><strong>convicio</strong></span> <span class='ocrx_word' id='word_1_795' title='bbox 3424 4728 3585 4790; x_wconf 88' lang='lat' dir='ltr'><strong>atque</strong></span> <span class='ocrx_word' id='word_1_796' title='bbox 3628 4736 3881 4781; x_wconf 83' lang='lat' dir='ltr'><strong>exsecra-</strong></span> <span class='ocrx_word' id='word_1_797' title='bbox 3944 4744 3953 4751; x_wconf 89' lang='lat'><strong>-</strong></span> 
     </span>
    </p>
   </div>
   <div class='ocr_carea' id='block_1_100' title="bbox 2293 4818 3880 4895">
    <p class='ocr_par' dir='ltr' id='par_1_100' title="bbox 2293 4818 3880 4895">
     <span class='ocr_line' id='line_1_100' title="bbox 2293 4818 3880 4895; baseline -0.001 -17"><span class='ocrx_word' id='word_1_798' title='bbox 2293 4824 2443 4878; x_wconf 90' lang='lat' dir='ltr'><strong>tione</strong></span> <span class='ocrx_word' id='word_1_799' title='bbox 2493 4822 2581 4875; x_wconf 83' lang='lat' dir='ltr'><strong>vix</strong></span> <span class='ocrx_word' id='word_1_800' title='bbox 2628 4827 2864 4891; x_wconf 86' lang='lat' dir='ltr'><strong>poterat.</strong></span> <span class='ocrx_word' id='word_1_801' title='bbox 2895 4818 2963 4874; x_wconf 87' lang='lat' dir='ltr'><strong>Et</strong></span> <span class='ocrx_word' id='word_1_802' title='bbox 2990 4820 3034 4874; x_wconf 93' lang='lat' dir='ltr'><strong>si</strong></span> <span class='ocrx_word' id='word_1_803' title='bbox 3063 4819 3277 4889; x_wconf 91' lang='lat' dir='ltr'><strong>quando</strong></span> <span class='ocrx_word' id='word_1_804' title='bbox 3325 4820 3519 4889; x_wconf 91' lang='lat' dir='ltr'><strong>aliquis</strong></span> <span class='ocrx_word' id='word_1_805' title='bbox 3551 4819 3645 4877; x_wconf 90' lang='lat' dir='ltr'><strong>Dei</strong></span> <span class='ocrx_word' id='word_1_806' title='bbox 3676 4837 3880 4895; x_wconf 79' lang='lat' dir='ltr'><strong>servus,</strong></span> 
     </span>
    </p>
   </div>
   <div class='ocr_carea' id='block_1_101' title="bbox 2294 4910 3879 4997">
    <p class='ocr_par' dir='ltr' id='par_1_101' title="bbox 2294 4910 3879 4997">
     <span class='ocr_line' id='line_1_101' title="bbox 2294 4910 3879 4997; baseline -0.001 -19"><span class='ocrx_word' id='word_1_807' title='bbox 2294 4932 2386 4981; x_wconf 91' lang='lat' dir='ltr'><strong>aut</strong></span> <span class='ocrx_word' id='word_1_808' title='bbox 2412 4923 2481 4977; x_wconf 93' lang='lat' dir='ltr'><strong>de</strong></span> <span class='ocrx_word' id='word_1_809' title='bbox 2506 4932 2528 4960; x_wconf 74' lang='grc' dir='ltr'>ε</span> <span class='ocrx_word' id='word_1_810' title='bbox 2562 4910 2937 4995; x_wconf 67' lang='lat' dir='ltr'><strong>Egyptiorum</strong></span> <span class='ocrx_word' id='word_1_811' title='bbox 2965 4915 3244 4986; x_wconf 65' lang='lat' dir='ltr'><strong>emnobiis,</strong></span> <span class='ocrx_word' id='word_1_812' title='bbox 3270 4916 3364 4974; x_wconf 86' lang='lat' dir='ltr'><strong>aut</strong></span> <span class='ocrx_word' id='word_1_813' title='bbox 3382 4919 3451 4975; x_wconf 91' lang='lat' dir='ltr'><strong>de</strong></span> <span class='ocrx_word' id='word_1_814' title='bbox 3484 4918 3503 4959; x_wconf 71' lang='grc' dir='ltr'>ί</span> <span class='ocrx_word' id='word_1_815' title='bbox 3536 4922 3708 4978; x_wconf 86' lang='lat' dir='ltr'><strong>sacris</strong></span> <span class='ocrx_word' id='word_1_816' title='bbox 3750 4921 3879 4997; x_wconf 83' lang='lat' dir='ltr'><strong>Hie-</strong></span> 
     </span>
    </p>
   </div>
   <div class='ocr_carea' id='block_1_102' title="bbox 1784 5032 2693 5097">
    <p class='ocr_par' dir='ltr' id='par_1_102' title="bbox 1784 5032 2693 5097">
     <span class='ocr_line' id='line_1_102' title="bbox 1784 5032 2693 5097; baseline -0.006 -3"><span class='ocrx_word' id='word_1_817' title='bbox 1784 5037 2123 5095; x_wconf 74' lang='lat' dir='ltr'><strong>STEPHANI</strong></span> <span class='ocrx_word' id='word_1_818' title='bbox 2157 5035 2430 5093; x_wconf 79' lang='lat' dir='ltr'><strong>BALUZII</strong></span> <span class='ocrx_word' id='word_1_819' title='bbox 2468 5032 2693 5097; x_wconf 72' lang='grc' dir='ltr'><strong>ΝΟΤΔΞ.</strong></span> 
     </span>
    </p>
   </div>
   <div class='ocr_carea' id='block_1_103' title="bbox 674 5128 2178 5202">
    <p class='ocr_par' dir='ltr' id='par_1_103' title="bbox 674 5128 2178 5202">
     <span class='ocr_line' id='line_1_103' title="bbox 674 5128 2178 5202; baseline -0.001 -16"><span class='ocrx_word' id='word_1_820' title='bbox 674 5138 699 5168; x_wconf 74' lang='grc' dir='ltr'>ι</span> <span class='ocrx_word' id='word_1_821' title='bbox 728 5129 844 5197; x_wconf 81' lang='lat' dir='ltr'><strong>Huc</strong></span> <span class='ocrx_word' id='word_1_822' title='bbox 880 5145 1049 5202; x_wconf 81' lang='lat' dir='ltr'><strong>usque</strong></span> <span class='ocrx_word' id='word_1_823' title='bbox 1077 5128 1368 5202; x_wconf 78' lang='lat' dir='ltr'><strong>auctoritas</strong></span> <span class='ocrx_word' id='word_1_824' title='bbox 1410 5128 1610 5191; x_wconf 76' lang='lat' dir='ltr'><strong>codicis</strong></span> <span class='ocrx_word' id='word_1_825' title='bbox 1647 5128 2013 5199; x_wconf 75' lang='lat' dir='ltr'><strong>corbeiensis.</strong></span> <span class='ocrx_word' id='word_1_826' title='bbox 2062 5128 2178 5201; x_wconf 65' lang='lat' dir='ltr'><strong>Ca;-</strong></span> 
     </span>
    </p>
   </div>
   <div class='ocr_carea' id='block_1_104' title="bbox 601 5200 2180 5285">
    <p class='ocr_par' dir='ltr' id='par_1_104' title="bbox 601 5200 2180 5285">
     <span class='ocr_line' id='line_1_104' title="bbox 601 5200 2180 5285; baseline 0.002 -28"><span class='ocrx_word' id='word_1_827' title='bbox 601 5209 716 5261; x_wconf 80' lang='lat' dir='ltr'><strong>tera</strong></span> <span class='ocrx_word' id='word_1_828' title='bbox 761 5217 871 5285; x_wconf 68' lang='lat' dir='ltr'><strong>pra:</strong></span> <span class='ocrx_word' id='word_1_829' title='bbox 908 5200 1176 5285; x_wconf 63' lang='lat' dir='ltr'><strong>vetustate</strong></span> <span class='ocrx_word' id='word_1_830' title='bbox 1194 5200 1501 5269; x_wconf 79' lang='lat' dir='ltr'><strong>oblitterata</strong></span> <span class='ocrx_word' id='word_1_831' title='bbox 1544 5207 1670 5258; x_wconf 86' lang='lat' dir='ltr'><strong>sunt</strong></span> <span class='ocrx_word' id='word_1_832' title='bbox 1697 5203 1932 5273; x_wconf 88' lang='lat' dir='ltr'><strong>partim;</strong></span> <span class='ocrx_word' id='word_1_833' title='bbox 1985 5203 2180 5268; x_wconf 80' lang='lat' dir='ltr'><strong>partim</strong></span> 
     </span>
    </p>
   </div>
   <div class='ocr_carea' id='block_1_105' title="bbox 600 5272 2181 5419">
    <p class='ocr_par' dir='ltr' id='par_1_105' title="bbox 600 5272 2181 5419">
     <span class='ocr_line' id='line_1_105' title="bbox 600 5272 1707 5341; baseline -0.002 -12"><span class='ocrx_word' id='word_1_834' title='bbox 600 5284 728 5329; x_wconf 83' lang='lat' dir='ltr'><strong>vero</strong></span> <span class='ocrx_word' id='word_1_835' title='bbox 753 5272 1045 5341; x_wconf 81' lang='lat' dir='ltr'><strong>deperdita.</strong></span> <span class='ocrx_word' id='word_1_836' title='bbox 1702 5272 1707 5273; x_wconf 56' lang='grc'><strong>“</strong></span> 
     </span>
     <span class='ocr_line' id='line_1_106' title="bbox 600 5334 2181 5419; baseline 0.001 -25"><span class='ocrx_word' id='word_1_837' title='bbox 600 5334 1051 5419; x_wconf 32' lang='lat' dir='ltr'><strong>tb‘Yidesupra</strong></span> <span class='ocrx_word' id='word_1_838' title='bbox 1076 5343 1132 5419; x_wconf 78' lang='lat' dir='ltr'><strong>in</strong></span> <span class='ocrx_word' id='word_1_839' title='bbox 1161 5343 1309 5419; x_wconf 64' lang='lat' dir='ltr'><strong>notis</strong></span> <span class='ocrx_word' id='word_1_840' title='bbox 1328 5342 1395 5413; x_wconf 79' lang='lat' dir='ltr'><strong>ad</strong></span> <span class='ocrx_word' id='word_1_841' title='bbox 1432 5353 1556 5419; x_wconf 38' lang='lat' dir='ltr'><strong>pag”.</strong></span> <span class='ocrx_word' id='word_1_842' title='bbox 1589 5342 1623 5395; x_wconf 88' lang='lat'><strong><em>6</em></strong></span> <span class='ocrx_word' id='word_1_843' title='bbox 1661 5348 1715 5419; x_wconf 76' lang='lat' dir='ltr'><strong>et</strong></span> <span class='ocrx_word' id='word_1_844' title='bbox 1743 5339 1828 5397; x_wconf 87' lang='lat'><strong>80.</strong></span> <span class='ocrx_word' id='word_1_845' title='bbox 1864 5338 2181 5419; x_wconf 59' lang='lat' dir='ltr'><strong>Theodorus</strong></span> 
     </span>
    </p>
   </div>
   <div class='ocr_carea' id='block_1_106' title="bbox 599 5353 2177 5494">
    <p class='ocr_par' dir='ltr' id='par_1_106' title="bbox 599 5353 2177 5494">
     <span class='ocr_line' id='line_1_107' title="bbox 670 5353 2177 5419; baseline 0.001 -25"><span class='ocrx_word' id='word_1_846' title='bbox 670 5353 699 5381; x_wconf 75' lang='grc' dir='ltr'><strong><em>υ</em></strong></span> <span class='ocrx_word' id='word_1_847' title='bbox 735 5353 865 5395; x_wconf 79' lang='lat' dir='ltr'><strong>Viae</strong></span> <span class='ocrx_word' id='word_1_848' title='bbox 888 5356 1051 5410; x_wconf 86' lang='lat' dir='ltr'><strong>supra</strong></span> <span class='ocrx_word' id='word_1_849' title='bbox 1076 5353 1132 5397; x_wconf 81' lang='lat' dir='ltr'><strong>in</strong></span> <span class='ocrx_word' id='word_1_850' title='bbox 1161 5353 1272 5411; x_wconf 81' lang='lat' dir='ltr'><strong>noti</strong></span> <span class='ocrx_word' id='word_1_851' title='bbox 1328 5353 1395 5413; x_wconf 78' lang='lat' dir='ltr'><strong>ad</strong></span> <span class='ocrx_word' id='word_1_852' title='bbox 1432 5356 1499 5419; x_wconf 86' lang='lat' dir='ltr'><strong>pa</strong></span> <span class='ocrx_word' id='word_1_853' title='bbox 1543 5383 1556 5395; x_wconf 96' lang='lat'><strong>.</strong></span> <span class='ocrx_word' id='word_1_854' title='bbox 1589 5353 1623 5395; x_wconf 76' lang='grc'>6</span> <span class='ocrx_word' id='word_1_855' title='bbox 1661 5353 1715 5411; x_wconf 79' lang='lat' dir='ltr'><strong>et</strong></span> <span class='ocrx_word' id='word_1_856' title='bbox 1743 5353 1828 5397; x_wconf 74' lang='grc' dir='ltr'><strong>δυ.</strong></span> <span class='ocrx_word' id='word_1_857' title='bbox 1896 5353 2177 5397; x_wconf 83' lang='lat' dir='ltr'><strong>‘iieodorus</strong></span> 
     </span>
     <span class='ocr_line' id='line_1_108' title="bbox 599 5353 2177 5494; baseline 0.001 -31"><span class='ocrx_word' id='word_1_858' title='bbox 599 5407 925 5494; x_wconf 46' lang='lat' dir='ltr'><strong>§tuditatiib_.</strong></span> <span class='ocrx_word' id='word_1_859' title='bbox 957 5426 1013 5476; x_wconf 77' lang='grc' dir='ltr'><strong>ιι,</strong></span> <span class='ocrx_word' id='word_1_860' title='bbox 1044 5412 1208 5494; x_wconf 40' lang='lat' dir='ltr'><strong>epist.-</strong></span> <span class='ocrx_word' id='word_1_861' title='bbox 1235 5359 1323 5478; x_wconf 55' lang='lat'><strong>5;,</strong></span> <span class='ocrx_word' id='word_1_862' title='bbox 1355 5353 1807 5494; x_wconf 45' lang='lat' dir='ltr'><strong>apudgiaron‘ium</strong></span> <span class='ocrx_word' id='word_1_863' title='bbox 1833 5353 1901 5464; x_wconf 53' lang='lat' dir='ltr'><strong>ad</strong></span> <span class='ocrx_word' id='word_1_864' title='bbox 1923 5428 2019 5494; x_wconf 37' lang='lat' dir='ltr'><strong>nan.</strong></span> <span class='ocrx_word' id='word_1_865' title='bbox 2053 5410 2177 5494; x_wconf 45' lang='lat'><strong>80.9,</strong></span> 
     </span>
    </p>
   </div>
   <div class='ocr_carea' id='block_1_107' title="bbox 602 5475 2183 5563">
    <p class='ocr_par' dir='ltr' id='par_1_107' title="bbox 602 5475 2183 5563">
     <span class='ocr_line' id='line_1_109' title="bbox 602 5475 2183 5563; baseline 0.001 -30"><span class='ocrx_word' id='word_1_866' title='bbox 602 5476 632 5557; x_wconf 57' lang='grc' dir='ltr'>ᾖ</span> <span class='ocrx_word' id='word_1_867' title='bbox 663 5476 697 5546; x_wconf 64' lang='grc'>4</span> <span class='ocrx_word' id='word_1_868' title='bbox 732 5496 746 5533; x_wconf 92' lang='lat'><strong>:</strong></span> <span class='ocrx_word' id='word_1_869' title='bbox 779 5475 1234 5563; x_wconf 36' lang='lat' dir='ltr'><strong>Multoquenptagis</strong></span> <span class='ocrx_word' id='word_1_870' title='bbox 1265 5475 1800 5563; x_wconf 38' lang='lat' dir='ltr'><strong>stin&#39;c&#39;ti_,&#39;monachum</strong></span> <span class='ocrx_word' id='word_1_871' title='bbox 1839 5482 2071 5537; x_wconf 81' lang='lat' dir='ltr'><strong>ordinent</strong></span> <span class='ocrx_word' id='word_1_872' title='bbox 2111 5482 2183 5535; x_wconf 91' lang='lat' dir='ltr'><strong>lo-</strong></span> 
     </span>
    </p>
   </div>
   <div class='ocr_carea' id='block_1_108' title="bbox 599 5550 2180 5701">
    <p class='ocr_par' dir='ltr' id='par_1_108' title="bbox 599 5550 2180 5701">
     <span class='ocr_line' id='line_1_110' title="bbox 599 5550 1637 5631; baseline 0.001 -26"><span class='ocrx_word' id='word_1_873' title='bbox 599 5550 746 5631; x_wconf 65' lang='grc' dir='ltr'><strong>ᾷιιρτ,</strong></span> <span class='ocrx_word' id='word_1_874' title='bbox 776 5565 890 5617; x_wconf 68' lang='lat' dir='ltr'><strong>cum</strong></span> <span class='ocrx_word' id='word_1_875' title='bbox 919 5550 1265 5613; x_wconf 54' lang='lat' dir='ltr'><strong>eisultatione</strong></span> <span class='ocrx_word' id='word_1_876' title='bbox 1290 5551 1637 5619; x_wconf 60' lang='lat' dir='ltr'><strong>exsultabant.</strong></span> 
     </span>
     <span class='ocr_line' id='line_1_111' title="bbox 674 5614 2180 5701; baseline 0 -27"><span class='ocrx_word' id='word_1_877' title='bbox 674 5630 703 5673; x_wconf 71' lang='grc' dir='ltr'><strong>ο,</strong></span> <span class='ocrx_word' id='word_1_878' title='bbox 726 5614 784 5674; x_wconf 79' lang='lat' dir='ltr'><strong>id</strong></span> <span class='ocrx_word' id='word_1_879' title='bbox 804 5619 1250 5701; x_wconf 48' lang='lat' dir='ltr'><strong>esu-monachos.</strong></span> <span class='ocrx_word' id='word_1_880' title='bbox 1276 5619 1415 5676; x_wconf 82' lang='lat' dir='ltr'><strong>infra</strong></span> <span class='ocrx_word' id='word_1_881' title='bbox 1436 5616 1546 5701; x_wconf 48' lang='lat' dir='ltr'><strong>Egi</strong></span> <span class='ocrx_word' id='word_1_882' title='bbox 1566 5624 1616 5701; x_wconf 60' lang='lat' dir='ltr'><strong>si</strong></span> <span class='ocrx_word' id='word_1_883' title='bbox 1636 5621 1844 5701; x_wconf 71' lang='lat' dir='ltr'><strong>quando</strong></span> <span class='ocrx_word' id='word_1_884' title='bbox 1858 5621 2055 5701; x_wconf 56' lang='lat' dir='ltr'><strong>giiquis</strong></span> <span class='ocrx_word' id='word_1_885' title='bbox 2084 5619 2180 5681; x_wconf 88' lang='lat' dir='ltr'><strong>Dei</strong></span> 
     </span>
    </p>
   </div>
   <div class='ocr_carea' id='block_1_109' title="bbox 601 5689 2176 5764">
    <p class='ocr_par' dir='ltr' id='par_1_109' title="bbox 601 5689 2176 5764">
     <span class='ocr_line' id='line_1_112' title="bbox 601 5689 2176 5764; baseline -0.003 -15"><span class='ocrx_word' id='word_1_886' title='bbox 601 5709 772 5750; x_wconf 77' lang='lat' dir='ltr'><strong>servus</strong></span> <span class='ocrx_word' id='word_1_887' title='bbox 801 5692 864 5747; x_wconf 83' lang='lat' dir='ltr'><strong>de</strong></span> <span class='ocrx_word' id='word_1_888' title='bbox 890 5689 1257 5764; x_wconf 71' lang='lat' dir='ltr'><strong>At&#39;gyptiorum</strong></span> <span class='ocrx_word' id='word_1_889' title='bbox 1285 5691 1544 5746; x_wconf 75' lang='lat' dir='ltr'><strong>cwttobiis.</strong></span> <span class='ocrx_word' id='word_1_890' title='bbox 1578 5689 1792 5763; x_wconf 64' lang='lat' dir='ltr'><strong>Et&#39;pag.</strong></span> <span class='ocrx_word' id='word_1_891' title='bbox 1825 5692 1918 5746; x_wconf 77' lang='grc'><strong>181</strong></span> <span class='ocrx_word' id='word_1_892' title='bbox 1953 5689 1966 5744; x_wconf 78' lang='grc' dir='ltr'>Ξ</span> <span class='ocrx_word' id='word_1_893' title='bbox 1999 5692 2176 5764; x_wconf 80' lang='lat' dir='ltr'><strong>Appa—</strong></span> 
     </span>
    </p>
   </div>
   <div class='ocr_carea' id='block_1_110' title="bbox 1487 5859 1564 5873">
    <p class='ocr_par' dir='ltr' id='par_1_110' title="bbox 1487 5859 1564 5873">
     <span class='ocr_line' id='line_1_113' title="bbox 1487 5859 1564 5873; baseline 0 -3"><span class='ocrx_word' id='word_1_894' title='bbox 1487 5859 1564 5873; x_wconf 55' lang='grc' dir='ltr'><strong>ηδ-</strong></span> 
     </span>
    </p>
   </div>
   <div class='ocr_carea' id='block_1_111' title="bbox 2282 5106 3876 5210">
    <p class='ocr_par' dir='ltr' id='par_1_111' title="bbox 2282 5106 3876 5210">
     <span class='ocr_line' id='line_1_114' title="bbox 2282 5106 3876 5210; baseline -0.002 -27"><span class='ocrx_word' id='word_1_895' title='bbox 2282 5146 2400 5183; x_wconf 88' lang='lat' dir='ltr'><strong>rere</strong></span> <span class='ocrx_word' id='word_1_896' title='bbox 2424 5106 2487 5182; x_wconf 67' lang='grc' dir='ltr'><strong><em>ἰοί</em></strong></span> <span class='ocrx_word' id='word_1_897' title='bbox 2509 5126 2710 5210; x_wconf 36' lang='lat' dir='ltr'><strong>plateis.</strong></span> <span class='ocrx_word' id='word_1_898' title='bbox 2732 5136 2781 5179; x_wconf 91' lang='lat' dir='ltr'><strong>et</strong></span> <span class='ocrx_word' id='word_1_899' title='bbox 2807 5122 3184 5210; x_wconf 36' lang='lat' dir='ltr'><strong>compitishbei</strong></span> <span class='ocrx_word' id='word_1_900' title='bbox 3223 5140 3393 5179; x_wconf 77' lang='lat' dir='ltr'><strong>servos</strong></span> <span class='ocrx_word' id='word_1_901' title='bbox 3428 5126 3542 5179; x_wconf 75' lang='lat' dir='ltr'><strong>sine</strong></span> <span class='ocrx_word' id='word_1_902' title='bbox 3568 5124 3876 5180; x_wconf 68' lang='lat' dir='ltr'><strong>contumelia</strong></span> 
     </span>
    </p>
   </div>
   <div class='ocr_carea' id='block_1_112' title="bbox 2285 5195 3747 5346">
    <p class='ocr_par' dir='ltr' id='par_1_112' title="bbox 2285 5195 3747 5346">
     <span class='ocr_line' id='line_1_115' title="bbox 2285 5195 3110 5273; baseline -0.01 -19"><span class='ocrx_word' id='word_1_903' title='bbox 2285 5209 2436 5273; x_wconf 75' lang='lat' dir='ltr'><strong>atque</strong></span> <span class='ocrx_word' id='word_1_904' title='bbox 2458 5195 2812 5257; x_wconf 59' lang='lat' dir='ltr'><strong>exsecratione</strong></span> <span class='ocrx_word' id='word_1_905' title='bbox 2839 5196 2924 5249; x_wconf 77' lang='lat' dir='ltr'><strong>via:</strong></span> <span class='ocrx_word' id='word_1_906' title='bbox 2948 5195 3110 5248; x_wconf 82' lang='lat' dir='ltr'><strong>licuit.</strong></span> 
     </span>
     <span class='ocr_line' id='line_1_116' title="bbox 2359 5264 3747 5346; baseline -0.006 -20"><span class='ocrx_word' id='word_1_907' title='bbox 2359 5269 2387 5309; x_wconf 71' lang='grc' dir='ltr'>ἀ</span> <span class='ocrx_word' id='word_1_908' title='bbox 2418 5269 2543 5346; x_wconf 60' lang='grc' dir='ltr'><strong>[Ιωο</strong></span> <span class='ocrx_word' id='word_1_909' title='bbox 2564 5282 2693 5346; x_wconf 71' lang='lat' dir='ltr'><strong>ergo</strong></span> <span class='ocrx_word' id='word_1_910' title='bbox 2722 5274 2834 5321; x_wconf 90' lang='lat' dir='ltr'><strong>tum</strong></span> <span class='ocrx_word' id='word_1_911' title='bbox 2851 5264 3711 5346; x_wconf 35' lang='lat' dir='ltr'><strong>grantinsigniaomoaaleltomm.</strong></span> <span class='ocrx_word' id='word_1_912' title='bbox 3735 5333 3747 5345; x_wconf 79' lang='lat'><strong>_</strong></span> 
     </span>
    </p>
   </div>
   <div class='ocr_carea' id='block_1_113' title="bbox 2364 5333 3870 5404">
    <p class='ocr_par' dir='ltr' id='par_1_113' title="bbox 2364 5333 3870 5404">
     <span class='ocr_line' id='line_1_117' title="bbox 2364 5333 3870 5404; baseline -0.005 -9"><span class='ocrx_word' id='word_1_913' title='bbox 2364 5349 2389 5380; x_wconf 77' lang='grc' dir='ltr'><strong>ο</strong></span> <span class='ocrx_word' id='word_1_914' title='bbox 2408 5333 2788 5395; x_wconf 63' lang='grc' dir='ltr'><strong>Οὼηοὺίὸωιη</strong></span> <span class='ocrx_word' id='word_1_915' title='bbox 2828 5333 3047 5404; x_wconf 64' lang='lat' dir='ltr'><strong>Egypti</strong></span> <span class='ocrx_word' id='word_1_916' title='bbox 3076 5335 3329 5404; x_wconf 12' lang='lat' dir='ltr'><strong>fineminit</strong></span> <span class='ocrx_word' id='word_1_917' title='bbox 3354 5343 3409 5389; x_wconf 81' lang='lat' dir='ltr'><strong>et</strong></span> <span class='ocrx_word' id='word_1_918' title='bbox 3427 5334 3637 5404; x_wconf 71' lang='lat' dir='ltr'><strong>Castor</strong></span> <span class='ocrx_word' id='word_1_919' title='bbox 3662 5333 3870 5404; x_wconf 67' lang='lat' dir='ltr'><strong>episeo-</strong></span> 
     </span>
    </p>
   </div>
   <div class='ocr_carea' id='block_1_114' title="bbox 2288 5402 3875 5482">
    <p class='ocr_par' dir='ltr' id='par_1_114' title="bbox 2288 5402 3875 5482">
     <span class='ocr_line' id='line_1_118' title="bbox 2288 5402 3875 5482; baseline -0.005 -17"><span class='ocrx_word' id='word_1_920' title='bbox 2288 5426 2389 5482; x_wconf 89' lang='lat' dir='ltr'><strong>pus</strong></span> <span class='ocrx_word' id='word_1_921' title='bbox 2414 5408 2664 5482; x_wconf 81' lang='lat' dir='ltr'><strong>Aptensis</strong></span> <span class='ocrx_word' id='word_1_922' title='bbox 2691 5407 2743 5482; x_wconf 80' lang='lat' dir='ltr'><strong>iu</strong></span> <span class='ocrx_word' id='word_1_923' title='bbox 2771 5402 2997 5482; x_wconf 52' lang='lat' dir='ltr'><strong>epistola</strong></span> <span class='ocrx_word' id='word_1_924' title='bbox 3026 5402 3378 5482; x_wconf 31' lang='lat' dir='ltr'><strong>ad‘tloannem</strong></span> <span class='ocrx_word' id='word_1_925' title='bbox 3409 5402 3727 5482; x_wconf 66' lang='lat' dir='ltr'><strong>Cassiaan</strong></span> <span class='ocrx_word' id='word_1_926' title='bbox 3756 5402 3875 5482; x_wconf 79' lang='lat' dir='ltr'><strong>:_Te</strong></span> 
     </span>
    </p>
   </div>
   <div class='ocr_carea' id='block_1_115' title="bbox 2288 5471 3874 5551">
    <p class='ocr_par' dir='ltr' id='par_1_115' title="bbox 2288 5471 3874 5551">
     <span class='ocr_line' id='line_1_119' title="bbox 2288 5471 3874 5551; baseline -0.004 -19"><span class='ocrx_word' id='word_1_927' title='bbox 2288 5471 2492 5551; x_wconf 68' lang='lat' dir='ltr'><strong>quidem</strong></span> <span class='ocrx_word' id='word_1_928' title='bbox 2520 5471 2843 5547; x_wconf 71' lang='lat' dir='ltr'><strong>potissimum</strong></span> <span class='ocrx_word' id='word_1_929' title='bbox 2878 5471 3874 5551; x_wconf 65' lang='lat' dir='ltr'><strong>Orientalium_cmnabiomn__4ectsjna</strong></span> 
     </span>
    </p>
   </div>
   <div class='ocr_carea' id='block_1_116' title="bbox 2286 5542 3876 5632">
    <p class='ocr_par' dir='ltr' id='par_1_116' title="bbox 2286 5542 3876 5632">
     <span class='ocr_line' id='line_1_120' title="bbox 2286 5542 3876 5632; baseline -0.002 -28"><span class='ocrx_word' id='word_1_930' title='bbox 2286 5542 2552 5632; x_wconf 46' lang='grc' dir='ltr'><strong>ἐτερέτιηῴ</strong></span> <span class='ocrx_word' id='word_1_931' title='bbox 2577 5556 2822 5612; x_wconf 77' lang='lat' dir='ltr'><strong>tenemus,</strong></span> <span class='ocrx_word' id='word_1_932' title='bbox 2848 5548 3168 5619; x_wconf 64' lang='lat' dir='ltr'><strong>mumitaque</strong></span> <span class='ocrx_word' id='word_1_933' title='bbox 3185 5544 3574 5616; x_wconf 60' lang='lat' dir='ltr'><strong>aEgyptiornm.</strong></span> <span class='ocrx_word' id='word_1_934' title='bbox 3600 5544 3733 5605; x_wconf 77' lang='lat' dir='ltr'><strong>Vide</strong></span> <span class='ocrx_word' id='word_1_935' title='bbox 3749 5542 3876 5601; x_wconf 82' lang='lat' dir='ltr'><strong>Cas-</strong></span> 
     </span>
    </p>
   </div>
   <div class='ocr_carea' id='block_1_117' title="bbox 2286 5632 3873 5754">
    <p class='ocr_par' dir='ltr' id='par_1_117' title="bbox 2286 5632 3873 5754">
     <span class='ocr_line' id='line_1_121' title="bbox 2286 5632 2715 5687; baseline -0.009 -13"><span class='ocrx_word' id='word_1_936' title='bbox 2286 5634 2499 5675; x_wconf 82' lang='lat' dir='ltr'><strong>sianum</strong></span> <span class='ocrx_word' id='word_1_937' title='bbox 2525 5632 2715 5687; x_wconf 67' lang='lat' dir='ltr'><strong>ipsum.</strong></span> 
     </span>
     <span class='ocr_line' id='line_1_122' title="bbox 2364 5685 3873 5754; baseline -0.001 -11"><span class='ocrx_word' id='word_1_938' title='bbox 2364 5688 2384 5728; x_wconf 69' lang='grc' dir='ltr'><em>ι</em></span> <span class='ocrx_word' id='word_1_939' title='bbox 2416 5688 2508 5744; x_wconf 88' lang='lat' dir='ltr'><strong>Sic</strong></span> <span class='ocrx_word' id='word_1_940' title='bbox 2529 5688 2819 5743; x_wconf 89' lang='lat' dir='ltr'><strong>vocabatur</strong></span> <span class='ocrx_word' id='word_1_941' title='bbox 2847 5688 3175 5744; x_wconf 72' lang='lat' dir='ltr'><strong>territorium</strong></span> <span class='ocrx_word' id='word_1_942' title='bbox 3205 5685 3346 5742; x_wconf 77' lang='lat' dir='ltr'><strong>illius</strong></span> <span class='ocrx_word' id='word_1_943' title='bbox 3373 5686 3538 5754; x_wconf 77' lang='lat' dir='ltr'><strong>urbis,</strong></span> <span class='ocrx_word' id='word_1_944' title='bbox 3567 5685 3639 5742; x_wconf 80' lang='lat' dir='ltr'><strong>ob</strong></span> <span class='ocrx_word' id='word_1_945' title='bbox 3665 5699 3873 5743; x_wconf 80' lang='lat' dir='ltr'><strong>memo-</strong></span> 
     </span>
    </p>
   </div>
  </div>
