4234 6250
338 292 441 353 ἰδ’]

1803 316 2172 378 EPISTOUE.

3502 304 3603 398 isis

333 391 573 453 rusatem
594 391 746 457 lucis,
779 404 872 453 aut
900 395 969 453 de
988 398 1185 457 sanctis
1209 403 1375 469 eremi
1395 402 1817 476 venerandisque
1842 410 2005 471 εει-Ἀ
2031 422 2171 468 sunt.
2208 426 2232 452 ι
2281 405 2537 474 Latrones
2564 420 2780 488 quidem
2825 422 2929 478 hoc
2958 426 3242 493 proverbio
3272 429 3346 483 uti
3385 431 3560 486 solent
3582 474 3600 499 ,

331 482 499 543 cretis
516 481 585 543 atl
614 483 802 545 urbem
822 486 964 545 illam
986 487 1166 545 cilicio
1190 491 1354 547 divini
1369 495 1548 564 operis
1570 499 1814 562 accessit,
1847 500 1919 557 si-

331 573 449 635 mul
478 588 544 637 ac
571 577 773 645 populo
819 581 1082 648 apparuit,
1123 586 1494 651 contumelias,
1554 590 1830 659 sacrilegia
1869 602 1924 647 et

339 666 747 729 maledictiones
791 672 1019 741 excepit.
1069 672 1181 730 Nec
1218 677 1391 732 solum
1418 678 1523 737 hoc
1553 681 1683 735 :sed
1725 681 1925 752 impro-

338 756 580 815 bissimis
624 755 1005 827 ﬂagitiosorum
1061 761 1342 827 hominum
1380 767 1658 833 cachinnis
1685 778 1741 826 et
1766 770 1920 828 dete-

336 847 606 905 stantibus
648 847 933 915 τίειωμμω
977 851 1147 919 sibilis
1190 856 1349 923 quasi
1376 859 1577 921 taureis
1595 860 1919 918 «edebatur.

280 934 283 935 ⁷
341 935 479 995 Vere
499 944 554 991 ut
578 936 624 995 si
640 937 761 1009 quis
787 953 850 993 ea
881 939 1083 1019 inscius
1106 958 1285 1005 rerum
1315 945 1429 1007 ﬁeri
1450 948 1675 1014 videret,
1703 968 1812 1008 non
1832 954 1924 1008 ali-

335 1044 498 1099 quem
548 1031 820 1097 hominem
848 1030 1134 1099 ludiﬁcari,
1164 1036 1261 1095 sed
1289 1053 1487 1099 novum
1516 1040 1921 1114 inauditamque

332 1129 630 1187 monstrum
658 1122 803 1191 abigi
824 1130 987 1194 atque
1014 1127 1362 1189 exterminari
1392 1130 1764 1193 arbitraretur.

408 1212 466 1265 ν.
508 1210 649 1279 Ecce
699 1211 955 1281 Afrorum
1011 1224 1066 1272 et
1105 1219 1373 1289 pmipue
1421 1220 1920 1293 Carthaginiensium

327 1302 509 1358 tidem.
596 1303 788 1361 Tutius
836 1309 1109 1375 quondam
1154 1312 1411 1380 apostolis
1476 1327 1708 1383 paganos
1762 1316 1922 1372 urbes

329 1391 479 1448 licuit
501 1394 724 1457 intrare,
749 1404 804 1450 et
817 1398 991 1453 minus
1006 1400 1235 1468 primum
1256 1417 1441 1457 eorum
1459 1404 1745 1462 adventum
1759 1416 1921 1476 atque

332 1491 683 1554 conspectum
712 1484 811 1539 feri
857 1487 932 1542 illi
975 1504 1039 1544 ac
1078 1488 1713 1564 barbari'sacrilegorum
1747 1509 1920 1555 coetus

330 1575 759 1631 detestabantur.
790 1576 1046 1635 Sanctum
1086 1583 1367 1639 electionis
1395 1602 1490 1640 vas
1519 1585 1741 1643 Paulum
1789 1608 1921 1661 apes

334 1666 527 1726 stolam
556 1665 623 1726 de
653 1667 812 1729 unius
840 1667 937 1731 Dei
956 1670 1100 1731 cultu
1125 1688 1187 1731 ac
1215 1673 1501 1747 majestate
1529 1677 1795 1735 dicentem
1830 1697 1921 1736 su-

2028 514 2086 558 nt
2111 506 2303 574 quibus
2331 523 2435 562 non
2464 509 2708 565 auferant
2736 513 2917 578 vitam,
2945 515 3155 574 dedisse
3180 533 3240 575 se
3266 519 3464 575 dicant.
3498 521 3605 577 Sed

2028 596 2080 649 in
2103 597 2234 651 urbe
2261 598 2348 652 illa
2381 615 2487 654 non
2518 607 2624 654 tam
2653 602 2927 659 hominum
2956 604 3171 661 futrunt
3198 609 3311 663 hinc
3344 610 3605 667 beneﬁcia

2024 701 2187 755 quam
2228 687 2421 757 legum.
2459 690 2689 747 lnterﬁci
2728 695 2868 749 enim
2908 696 3272 755 indemnatum
3312 716 3606 770 quemcun-

2026 794 2132 848 que
2158 780 2451 849 hominem,
2502 784 2663 838 etiam
2709 785 2990 841 duodecim
3047 789 3344 846 tabularqu
3390 793 3604 851 decreta

2026 864 2330 927 vetuerunt.
2373 870 2449 926 Ex
2483 890 2591 942 quo
2619 876 2926 943 agnoscitur
2948 880 3090 947 quod
3118 896 3307 949 magna
3338 884 3443 939 illic
3471 902 3607 955 prte-

2025 961 2268 1027 rogativa
2308 962 2594 1019 Dominicze
2636 965 2910 1033 religionis
2946 968 3063 1034 fuit,
3105 973 3195 1026 ubi
3236 974 3356 1029 ideo
3397 983 3605 1031 tantum

2026 1048 2122 1103 Dei
2149 1051 2321 1106 servis
2349 1048 2498 1106 licuit
2519 1055 2767 1120 evadere,
2802 1058 2928 1127 quia
2956 1075 2986 1112 a
3018 1075 3227 1129 pagano
3252 1064 3373 1133 jure
3400 1048 3607 1122 defensi

2025 1150 2152 1205 sunt
2196 1159 2264 1199 ne
2300 1144 2728 1202 Christianon
2782 1152 3026 1207 manibus
3074 1158 3485 1215 trucidarentur.
3539 1161 3607 1217 Et

2024 1231 2284 1286 miramur
2309 1234 2355 1287 si
2384 1232 2526 1289 nunc
2554 1235 2817 1293 Barbaros
2846 1240 2921 1294 illi
2948 1244 3241 1310 perferunt,
3274 1264 3394 1303 cum
3422 1250 3605 1305 videa-

2022 1336 2144 1376 mus
2174 1322 2320 1390 quod
2356 1325 2523 1378 sancti
2564 1326 2663 1379 viri
2703 1328 2756 1380 in
2797 1329 2900 1385 illis
2938 1331 3203 1390 Barbaros
3236 1339 3605 1405 pertulerunt?

2023 1409 2209 1469 Justus
2248 1428 2377 1481 ergo
2415 1423 2499 1468 est
2539 1414 2812 1481 Dominus,
2849 1428 2904 1474 et
2930 1420 3132 1489 justum
3162 1423 3417 1493 judicium
3450 1444 3603 1483 suum

2026 1503 2251 1574 (Psalm.
2279 1520 2459 1572 cxvnt,
2484 1506 2630 1578 157).
2653 1508 2782 1574 Quae
2801 1512 2963 1577 enim,
2997 1522 3057 1568 ut
3077 1517 3334 1585 scriptum
3374 1525 3473 1581 est,
3492 1534 3605 1574 .se-

2023 1594 2310 1660 minarunt,
2343 1596 2457 1659 hinc
2482 1605 2538 1651 et
2558 1607 2765 1653 nietunt
2786 1599 2930 1671 (Gal.
2958 1619 3029 1667 vr,
3059 1603 3134 1674 8).
3169 1605 3239 1660 Ut
3275 1622 3399 1661 vere
3420 1608 3602 1663 videa-

2026 1693 2112 1741 tur
2155 1686 2221 1741 de
2270 1687 2614 1756 improbitate
2665 1692 2806 1746 illius
2842 1695 3017 1762 gentis
3062 1697 3261 1752 dixisse
3307 1698 3599 1754 Dominus:

336 1758 825 1833 per-stitiosissimus
853 1760 977 1825 licet
1005 1764 1406 1827 Atheniensium
1445 1772 1674 1841 populus
1711 1774 1998 1843 patient-'3
2029 1775 2247 1833 Reddite
2300 1780 2347 1832 ei
2385 1781 2661 1835 secundum
2708 1758 3027 1854 opus‘suum
3057 1804 3075 1841 :
3099 1789 3255 1859 juxta
3289 1791 3460 1844 omnia
3490 1807 3603 1862 quis

337 1860 417 1906 ter
436 1850 638 1909 audivit
664 1853 799 1926 (Act.
827 1870 955 1921 xvii,
983 1853 1095 1927 22).
1126 1857 1384 1931 Lycaonii
1422 1870 1603 1919 autem
1629 1864 1681 1923 in
1710 1871 1918 1923 tantum

342 1942 497 2005 etiam
518 1942 764 2007 admirati
788 1952 934 2011 sunt.
968 1954 1026 2002 ut
1053 1962 1176 2017 cum
1201 1950 1255 2005 in
1287 1953 1549 2025 apostolis
1575 1954 1785 2011 divinas
1811 1955 1920 2013 vir—

348 2039 481 2088 tutes
501 2034 672 2095 inesse
692 2044 993 2102 cernerent,
1018 2053 1139 2096 esse
1164 2055 1260 2096 eos
1280 2041 1526 2105 homines
1549 2060 1654 2107 non
1669 2053 1920 2114 putarent

355 2121 485 2193 (Act.
517 2140 636 2197 xiv,
669 2125 869 2197 1042).
900 2127 1045 2187 Intra
1079 2127 1459 2200 Carthaginem
1488 2150 1618 2190 vero
1656 2151 1920 2207 apparere

354 2214 403 2269 in
442 2215 632 2286 plateis
673 2226 725 2273 et
766 2220 1012 2292 compitis
1057 2222 1154 2279 Dei
1192 2239 1381 2283 servos
1427 2226 1543 2291 sine
1590 2228 1917 2291 contumelia

348 2314 509 2376 atque
542 2310 899 2371 exsecratione
936 2312 1023 2371 vix
1066 2313 1233 2371 licuit.
1282 2317 1440 2395 182
1484 2315 1922 2373 Persecutionem

344 2393 446 2450 hoc
464 2397 675 2469 quidem
704 2399 867 2465 fuisse
904 2418 1013 2465 non
1061 2393 1299 2477 putant,
1330 2407 1453 2479 quia
1503 2423 1610 2465 non
1656 2416 1713 2464 et
1754 2410 1921 2467 occisi

2024 1871 2166 1941 fecit,
2192 1871 2347 1940 facile
2372 1870 2484 1937 illi;
2512 1874 2632 1943 quia
2660 1883 2840 1929 contra
2867 1875 3145 1933 Dominum
3172 1888 3340 1933 erecta
3358 1891 3433 1934 est
3460 1880 3593 1946 (Jer.

2026 1972 2077 2022 ι,
2108 1956 2218 2029 29).
2273 1958 2528 2015 Miremur
2570 1962 2751 2031 itaque
2775 1973 2868 2019 aut
2894 1966 3231 2036 indignemur
3254 1969 3396 2039 quod
3425 1970 3601 2040 aliqua

2022 2064 2165 2109 nunc
2187 2049 2262 2104 illi
2282 2050 2349 2103 ab
2369 2050 2675 2109 hominibus
2699 2055 2840 2109 mala
2860 2055 3166 2125 perferant?
3189 2059 3352 2113 Multo
3374 2059 3461 2113 illa
3484 2075 3571 2113 ma
3594 2090 3602 2100 -

2018 2139 2141 2208 jora
2190 2148 2314 2197 sunt
2353 2156 2473 2210 quae
2519 2143 2572 2197 in
2602 2144 2767 2200 Deum
2789 2155 2913 2202 ante
2942 2149 3202 2215 fecerunt,
3233 2151 3278 2205 si
3299 2150 3450 2220 juxta
3479 2166 3605 2220 per~

2030 2247 2285 2289 sonorum
2336 2234 2698 2291 diversitatem
2743 2238 3076 2295 :nstimentur
3106 2256 3227 2310 qum
3252 2242 3523 2311 patiantur
3550 2250 3602 2299 et

2030 2337 2149 2391 qua“.
2173 2322 2432 2382 fecerunt.

1514 2539 1852 2595 S‘FEPHANI
1892 2540 2163 2598 BALUZII
2199 2530 2424 2600 nom.

331 2657 482 2740 riam_
510 2660 949 2751 conyersatiqn'i‘s
964 2663 1613 2751 etpassionumﬂilliristi.
1659 2659 1929 2751 Hieron)?

330 2741 448 2781 mus
469 2729 521 2782 in
541 2729 773 2792 epistola
794 2730 862 2785 ad
881 2728 1161 2785 Paulinum
1187 2733 1255 2786 de
1274 2732 1608 2789 institutione
1629 2728 1882 2792 monachi
1906 2756 1919 2790 :

541 2744 681 2859 az

2031 2668 2309 2727 Dominum
2335 2671 2445 2727 loco
2474 2671 2711 2736 claudere
2731 2673 2998 2729 videretur.

2100 2747 2127 2777 ι
2155 2736 2423 2793 Imitatum
2468 2755 2532 2793 ex
2579 2740 2645 2793 M.
2692 2737 2865 2805 Tullio
2910 2745 2961 2797 in
3006 2746 3235 2799 secunda
3278 2746 3597 2807 Antoniana.-

687 2800 805 2857 rt'ou
834 2816 951 2855 cum
973 2801 1450 2881 {faltestinuiesset
1474 2813 1523 2881 et
1552 2805 1607 2857 in
1635 2804 1924 2861 Palwstina
2026 2825 2149 2881 rum
2175 2827 2187 2861 :
2232 2807 2382 2881 Quod
2401 2819 2481 2881 est
2504 2810 2647 2863 aliud
2680 2800 2975 2881 (terte/icium
3000 2813 3273 2878 latronum,
3306 2800 3369 2868 Ρ.
3397 2800 3477 2877 C.,
3503 2800 3583 2868 nis

326 2868 537 2929 uiueret,
578 2885 686 2921 uno
708 2877 925 2953 tantum
966 2870 1048 2953 die
1080 2871 1205 2923 vidit
1254 2870 1694 2953 Hierosolymam,
1744 2883 1799 2929 ut
1833 2892 1923 2931 nec
2024 2888 2080 2932 ut
2107 2880 2181 2935 eis
2201 2868 2430 2933 semitam
2450 2880 2650 2934 dedisse
2670 2868 3041 2953 dicatitquibus
3069 2900 3169 2939 non
3190 2868 3492 2940 adimterint.

327 2945 664 2990 contemnere
703 2937 821 2990 loca
866 2945 1045 2990 sancta
1076 2948 1284 3015 propter
1330 2937 1587 3006 viciniam,
1617 2959 1710 2995 nec
1747 2961 1924 2999 rursus

3448 2982 3477 2998 ο

1448 3190 1451 3191 έ
1529 3098 2434 3297 samum

1439 3332 1974 3395 HASSILIENSIS
2007 3335 2483 3392 PRESBYTERI

1282 3470 2643 3622 EPISTOLZE.

829 3744 982 3816 ιω
1007 3741 1341 3800 EPISTOLA
1366 3742 1407 3797 ι.

390 3832 438 3887 0
464 3849 651 3899 amor,
678 3833 815 3903 quid
842 3843 897 3889 te
924 3835 1192 3906 appellem
1222 3834 1437 3900 nescio,
1467 3829 1666 3889 bonum
1694 3848 1762 3889 an
1790 3848 1909 3895 ma-

320 3925 471 3989 lum,
517 3926 733 3983 dulcem
772 3942 842 3995 an
882 3941 1165 3997 asperum,
1195 3940 1415 3982 suavem
1443 3940 1512 3980 an
1540 3924 1907 3994 injucundum.

319 4012 409 4075 tta
436 4016 579 4075 enim
604 4026 835 4086 utroque
858 4019 1049 4088 plenus
1077 4034 1154 4083 es,
1186 4025 1247 4072 ut
1264 4022 1558 4086 utrumque
1587 4031 1709 4072 esse
1735 4016 1912 4071 videa-

320 4104 425 4158 ris.
458 4104 643 4159 Amari
669 4121 700 4160 a
728 4109 879 4164 nobis
892 4116 1127 4173 utros,
1152 4109 1436 4164 honestum
1457 4113 1568 4173 est;
1591 4106 1732 4174 laedi,
1752 4122 1909 4162 acer—

318 4194 475 4252 bum.
533 4193 602 4249 Et
646 4206 823 4253 tamen
861 4199 961 4259 hoc
994 4199 1235 4283 ejusdem
1276 4206 1358 4256 est
1398 4198 1665 4253 interdum
1708 4197 1906 4260 animi.

314 4285 676 4358 ejusdemque
704 4290 914 4364 pietatis
944 4310 956 4344 :
990 4308 1111 4347 cum
1141 4291 1320 4363 specie
1349 4290 1633 4359 dissentiat
1651 4330 1667 4354 ,
1698 4290 1910 4344 ratione

313 4378 637 4433 concordat.
682 4380 846 4435 Amor
889 4383 1084 4457 quippe
1123 4398 1223 4438 nos
1261 4380 1389 4435 facit
1429 4385 1646 4433 nostros
1674 4393 1858 4432 amare
1891 4395 1905 4431 :

312 4462 478 4524 amor
501 4471 772 4527 interdum
799 4475 942 4542 cogit
968 4474 1260 4530 odendere.
1287 4470 1585 4539 Utrumque
1612 4484 1778 4523 unum
1804 4476 1906 4535 est;

309 4576 443 4617 cum
470 4569 651 4617 tamen
680 4563 823 4618 aliud
846 4546 1064 4620 amoris
1098 4564 1298 4619 habeat
1341 4560 1598 4630 gratiam,
1629 4557 1772 4613 aliud
1799 4556 1908 4613 odii

307 4653 561 4724 patiatur
580 4652 861 4711 offensam.
892 4657 1061 4723 Quam
1091 4670 1255 4726 grave
1283 4656 1406 4719 hoc,
1435 4667 1639 4721 quasso,
1672 4660 1698 4693 ιι
1718 4651 1795 4707 mi
1821 4650 1906 4707 di—

304 4743 609 4815 lgctissimi,
629 4754 722 4815 apt
740 4762 900 4821 quam
927 4748 1180 4819 acerbum
1210 4755 1310 4813 est,
1340 4753 1401 4800 ut
1426 4759 1587 4799 causa
1616 4742 1726 4799 odii
1753 4757 1907 4801 amor

304 4848 431 4891 esse
480 4838 748 4906 cogatur!
793 4837 945 4913 Quod
999 4838 1217 4915 quidem
1270 4852 1394 4892 cum
1445 4850 1587 4906 smpe
1614 4835 1760 4901 aliis,
1793 4841 1910 4893 tum

302 4924 475 4989 etiam
505 4924 640 4983 mihi
668 4926 926 4989 accidisse
954 4942 1098 4986 nunc
1124 4927 1257 4985 satis
1286 4940 1508 4990 vereor;
1532 4932 1592 4979 ut
1617 4925 1743 4981 dum
1771 4923 1905 4978 ado-

303 5013 608 5075 lescentem
637 5016 780 5085 hunc
804 5031 964 5085 quem
993 5016 1061 5071 ad
1086 5031 1186 5072 vos
1212 5016 1353 5081 misi,
1377 5014 1590 5069 tradere
1618 5013 1903 5068 individuis

1830 3685 2177 3703 —

1940 3746 1987 3809 C
2018 3759 2190 3810 mens,
2246 3745 2410 3800 etiam
2463 3747 2891 3807 imminutionem
2944 3753 3127 3817 gratim
3161 3749 3418 3809 mensam
3444 3758 3597 3833 puto,

2006 3836 2236 3905 Placere
2263 3836 2405 3899 enim
2434 3836 2644 3893 dilectis
2672 3839 2806 3895 meis
2833 3838 3119 3908 plurimum
3147 3840 3388 3910 cupiens,
3418 3843 3588 3898 mole-

2012 3930 2170 3989 stiam
2202 3929 2414 3986 illorum
2468 3937 2677 4001 reatum
2723 3946 2900 3999 meum
2931 3931 3118 3999 credo;
3150 3939 3205 3993 et
3232 3932 3334 3993 nisi
3361 3935 3439 3989 eis
3465 3935 3596 3999 satis

2011 4022 2286 4092 placuero,
2345 4022 2664 4095 supplicium
2719 4023 3050 4097 dispiicentis
3103 4024 3238 4085 fero.
3277 4023 3599 4097 Quanquam

2012 4112 2117 4169 hoc
2146 4115 2489 4173 metuendum
2512 4115 2563 4169 in
2592 4116 2744 4183 vobis
2784 4117 3003 4185 omnino
3031 4133 3138 4173 non
3168 4117 3267 4187 sit;
3297 4118 3385 4188 qui
3424 4125 3595 4183 totum

2011 4219 2099 4259 me
2134 4206 2186 4259 in
2215 4222 2311 4261 vos
2349 4206 2705 4277 recipientes,
2739 4209 2899 4275 etiam
2930 4209 3070 4278 apud
3112 4211 3247 4270 alios
3285 4227 3383 4281 pro
3412 4227 3498 4279 me
3528 4211 3594 4267 ti-

2010 4296 2186 4351 metis.
2212 4295 2441 4351 Tantum
2496 4297 2639 4363 enim
2665 4297 2816 4365 abest
2844 4305 2903 4354 ut
2930 4298 3212 4379 displicere
3267 4314 3369 4369 ego
3414 4300 3583 4365 chari-

2012 4385 2108 4439 tati
2150 4400 2214 4441 ac
2241 4386 2423 4441 sensui
2451 4395 2632 4455 vestro
2660 4388 2895 4459 possim,
2928 4396 2989 4449 ut
3023 4388 3181 4453 etiam
3225 4388 3352 4451 illud
3384 4404 3593 4451 mecum

2008 4474 2371 4547 reformidetis
2401 4492 2469 4531 ne
2498 4490 2598 4546 ego
2626 4477 2943 4551 quibusdam
2972 4476 3109 4545 forte
3137 4477 3476 4550 diSpliceam,
3497 4478 3593 4544 _mi

2009 4564 2300 4621 dulcissimi
2338 4582 2403 4621 ac
2429 4554 2761 4622 dilectissimi
2804 4568 2927 4622 mei.
2980 4566 3307 4623 Adolescens
3336 4583 3496 4637 quem
3525 4566 3594 4622 ad

2007 4670 2107 4717 vos
2133 4655 2287 4719 misi,
2343 4655 2647 4726 Agrippinae
2682 4672 2805 4713 cum
2833 4658 2945 4712 suis
2972 4666 3161 4728 captus
3189 4665 3291 4723 est,
3321 4658 3597 4731 quondam

2008 4744 2149 4800 inter
2175 4760 2301 4801 suos
2328 4761 2437 4805 non
2463 4747 2614 4818 parvi
2644 4748 2902 4815 nominis,
2936 4746 3135 4815 familia
3164 4764 3272 4813 non
3300 4750 3589 4813 eiuscuius,

2007 4834 2170 4901 domo
2220 4851 2329 4893 non
2381 4836 2740 4908 dospimbilis,
2791 4847 2849 4895 et
2892 4837 2960 4893 de
2999 4853 3108 4907 quo
3135 4839 3334 4909 aliquid
3366 4841 3597 4894 fortasse

2008 4926 2235 4996 amplius
2272 4928 2506 4984 dicerem
2553 4930 2655 4997 nisi
2678 4929 2706 4969 ι’
2730 4931 3064 5002 propinquus
3101 4947 3254 4989 meus
3285 4939 3443 4984 esset.
3477 4928 3591 4983 Hoc

2008 5015 2153 5070 enim
2200 5015 2259 5070 lit
2308 5024 2369 5071 ut
2412 5019 2587 5076 minus
2618 5019 2821 5089 dicam,
2854 5036 2922 5077 ne
2951 5022 3020 5078 de
3046 5036 3134 5083 me
3164 5021 3277 5090 ipso
3306 5020 3484 5077 dicere
3511 5017 3592 5073 vi-

302 5104 452 5159 meis
481 5106 658 5175 cupio,
688 5107 781 5173 uni
809 5107 1049 5177 studens,
1081 5107 1263 5162 multis
1290 5108 1548 5164 molestus
1567 5105 1666 5165 sim
1691 5146 1707 5173 ,
1742 5104 1902 5179 184
1929 5117 1983 5178 Ῑ)
2007 5106 2139 5163 dear
2157 5148 2172 5173 ,
2203 5106 2271 5163 de
2300 5107 2392 5164 illo
2420 5109 2576 5179 plura
2613 5111 2862 5169 dicendo.
2893 5111 3119 5169 Matrem
3156 5122 3287 5174 ergo
3316 5108 3362 5163 is
3389 5106 3457 5163 de
3480 5121 3592 5175 quo

304 5201 364 5248 et
424 5208 585 5249 amor
624 5196 737 5264 ejus
772 5197 976 5259 oti‘ensa
1017 5199 1086 5255 sit
1121 5205 1439 5253 tmterorum
1471 5215 1483 5251 :
1514 5212 1819 5267 quanquam
1846 5196 1902 5250 lii

301 5284 401 5353 qui
431 5283 569 5339 satis
596 5284 839 5355 diligunt,
869 5304 977 5343 non
1005 5287 1115 5343 cito
1146 5285 1505 5343 oﬁ‘endantur.
1551 5285 1659 5341 Sed
1692 5298 1794 5353 ego
1821 5284 1902 5337 in-

302 5375 678 5432 sinuationem
706 5394 881 5437 meam
909 5381 1085 5436 minus
1112 5386 1318 5451 gratam
1348 5378 1464 5435 fore
1490 5377 1805 5453 quibusdam
1834 5376 1901 5429 ti-

2006 5196 2129 5253 diro
2147 5198 2458 5271 Agrippinae
2482 5201 2697 5256 viduam
2724 5201 2970 5271 reliquit,
3000 5198 3252 5267 probam,
3285 5196 3585 5263 honestam,

2009 5297 2064 5343 et
2089 5290 2157 5346 de
2176 5306 2281 5361 qua
2311 5294 2537 5351 forsitan
2577 5294 2832 5348 audacter
2858 5291 3037 5344 dicere
3063 5286 3270 5343 valeam
3291 5328 3305 5354 ,
3336 5303 3464 5344 vere
3510 5289 3592 5347 vi-

2007 5377 2167 5435 duam
2199 5380 2250 5454 (ι
2280 5381 2412 5439 Tim.
2446 5400 2497 5447 γ,
2526 5383 2602 5451 '5).
2636 5382 2768 5437 Nam
2799 5388 2990 5448 pmter
3016 5385 3237 5434 carteras
3263 5382 3590 5439 castimoniae

1482 5486 1818 5546 STEPHANI
1854 5485 2126 5545 BALUZII
2161 5492 2388 5549 NOTIE.

372 5588 400 5616 "
426 5579 641 5664 Dixerit
667 5566 972 5664 ,βδιῖὲῖίηιιε
992 5642 997 5647 ι
1020 5586 1092 5649 νηί
1115 5599 1243 5664 .950
1279 5574 1442 5664 νειίθιίέ
1496 5582 1586 5664 hi9
1623 5589 1679 5664 ει
1730 5581 1891 5664 paulo

296 5660 446 5722 post.
479 5646 769 5709 Lucretius
794 5654 886 5710 lib.
919 5646 997 5721 In,
1023 5646 1085 5710 ν.
1108 5646 1246 5709 ίῢϐε
1281 5651 1347 5709 In
1377 5646 1475 5727 quo
1502 5651 1572 5707 mi
1599 5646 1783 5707 diverii
1808 5668 1891 5719 er-

295 5738 423 5780 rare
441 5722 705 5777 videntur.

2070 5581 2096 5620 "
2128 5583 2263 5669 ῌίειβ
2287 5581 3010 5669 consitioneideas!!!“
3037 5587 3211 5669 Hatria
3230 5587 3587 5662 Αετίρρίηθη·

1999 5669 2111 5710 sem
2137 5648 2316 5723 friisSe,
2349 5648 2765 5715 utidicebamus
2789 5653 2843 5709 in
2871 5653 2991 5721 Vita
3020 5648 3155 5730 éjus.
