4234 6250
326 384 430 441 161

1765 377 2051 434 EPISTOL
2067 377 2153 433 [Ε.

3522 383 3625 440 162

319 494 589 565 magister
617 490 740 547 fidei
767 498 823 546 et
861 489 1258 560 receptaculum
1286 489 1415 554 Dei,
1439 503 1562 544 cum
1583 504 1774 544 omnes
1802 490 1922 560 epi-
1951 497 2004 554 Α
2029 508 2114 546 me
2143 493 2523 564 pronuntiasti.
2547 493 2604 549 Si
2633 495 2936 564 prmteritas
2978 495 3179 550 irarum
3226 489 3416 552 causas
3463 514 3622 553 eXse-

318 584 522 650 stolas,
571 587 760 652 utpote
811 578 1281 649 eloquentissimus
1331 579 1433 646 vir,
1465 579 1766 644 dictaverit,
1805 580 1926 650 qui-

323 677 569 733 busdam
597 683 775 730 tamen
803 689 909 728 non
936 688 1092 727 suum
1131 680 1342 727 tantum
1374 687 1572 728 nomen
1602 673 1875 742 inscripsit
1907 691 1921 726 :

324 768 604 840 siquidem
632 767 685 821 iu
712 766 831 821 aliis
858 764 1091 831 Silvani,
1132 765 1185 819 in
1224 765 1496 820 nonnullis
1531 765 1831 831 Timothei,
1850 819 1854 824 .
1872 765 1925 820 in

324 861 655 934 quibusdam
690 875 820 915 vero
847 859 1129 928 utriusque
1174 858 1380 913 nomini
1418 874 1575 913 suum
1598 873 1796 912 nomen
1825 857 1924 913 ad-

319 953 531 1025 iunxit.
562 951 670 1008 Cur
693 950 784 1006 id?
822 949 1082 1014 Primum,
1115 950 1298 1014 credo,
1329 958 1387 1006 ut
1413 950 1573 1006 simul
1603 966 1726 1006 esse
1759 966 1926 1020 agno-

323 1053 613 1102 scerentur
636 1044 728 1114 qui
755 1044 916 1098 simul
938 1043 1258 1099 scriberent.
1283 1043 1490 1099 Deinde
1510 1051 1570 1099 ut
1594 1044 1632 1099 ii
1658 1046 1750 1115 qui
1777 1061 1928 1115 sepa-

322 1138 486 1194 ratim
517 1137 585 1192 ab
632 1150 964 1205 unoquoque
1015 1150 1203 1191 eorum
1250 1135 1427 1191 edocti
1457 1134 1690 1203 fuerant,
1724 1137 1927 1193 scirent

320 1229 570 1286 omnium
629 1244 741 1284 non
797 1227 1108 1298 discrepare
1149 1229 1492 1284 sententiam.
1531 1227 1814 1284 Postremo
1864 1236 1926 1283 ut

320 1338 459 1392 quos
513 1320 850 1390 singulorum
883 1335 991 1374 non
1031 1320 1286 1375 movebat
1322 1320 1616 1375 auctoritas
1637 1359 1652 1384 ,
1683 1319 1924 1374 omnium

322 1413 518 1468 saltem
557 1418 807 1467 moveret
848 1425 1121 1466 assensus.
1152 1409 1231 1464 lta
1265 1425 1396 1479 ergo
1426 1418 1482 1465 et
1513 1426 1615 1466 nos
1639 1410 1922 1481 exemplo-

323 1520 443 1559 rum
468 1503 771 1574 ingentium
797 1502 948 1573 parvi
976 1502 1296 1569 imitatores,
1326 1502 1395 1557 ad
1423 1517 1539 1567 vos,
1564 1517 1704 1572 quos
1729 1510 1923 1557 natura

325 1602 599 1666 parentes,
659 1593 766 1649 fide
813 1593 1026 1659 fratres,
1074 1594 1283 1649 honore
1326 1593 1579 1649 dominos
1619 1593 1880 1648 habemus
1902 1633 1918 1660 ,

330 1702 461 1752 non,
481 1693 539 1740 ut
561 1685 796 1757 apostoli
821 1684 916 1750 illi,
941 1684 1265 1740 auctoritate
1284 1684 1593 1740 docentium
1614 1684 1917 1750 scribimus,

331 1779 424 1834 sed
448 1779 748 1835 humilitate
768 1777 1128 1853 famulorum;
1161 1783 1220 1831 ut
1255 1776 1348 1846 qui
1390 1776 1655 1832 hactenus
1676 1775 1915 1846 singulo-

2029 583 2228 654 queris,
2262 584 2465 654 imputa
2496 584 2612 650 tibi,
2637 585 2731 654 qui
2772 583 3081 640 Christiano
3124 584 3284 640 filiam
3311 594 3456 641 tuam
3478 589 3623 644 dedi-

2027 673 2116 727 sti.
2170 672 2227 727 Si
2270 671 2322 727 id
2374 689 2482 727 non
2531 680 2646 738 est,
2695 673 2826 744 quid
2873 674 3004 728 mihi
3045 675 3312 742 irasceris,
3343 679 3467 745 quia
3499 695 3620 734 eam

2029 779 2171 819 nunc
2206 765 2258 818 in
2309 780 2396 818 me
2443 764 2760 833 religionem
2788 779 2986 832 augere
3015 767 3175 836 cupio
3204 783 3364 837 quam
3395 777 3451 823 tu
3481 771 3531 824 in
3563 779 3618 826 te

2027 858 2258 927 probare
2285 857 2533 928 cmpisti?
2572 855 2682 912 Cur
2707 871 2840 925 rogo
2879 858 2933 912 in
2973 874 3060 913 me
3108 875 3215 914 non
3243 859 3432 931 diligas
3475 865 3624 934 quod

2028 964 2117 1015 es,
2149 948 2241 1018 qui
2271 949 2324 1003 in
2362 956 2417 1003 te
2443 949 2589 1018 quod
2635 963 2757 1003 eras
2794 949 2908 1019 ipse
2937 950 3229 1006 damnasti?
3266 952 3372 1007 Sed
3399 969 3622 1024 parcen-

2026 1038 2155 1092 dum
2185 1039 2458 1108 paululum
2487 1037 2667 1093 verbis
2702 1047 2784 1092 est
2816 1055 2828 1090 :
2857 1038 2982 1106 quia
3013 1040 3176 1094 etiam
3206 1041 3259 1094 in
3288 1041 3430 1098 bona
3459 1061 3620 1100 causa

2026 1128 2246 1184 humilis
2293 1144 2412 1184 esse
2459 1129 2514 1184 in
2550 1137 2811 1198 quantum
2839 1145 2928 1185 res
2981 1131 3146 1195 sinit,
3199 1133 3290 1187 filii
3337 1136 3477 1206 apud
3519 1153 3616 1207 pa-

2027 1229 2208 1274 rentes
2246 1221 2408 1275 debet
2463 1220 2656 1275 oratio.
2699 1219 2976 1288 lndulgete
3001 1264 3015 1288 ,
3077 1222 3301 1279 affectus
3366 1227 3618 1282 charissi-

2025 1311 2101 1365 mi
2134 1329 2147 1364 :
2181 1311 2488 1365 liberiorem
2516 1327 2603 1366 me
2631 1327 2750 1366 esse
2792 1313 3014 1382 paululo
3044 1313 3099 1368 in
3129 1316 3346 1384 negotio
3386 1333 3484 1372 suo
3527 1319 3620 1374 Dei

2026 1400 2251 1458 affectus
2304 1401 2448 1457 facit.
2499 1401 2556 1459 Si
2601 1418 2721 1472 qua:
2767 1414 2895 1460 sunt
2938 1407 3092 1464 vobis
3132 1407 3248 1462 alia:
3275 1412 3621 1468 succensendi

2025 1508 2239 1558 causa,
2298 1509 2525 1564 peccare
2573 1511 2662 1550 me
2715 1497 2958 1566 potuisse
3012 1514 3120 1554 non
3169 1498 3397 1568 abnego.
3431 1500 3488 1554 ln
3519 1502 3622 1558 hoc

2025 1599 2156 1639 vero
2200 1584 2328 1654 quia
2385 1585 2506 1641 ideo
2552 1588 2884 1644 succensetis
2918 1589 3058 1659 {quia
3113 1589 3384 1646 Christum
3438 1609 3622 1649 amare

2027 1674 2232 1741 videor,
2283 1676 2545 1745 ignoscite
2585 1678 2733 1747 quod
2769 1680 3012 1737 dicturus
3058 1697 3194 1737 sum.
3236 1681 3372 1739 Peto
3402 1685 3620 1754 quidem

2027 1769 2276 1835 veniam,
2327 1769 2451 1839 quia
2501 1769 2832 1838 irascimini;
2882 1773 2977 1830 sed
3031 1792 3138 1832 non
3181 1793 3399 1848 possum
3441 1779 3619 1835 dicere

337 1886 453 1924 rum
504 1878 809 1925 nostrorum
853 1867 1096 1938 epistolis
1141 1867 1278 1922 moti
1330 1883 1439 1923 non
1487 1868 1620 1923 estis
1647 1867 1733 1924 vel
1771 1883 1915 1924 nunc
1944 1866 1997 1928 Β
2021 1859 2221 1912 malum
2249 1875 2370 1916 esse
2398 1860 2543 1930 quod
2571 1861 2693 1918 feci.
2726 1863 2853 1921 Haec
2891 1865 3053 1934 igitur
3081 1867 3223 1938 apud
3249 1884 3347 1924 vos
3378 1887 3499 1925 meo
3529 1887 3617 1925 no.

345 1961 571 2015 omnium
599 1958 970 2015 obsecratione
1014 1958 1339 2013 moveamini
1363 1998 1378 2024 ,
1417 1973 1627 2028 nosque
1656 1958 1796 2014 ﬁlios
1825 1974 1920 2014 ve-

354 2059 464 2108 tros
490 2061 513 2090 ι
541 2068 710 2122 neque
733 2067 797 2107 ex
824 2050 1096 2122 superﬂuo
1125 2058 1302 2107 metus
1322 2051 1392 2107 sit
1409 2070 1493 2119 ;...
1522 2059 1578 2108 et
1603 2053 1761 2108 simul
1788 2053 1922 2119 scias-

346 2147 418 2201 tis
468 2163 580 2203 esse
628 2162 780 2201 unum
823 2147 1024 2202 sentire
1068 2146 1275 2216 pariter
1311 2153 1367 2202 et
1406 2153 1648 2202 metuere
1673 2154 1730 2202 et
1762 2149 1924 2218 188

337 2238 612 2308 aequaliter
635 2238 926 2309 supplicare
951 2254 1090 2293 :non
1113 2237 1240 2307 quia
1269 2237 1503 2293 sciamus
1523 2254 1592 2292 an
1618 2254 1719 2293 vos
1746 2239 1922 2294 omni-

329 2329 433 2384 bus
458 2329 773 2394 irascamini,
823 2329 919 2384 sed
967 2329 1096 2398 quia
1137 2344 1236 2385 nos
1283 2346 1391 2385 non
1419 2345 1709 2400 possumus
1755 2345 1919 2385 causa

327 2436 445 2478 esse
490 2422 665 2477 divisi.
716 2421 862 2477 Idem
906 2422 1049 2476 enim
1098 2421 1255 2477 nobis
1286 2421 1578 2477 admodum
1607 2430 1783 2478 metus
1812 2430 1914 2487 est,

321 2511 480 2566 etiam
517 2511 563 2567 si
605 2527 716 2566 non
741 2511 932 2566 eadem
956 2511 1169 2566 videtur
1194 2511 1418 2567 offensa.
1449 2510 1698 2568 Charitas
1717 2512 1918 2582 quippe

316 2612 499 2659 mutua
520 2603 651 2659 facit
673 2610 734 2656 ut
755 2603 881 2657 licet
899 2618 996 2658 vos
1022 2619 1130 2658 non
1155 2604 1368 2672 utrique
1396 2604 1577 2658 forsan
1607 2619 1919 2659 succensea-

316 2694 404 2759 tis,
432 2711 542 2750 uno
563 2701 750 2749 tamen
778 2709 846 2748 ex
868 2692 1022 2748 nobis
1047 2708 1164 2757 reo,
1193 2694 1328 2748 alter
1351 2694 1470 2747 sine
1491 2693 1707 2748 tristitia
1737 2703 1920 2750 reatus

310 2799 435 2839 esse
463 2800 576 2839 non
619 2783 813 2854 possit.
844 2781 979 2836 illud
1022 2798 1150 2837 sane
1177 2791 1261 2837 est
1286 2783 1434 2852 quod
1461 2799 1562 2838 nos
1591 2784 1919 2841 contendere

317 2876 378 2930 in
400 2875 586 2944 aliquo
611 2882 670 2928 et
687 2880 896 2928 certare
915 2881 1105 2928 mutuo
1131 2874 1309 2938 faciat,
1335 2875 1482 2944 quod
1502 2872 1626 2930 cum
1647 2877 1804 2932 ambo
1826 2877 1917 2933 lilii

303 2966 486 3020 vestri
528 2964 812 3034 aequaliter
854 2964 935 3018 rei
980 2965 1164 3030 simus,
1194 2966 1314 3035 plus
1341 2974 1521 3022 tamen
1551 2970 1916 3039 unusquisque

304 3062 567 3110 nostrum
597 3068 701 3124 pro
729 3054 896 3108 altero
924 3069 1086 3125 quam
1112 3071 1212 3126 pro
1232 3071 1290 3112 se
1311 3046 1478 3113 timet.
1513 3057 1770 3116 Parentes
1788 3061 1914 3116 cha-

303 3145 538 3212 rissimi,
568 3153 824 3215 parentes
847 3149 1278 3213 reverentissimi,
1306 3149 1625 3222 interrogari
1648 3169 1743 3209 vos
1763 3169 1908 3223 quae-

2027 1950 2190 2016 mine,
2225 1958 2280 2005 et
2305 1953 2460 2022 quasi
2488 1954 2746 2023 peculiari
2795 1971 2977 2026 prece.
3012 1957 3165 2015 Nunc
3193 1967 3267 2025 tu,
3324 1977 3358 2015 ο
3385 1961 3619 2017 dilectis—

2025 2044 2159 2100 sima
2179 2060 2244 2100 ac
2270 2045 2732 2102 venerabilissima
2768 2057 2790 2085 ο
2823 2064 2978 2104 soror
3001 2050 3141 2123 (qua:
3169 2052 3299 2107 mihi
3331 2060 3482 2108 tanto
3500 2055 3618 2110 cha-

2025 2137 2136 2191 rior
2162 2152 2222 2192 es
2248 2153 2410 2206 quam
2439 2139 2604 2208 prius,
2637 2147 2840 2210 quanto
2881 2141 3000 2211 plus
3028 2159 3060 2196 a
3088 2144 3199 2199 suis
3227 2143 3448 2200 affectus
3489 2162 3618 2200 con-

2024 2229 2172 2284 venit
2199 2229 2347 2298 diligi
2372 2230 2424 2284 in
2453 2231 2646 2299 quibus
2673 2232 2911 2302 seipsum
2929 2231 3175 2290 Christus
3190 2236 3376 2291 fecerit
3403 2237 3615 2307 amari),

2023 2319 2245 2388 fungere
2283 2321 2524 2390 partibus
2560 2322 2668 2378 tuis
2705 2323 2866 2379 simul
2893 2325 3154 2396 meisque.
3186 2325 3291 2382 Ora
3321 2335 3397 2393 tu,
3430 2336 3489 2383 ut
3516 2345 3616 2399 ego

2023 2410 2339 2480 impetrem;
2373 2420 2428 2466 tu
2460 2413 2692 2482 postula,
2725 2422 2784 2468 ut
2812 2422 3041 2486 uterque
3071 2405 3361 2474 vincamus.
3393 2418 3614 2477 Oscula-

2021 2519 2102 2567 re,
2123 2503 2249 2572 quia
2279 2503 2472 2569 absens
2502 2504 2657 2560 labiis
2686 2522 2793 2562 non
2821 2508 2990 2572 vales,
3021 2509 3211 2565 saltem
3240 2511 3616 2568 obsecratione

2019 2593 2184 2665 pedes
2212 2602 2496 2665 parentum
2548 2604 2761 2652 tuorum
2817 2601 2970 2668 quasi
3000 2600 3214 2665 ancilla,
3244 2617 3435 2656 manus
3461 2605 3613 2672 quasi

2019 2686 2255 2752 alumna,
2283 2703 2379 2742 ora
2407 2688 2563 2757 quasi
2587 2687 2712 2743 lilia.
2735 2688 2815 2744 Ne
2843 2685 3213 2761 trepidaveris,
3239 2708 3306 2747 ne
3327 2694 3570 2750 timueris
3593 2713 3608 2749 :

2018 2777 2190 2833 bonos
2229 2777 2440 2846 judices
2469 2779 2729 2834 habemus
2761 2798 2773 2833 :
2805 2780 3030 2837 affectus
3078 2782 3192 2852 ipse
3243 2799 3342 2853 pro
3372 2791 3426 2839 te
3471 2794 3610 2852 orat,

2017 2880 2209 2927 natura
2239 2871 2353 2942 ipsa
2385 2873 2480 2928 tibi
2510 2873 2768 2942 postulat,
2799 2873 3050 2945 suffragia
3081 2870 3256 2932 causa:
3287 2883 3393 2932 tuae
3413 2877 3466 2932 in
3489 2885 3612 2933 tuo-

2018 2978 2136 3017 rum
2183 2963 2454 3018 meutibus
2505 2963 2718 3018 habes:
2752 2964 2859 3020 cito
2914 2964 3158 3024 adnuunt
3212 2968 3304 3037 qui
3358 2983 3457 3025 suo
3512 2969 3611 3040 ipsi

2017 3068 2202 3108 amore
2228 3063 2571 3124 superantur.
2603 3053 2839 3110 Obsecra
2867 3069 3019 3124 ergo,
3050 3064 3104 3111 et
3131 3058 3360 3128 supplex
3397 3059 3561 3116 dicito
3595 3077 3612 3117 :

2016 3141 2154 3208 Quid
2183 3141 2305 3209 feci,
2356 3142 2486 3214 quid
2543 3145 2875 3200 commerui?
2903 3147 3167 3216 ignoscite
3193 3149 3452 3220 quidquid
3482 3151 3610 3208 illud

300 3251 497 3294 sumus
540 3237 720 3292 liceat.
750 3237 826 3292 lta
874 3249 1099 3308 possunt
1122 3240 1148 3280 δ
1177 3242 1400 3312 pignora
1430 3244 1508 3300 sic
1536 3247 1770 3300 amantia
1794 3263 1903 3302 non

2016 3243 2092 3290 est
2125 3253 2136 3288 :
2173 3237 2384 3291 veniam
2431 3245 2580 3307 peto,
2614 3239 2715 3294 etsi
2761 3239 3016 3296 delictum
3058 3243 3243 3298 nescio
3290 3261 3302 3297 :
3334 3260 3609 3315 nunquam

303 3327 518 3383 amari?
546 3325 687 3394 Quid
716 3336 922 3383 tantum
953 3331 1078 3385 mali
1105 3334 1541 3398 commeruimus,
1566 3335 1653 3391 vel
1681 3336 1906 3392 affectus

303 3418 663 3483 dilectissimi,
695 3419 782 3474 vel
818 3419 1022 3475 domini
1068 3425 1506 3492 reverentissimi,
1538 3433 1598 3481 nt
1626 3428 1782 3484 nobis
1804 3445 1906 3485 nec

304 3516 566 3578 tanquam
596 3507 720 3563 ﬁliis
747 3508 1003 3564 reddatur
1028 3513 1230 3580 gratia,
1265 3529 1367 3569 nec
1405 3523 1663 3584 tanquam
1692 3517 1906 3575 famulis

302 3598 617 3654 remittatur
643 3597 885 3654 offensa?
909 3600 1182 3670 Septimus
1199 3602 1313 3672 jam
1341 3604 1510 3660 ferme
1531 3621 1705 3662 annus
1733 3616 1818 3663 est
1836 3624 1905 3666 ex

303 3704 418 3759 quo
449 3689 594 3743 nulla
622 3688 692 3744 ad
720 3705 819 3746 nos
847 3699 958 3745 tam
997 3691 1156 3762 longe
1181 3709 1213 3747 a
1239 3695 1396 3751 vobis
1414 3696 1548 3751 sitos
1569 3698 1769 3769 scripta
1798 3701 1904 3756 mi-

305 3783 474 3839 sistis.
505 3783 675 3839 Nullis
701 3799 840 3854 pene
867 3784 925 3839 in
955 3785 1124 3841 Deum
1164 3787 1602 3858 delinquentibus
1643 3800 1751 3848 tam
1782 3794 1904 3850 lon-

307 3889 442 3944 gum
486 3875 701 3943 lugendi
755 3883 970 3947 tempus
1013 3877 1330 3949 imponitur,
1383 3883 1560 3938 nullos
1609 3883 1905 3941 admodum

307 3966 672 4022 maximorum
702 3968 1098 4025 criminum.....
1131 3977 1190 4025 ut
1238 3973 1357 4042 plus
1402 3983 1575 4039 amet,
1607 3977 1815 4032 scilicet
1845 3984 1906 4032 ut

305 4061 486 4131 patris
513 4070 692 4118 motus
739 4079 845 4119 non
891 4062 1208 4122 detrimenta
1249 4069 1450 4125 amoris
1482 4071 1608 4134 sint,
1651 4071 1746 4127 sed
1774 4087 1902 4142 pro-

307 4151 516 4218 fectus;
545 4168 668 4208 cum
689 4163 944 4224 quantum
971 4158 1228 4213 coercitio
1265 4159 1507 4215 attulerit
1533 4162 1694 4218 unius
1715 4177 1901 4218 corre-

304 4243 498 4309 ctioni,
551 4251 759 4300 tantum
805 4249 1067 4305 correctio
1121 4250 1312 4306 reddat
1364 4259 1566 4306 mutuae
1628 4253 1896 4307 eharitati.

305 4333 627 4403 Quanquam
648 4337 753 4392 hoc
772 4337 894 4393 illos
920 4340 1088 4408 magis
1106 4348 1363 4410 parentes
1389 4340 1571 4396 facere
1592 4343 1898 4409 conveniat,

307 4424 403 4492 qui
428 4425 496 4480 de
523 4427 795 4484 nonnullis
819 4430 1047 4498 negotiis
1078 4445 1232 4486 veras
1269 4430 1536 4486 irascendi
1565 4430 1688 4486 filiis
1713 4445 1904 4488 causas

305 4515 531 4569 habent.
564 4514 642 4570 'l‘u
670 4525 847 4572 autem
875 4520 1003 4589 quid
1021 4537 1335 4588 succenses,
1369 4523 1462 4592 qui
1489 4538 1558 4578 ex
1593 4538 1701 4593 quo
1743 4526 1902 4580 Chri-

2009 3340 2125 3390 vos,
2158 3333 2218 3380 ut
2261 3327 2364 3397 ipsi
2393 3329 2560 3395 scitis,
2593 3330 2994 3388 inolliciositate
3023 3341 3117 3388 aut
3143 3335 3483 3392 contumacia
3522 3337 3608 3392 of-

2009 3421 2174 3487 fendi,
2205 3440 2477 3494 nunquam
2506 3428 2674 3483 verbo
2699 3429 2976 3499 asperiore
2995 3429 3145 3497 'laasi,
3198 3447 3473 3503 nunquam
3500 3433 3608 3489 vul~

2008 3525 2065 3572 tu
2093 3520 2430 3588 proterviore
2457 3519 2655 3574 violavi
2702 3538 2715 3573 :
2748 3537 2779 3575 a
2827 3523 2982 3577 vobis
3022 3538 3140 3578 sum
3169 3524 3287 3579 viro
3317 3525 3534 3591 tradita,
3568 3542 3601 3581 a

2010 3610 2162 3664 vobis
2199 3611 2356 3680 190
2402 3609 2618 3676 conjugi
2673 3611 3003 3678 mancipata.
3054 3611 3260 3677 Teneo,
3317 3615 3372 3667 ni
3428 3613 3604 3678 fallor,

2009 3701 2262 3755 mandata
2292 3707 2470 3754 vestra
2505 3717 2517 3750 :
2559 3700 2728 3753 haeret
2755 3701 3003 3754 sensibus
3050 3702 3186 3756 meis
3213 3711 3459 3758 sanctum
3505 3705 3608 3773 pia:

2009 3790 2389 3862 prteceptionis
2409 3804 2667 3844 arcanum
2699 3806 2712 3840 :
2737 3788 3063 3857 morigeram
3084 3804 3190 3856 me,
3221 3799 3281 3845 ut
3304 3799 3456 3860 puto,
3480 3802 3608 3851 ante

2009 3883 2188 3938 omnia
2216 3882 2333 3937 viro
2356 3897 2475 3937 esse
2510 3880 2744 3950 iussistis
2777 3898 2790 3933 :
2823 3887 3015 3935 veslrze
3061 3882 3322 3938 voluntati
3350 3883 3606 3944 obsecuta

2008 3989 2147 4038 sum,
2196 3981 2391 4029 vestra:
2412 3971 2643 4044 iussioni
2669 3972 3035 4043 obtemperavi
3080 3972 3201 4028 :illi
3250 3973 3304 4030 in
3358 3975 3608 4034 omnibus

2008 4064 2162 4134 parui
2201 4064 2286 4119 cui
2315 4079 2401 4119 me
2431 4079 2620 4134 parere
2647 4063 2910 4119 voluistis.
2955 4063 3207 4119 Invitavit
3244 4080 3332 4121 me
3370 4065 3439 4120 ad
3487 4067 3606 4123 reli~

2008 4157 2243 4223 gionem,
2273 4155 2518 4209 invitavit
2545 4154 2611 4209 ad
2653 4155 2976 4210 castitatem.
3008 4155 3142 4212 Date
3169 4158 3382 4212 veniam
3407 4175 3421 4211 :
3449 4164 3604 4230 turpe

2007 4246 2211 4302 credidi
2235 4245 2487 4300 reluctari
2511 4263 2524 4298 :
2549 4261 2636 4301 res
2657 4245 2789 4299 mihi
2810 4246 3134 4312 verecunda,
3153 4262 3241 4302 res
3261 4249 3483 4318 pudens,
3513 4267 3604 4308 res

2007 4347 2193 4395 sancta
2217 4339 2332 4394 visa
2360 4346 2443 4394 est
2475 4336 2711 4410 Qfateor,
2743 4352 2863 4393 cum
2911 4337 2980 4393 de
3011 4338 3105 4393 tali
3131 4340 3350 4408 negotio
3389 4357 3600 4398 mecum

2008 4438 2212 4501 ageret,
2261 4429 2449 4486 erubui
2476 4428 2622 4499 quod
2649 4444 2758 4485 non
2786 4437 2912 4484 ante
2940 4428 3245 4499 coepissem.
3284 4428 3401 4486 Huc
3427 4433 3602 4488 ac'ces-

2007 4523 2078 4578 sit
2105 4523 2267 4579 etiam
2294 4521 2597 4578 reverentia
2621 4518 2823 4575 Christi
2862 4526 2919 4574 et
2957 4518 3178 4575 affectus
3212 4535 3228 4575 :
3259 4520 3488 4577 honeste
3515 4539 3603 4578 me

303 4605 514 4660 stianus
543 4605 716 4662 factus
760 4623 820 4665 es
841 4651 855 4675 ,
887 4612 1050 4665 etiam
1079 4610 1242 4667 falsas
1270 4613 1473 4668 habere
1498 4613 1743 4686 desiisti?
1766 4616 1896 4674 Esto
1921 4611 1977 4673 D
2001 4617 2179 4673 facere
2205 4615 2409 4672 credidi
2448 4613 2705 4684 quidquid
2736 4613 2832 4668 Dei
2861 4627 3050 4668 amore
3079 4610 3347 4669 fecissem.
3396 4613 3598 4671 Advol-

303 4697 468 4764 enim,
517 4700 1016 4756 conversiuncnlam
1057 4711 1298 4759 nostram
1351 4720 1594 4776 paganus
1627 4710 1898 4777 quondam

305 4805 414 4843 non
455 4791 831 4860 aequanimiter
872 4795 1166 4864 acceperis.
1216 4794 1456 4852 Ferenda
1491 4805 1620 4854 tunc
1667 4799 1796 4866 fuit,
1828 4817 1899 4857 ex

305 4881 736 4938 dissimilitudine
763 4884 1089 4953 studiorum,
1123 4887 1286 4942 etiam
1314 4887 1676 4960 discrepantia
1705 4894 1896 4948 volun-

307 4980 508 5036 tatum;
535 4974 752 5042 quando
773 4977 874 5031 etsi
905 4992 1059 5034 amor
1085 4993 1193 5033 non
1213 4982 1585 5051 succensebat,
1628 4986 1892 5056 supersti-

308 5061 388 5115 tio
417 5069 593 5118 tamen
620 5064 1022 5122 adversabatur.
1049 5069 1184 5124 Nam
1209 5071 1337 5126 licet
1364 5078 1520 5141 pater
1553 5089 1662 5129 non
1691 5075 1896 5131 odisset

2006 4725 2105 4764 vor
2128 4709 2341 4774 vestris,
2372 4722 2407 4762 ο
2430 4714 2682 4778 parentes
2715 4704 3043 4768 charissimi,
3074 4705 3301 4775 pedibus
3332 4723 3346 4759 :
3374 4706 3463 4761 illa
3499 4722 3601 4776 ego

2005 4808 2181 4855 vestra
2213 4797 2467 4863 Palladia,
2490 4804 2666 4852 vestra
2692 4795 2929 4864 gracula,
2951 4803 3134 4852 vestra
3153 4795 3409 4852 domnula
3434 4813 3448 4862 ;
3477 4812 3599 4852 cum

2004 4907 2110 4962 qua
2139 4890 2223 4945 his
2253 4897 2333 4944 tot
2358 4888 2633 4944 vocabulis
2669 4887 2940 4957 quondam
2986 4885 3446 4956 indulgentissima
3490 4885 3600 4952 pie-

2004 4992 2116 5038 tate
2143 4981 2371 5046 lusistis;
2401 4995 2522 5049 quze
2575 4980 2724 5034 vobis
2750 4994 2849 5049 per
2875 4979 3024 5034 varia
3061 4979 3280 5034 nomina
3321 4989 3464 5029 nunc
3518 4973 3592 5028 fui

2004 5084 2195 5140 mater,
2229 5087 2370 5128 nunc
2397 5071 2624 5136 avicula,
2655 5085 2798 5126 nunc
2824 5069 3078 5130 domina;
3109 5080 3234 5121 cum
3259 5070 3405 5116 esset
3449 5061 3594 5117 scili-

307 5152 499 5219 filium,
530 5169 680 5212 error
718 5164 900 5215 tamen
942 5159 1134 5215 oderat
1186 5162 1490 5218 veritatem.
1546 5164 1700 5222 Nunc
1737 5167 1898 5236 longe
1997 5176 2084 5222 cet
2109 5180 2273 5221 unum
2297 5163 2616 5219 vocabulum
2655 5161 2888 5231 generis,
2921 5155 3065 5211 aliud
3087 5152 3344 5217 infantiae,
3376 5153 3594 5212 tertium

305 5246 454 5302 aliud
475 5255 575 5303 est.
608 5248 682 5306 Ex
718 5265 828 5321 quo
857 5253 953 5308 Dei
973 5254 1175 5310 cultum
1210 5255 1484 5326 professus
1505 5273 1582 5322 es,
1619 5261 1776 5330 189
1797 5275 1896 5330 pro
1998 5257 2286 5330 dignitatis.
2321 5254 2401 5309 En
2431 5270 2532 5326 ego
2561 5254 2652 5309 illa
2693 5265 2810 5308 sum
2863 5262 2960 5317 Per
2987 5257 3148 5312 quam
3176 5241 3330 5298 νοδίδ
3365 5243 3454 5300 illa
3483 5247 3594 5317 ντί-

1477 5368 1815 5426 STEPHANI
1854 5372 2124 5429 BALUZII
2162 5367 2390 5424 NOTAE.

381 5464 407 5493 ³
429 5455 552 5513 Haec
573 5459 735 5515 verba
783 5450 1088 5529 parenthesi
1136 5463 1452 5518 includenda
1499 5477 1618 5518 esse
1645 5465 1899 5520 censebat
2001 5466 2114 5530 siue,
2149 5466 2199 5518 in
2251 5477 2377 5530 qua,
2427 5457 2516 5527 qui
2547 5469 2612 5508 ex
2641 5448 2889 5530 coniugio
2915 5448 2983 5504 ad
3009 5448 3366 5530 δὲοθτδοῑίιξῐη
3413 5453 3591 5530 διξερε-

307 5525 717 5605 _Rit_tersl_iusius.
747 5525 885 5605 Ego
910 5548 1038 5605 vero
1067 5533 1299 5586 arbitror
1339 5547 1404 5587 ea
1445 5549 1553 5588 non
1581 5549 1701 5589 esse
1730 5535 1890 5605 hujus

303 5595 408 5670 loci
422 5638 451 5670 ,Α
469 5599 715 5670 adeoque
737 5595 1050 5670 jugulanda.

379 5665 404 5705 δ
434 5668 491 5743 |_d
513 5665 841 5743 esu-proles.
877 5672 1010 5743 Vide
1037 5688 1195 5743 supra
1219 5687 1337 5742 pag.
1367 5673 1452 5726 74.

381 5747 402 5776 ε
431 5738 522 5793 Sic
545 5738 705 5794 vocat
735 5740 1024 5797 Palladiam
1055 5738 1492 5809 uiore'm'suam,
1525 5760 1590 5799 ex
1631 5760 1897 5800 canonum

305 5809 624 5880 praescripto
671 5821 726 5866 et
761 5822 1020 5884 perpetua
1065 5813 1448 5871 consuetudine
1478 5815 1666 5886 priscm
1713 5814 1897 5871 Eccle-

2002 5521 2308 5593 scebantur,
2339 5531 2406 5583 ab
2437 5521 2664 5580 uxorum
2696 5529 2815 5575 toro
2842 5521 3094 5591 separati,
3126 5537 3235 5577 non
3256 5522 3413 5578 aliter
3439 5523 3591 5593 dein-

2002 5622 2129 5676 ceps
2157 5618 2278 5659 cum
2297 5592 2410 5676 illis
2437 5609 2595 5676 quam
2617 5607 2739 5676 cum
2763 5593 3044 5676 sorori-bus
3065 5593 3431 5676 versabantur.
3449 5592 3590 5676 Xide

2003 5659 2345 5730 Sirmondum
2367 5668 2420 5719 in
2446 5659 2664 5718 notiSad
2686 5661 2872 5717 Sidon.
2895 5663 2984 5718 lib.
3013 5679 3064 5725 v,
3095 5663 3252 5732 epist.
3283 5661 3361 5724 l6,
3380 5659 3587 5716 (βιηθε-

2006 5744 2176 5815 weydi
2208 5735 2578 5794 onomasticon
2608 5733 2674 5791 ad
2705 5733 2854 5791 Vitas
2883 5733 3119 5790 Patrum.

3174 5931 3201 5941 δ-
