4234 6262
647 347 747 401 ῐϐδ

1614 338 1670 395 S.
1711 338 2023 398 SALVIANI
2060 338 2519 399 MASSILIENSIS
2557 342 2983 400 PRESBYTER!
3088 410 3094 415 ﬁ

3804 351 3911 409 ισι

644 477 786 517 mum
809 469 864 517 et
889 420 1174 533 parentum
1200 458 1417 514 nomina
1445 462 1500 514 et
1518 462 1741 513 avorum
1769 458 1963 527 gaudia
1992 461 2225 530 contige-
2250 473 2305 525 Α
2327 458 2395 513 de
2421 457 2516 513 Dei
2539 459 2905 515 misericordia
2933 461 3145 529 loquor,
3162 462 3255 531 qui
3282 478 3389 519 non
3409 470 3620 520 tantum
3638 452 3911 535 postulata

643 563 790 624 runt;
822 556 895 622 et,
927 555 1072 626 quod
1099 556 1328 626 utroque
1377 558 1617 625 praeStat,
1644 554 1932 623 utrumque
1976 554 2218 622 fcliciter,

642 666 759 705 cum
812 648 984 705 fructu
1038 648 1363 719 adipiscendi
1404 654 1460 703 et
1508 644 1840 702 beatitudine
1867 644 2216 717 perfruendi:

641 756 746 794 non
776 741 901 809 quia
922 740 1047 796 hinc
1074 755 1174 809 ego
1195 736 1394 809 aliquid
1421 737 1552 792 mihi
1590 736 1875 809 deputem;
1906 738 2003 793 sed
2041 745 2222 794 tamen

639 834 844 903 ingrata
874 822 1014 904 apud
1038 850 1131 888 vos
1151 846 1270 888 esse
1294 844 1401 887 non
1430 828 1589 885 debet
1616 840 1715 901 per
1739 844 1903 900 quam
1929 844 2029 887 vos
2055 831 2223 887 voluit

638 925 779 980 Deus
817 940 935 979 esse
964 914 1163 978 felices.
1215 920 1311 985 Ne,
1343 928 1545 990 quaeso,
1586 932 1714 990 ergo
1742 922 2029 977 molestum
2068 922 2223 977 vobis

636 1014 706 1068 sit
726 1012 866 1084 quod
895 1012 1094 1068 referre
1127 1008 1330 1079 aliquid
1368 1009 1479 1065 Deo
1507 1009 1685 1081 cupio,
1715 1002 1801 1066 cui
1821 1012 2001 1066 omnia
2027 1026 2221 1083 repen-

635 1120 757 1160 sare
785 1121 891 1160 non
919 1118 1155 1173 possum.
1208 1099 1358 1156 Pleni
1395 1100 1525 1157 estis
1568 1100 1773 1157 solatiis
1797 1101 2217 1171 iucundissimis,

635 1199 779 1268 pleni
804 1192 1113 1267 pignoribus
1140 1193 1486 1260 charissimis,
1507 1176 1654 1265 pieni
1676 1194 2052 1251 benedictione
2080 1194 2217 1250 divi-

635 1302 703 1341 na
736 1304 747 1337 :
782 1292 975 1356 prazter
1012 1284 1334 1355 peculiarem
1365 1284 1471 1340 mei
1507 1298 1742 1351 causam,
1786 1293 2024 1341 vestrum
2055 1300 2218 1355 nego-

635 1377 766 1431 tium
791 1375 991 1431 referre
1017 1374 1129 1431 Deo
1170 1366 1396 1445 gratiam
1420 1370 1609 1445 jubet:
1638 1375 1837 1432 debere
1887 1392 1975 1431 me
2002 1376 2051 1431 ei
2077 1370 2219 1430 arbi-

634 1476 749 1523 tror
783 1466 928 1537 quod
955 1460 1107 1522 vobis
1136 1468 1286 1522 tanta
1326 1467 1609 1522 concessit.
1657 1460 1764 1521 Sed
1791 1462 1908 1521 hazc
1935 1466 2211 1522 hactenus.

632 1555 971 1613 Sufﬁcienter
1007 1558 1150 1612 enim
1173 1556 1284 1625 jam
1313 1571 1412 1627 per
1449 1571 1567 1621 nos,
1600 1570 1633 1611 ο
1676 1555 1987 1611 charissima
2034 1568 2210 1621 soror,

632 1654 835 1726 precati
862 1666 1047 1709 sumus
1078 1671 1091 1706 ε
1122 1646 1327 1722 reliqua
1353 1658 1477 1707 sunt
1518 1650 1723 1719 agenda
1747 1666 1845 1721 per
1872 1648 2053 1705 ﬁliam.
2082 1646 2213 1705 Uta-

2330 547 2530 616 tribuit,
2560 550 2659 604 sed
2707 550 2976 605 interdum
3025 553 3189 607 etiam
3230 568 3340 609 non
3395 562 3609 624 sperata
3655 556 3911 625 largitur;

2327 647 2604 711 tantoque,
2635 641 2680 697 si
2708 641 2814 698 dici
2842 642 2988 709 licet,
3017 644 3194 714 major
3219 656 3303 701 est
3324 647 3632 703 hominibus
3660 647 3911 705 numin-

2326 738 2436 787 tate
2459 739 2516 788 et
2541 730 2936 800 benevolentia,
2963 743 3165 804 quanto
3186 742 3456 808 potestate
3489 746 3651 809 atque
3681 743 3909 797 natura?

2325 825 2599 892 Paratum,
2640 833 2701 880 ut
2724 827 2802 880 ait
2830 826 3031 894 Livius,
3075 828 3216 883 inter
3255 829 3531 885 Romanos
3572 830 3913 903 Sabinosque

2324 916 2543 983 bellum,
2596 926 2669 984 et,
2701 918 2847 989 quod
2892 917 3162 976 difﬁcilius
3208 921 3386 977 sedari
3430 929 3634 992 potest,
3676 932 3913 994 «raptim

2324 1019 2513 1075 preces
2538 1007 2809 1075 quondam
2849 1010 2905 1063 et
2926 1009 3267 1066 interventus
3312 1011 3597 1067 charm-um
3627 1014 3915 1083 pignorum

2326 1097 2689 1164 sustulerunt;
2734 1110 2964 1169 mque
3008 1117 3115 1156 una
3141 1117 3329 1158 eorum
3364 1117 3498 1172 gens
3524 1114 3668 1160 esset
3722 1116 3908 1162 natura

2323 1188 2497 1254 ictos,
2526 1190 2631 1243 alia
2667 1190 2858 1246 dolore
2884 1189 3126 1260 fervens;
3160 1201 3367 1249 tantum
3401 1202 3583 1251 tamen
3613 1196 3748 1251 visio
3779 1198 3907 1252 alle-

2322 1290 2442 1338 ctus
2465 1281 2637 1338 mutui
2667 1281 2850 1348 valuit,
2880 1289 2939 1337 ut
2965 1298 3065 1338 nec
3091 1282 3367 1341 Romans
3386 1300 3595 1341 mentior
3613 1300 3735 1342 esse
3759 1287 3911 1352 belli,

2321 1389 2423 1435 nec
2450 1374 2679 1430 Sabinus
2707 1381 2894 1445 posset
2918 1374 3161 1444 injurias;
3191 1384 3248 1431 et
3270 1376 3346 1431 illi
3371 1376 3536 1446 paulo
3563 1389 3690 1432 ante
3724 1378 3904 1435 feriae

2320 1466 2691 1533 semibarbari,
2729 1465 2944 1535 cognati
2992 1466 3268 1535 sanguinis
3312 1465 3521 1536 Cupidit
3550 1466 3632 1522 sui
3672 1468 3901 1537 Proditis}

2319 1554 2568 1627 aurplecti
2596 1566 2657 1611 se
2682 1558 2869 1611 autne
2916 1556 3246 1627 inciperent;
3286 1557 3413 1625 quia
3440 1557 3632 1626 pignus
3660 1565 3900 1615 mutuum

2316 1651 2426 1721 jam
2450 1650 2647 1705 habere
2674 1650 2983 1720 erupissent,
3026 1647 3287 1718 ﬁeretque
3312 1660 3452 1705 usus
3477 1658 3704 1719 uterque
3724 1667 3897 1723 popu-

631 1763 752 1801 mur
774 1759 902 1814 ergo
932 1745 1180 1816 (honeste
1207 1740 1351 1799 enim
1376 1758 1473 1813 pro
1492 1740 1907 1819 reconciliando
1928 1749 2215 1811 parentum
2320 1743 2422 1809 ius,
2446 1744 2573 1811 quia
2615 1757 2756 1797 eum
2784 1742 3069 1811 utriusque
3108 1749 3253 1797 esset
3292 1739 3534 1797 aﬂ‘eetos.
3565 1740 3676 1798 Nos
3705 1758 3813 1798 non
3843 1744 3897 1799 in

630 1834 822 1890 allecto
845 1838 1035 1890 cuncta
1057 1834 1375 1903 tentantur),
1417 1830 1567 1906 191
1592 1842 1805 1888 utamur
1827 1832 2039 1887 illorum
2064 1842 2216 1887 mere
2245 1822 2299 1899 ﬂ
2320 1835 2438 1889 acie
2464 1842 2691 1900 stamus,
2721 1845 2831 1889 non
2857 1846 3006 1887 arma
3034 1833 3316 1899 sumimus,
3343 1849 3452 1889 non
3472 1835 3581 1889 vim
3600 1834 3895 1903 inferimus,

629 1935 685 1982 et
706 1925 951 1996 exemplo
980 1925 1072 1996 qui
1093 1924 1279 1980 ultimo
1309 1926 1589 1980 Causarum
1618 1924 1740 1980 loco
1761 1920 1937 1992 aliqua
1966 1936 2213 1977 nonnuno

628 2031 790 2086 quam
818 2014 883 2071 ad
913 2014 1355 2071 commovendam
1377 2014 1615 2084 judicum
1642 2012 2060 2070 misericordiam
2082 2029 2211 2083 pro-

627 2105 871 2163 ferebant
898 2106 1083 2161 laturis
1130 2105 1453 2161 sententiam
1505 2100 1973 2175 disceptatoribus,
2007 2111 2100 2158 aut
2129 2097 2210 2157 la-

626 2206 929 2254 mentantes
952 2192 1400 2264 matresfamilias,
1443 2200 1534 2252 aut
1561 2194 1865 2252 sordidatos
1910 2210 2085 2259 senes,
2118 2198 2213 2249 aut

625 2286 901 2357 plorantes
928 2288 1182 2357 parvulos
1225 2287 1558 2356 ingerentes;
1599 2286 1803 2342 scilicet
1830 2290 1888 2340 ut
1929 2285 2020 2355 qui
2049 2298 2211 2355 supe-

624 2380 766 2435 riora
789 2393 963 2435 causa:
994 2378 1169 2435 verbis
1185 2379 1297 2449 jAm
1319 2377 1692 2442 eieraverant,
1717 2378 2019 2449 posteriora
2047 2378 2209 2432 rebus

626 2470 755 2540 ipsis
780 2478 1115 2541 perorarent.
1146 2464 1430 2525 Offerimns
1457 2482 1585 2539 ergo
1621 2470 1676 2525 et
1697 2480 1795 2525 nos
1818 2460 1986 2531 vobis,
2015 2484 2049 2523 ο
2075 2469 2206 2523 cha-

623 2560 818 2617 rissimi
844 2569 1112 2631 parentes,
1140 2560 1331 2631 pignus
1359 2562 1475 2631 pari
1502 2560 1719 2630 quidem
1747 2560 1977 2625 illorum,
2005 2559 2098 2615 sed
2124 2566 2207 2614 ta-

622 2666 744 2707 men
790 2652 1025 2721 gratiore
1056 2646 1325 2721 suifragio.
1358 2648 1641 2707 Oil‘erimus
1665 2652 1807 2707 enim
1862 2652 2055 2722 pignus
2094 2658 2200 2705 nea

620 2742 967 2811 incognitum,
996 2740 1464 2816 seddmneStiCum
1494 2760 1509 2809 ;
1540 2744 1646 2798 non
1677 2742 1929 2809 alienum,
1954 2742 2048 2797 sed
2075 2754 2203 2812 pro-

619 2832 792 2901 prium
818 2849 833 2898 ;
863 2836 982 2896 nec,
1014 2839 1073 2886 ut
1101 2830 1177 2887 illi
1205 2840 1467 2898 oratores,
1513 2836 1568 2888 et
1592 2834 1695 2889 sibi
1729 2838 1784 2889 et
1806 2834 2074 2904 iudicibus
2100 2846 2200 2888 ex-

619 2926 883 2986 traneum,
916 2916 1009 2975 sed
1039 2922 1193 2977 nobis
1238 2922 1396 2978 simul
1437 2925 1697 2994 vobisQue
1735 2939 2048 2989 commune;
2080 2934 2200 2993 qua:

616 3024 714 3064 vos
740 3007 924 3079 utique
953 3013 1114 3067 vestri
1140 3014 1415 3082 sanguinis
1442 3013 1648 3068 indoles
1674 3014 1782 3069 non
1803 3014 1867 3068 ad
1897 3014 2199 3083 incognito-

616 3110 733 3153 rum
762 3099 1037 3154 hominum
1064 3102 1205 3170 cogit
1245 3098 1606 3166 dilectionem,
1638 3104 1733 3159 sed
1772 3104 1839 3157 ad
1891 3112 2194 3159 vestrorum

2319 1939 2419 1981 nec
2438 1927 2755 1996 propulsare
2783 1932 3081 1990 tentamus;
3113 1925 3335 1995 impium
3360 1924 3476 1981 fore
3502 1926 3827 1984 arbitrantes
3849 1928 3899 1986 si

2315 2011 2401 2071 vel
2430 2017 2483 2070 in
2520 2017 2627 2072 hoc
2670 2015 2763 2069 iiii
2788 2015 3102 2086 parentibus
3129 2016 3371 2088 obvient,
3402 2031 3470 2070 ne
3494 2017 3783 2087 puniantur
3814 2018 3895 2073 in-

2310 2107 2460 2176 iusti.
2494 2106 2621 2172 0m,
2649 2118 2803 2175 rogo,
2831 2106 2977 2176 quod
3003 2107 3082 2162 illi
3109 2107 3382 2177 quondam
3409 2106 3633 2165 allectus
3659 2125 3759 2179 pro
3785 2110 3897 2166 suis

2314 2198 2682 2262 obtinuerunt,
2714 2198 2883 2251 nostri
2906 2212 3015 2253 non
3041 2205 3244 2267 queant
3264 2198 3552 2269 impetrare
3578 2216 3678 2269 pro
3708 2200 3890 2255 trabis?

2313 2283 2403 2344 An
2426 2289 2547 2344 ideo
2574 2288 2924 2345 infelicissimi
2963 2305 3103 2359 pene
3128 2291 3389 2356 ou‘mium,
3430 2290 3550 2348 ideo
3577 2293 3754 2347 mitius
3779 2307 3891 2347 me-

2311 2392 2492 2434 remur
2515 2378 2749 2443 veniam,-
2771 2378 2898 2445 quia
2934 2390 3235 2448 repugnare
3257 2379 3560 2435 nescimus?
3587 2378 3743 2446 Quod
3771 2381 3890 2435 vul-

2310 2474 2383 2527 tis
2406 2485 2506 2528 nos
2546 2471 2678 2541 pati,
2705 2470 2959 2539 patimur;
2991 2468 3049 2524 Si
3089 2469 3400 2534 irascimini.
3430 2470 3816 2540 deprecamur;
3843 2472 3889 2527 si

2307 2562 2608 2634 puniendos
2628 2560 2863 2627 creditis,
2891 2560 3299 2629 acquiescimus.
3328 2558 3486 2626 Quid,
3512 2554 3666 2630 roéo,
3696 2564 3889 2619 ultioni

2305 2662 2428 2725 post
2448 2654 2546 2709 ista
2569 2652 2852 2723 superest?
2877 2651 3039 2706 Certe
3066 2652 3228 2706 etiam
3267 2651 3313 2705 si
3334 2650 3508 2719 justas
3530 2654 3894 2710 succensendi

2305 2758 2498 2800 causas
2525 2751 2778 2814 parentes
2799 2742 3051 2808 habeant,
3074 2741 3204 2796 nihil
3223 2742 3535 2810 comingere
3557 2742 3635 2796 eis
3654 2742 3886 2810 felicius,

2304 2837 2435 2892 nihil
2463 2829 2699 2907 optatius
2740 2840 2921 2906 potest
2952 2840 3111 2905 quam
3154 2844 3216 2890 ut
3259 2836 3339 2892 sic
3365 2836 3445 2891 eis
3471 2852 3569 2906 pro
3596 2845 3751 2892 reatu
3788 2838 3887 2895 lilii

2301 2926 2651 2993 satisfaciant,
2708 2942 2786 2982 ne
2828 2942 3049 2982 necesse
3106 2927 3261 2997 193
3311 2927 3546 2982 habeant
3586 2928 3884 2984 vindicare.

2300 3018 2437 3086 Quid
2467 3029 2647 3074 autem
2673 3028 2755 3074 est
2784 3010 2838 3074 in
2865 3034 2974 3088 quo
2999 3020 3170 3087 inagis
3197 3018 3465 3088 possimus
3489 3019 3643 3074 vobis
3672 3036 3772 3076 nos
3798 3037 3882 3076 sa-

2301 3107 2583 3165 tisfacere?
2611 3109 2730 3165 Filii
2758 3110 2923 3165 vestri
2964 3116 3168 3174 aureus,
3192 3109 3285 3177 qui
3317 3125 3415 3164 vos
3437 3123 3720 3177 rogamus;
3751 3126 3882 3182 nep-

616 3186 835 3244 re'vocat
870 3189 1190 3244 charitatem
1238 3208 1250 3242 :
1290 3194 1388 3244 nec
1416 3190 1620 3244 alienos
1673 3193 1826 3246 vehis
1872 3192 2067 3258 aliena,
2100 3192 2197 3247 sed
2222 3189 2271 3252 C
2302 3201 2388 3264 tis,
2412 3216 2511 3269 per
2532 3216 2694 3270 quam
2717 3215 2985 3270 rogamus.
3013 3198 3245 3265 Parcite,
3266 3202 3538 3270 indulgete
3560 3203 3653 3257 illi.
3682 3201 3878 3259 Eorum

614 3282 827 3335 vestros
875 3278 1057 3334 vestra
1102 3278 1440 3334 conamendat
1474 3297 1485 3330 :
1519 3281 1766 3348 nequeid
1815 3286 1939 3336 orat
1988 3288 2047 3336 ut
2101 3294 2197 3336 eos

613 3371 803 3428 ametis
833 3372 971 3443 quos
992 3366 1265 3439 nunquam
1292 3376 1418 3426 ante
1446 3364 1669 3437 vidistis,
1722 3372 1819 3428 sed
1858 3380 1917 3428 ut
1961 3388 2059 3430 eos
2083 3390 2193 3430 non

612 3458 832 3518 oderitis
844 3466 999 3532 quos,
1022 3464 1173 3532 puto,
1195 3476 1303 3516 non
1321 3460 1542 3531 diligere
1557 3474 1664 3518 non
1681 3464 1924 3533 potestis.
1942 3464 2191 3520 Vestrum

611 3552 749 3620 ideo,
782 3558 1033 3625 parentes
1060 3553 1378 3617 charissimi,
1412 3532 1707 3622 negotium,
1748 3563 1927 3609 vestra
1956 3570 2043 3611 res
2070 3560 2187 3623 est;

609 3648 789 3700 vester
807 3644 859 3699 id
886 3659 917 3699 a
946 3644 1098 3701 vobis
1125 3644 1354 3710 animus,
1376 3651 1553 3699 vestra
1573 3645 1807 3701 citaritas
1827 3645 2185 3716 deprecatur:

609 3746 695 3804 ne,
745 3743 947 3809 quaeso,-
996 3746 1203 3795 tantum
1256 3740 1412 3795 nobis
1459 3741 1763 3799 irascamini
1809 3749 2008 3797 utnec
2035 3742 2189 3798 vobis

606 3831 912 3898 consulatis,
936 3828 1270 3901 supplicante
1294 3832 1536 3886 vobis....
1567 3846 1853 3888 commune
1873 3834 2064 3902 pignus
2089 3848 2188 3903 per

605 3924 705 3977 n‘os
753 3921 910 3975 simul
951 3929 1111 3989 atque
1138 3921 1437 3984 nobiscum,
1469 3928 1525 3974 et
1553 3922 1779 3988 primam
1818 3935 1958 3990 pene
1994 3923 2060 3976 ad
2088 3938 2185 3978 vos

604 4024 791 4065 vocem
820 4024 918 4077 pro
942 4011 1110 4063 nostri
1135 4004 1331 4063 emittit
1359 4008 1579 4063 offensa.
1604 4007 1789 4065 infelix
1810 4024 2032 4079 prorsus
2066 4011 2185 4080 ejus

603 4108 658 4155 et
684 4099 983 4154 miseranda
1027 4090 1434 4170 condliio,'qu:e'
1468 4112 1597 4154 avos
1642 4115 1769 4156 suos
1803 4114 1871 4156 ex
1899 4111 2181 4171 parentum

600 4191 827 4262 primum
855 4193 1007 4247 reatu
1029 4193 1191 4263 capit
1234 4200 1545 4261 agnoscere.
1580 4191 1925 4261 Miseremini,
1967 4207 2179 4264 quaesu-

599 4286 735 4347 mus,
767 4282 1084 4338 innocentiae
1112 4283 1245 4352 ejus,
1294 4284 1619 4339 miseremini
1670 4285 2006 4341 necessitatis
2038 4304 2051 4339 :
2084 4302 2171 4342 co-

595 4361 739 4441 gitur
764 4372 1161 4442 quodaminodo
1185 4384 1285 4443 pro
1331 4374 1535 4428 oﬂ‘ensa
1590 4386 1809 4429 suorum
1835 4375 1947 4445 jam
1974 4380 2176 4448 suppli-

594 4474 738 4525 care,
769 4470 890 4529 quae
932 4461 1107 4515 adhuc
1157 4462 1328 4515 nescit
1372 4463 1498 4529 quid
1550 4463 1622 4516 sit
1649 4463 1937 4520 oii‘endere.
1991 4465 2174 4523 laesus

2298 3300 2551 3363 parentes
2577 3292 2877 3347 charissimi
2905 3307 3003 3361 pro
3028 3307 3090 3348 se
3116 3298 3328 3361 rogant,
3351 3293 3423 3348 ob
3441 3306 3672 3363 quorum
3694 3293 3878 3349 soletis

2298 3384 2515 3439 nomina
2561 3384 2722 3439 etiam
2750 3385 3023 3441 extraneis
3062 3385 3138 3439 nil
3182 3390 3399 3453 Negare.
3432 3386 3675 3455 Longum
3699 3396 3783 3444 est
3806 3389 3878 3445 de

2295 3475 2590 3530 innumeris
2610 3474 2824 3545 pietatis
2844 3483 3006 3544 atque
3027 3476 3377 3532 humanitatis
3395 3479 3655 3548 exemplis
3670 3479 3875 3544 dicere;

2294 3574 2351 3622 et
2376 3573 2762 3638 przposterum
2781 3577 2842 3622 ut
2858 3566 2927 3622 de
2943 3568 3239 3637 majorﬂms
3257 3568 3324 3623 ad
3346 3570 3553 3625 minora
3572 3571 3869 3628 veniamus.

2292 3657 2401 3714 Sed
2427 3666 2607 3715 tamen
2633 3659 2687 3714 id
2718 3659 2862 3729 quod
2890 3658 3130 3716 dicturus
3153 3674 3293 3727 smn,
3332 3663 3513 3735 specie
3533 3663 3751 3732 euidem
3771 3665 3874 3720 mi-

2290 3765 2392 3805 nus
2419 3750 2522 3815 est,
2545 3751 2639 3807 sed
2666 3759 2849 3806 tanien
2865 3765 2927 3806 re
2944 3754 3122 3807 minus
3149 3758 3259 3808 non
3278 3757 3380 3808 est.
3411 3753 3678 3811 Perorans
3699 3762 3872 3827 quoh-

2288 3840 2411 3894 dam
2436 3856 2536 3910 pro
2564 3841 2802 3910 periculo
2828 3841 3241 3897 existimationis
3281 3850 3445 3913 atque
3490 3845 3873 3904 incolumitatis
3972 3918 3981 3925 ,

2286 3944 2397 3985 suae
2425 3930 2480 3984 in
2509 3929 2756 3985 Romam
2774 3931 2893 3986 toro
2922 3934 2949 3968 ί
2971 3930 3189 3989 Servius
3215 3930 3868 4001 Gaiba,cumobdifﬁcal-

2286 4027 2452 4074 tatem
2473 4021 2679 4090 negotii
2710 4027 2765 4076 et
2789 4021 3043 4077 invidiam
3064 4023 3193 4079 facti
3235 4024 3318 4081 sui
3346 4039 3540 4094 parum
3566 4018 3677 4082 non
3702 4027 3868 4085 modo

2284 4109 2338 4163 in
2363 4124 2545 4176 causa,
2575 4110 2673 4166 sed
2705 4113 2871 4167 etiam
2897 4113 2953 4168 in
2973 4114 3280 4183 eloquentia
3307 4116 3424 4185 spei
3456 4126 3703 4186 poneret,
3735 4126 3853 4176 arte

2282 4215 2408 4255 usus
2434 4208 2519 4256 est
2543 4209 2604 4256 ut
2626 4201 2864 4272 indicum
2892 4205 3116 4273 anlrnos,
3157 4218 3297 4275 quos
3332 4206 3606 4265 inﬂectere
3642 4223 3866 4280 precum

2280 4292 2570 4348 ambitione
2595 4309 2706 4350 aen
2730 4301 2963 4365 poterat,
2986 4308 3167 4353 rerum
3189 4305 3422 4355 tentaret
3444 4298 3652 4356 atl‘ectu.
3676 4299 3865 4369 itaque

2278 4385 2607 4454 consumptis
2629 4385 2742 4455 jam
2769 4386 3061 4443 admodum
3094 4390 3303 4446 cunctis
3343 4393 3594 4449 oratorias
3619 4393 3753 4449 artis
3779 4393 3863 4449 in-

2275 4476 2526 4544 geniique
2566 4477 2841 4543 mbaidiisg
2872 4494 2994 4535 cum
3024 4495 3213 4550 parum
3249 4498 3313 4539 se
3336 4486 3671 4554 promovisse
3697 4486 3860 4543 intel-

594 4549 1233 4643 quondamﬁinivitarmn
1252 4549 1490 4643 peccatis
1513 4551 1671 4619 Deus,
1688 4554 1868 4623 vagitu
1889 4555 2171 4614 infantium
2195 4552 2252 4614 D
2274 4562 2512 4633 lexisset,
2556 4568 2833 4638 parvulum
2877 4549 3041 4638 quem
3085 4578 3268 4632 secum
3312 4549 3570 4643 habebat,
3598 4574 3757 4643 Galli,
3800 4585 3862 4634 ut

595 4646 648 4698 et
672 4641 972 4712 ploratibne
999 4642 1219 4698 molitus
1264 4651 1365 4698 est.
1407 4642 1539 4698 Nam
1569 4646 1692 4701 licet
1729 4654 1900 4703 totum
1929 4649 2168 4719 legamus

594 4731 788 4787 luxisse
840 4731 1468 4804 populum,‘pr:ecipuam
1520 4746 1697 4791 tamen
1744 4739 2165 4797 misericordiam

592 4824 783 4879 meruit
821 4830 940 4878 sors
985 4829 1042 4877 et
1092 4824 1396 4881 innocentia
1436 4829 1802 4897 parvulorum,
1844 4831 2057 4889 dicente
2097 4834 2163 4889 ad

590 4912 775 4969 lenam
803 4913 913 4969 Deo
946 4930 960 4966 :
991 4904 1143 4986 193
1181 4913 1245 4969 Si
1262 4915 1410 4971 valde
1436 4918 1767 4974 contristatur
1793 4938 1845 4975 es
1886 4937 2040 4993 super
2067 4941 2160 4978 cu-

587 5004 831 5059 curbitant
877 5004 1020 5077 (Joit.
1052 5016 1122 5072 tv,
1172 5003 1248 5075 9).
1296 5004 1363 5059 Et
1390 5007 1548 5076 paulo
1574 5020 1697 5078 post
1729 5028 1742 5063 :
1775 5009 1889 5083 Ego
1909 5030 2013 5068 non
2033 5032 2158 5085 par-

586 5102 695 5147 cum
723 5100 875 5165 super
912 5092 1103 5151 Niniee
1135 5097 1389 5151 civitatem
1436 5112 1697 5170 magnam,
1721 5103 1774 5155 in
1803 5119 1905 5173 qua
1928 5120 2155 5161 commo-

584 5188 764 5235 remur
788 5186 900 5253 plus
927 5198 1079 5255 (piam
1125 5197 1327 5245 cetum
1354 5188 1533 5259 uiginti
1580 5189 1765 5257 millia,
1819 5194 1905 5263 qui
1935 5209 2037 5249 non
2065 5212 2157 5251 co-

581 5282 859 5341 gnoverunt
894 5276 1158 5331 sinistram
1194 5295 1341 5333 suam
1378 5288 1469 5333 aut
1506 5280 1770 5336 dexteram
1811 5281 1996 5355 (Mitt,
2030 5286 2154 5358 ii)?

582 5358 857 5417 declarans
893 5364 1095 5421 scilicet
1134 5379 1356 5440 propter
1383 5371 1747 5428 sinceritatem
1784 5374 2150 5436 innocentium

2276 4657 2380 4712 illis
2407 4658 2734 4727 temporibus
2758 4659 3059 4727 videbatur,
3087 4663 3370 4720 clarissimi
3389 4672 3446 4722 et
3468 4682 3643 4739 mmet-
3659 4670 3859 4726 mortui

2273 4750 2375 4804 viri
2403 4749 2586 4816 ﬁlium,
2616 4759 2672 4805 et
2697 4766 2892 4822 parvas
2918 4760 3046 4810 ante
3083 4756 3337 4813 Subsellia
3364 4759 3669 4817 auditarum
3698 4763 3855 4819 indo-

2271 4842 2351 4897 les
2377 4856 2500 4897 suas
2527 4843 2581 4898 in
2609 4854 2867 4901 consessu
2882 4846 3123 4916 iudicum
3142 4859 3538 4921 conspectique
3556 4854 3811 4924 produxit
3835 4876 3850 4909 :

2269 4948 2405 5002 quos
2429 4949 2551 4989 cum
2580 4934 2765 4991 laturis
2787 4938 3110 4993 sententiam
3136 4939 3583 5010 disceptatoribus
3604 4945 3854 5002 oratione

2268 5024 2432 5081 ﬂebili
2466 5029 2883 5095 commendaret,
2915 5029 3098 5086 hacta:
3137 5030 3333 5088 affectu
3377 5034 3616 5089 omnitun
3645 5046 3851 5095 mentes

2266 5124 2320 5171 et
2348 5117 2614 5173 inclinata
2640 5127 2783 5175 sunt.
2813 5120 2949 5186 Quid
2977 5121 3167 5190 plura?
3193 5121 3417 5180 Factum
3443 5133 3527 5181 est
3554 5134 3615 5182 ut
3640 5126 3848 5184 inﬂexis

2264 5217 2580 5266 cunctorum
2624 5211 2887 5272 sensibus.
2917 5211 3073 5267 daret
3118 5213 3487 5273 misericordia
3524 5218 3847 5275 hnnianitati

2262 5298 2522 5368 quidquid
2545 5299 2821 5354 ambitioni
2853 5300 3046 5356 veritas
3078 5301 3383 5372 denegaret.
3415 5304 3460 5360 Ο
3486 5305 3711 5363 ali‘ectus
3740 5311 3842 5363 hu-

2262 5390 2405 5442 mani
2442 5390 2627 5457 quanti
2672 5391 2830 5455 estis,
2880 5399 3137 5459 quantum
3185 5394 3389 5462 valetis,
3438 5397 3531 5467 qui
3573 5398 3737 5453 etiam
3785 5398 3838 5455 in

580 5463 641 5505 se
664 5446 825 5504 etiam
852 5452 1022 5524 culpis
1050 5461 1354 5516 nocentium
1382 5467 1707 5534 pepercisse.
1749 5466 1856 5522 Sed
1874 5562 1879 5569 ἦ
1897 5470 2023 5538 quid
2048 5484 2148 5541 ego
2255 5446 2566 5547 judicio-jus
2590 5479 2788 5534 habere
2811 5446 3087 5550 potuistis!
3122 5446 3399 5554 Discite;
3426 5446 3835 5558 parentes-cita:

1729 5599 2064 5659 STEPHANI
2101 5602 2367 5663 BALUZII
2404 5608 2608 5663 NOTAE
2620 5651 2631 5663 .

650 5711 673 5739 ⁸
703 5700 833 5758 Vide
885 5702 1195 5760 Ciceronem
1226 5706 1279 5761 in
1308 5706 1493 5773 Bruto,
1525 5727 1637 5778 cap.
1672 5712 1757 5778 2'5,
1800 5722 1853 5768 et
1882 5713 2261 5780 Quintilianum
2290 5720 2377 5773 lib.
2408 5736 2442 5775 ιι
2470 5718 2721 5790 Institut.,
2747 5737 2863 5793 cap.
2900 5723 2982 5777 15.
