4234 6250
238 444 334 561 ᾆδε

1710 476 2081 535 ΕΡΙδΤΟΙΑΕ.

3423 464 3525 541 ica

235 601 452 668 rissimi,
474 601 638 656 venia
659 602 820 656 vestri
845 601 1046 656 dictum
1068 600 1158 663 sit,
1190 598 1379 654 discite
1403 595 1489 651 vel
1516 595 1621 651 hoc
1644 593 1834 650 saltem
1862 593 1919 653 A
1946 598 2202 655 vestibula
2236 566 2420 670 templi
2450 600 2532 655 sui
2561 604 2616 653 et
2643 598 3003 667 circumsepta
3044 598 3309 664 servavit;
3340 608 3517 669 prote-

156 712 162 745 ι
237 694 488 764 exemplo
518 692 691 762 frangi
723 700 897 761 atque
909 690 1126 747 molliri.
1151 688 1313 745 Certe
1337 689 1501 744 etiam
1531 687 1639 742 illic
1665 686 1830 740 mise-

240 786 472 842 ricordia
520 785 717 850 valuit,
772 784 863 838 ubi
912 785 1091 839 locum
1132 798 1253 839 esse
1292 780 1675 837 misericordiae
1721 794 1833 835 non

240 879 452 935 licebat.
476 875 661 931 Laturi
698 877 1022 932 sententiam
1064 875 1292 956 judiees,
1334 874 1429 943 qui
1456 872 1589 929 nihil
1626 886 1688 927 se
1726 870 1831 925 nisi

242 988 306 1027 ex
341 970 585 1025 veritatis
624 966 805 1025 ofﬁcio
847 969 1294 1040 pronuntiaturus
1336 978 1458 1023 esse
1498 967 1831 1037 iuraverant,

241 1060 526 1118 excludam
554 1070 736 1116 tamen
763 1060 942 1132 E195
980 1058 1408 1114 misericordiam
1448 1072 1548 1113 nee
1591 1064 1715 1127 post
1741 1072 1831 1112 sa-

239 1161 507 1208 cramenta
535 1160 861 1223 potuerunt;
894 1152 948 1205 in
979 1158 1190 1206 tantum
1224 1150 1559 1205 humanitate
1586 1149 1741 1211 moti,
1773 1157 1834 1203 ut

238 1244 359 1299 dum
391 1244 568 1300 alieno
596 1246 820 1313 negotio
849 1244 1159 1308 consulunt,
1190 1257 1344 1298 suum
1373 1258 1512 1313 pene
1541 1243 1830 1298 oblivisce-

240 1340 436 1390 rentur.
470 1334 611 1390 Nihil
638 1350 738 1391 vos
765 1335 978 1402 durum,
1012 1336 1144 1390 nihil
1183 1336 1423 1391 insolens
1451 1334 1828 1405 deprecamur.

243 1425 438 1482 Vestris
456 1442 557 1482 vos
582 1433 841 1497 praestate
866 1442 963 1497 pro
990 1426 1162 1492 vobis,
1190 1427 1337 1496 quod
1364 1426 1733 1496 przestiterunt
1752 1425 1831 1479 illi

245 1519 506 1574 extraneis
521 1525 725 1574 contra
752 1535 830 1573 se.
861 1519 1022 1573 Certe
1046 1532 1146 1573 nec
1171 1533 1335 1573 causa
1358 1517 1467 1572 illic
1486 1516 1702 1587 iustior,
1729 1531 1830 1573 nec

243 1625 470 1681 persona
506 1611 741 1676 charior,
770 1626 872 1666 nec
887 1610 1159 1666 audientia
1183 1610 1487 1683 humanior,
1519 1625 1621 1665 nec
1645 1617 1831 1665 orator

250 1703 444 1769 gratior
471 1701 585 1757 fuit.
613 1702 725 1756 Illic
749 1700 1009 1771 agebatur
1036 1716 1133 1772 pro
1174 1700 1426 1767 crimine,
1457 1702 1545 1756 hic
1570 1718 1669 1771 pro
1697 1700 1828 1755 alle-

253 1802 363 1861 ctu;
387 1796 493 1851 illic
516 1811 614 1866 pro
635 1795 928 1861 extraneis,
958 1795 1046 1850 hic
1070 1810 1168 1864 pro
1196 1792 1348 1860 filiis;
1381 1794 1490 1849 illic
1513 1793 1654 1864 apud
1679 1793 1831 1862 jura-

257 1892 332 1940 tos
371 1886 596 1955 indices,
646 1886 735 1942 hic
774 1885 917 1956 apud
962 1886 1226 1955 injuratos
1268 1893 1558 1956 parentes;
1589 1885 1698 1941 illic
1736 1901 1834 1956 per

1935 691 2278 761 ctionemque
2305 706 2457 745 suam
2485 687 2648 744 latius
2669 686 2915 753 fundens,
2941 686 3066 743 fecit
3087 689 3313 744 salutem
3335 692 3525 747 animm

1934 791 2040 838 tua:
2068 798 2235 853 usque
2277 783 2344 839 ad
2372 782 2601 837 salutem
2648 779 2892 850 corporis
2936 780 3239 849 pervenire.
3270 781 3526 848 Quamvis

1935 888 2037 945 ego
2077 890 2144 930 ne
2172 876 2310 932 hanc
2335 874 2552 945 quidem
2588 873 2685 927 tibi
2722 888 2889 942 quam
2931 874 3226 943 pertulisti,
3261 877 3528 932 terrestris

1935 968 2136 1023 vasculi
2167 965 2531 1022 inﬁmitatem
2559 963 2799 1021 obfuisse
2843 964 3166 1030 existimem,
3195 965 3347 1034 cujus
3375 966 3529 1021 forti-

1936 1057 2086 1123 tudo,
2123 1069 2182 1112 ut
2216 1056 2341 1123 scis,
2379 1056 2546 1110 menti
2576 1068 2793 1125 semper
2826 1054 3041 1110 inimica
3074 1063 3175 1111 est.
3217 1055 3287 1112 Ut
3320 1065 3373 1112 te
3405 1057 3529 1126 jure
3632 1116 3635 1119 ,

1936 1164 2079 1204 nunc
2107 1156 2260 1205 tanto
2288 1148 2568 1203 fortiorem
2596 1146 2789 1216 spiritu
2819 1152 3025 1215 putem,
3056 1156 3259 1217 quanto
3288 1150 3529 1206 imbecil-

1934 1241 2039 1295 lior
2070 1252 2234 1296 carne
2266 1255 2386 1295 esse
2405 1239 2635 1309 coepisti.
2669 1239 2805 1294 Caro
2829 1240 3000 1300 enim,
3027 1240 3199 1311 inquit
3216 1241 3523 1311 Apostolus,

1935 1327 2248 1403 concupiscit
2267 1331 2511 1389 adversus
2531 1331 2791 1400 spiritum,
2803 1332 3017 1401 spiritus
3032 1331 3274 1385 adversus
3294 1350 3522 1389 carnem.

1938 1422 2068 1477 ch
2096 1425 2234 1477 enim
2262 1423 2482 1477 invicem
2507 1422 2607 1475 sibi
2635 1421 3007 1477 adversantur:
3022 1430 3079 1476 ut
3099 1438 3203 1476 non
3217 1440 3333 1495 quae
3351 1426 3524 1491 vultis,

1936 1514 2031 1569 illa
2068 1514 2280 1586 faciatis
2321 1512 2474 1584 (Gal.
2505 1530 2559 1579 v,
2592 1512 2719 1585 l7).
2760 1512 2904 1584 Ergo
2942 1516 2989 1569 si
3032 1524 3364 1585 repugnante
3409 1533 3529 1573 cor.

1936 1619 2070 1674 pore
2088 1619 2209 1673 qua:
2229 1604 2476 1659 volumus
2494 1603 2673 1660 facere
2693 1619 2802 1659 non
2822 1619 3128 1675 possumus,
3156 1605 3530 1665 inﬁrmandum

1937 1712 2098 1751 carne
2136 1704 2221 1750 est
2249 1703 2309 1750 ut
2335 1703 2520 1764 optata
2548 1694 2826 1751 faciamus.
2858 1695 2927 1750 Et
2953 1712 3136 1752 verum
3160 1707 3262 1753 est.
3297 1709 3322 1737 ι
3350 1699 3528 1755 lmbe~

1883 1846 1899 1859 η
1937 1787 2129 1843 cillitas
2157 1788 2299 1842 enim
2317 1788 2495 1842 carnis
2515 1787 2711 1843 mentis
2730 1788 2967 1857 vigorem
2987 1791 3221 1855 exacuit;
3246 1797 3301 1845 et
3324 1790 3532 1849 affectis

1939 1877 2182 1943 artubus,
2211 1878 2353 1932 vires
2378 1888 2667 1947 corporum
2688 1878 2741 1932 in
2759 1879 2987 1948 yirtutes
3012 1879 3403 1935 transferuntur
3420 1882 3531 1937 ani-

260 1988 515 2036 oratorern
561 1982 653 2050 qui
696 1981 1143 2037 circumscribere
1192 1980 1504 2045 nitebamur
1524 2022 1539 2047 ,
1597 1981 1686 2035 hic
1736 1995 1835 2050 per
1864 1976 1913 2036 B
1937 1987 2151 2026 morum
2183 1990 2195 2024 ε
2223 1978 2280 2027 ιιι
2308 1971 2440 2025 Inibi
2468 1983 2639 2038 Bellus
2665 1970 2936 2040 (ἰιιοάάθω
2957 1971 3204 2026 “nimis
3223 1987 3341 2027 esse
3376 1973 3532 2043 196

267 2079 485 2140 neptem,
511 2086 628 2141 mne
653 2084 761 2142 quo
791 2088 891 2127 vos
928 2073 1044 2143 ipsa
1073 2073 1313 2127 infantiae
1343 2088 1455 2128 sua:
1489 2072 1833 2143 simplicitate

267 2161 381 2231 plus
405 2166 634 2227 moveat,
662 2163 828 2219 adhuc
848 2178 1041 2233 rogare
1064 2179 1173 2219 non
1203 2164 1373 2219 novit.
1404 2163 1541 2231 Quid
1579 2171 1662 2219 est
1688 2162 1834 2233 quod

264 2266 432 2306 causa
458 2251 631 2306 desit?
655 2252 791 2321 quod
836 2269 1034 2311 novum
1075 2253 1453 2323 inquirendum
1498 2261 1580 2309 est
1620 2253 1835 2308 inaudi-

258 2350 473 2413 tumque
496 2343 833 2413 suffragium?
862 2344 1000 2399 Num
1020 2353 1405 2400 extraneorum:
1426 2344 1569 2415 apud
1592 2354 1691 2400 vos
1718 2359 1837 2415 pre-

252 2436 394 2491 cibus
422 2438 673 2493 utendum
699 2440 822 2494 est?
871 2438 1098 2508 Semper
1143 2438 1195 2492 in
1239 2450 1426 2494 amore
1466 2437 1677 2493 cautela
1725 2443 1829 2492 est.

248 2524 404 2584 Nemo
430 2531 575 2585 enim
612 2532 807 2585 melius
835 2531 1009 2600 diligit
1034 2546 1199 2600 quam
1237 2531 1328 2599 qui
1354 2530 1589 2585 maxime
1617 2537 1835 2584 veretur

245 2621 527 2678 offendere.
582 2622 735 2678 Unde
781 2628 885 2692 ego
931 2638 1073 2678 nunc
1120 2623 1330 2677 veniam
1376 2631 1525 2692 peto,
1555 2637 1667 2676 non
1706 2621 1833 2689 quia

244 2711 528 2767 offuisse
554 2728 644 2769 me
676 2715 940 2779 noverim,
965 2714 1062 2768 sed
1089 2723 1147 2768 ut
1176 2714 1355 2768 locum
1383 2713 1603 2767 offensa!
1623 2712 1836 2781 penitus

242 2816 346 2859 non
378 2806 714 2875 relinquam;
747 2820 848 2859 nec
892 2805 1225 2860 conscientia
1268 2804 1471 2872 culpas,
1504 2803 1601 2858 Sed
1628 2803 1839 2858 ratione

237 2902 291 2947 et
328 2894 513 2949 ofﬁcio
559 2894 876 2958 charitatis;
928 2902 986 2946 ut
1029 2892 1293 2961 majora!)
1323 2892 1465 2962 apud
1519 2898 1575 2946 te
1619 2891 1840 2948 aﬂectus

231 2987 473 3054 gratiam
502 2985 811 3038 obsecratio
840 2988 1111 3038 mereatur
1135 2983 1359 3046 inmoxii,
1391 2990 1447 3037 e‘t
1472 2983 1646 3037 amori
1676 2980 1839 3051 profi-

229 3077 352 3131 ciat
381 3073 713 3143 supplicatio
750 3080 902 3128 reatu
929 3084 1153 3138 carens;
1186 3073 1493 3142 habeasque
1519 3073 1637 3142 plus
1665 3073 1717 3128 in
1747 3073 1839 3128 lilii

228 3169 318 3224 tui
372 3166 760 3236 deprecatione
805 3166 949 3234 quod
994 3166 1203 3234 diligas,
1250 3167 1293 3221 si
1337 3182 1444 3221 non
1484 3167 1653 3222 babes
1697 3166 1839 3236 quod

230 3258 513 3314 remittas.
548 3255 865 3327 Quanquam
892 3264 1096 3312 temere
1123 3256 1351 3312 fortasse
1390 3257 1547 3313 nobis
1583 3256 1650 3312 de
1677 3259 1836 3314 inno-

1936 2063 2203 2127 videatur,
2236 2062 2509 2117 hominem
2536 2061 2807 2117 interdum
2852 2077 2961 2117 non
2992 2074 3112 2118 esse
3139 2077 3345 2117 sanum.
3374 2063 3530 2120 Nulla

1937 2156 2082 2211 enim
2105 2154 2392 2209 admodum
2410 2162 2523 2209 tum
2542 2154 2753 2224 spiritui
2774 2170 2896 2210 cum
2916 2171 3164 2227 corpore,
3182 2155 3236 2210 id
3256 2163 3359 2222 est,
3381 2156 3528 2211 nulla

1936 2247 2131 2302 divina:
2160 2245 2324 2306 indoli
2345 2261 2469 2300 cum
2498 2254 2713 2301 terreno
2740 2248 2897 2303 hoste
2917 2248 3141 2303 luctatio
3154 2258 3257 2306 est.
3272 2248 3388 2304 Non
3412 2257 3527 2304 tur-

1936 2339 2095 2408 pibus
2114 2336 2344 2392 ﬂammis
2365 2337 2616 2393 medulla:
2633 2347 2882 2405 :estuant,
2900 2350 3006 2396 non
3029 2342 3356 2397 malesanam
3384 2356 3528 2397 men-

1938 2435 2048 2501 tem
2096 2428 2315 2483 latentia
2344 2428 2614 2483 incentiva
2662 2431 3012 2497 succendunt,
3046 2440 3154 2487 noli
3193 2434 3313 2501 vagi
3340 2450 3528 2491 sensus

1934 2532 2035 2589 per
2061 2520 2209 2574 varia
2231 2520 2627 2575 oblectamenta
2669 2521 2978 2585 lasciviunt;
3009 2522 3105 2578 sed
3149 2524 3265 2579 sola
3295 2526 3535 2580 exsultat

1935 2613 2135 2677 anima,
2165 2612 2285 2666 laeta
2331 2626 2560 2681 corpore
2587 2610 2781 2669 affecto
2805 2614 2957 2682 quasi
3003 2614 3312 2670 adversario
3338 2615 3525 2684 subju-

1935 2714 2083 2775 gato.
2116 2703 2302 2759 Gaude
2332 2717 2480 2772 ergo,
2523 2705 2739 2759 altunna
2785 2704 3013 2770 Christi;
3062 2721 3276 2775 semper
3315 2707 3531 2776 quidem

1937 2798 2197 2867 simplicis
2236 2805 2294 2852 et
2334 2798 2551 2866 quietae,
2591 2797 2689 2852 sed
2716 2810 2857 2853 nunc
2904 2797 3074 2866 magis
3121 2795 3393 2852 defascatze
3418 2806 3528 2852 tua)

1938 2890 2134 2943 mentis
2171 2898 2227 2943 et
2254 2887 2438 2944 libera:
2481 2888 2682 2944 ostium
2710 2888 2881 2958 aperi,
2909 2896 2968 2942 et
3014 2888 3260 2953 detrahe,
3292 2897 3353 2943 ut
3373 2888 3527 2959 legis,

1940 2978 2197 3049 Spiritum
2241 2987 2486 3035 sanctum
2513 2980 2532 3051 (
2555 2978 2753 3034 Psalm.
2808 2995 2995 3045 cxvm,
3018 2979 3112 3035 151
3150 2982 3188 3049 ).
3220 2981 3525 3052 Nunquam,

1940 3080 1998 3127 ut
2040 3080 2193 3143 puto,
2242 3072 2546 3128 habitatore
2590 3072 2703 3128 Deo
2747 3072 2962 3140 dignior
3000 3073 3298 3129 exstitisti:
3329 3083 3533 3146 quanto

1940 3165 2260 3221 imbecillior
2277 3181 2527 3236 corpore,
2561 3174 2712 3222 tanto
2751 3167 2942 3238 purior
2967 3183 3149 3224 sensu.
3183 3168 3534 3226 Vineentibus

1941 3270 2159 3311 carnem
2211 3264 2361 3312 tuam”
2407 3257 2611 3314 morbis
2664 3265 2847 3314 mente
2873 3258 3070 3314 vicisti.
3122 3258 3273 3315 Felix
3303 3261 3350 3316 si
3394 3261 3537 3317 hanc

229 3338 421 3406 Eentia
446 3342 806 3413 blandiamur,
836 3348 965 3416 quid
995 3354 1052 3401 tu
1073 3347 1139 3403 de
1167 3348 1323 3403 nobis
1365 3349 1568 3404 sentias
1594 3335 1912 3405 nescienvC
1942 3362 2156 3417 semper
2175 3349 2419 3420 corporis
2447 3358 2679 3406 mortem
2712 3351 2768 3406 in
2799 3351 2964 3406 vitam
2994 3352 3217 3422 spiritus
3240 3366 3534 3408 conserva-

239 3452 341 3498 tes.
367 3442 471 3497 Tui
496 3442 641 3497 enim
671 3441 826 3496 nobis
851 3456 1042 3497 sensus
1068 3442 1240 3509 magis
1263 3457 1425 3511 quam
1468 3449 1672 3497 nostrae
1720 3443 1838 3512 opi-

239 3535 422 3590 nionis
448 3534 590 3588 ratio
636 3532 881 3588 habenda
923 3541 1023 3587 est.
1047 3532 1323 3602 Superest
1367 3548 1497 3602 ergo
1526 3542 1588 3588 ut
1626 3534 1673 3588 si
1712 3532 1843 3602 quid

240 3625 386 3681 aliud
408 3632 465 3681 et
483 3624 738 3694 quidquid
761 3623 891 3678 illud
919 3624 1267 3681 commissum
1293 3639 1325 3678 a
1348 3624 1502 3679 nobis
1529 3632 1633 3689 est,
1665 3630 1723 3678 tu
1750 3625 1842 3693 qui

241 3716 293 3772 id
322 3716 531 3773 oﬂ'cnsa
559 3716 777 3784 dignum
800 3723 977 3786 putas,
1010 3717 1168 3771 venia
1197 3731 1414 3787 quoque
1439 3733 1548 3792 non
1568 3717 1843 3786 indignum

240 3807 540 3863 arbitreris.
568 3805 795 3862 Pulchre
823 3806 922 3861 tibi
963 3806 1080 3875 ipse
1121 3807 1174 3861 in
1206 3815 1419 3861 tuorum
1448 3815 1605 3862 reatu
1632 3807 1844 3863 satisfa-

239 3900 379 3954 eies.
421 3898 563 3953 Niril
599 3898 670 3953 de
705 3898 915 3965 ultione
950 3897 1129 3968 perdit
1171 3896 1281 3952 ﬁlio
1319 3898 1606 3966 ignoscens
1640 3906 1795 3968 pater
1826 3916 1839 3953 :

239 3991 381 4059 quia
422 3987 624 4045 felicius
662 3990 830 4046 multo
858 3997 943 4046 est
985 3997 1045 4046 et
1088 3989 1407 4046 laudabilius
1453 3991 1565 4047 suis
1611 3990 1845 4060 aliquem

246 4082 423 4137 etiam
454 4081 714 4137 immerito
741 4083 1053 4152 ignoscere,
1081 4098 1247 4154 quam
1286 4084 1340 4139 in
1381 4096 1507 4140 suos
1536 4084 1702 4139 etiam
1729 4098 1846 4138 me-

248 4175 362 4229 rito
387 4172 676 4229 vindicare.
704 4173 855 4231 Vale.
1502 4168 1507 4173 ⁷
1784 4157 1797 4166 ’

745 4303 901 4376 195
936 4301 1267 4359 EPISTULA
1303 4303 1363 4357 ν.

846 4411 912 4450 ω
949 4408 1255 4463 carrorum.

320 4508 560 4564 Catturae
623 4509 798 4565 sorori
858 4508 1158 4568 Salvianus.
1220 4509 1337 4566 Etsi
1393 4510 1627 4566 docente
1683 4510 1849 4569 Paulo

242 4600 505 4672 apostolo
547 4600 673 4669 quid
702 4603 991 4658 conveniat
1030 4618 1130 4660 nos
1170 4618 1331 4659 orare
1367 4604 1640 4659 nescimus
1669 4604 1846 4677 (Rom.

242 4702 362 4758 vrri,
386 4691 479 4764 εδ)
503 4707 517 4756 ;
548 4706 657 4761 quo
685 4689 746 4746 fit
775 4700 834 4747 ut
860 4694 1131 4749 interdum
1155 4693 1286 4764 quid
1312 4695 1450 4750 velle
1488 4701 1582 4749 aut
1612 4695 1849 4763 gaudere
1874 4704 1927 4767 ι)

244 4792 504 4856 oporteat
543 4787 889 4842 nesciamus:
923 4795 1104 4843 tamen
1152 4801 1255 4856 ego
1293 4788 1393 4858 pro
1437 4789 1709 4843 communi
1750 4789 1852 4843 hu-

246 4876 399 4930 mani
423 4876 639 4945 generis
662 4875 859 4934 allecto
890 4879 1018 4949 (quo
1043 4892 1236 4933 omnes
1261 4876 1551 4934 admodum
1580 4878 1847 4944 homines,

247 4970 339 5038 pie
370 4968 542 5038 magis
567 4978 735 5038 quam
763 4970 1055 5040 sapienter,
1103 4982 1201 5025 eos
1226 4970 1318 5040 qui
1373 4969 1531 5026 nobis
1556 4986 1698 5026 cura:
1726 4979 1852 5027 sunt

248 5058 504 5128 cupimus
548 5066 709 5128 Quam
750 5059 1049 5115 diutissime
1095 5072 1214 5116 esse
1270 5061 1589 5132 nobiscum)
1638 5062 1850 5132 gaudeo

250 5149 408 5220 quod
454 5159 576 5221 post
614 5166 833 5221 gravem
879 5150 1302 5224 diuturnumque
1354 5155 1603 5210 morbum
1624 5196 1641 5221 ,
1697 5170 1850 5226 spem

248 5242 422 5297 etiam
445 5242 722 5311 praesentis
740 5244 869 5299 vitatr
896 5244 1113 5315 indepta
1146 5258 1224 5311 es,
1255 5254 1375 5314 quae
1421 5245 1613 5301 futurae
1638 5261 1853 5316 semper

253 5333 511 5388 habuisti.
564 5333 885 5392 Benedictus
923 5337 1108 5405 itaque
1147 5337 1405 5393 Dominus
1452 5337 1597 5393 Deus
1641 5345 1848 5404 noster,

251 5424 345 5493 qui
376 5440 592 5496 semper
616 5426 836 5498 spiritus
863 5427 940 5482 tui
968 5434 1171 5495 custos,
1199 5444 1344 5485 nunc
1389 5428 1659 5500 praxiipue
1687 5430 1852 5486 etiam

248 5516 439 5570 carnis
478 5514 605 5583 fuit;
632 5524 691 5573 et
717 5519 773 5573 in
801 5526 855 5574 te
895 5532 1121 5575 manens
1164 5527 1324 5589 teque
1361 5520 1709 5587 custodiens,
1741 5537 1855 5578 ma-

246 5618 387 5661 num
430 5618 584 5663 suam
631 5624 701 5665 ex
749 5610 1094 5666 interioribus
1136 5611 1245 5667 tuis
1273 5622 1443 5681 usque
1489 5612 1556 5668 ad
1583 5616 1853 5671 exteriora

162 5734 165 5741 -
246 5698 533 5768 porrexit;
566 5716 668 5756 nec
710 5700 883 5756 solum
927 5709 1112 5758 sancta
1160 5709 1489 5769 sanctorum,
1539 5700 1635 5760 sed
1681 5706 1849 5761 etiam

1943 3439 2038 3495 ris.
2070 3438 2364 3497 Exstinctis
2384 3442 2438 3497 in
2467 3450 2519 3497 te
2544 3441 2767 3499 forsitan
2796 3445 3005 3500 cunctis
3033 3446 3389 3500 humanarum
3412 3452 3535 3499 ten-

1944 3532 2209 3587 tationum
2239 3535 2540 3600 incentivis,
2584 3536 2784 3591 habere
2831 3536 3233 3605 quodammodo
3282 3544 3531 3591 naturam

1946 3625 2137 3680 animm
2184 3628 2345 3681 etiam
2376 3629 2430 3682 iu
2459 3643 2623 3683 carne
2666 3630 2898 3698 cmpisti.
2933 3627 3003 3681 Ut
3050 3630 3179 3682 mihi
3210 3644 3317 3682 non
3360 3628 3535 3681 solum

1946 3733 2140 3786 magna
2170 3720 2265 3773 Dei
2286 3719 2705 3787 dispensatione,
2746 3719 2841 3775 sed
2869 3720 3033 3773 etiam
3067 3732 3261 3785 magno
3289 3732 3532 3780 munere,

1948 3818 2004 3867 ct
2041 3817 2167 3864 ante
2206 3816 2495 3877 :egrotasse
2520 3817 2576 3862 et
2604 3823 2747 3863 nunc
2773 3807 3113 3862 convaluisse
3139 3805 3387 3861 videaris.
3441 3805 3537 3860 1E-

1946 3900 2173 3969 grotasti
2192 3900 2336 3954 enim
2367 3900 2625 3954 hactenus
2671 3898 2739 3952 ad
2787 3897 3039 3951 virtutem
3076 3897 3297 3967 spiritus
3336 3898 3535 3953 conﬁr-

1947 3992 2219 4057 mandam,
2271 4007 2461 4047 secura
2485 3990 2709 4046 forsitan
2737 3989 3028 4045 sanitatem
3065 4003 3209 4043 nunc
3235 3988 3538 4059 adipiscare

1944 4085 2055 4153 jam
2097 4100 2263 4141 carne
2291 4093 2576 4156 superata;
2620 4092 2678 4138 ut
2701 4090 2828 4155 post
2866 4083 3008 4138 hanc
3032 4081 3297 4139 redditam
3321 4083 3537 4152 corpori

1951 4178 2377 4234 incolumitatem
2406 4177 2524 4232 sine
2544 4176 2649 4233 ulla
2678 4176 2874 4231 animae
2901 4173 3210 4231 inﬁrmitate
3236 4173 3536 4246 possideas,

1951 4276 2007 4322 et
2032 4268 2106 4321 ita
2130 4284 2257 4322 caro
2286 4268 2466 4321 valere
2494 4266 2716 4336 incipiat
2742 4274 2801 4320 ut
2820 4265 2933 4335 jam
2963 4268 3194 4325 tentatio
3219 4281 3327 4321 non
3356 4281 3540 4322 resur-

1954 4365 2063 4427 gat.
2092 4357 2249 4413 Vale.

2517 4488 2854 4551 EPISTULA
2889 4490 2977 4550 Vl.

2542 4640 2611 4685 An
2649 4638 2927 4686 nmmum.

2025 4786 2272 4842 Limenio
2300 4785 2584 4841 Salvianus
2637 4784 2693 4838 in
2739 4783 2971 4841 Domino
2994 4785 3241 4842 salutem.
3291 4778 3405 4841 Etsi
3433 4788 3548 4843 scio

1955 4880 2211 4934 honestas
2238 4885 2451 4932 mentes
2488 4875 2645 4946 probi
2692 4872 2919 4933 affectus
2971 4893 3079 4933 non
3130 4878 3392 4941 oblivisci,
3425 4877 3547 4932 ideo

1952 4969 2080 5038 quia
2099 4968 2229 5024 boni
2249 4968 2301 5021 in
2324 4967 2481 5023 bonis
2499 4968 2687 5023 studiis
2706 4969 2859 5037 quasi
2880 4978 3128 5024 naturam
3150 4963 3546 5038 quodammodo

1954 5075 2107 5116 suam
2148 5058 2404 5127 diligunt;
2446 5067 2626 5115 tamen
2663 5056 2810 5132 quia,
2859 5066 3117 5131 quantum
3164 5058 3217 5110 in
3262 5054 3416 5107 nobis
3444 5059 3547 5119 est,

1956 5165 2156 5221 augere
2177 5165 2275 5205 nos
2310 5148 2461 5222 197
2493 5165 2733 5207 amorem
2753 5150 3018 5205 bonorum
3049 5144 3344 5199 amicorum
3368 5138 3549 5196 oflicio

1956 5251 2144 5301 nostro
2170 5243 2458 5308 convenit,
2503 5238 2919 5300 admonendum
2946 5246 3000 5292 te
3049 5234 3330 5290 cbaritatis
3358 5235 3487 5290 olim
3516 5252 3549 5293 a

1955 5350 2043 5391 me
2070 5340 2284 5403 coeptae,
2318 5344 2490 5404 nuper
2518 5349 2548 5387 a
2589 5340 2641 5388 te
2671 5337 2840 5385 auctae
2884 5316 3209 5391 existimavi,
3259 5335 3320 5380 nt
3366 5326 3548 5396 legens

1957 5429 2215 5498 epistolas
2243 5442 2411 5494 meas,
2437 5426 2563 5481 dum
2585 5425 2638 5479 in
2668 5439 2754 5478 me
2781 5418 3016 5476 studium
3054 5416 3133 5473 tui
3172 5420 3374 5477 amoris
3402 5420 3538 5477 vide-

1957 5525 2050 5588 ris,
2084 5524 2214 5578 inte
2235 5522 2342 5575 mei
2371 5517 2714 5576 accenderes.
2746 5513 2900 5569 Dabit
2931 5520 3143 5578 autem,
3178 5531 3285 5570 non
3313 5515 3547 5583 ambigo,

1959 5614 2099 5669 Deus
2119 5621 2303 5670 noster
2331 5617 2389 5665 ut
2426 5604 2677 5660 allectum
2700 5604 3135 5663 Christianorum
3178 5604 3545 5677 intercipicns,

1955 5705 2153 5764 Christi
2182 5707 2297 5776 ipse
2322 5696 2545 5756 affectus
2565 5692 2678 5753 ﬁas.
2713 5696 2846 5755 Vale
2877 5700 2934 5758 in
2954 5688 3207 5757 Domino.
3268 5740 3272 5744 ς

1445 5860 1777 5924 STEPHANI
1815 5861 2081 5921 BALU'lJl
2120 5855 2348 5914 ΝΟΤᾸΕ.
2412 5912 2417 5917 .

336 5976 363 6007 ι
397 5968 529 6046 Vide
556 5988 720 6043 supra
749 5974 840 6030 lib.
874 5991 907 6029 ι.
940 5975 1006 6031 de
1035 5972 1457 6039 Gubernatiouc,
1489 5987 1607 6043 pag.
1648 5973 1730 6026 10.
