4234 6262
709 403 808 462 167

1258 508 1588 566 EPISTOLA
1627 507 1737 562 Vll.

1199 644 1264 682 AD
1293 643 1468 682 APRUI
1499 643 1565 681 ΕΤ
1595 641 1790 680 V'ERUII.

777 767 923 837 Apro
967 773 1022 818 et
1071 763 1210 817 Vero
1253 762 1558 833 Salvianus.
1596 760 1769 816 Ofﬁcii
1792 759 1879 825 sit,
1912 775 1980 814 an
2009 758 2286 829 impuden-

708 862 812 923 tite,
842 856 986 927 quod
1013 856 1160 928 prius
1188 855 1256 909 ad
1287 872 1381 910 vos
1408 855 1598 926 scripsi
1623 869 1783 924 quam
1813 869 1843 907 a
1871 853 2024 908 vobis
2039 852 2128 922 jus
2154 852 2288 907 scri-

709 953 865 1007 bendi
894 953 1191 1021 acciperem
1218 989 1232 1012 ,
1282 949 1424 1004 malo
1467 949 1629 1004 vestri
1657 963 1774 1002 esse
1797 945 1986 1016 judicii
2013 961 2174 1014 quam
2202 960 2288 1000 as-

707 1046 956 1100 sertionis
983 1060 1142 1108 mem;
1182 1043 1306 1112 quia
1336 1058 1422 1096 res
1449 1041 1609 1096 dubia
1637 1055 1700 1095 ac
1729 1041 1901 1094 latens
1930 1039 2120 1094 melius
2147 1053 2287 1093 sem—

699 1152 805 1211 iper
831 1136 985 1190 bonis
1013 1132 1521 1204 interpretatoribus
1546 1146 1707 1200 quam
1736 1131 1894 1185 malis
1918 1129 2292 1185 defensoribus

709 1227 960 1282 creditur.
1002 1224 1108 1280 Sed
1135 1225 1261 1278 licet
1301 1225 1414 1279 haec
1456 1238 1582 1278 vere
1609 1238 1670 1278 se
1698 1223 1770 1277 ita
1798 1223 2035 1277 habeant
2062 1229 2117 1276 et
2144 1237 2173 1275 a
2203 1236 2292 1276 me

709 1318 782 1372 ita
811 1333 928 1372 esse
979 1317 1263 1380 ducantur,
1315 1325 1494 1370 tamen
1540 1315 1586 1370 si
1633 1314 1762 1384 quid
1813 1315 1866 1368 in
1897 1315 2008 1369 veri
2037 1314 2293 1384 opinione

706 1407 998 1463 secundum
1026 1408 1431 1477 intelligentiam
1460 1421 1634 1461 meam
1663 1405 1760 1469 sit,
1791 1404 2114 1460 audiendum
2143 1421 2174 1460 a
2202 1420 2291 1460 me

709 1501 938 1572 putatis,
971 1515 1072 1568 ego
1109 1501 1187 1555 sic
1224 1500 1475 1562 arbitror,
1507 1499 1551 1552 si
1595 1497 1810 1567 quando
1839 1497 1908 1552 de
1933 1495 2112 1551 ofﬁcio
2139 1495 2288 1551 defe-

703 1593 872 1649 rendo
899 1594 1075 1664 parvis
1096 1635 1110 1658 ,
1163 1599 1222 1646 ut
1249 1605 1350 1660 ego
1379 1607 1530 1658 sum,
1563 1590 1702 1662 apud
1731 1589 2064 1660 superiores,
2108 1597 2168 1643 ut
2194 1604 2291 1644 vos

703 1686 852 1750 estis,
883 1693 1067 1740 sancta
1097 1683 1372 1739 contentio
1400 1691 1501 1749 est,
1534 1682 1725 1738 melius
1751 1698 1847 1736 eos
1873 1680 2051 1736 facere
2079 1681 2124 1736 si
2149 1697 2286 1752 pra:-

701 1787 967 1850 occupent
1011 1779 1210 1848 scripto
1241 1785 1499 1848 patronos
1547 1792 1674 1831 suos
1700 1791 1863 1845 quam
1888 1775 1933 1828 si
1963 1775 2032 1829 ab
2060 1774 2125 1829 iis
2154 1789 2288 1844 prm-
2333 1835 2342 1842 ,

1643 395 1698 450 s.
1743 391 2057 449 sanam
2098 353 2561 446 MASSILIENSIS
2600 383 3027 440 rneserrem

2315 507 2366 565 Α
2393 501 2511 555 nori
2539 499 2698 555 cedat
2725 496 2924 553 officio.
2957 496 3101 561 Haec,
3132 491 3205 550 mi
3227 493 3430 550 domini
3450 491 3803 558 venerabiles,
3830 492 3994 563 juxta

3879 396 3998 451 168

2393 590 2794 662 opiniunculam
2838 602 3015 642 meam
3066 603 3173 642 non
3222 594 3332 640 tam
3358 585 3779 655 praesumptione
3807 585 3991 640 scien-

2395 683 2481 737 tia:
2507 696 2670 752 quam
2698 681 2904 735 honore
2929 678 3246 733 reverentia:
3271 684 3464 731 vestra:
3491 675 3773 730 scribenda
3801 675 3870 730 ad
3890 691 3994 732 vos

2390 772 2594 844 putavi.
2653 770 2711 825 Si
2757 769 2899 825 aliud
2942 784 3042 823 vos
3087 769 3287 823 sentire
3335 766 3710 831 ostenderitis,
3739 780 3842 836 ego
3870 783 3991 823 ma-

2394 878 2523 920 num
2551 861 2619 917 ad
2647 877 2710 917 os
2737 875 2918 916 meum
2946 875 3177 931 ponam;
3221 867 3278 914 et
3299 859 3452 928 juxta
3481 858 3788 930 exemplum
3815 861 3990 918 sancti

2395 951 2496 1008 Job
2513 993 2528 1018 ,
2559 951 2652 1022 qui
2686 959 2812 1021 post
2837 936 3073 1006 divinam
3101 965 3291 1006 vocem
3331 950 3385 1004 in
3414 950 3874 1020 comparationem
3903 953 3989 1007 lo-

2395 1043 2609 1112 quentis
2637 1042 2730 1098 Dei
2761 1057 2986 1112 parvum
3028 1057 3088 1097 se
3124 1051 3182 1097 et
3217 1040 3538 1097 imbecillum
3567 1057 3685 1097 esse
3713 1045 3988 1112 cognovit,

2395 1143 2593 1191 terram
2619 1151 2736 1201 me,
2767 1143 2827 1190 ut
2852 1151 3001 1199 sum,
3032 1135 3328 1204 squalidam
3350 1175 3365 1199 ,
3408 1140 3464 1189 et
3491 1134 3818 1190 iusincerum
3848 1136 3990 1192 cice-

2394 1244 2507 1284 rem
2532 1227 2786 1298 judicabo
2811 1268 2826 1292 ,
2875 1227 3156 1296 dicamque
3192 1225 3320 1280 illud
3345 1243 3358 1278 :
3390 1224 3568 1280 Semel
3593 1225 3806 1281 locutus
3834 1241 3986 1281 sum:

2393 1336 2503 1375 non
2533 1319 2780 1389 adjiciam
2806 1337 2818 1374 :
2851 1317 2960 1374 Nec
2989 1317 3256 1373 immerito
3282 1334 3296 1370 :
3331 1316 3566 1372 incidere
3594 1316 3740 1370 enim
3763 1317 3816 1371 in
3841 1318 3987 1373 falsa:

2393 1411 2664 1482 opinionis
2711 1425 2948 1466 errorem
2991 1410 3304 1480 priusquam
3342 1423 3469 1463 vera
3516 1421 3839 1476 cognoscas,
3888 1410 3984 1464 im-

2393 1504 2550 1574 periti
2574 1504 2739 1559 animi
2773 1510 2931 1558 estet
2957 1502 3242 1572 simplicis;
3275 1516 3624 1572 perseverare
3653 1517 3784 1557 vero
3815 1502 3867 1556 in
3896 1517 3985 1570 eo,

2395 1605 2675 1667 postquam
2705 1593 3014 1668 agnoveris,
3045 1593 3416 1648 contumacia.
3444 1590 3651 1646 Valete.

2933 1681 3266 1740 EPISTOLA
3306 1682 3439 1737 Vill.

2977 1796 3044 1834 AD
3084 1793 3411 1833 Ευοιιιῑιιιυιι.

701 1879 1048 1943 occupentur.
1089 1871 1223 1924 Nam
1257 1885 1381 1925 cum
1421 1869 1535 1940 ipsa
1561 1867 1825 1924 scribendi
1855 1865 2290 1935 rescribendique
2322 1888 2366 1948 Β
2465 1882 2490 1911 ι
2517 1873 2746 1928 Domino
2791 1879 2848 1928 ct
2894 1870 3210 1926 dulcissimo
3258 1868 3527 1924 Eucherio
3556 1870 3828 1940 episcopo,
3857 1869 3984 1924 Sal-

700 1962 984 2019 assiduitas
1023 1960 1213 2016 dandis
1253 1959 1336 2014 vel
1364 1959 1596 2014 maxime
1625 1967 1680 2014 ct
1707 1955 1994 2014 reddendis
2018 1957 2290 2026 obsequiis
2318 1977 2331 1992 ο

699 2054 999 2118 deferatur;
1046 2054 1215 2107 multo
1264 2068 1484 2108 necesse
1530 2058 1620 2107 est
1660 2052 1912 2106 humilius
1950 2051 2019 2106 sit
2045 2058 2102 2105 et
2128 2050 2287 2106 obse-

701 2149 987 2219 quentius,
1019 2145 1150 2200 dare
1188 2147 1496 2216 quempiam
1538 2160 1756 2214 operam
1788 2153 1846 2198 ut
1873 2143 2108 2199 officium
2138 2143 2288 2213 prius

701 2240 904 2295 deferat
932 2254 1092 2307 quam
1121 2246 1437 2307 exspectare
1465 2244 1524 2290 ut
1545 2236 1691 2306 prius
1715 2235 1894 2304 capiat
1921 2252 1932 2286 :
1963 2233 2108 2304 quia,
2133 2233 2286 2301 juxta

703 2331 752 2385 id
781 2311 923 2400 quod
951 2344 1111 2398 supra
1150 2327 1409 2392 diximus,
1458 2325 1658 2380 delatio
1696 2323 1857 2380 officii
1894 2325 2075 2392 fugere
2113 2325 2286 2379 hono-

701 2438 854 2485 rem,
901 2419 1254 2474 dissimulatio
1295 2417 1551 2472 aﬂ‘ectare
1579 2416 1842 2471 videatur.
1882 2413 2130 2484 Congrue
2158 2429 2287 2483 ergo

700 2521 756 2567 et
801 2511 981 2565 multis
1020 2509 1192 2565 modis
1234 2507 1624 2564 rationabiliter
1652 2513 1830 2560 actum
1861 2513 1962 2572 est,
1994 2514 2052 2560 ut
2079 2519 2179 2574 ego
2219 2505 2287 2560 ad

701 2618 798 2657 vos
833 2602 982 2671 prius
1021 2600 1331 2656 scriberem.
1377 2597 1612 2653 Primum
1631 2638 1646 2664 ,
1676 2597 1804 2667 quia
1835 2597 2062 2667 turpiter
2089 2597 2157 2650 ad
2186 2597 2286 2651 ho-

701 2710 889 2749 norem
916 2693 1147 2748 ambisse
1175 2691 1386 2746 viderer
1415 2690 1653 2746 inferior.
1690 2689 1910 2754 Deinde,
1934 2689 2079 2758 quod
2099 2705 2195 2744 vos
2221 2689 2288 2744 ab

699 2785 844 2840 omni
893 2783 1264 2854 hujuscemodi
1299 2784 1458 2854 198
1485 2782 1753 2854 opinionis
1799 2790 1925 2836 nota
1971 2782 2044 2835 ita
2078 2797 2287 2837 morum

699 2884 998 2931 vestrorum
1037 2875 1267 2943 dignitas
1307 2875 1572 2942 vindicat,
1605 2882 1663 2929 ut
1691 2889 1828 2946 pene
1852 2874 2110 2944 quidquid
2137 2890 2168 2928 a
2195 2892 2288 2929 vo-

699 2969 781 3022 bis
809 2968 886 3034 ιιι,
920 2968 1049 3022 nihil
1078 2985 1187 3022 non
1215 2975 1364 3023 recte
1391 2967 1589 3024 factum
1617 2985 1738 3024 esse
1763 2968 2035 3024 credatur.
2068 2966 2288 3023 Postre-

699 3079 809 3125 mo,
840 3062 984 3131 quod
1009 3064 1170 3118 etiam
1213 3063 1258 3118 si
1287 3063 1390 3118 hoc
1418 3065 1643 3119 consilio
1674 3081 1770 3120 vos
1800 3063 1868 3118 ad
1897 3078 1985 3117 me
2016 3078 2125 3117 non
2151 3062 2288 3117 scri-

698 3153 940 3223 psissetis
962 3194 977 3217 ,
1029 3163 1088 3207 ut
1115 3168 1215 3222 ego
1241 3161 1496 3223 peccator
1519 3163 1574 3208 ct
1613 3154 1910 3210 imbecillus
1940 3137 2088 3222 prius
2113 3150 2288 3206 deler-

2391 1965 2580 2019 vianus
2607 1964 2910 2035 presbyter.
2953 1963 3081 2032 Legi
3102 1959 3270 2017 libros
3291 1976 3426 2030 quos
3453 1960 3813 2026 transmisisti,
3841 1961 3984 2031 stylo

2397 2058 2555 2127 199
2580 2056 2771 2112 breves
2793 2095 2808 2120 ,
2858 2055 3104 2112 doctrina
3150 2055 3370 2118 uberes,
3420 2053 3653 2108 lectione
3679 2053 3983 2122 expeditos,

2392 2147 2744 2204 instructione
2790 2147 3060 2217 perfectos
3083 2188 3098 2212 ,
3151 2147 3317 2201 menti
3368 2152 3474 2200 tuac
3503 2159 3566 2199 ac
3587 2144 3775 2215 pietati
3804 2159 3983 2214 pares.

2390 2241 2499 2296 Nec
2544 2241 2712 2295 miror
2756 2240 2899 2311 quod
2941 2249 3052 2294 tam
3083 2240 3215 2295 utile
3241 2254 3306 2293 ac
3333 2239 3614 2310 pulchrum
3641 2253 3780 2308 opus
3808 2236 3876 2291 ad
3899 2237 3983 2292 in-

2390 2333 2725 2389 stitutiouem
2769 2332 3108 2402 potissimum
3157 2342 3468 2386 sanctorqu
3514 2346 3578 2384 ac
3625 2329 3652 2368 δ
3699 2331 3983 2385 beatorum

2389 2425 2672 2495 pignorum
2701 2423 3006 2478 condidisti.
3047 2421 3183 2475 Cum
3213 2423 3357 2476 enim
3380 2421 3635 2476 eximium
3665 2422 3719 2475 in
3747 2422 3828 2476 eis
3849 2428 3986 2476 tem-

2388 2517 2537 2588 plum
2584 2515 2695 2570 Deo
2742 2515 3092 2570 mdilicaveris
3116 2554 3129 2578 ,
3181 2513 3427 2568 doctrina
3472 2527 3627 2568 nova:
3666 2512 3985 2569 eruditionis

2390 2607 2543 2678 quasi
2587 2621 2854 2661 summum
2900 2604 3109 2660 aedificii
3162 2605 3235 2658 tui
3281 2603 3494 2658 culmen
3546 2602 3790 2668 ornasti;
3848 2612 3907 2658 et
3930 2609 3986 2659 ut

2392 2699 2598 2753 indoles
2623 2705 2823 2752 sanctae
2850 2711 3002 2765 atque
3033 2694 3277 2750 doctrina
3306 2710 3369 2749 ac
3408 2693 3521 2747 vita
3546 2692 3987 2760 inlustrarentur.

2390 2807 2527 2861 quos
2551 2789 2741 2845 morali
2771 2788 3103 2843 institutione
3130 2788 3466 2842 formaveras
3484 2825 3499 2848 ,
3531 2784 3760 2855 spiritali
3788 2784 3988 2840 instru-

2391 2882 2572 2936 ctione
2618 2880 2905 2935 decorasti.
2947 2877 3206 2949 Superest
3242 2884 3301 2931 ut
3341 2875 3600 2930 Dominus
3629 2875 3769 2930 Deus
3796 2885 3988 2932 noster

2391 2971 2544 3042 cujus
2571 2973 2713 3028 dono
2757 2968 3205 3026 admirandissimi
3239 2967 3466 3037 juvenes
3490 2967 3623 3022 tales
3649 2975 3793 3030 sunt,
3824 2983 3986 3037 pares

2392 3080 2488 3119 eos
2513 3063 2674 3120 faciat
2703 3063 2856 3118 libris
2885 3062 2990 3117 tuis
3013 3103 3027 3127 ,
3081 3060 3132 3115 id
3162 3068 3263 3125 est,
3316 3066 3375 3114 ut
3420 3057 3679 3128 quidquid
3705 3058 3780 3113 illi
3805 3058 3982 3114 conti-

2392 3162 2521 3208 nent
2572 3155 2624 3207 in
2672 3153 2950 3224 mysterio,
3001 3151 3106 3206 hoc
3151 3158 3375 3219 uterque
3423 3149 3638 3203 illorum
3683 3148 3880 3204 habeat
3925 3148 3981 3206 in

696 3260 811 3299 rem
840 3243 1012 3298 ollicia
1041 3259 1199 3311 quam
1223 3258 1490 3297 sumerem
1514 3260 1528 3307 ;
1554 3244 1643 3312 pio
1665 3245 1834 3311 magis
1865 3243 1918 3297 id
1938 3251 2033 3297 “vos
2061 3242 2286 3296 consilio
2313 3251 2358 3312 (ζ
2391 3263 2571 3300 sensu.
2605 3245 2682 3298 -Ει
2717 3246 2843 3314 quia
2878 3243 2989 3313 jam
3018 3243 3422 3314 dispensatione
3449 3242 3626 3297 divina
3657 3248 3818 3311 atque
3839 3242 3980 3312 judi-

697 3334 882 3390 fecisse
935 3333 1349 3388 existimandum
1407 3340 1524 3387 crat
1573 3348 1732 3401 quam
1787 3333 2077 3401 arroganti.
2149 3330 2282 3386 Cum

694 3426 838 3480 enim
866 3424 1028 3479 totius
1068 3421 1235 3478 ferme
1275 3421 1590 3476 humilitatis
1616 3431 1671 3476 et
1699 3438 1866 3492 prope
1893 3422 2132 3477 omnium
2161 3422 2282 3476 olli-

694 3515 896 3570 ciorum
927 3515 1159 3585 palmam
1187 3511 1388 3583 indepti
1417 3511 1533 3567 sitis
1555 3551 1570 3576 ,
1617 3529 1724 3567 non
1754 3521 1862 3566 tam
1891 3511 2040 3568 credi
2068 3519 2278 3582 potera‘

693 3623 788 3664 vos
815 3606 989 3662 amico
1025 3605 1258 3660 voluisse
1303 3605 1565 3660 honorem
1596 3620 1795 3674 negare
1823 3620 1986 3675 quam
2017 3621 2155 3660 onus
2184 3621 2284 3660 ηοα
2316 3650 2322 3664 .

691 3701 854 3759 luisse
882 3703 1177 3772 imponere.
1219 3700 1472 3768 Quamvis
1501 3700 1646 3755 enim
1676 3700 1963 3755 honestum
1993 3707 2049 3766 et
2075 3699 2281 3770 religio-

691 3811 807 3849 sum
849 3792 1083 3849 studium
1111 3793 1188 3848 sit’
1209 3807 1588 3863 prmoccupare
1613 3792 1913 3848 humilitate
1941 3799 1997 3846 et
2024 3793 2274 3859 vincere;

691 3894 872 3940 tamen
919 3883 1135 3955 quando
1182 3883 1320 3938 int'er
1364 3884 1500 3937 tales
1540 3890 1598 3937 ut
1627 3899 1726 3938 nos
1753 3899 1955 3949 sumus,
1989 3883 2042 3938 id
2070 3893 2171 3949 est,
2204 3885 2285 3938 in-

691 3985 772 4033 ter
800 3992 1038 4033 sunnnos
1085 3984 1246 4042 atque
1287 3975 1559 4036 intimum,
1584 3974 1979 4042 'hujuscemodi
2008 3977 2283 4042 negotium

693 4079 804 4132 est;
855 4064 1260 4121 abundantioris
1288 4063 1567 4119 charitatis
1599 4078 1714 4118 rem
1752 4065 1927 4134 major
1952 4065 2081 4120 facit
2110 4067 2154 4120 si
2183 4068 2284 4122 mi-

2389 3334 2474 3390 cio
2523 3335 2686 3389 etiam
2727 3347 2750 3374 ο
2791 3334 3033 3402 magistri
3087 3333 3450 3388 Ecclesiarum
3499 3347 3619 3388 esse
3659 3328 3982 3403 cmperuntf

2385 3430 2559 3482 donec
2585 3427 2690 3480 hoc
2734 3425 3100 3494 benignissimi
3130 3425 3226 3480 Dei
3256 3426 3429 3496 pietas
3449 3466 3463 3490 ,
3496 3432 3555 3479 ut
3582 3425 3826 3480 doctrina
3853 3423 3978 3480 illo-

2385 3535 2504 3574 rum
2551 3518 2755 3574 fructus
2801 3519 2872 3574 sit
2921 3517 3284 3574 Ecclesiarum
3332 3526 3389 3573 et
3436 3527 3588 3583 tuus,
3630 3517 3980 3588 profectuque

2389 3611 2840 3668 excellentissimo
2891 3619 2999 3665 tam
3030 3611 3179 3666 illum
3209 3619 3405 3666 ornent
3445 3627 3476 3665 a
3508 3626 3616 3680 quo
3640 3619 3764 3666 sunt
3791 3610 3976 3679 geniti,

2385 3721 2548 3774 quam
2595 3719 2714 3776 eos.
2735 3719 2871 3774 quos
2919 3703 3019 3773 ipsi
3061 3719 3158 3758 sua
3201 3703 3537 3758 institutione
3579 3703 3976 3772 generaverint.

2387 3797 2623 3866 Mihique
2653 3797 2756 3852 hoc
2779 3836 2794 3861 ,
2845 3795 2948 3850 etsi
2998 3810 3107 3849 non
3156 3795 3298 3850 inter
3325 3795 3504 3850 omnia
3524 3835 3540 3861 ,
3567 3801 3719 3850 certe
3745 3794 3830 3850 vel
3857 3804 3979 3865 post

2387 3889 2566 3944 omnia
2595 3889 2904 3943 misericors
2934 3887 3084 3941 Deus
3123 3887 3356 3952 tribuat,
3387 3894 3447 3951 ut
3472 3887 3566 3956 qui
3593 3885 3809 3942 fuerunt
3836 3882 3863 3924 ά
3891 3885 3976 3941 di-

2386 3983 2577 4053 scipuli
2626 3982 2898 4051 quondam
2946 3981 3090 4045 mei,
3143 3982 3252 4036 sint
3296 3996 3440 4036 nunc
3463 3980 3707 4051 quotidie
3735 3988 3976 4037 oratores

2387 4073 2513 4127 mei.
2557 4071 2815 4155 Valenmi
2842 4070 3091 4127 dominus
3118 4079 3175 4126 et
3202 4071 3375 4127 dulcis
3403 4085 3575 4127 meus.

1867 4195 2206 4252 STEPHANI
2247 4198 2520 4256 BALUZII
2558 4197 2786 4254 ΝΟΤίΕ.

763 4322 787 4351 ο
804 4312 881 4367 Ita
900 4320 1052 4367 vetus
1061 4312 1231 4367 codex
1247 4311 1557 4366 monasterii
1570 4310 1933 4376 Corbciensis,
1953 4311 2008 4364 in
2031 4327 2138 4376 quo
2153 4329 2280 4369 con-

691 4386 928 4452 tinentur
936 4380 1109 4451 Opera
1126 4381 1374 4452 Eucherii
1390 4381 1758 4452 Lugdunensis
1768 4382 2026 4452 episcopi.
2044 4380 2282 4440 Pithwus

690 4454 856 4508 edidit
871 4471 883 4504 :
906 4451 1128 4506 Domino
1142 4461 1191 4505 et
1203 4451 1338 4505 dulci
1350 4468 1442 4506 suo
1455 4451 1712 4506 Eucherio
1724 4451 2253 4521 episcopoZSalrianus
2263 4495 2275 4509 .

693 4523 916 4589 Reliqua
937 4521 1090 4592 istius
1104 4521 1358 4592 epistolae
1385 4522 1667 4592 emendata
1690 4520 1813 4575 sunt
1842 4520 1908 4575 ad
1951 4520 2107 4592 fidem
2137 4523 2280 4592 ejus-

689 4591 811 4646 dem
831 4588 1054 4645 icodicis
1095 4588 1451 4658 Corbcicnsis,
1479 4591 1570 4658 qui
1609 4606 1748 4645 nunc
1776 4599 1951 4645 exstat
1981 4588 2197 4649 Parisiis
2224 4595 2276 4649 in

691 4659 1010 4715 bibliotheca
1041 4658 1221 4713 Sancti
1251 4657 1513 4714 Germani
1528 4658 1596 4715 de
1620 4658 1810 4714 Pratis.

763 4728 789 4767 δ
819 4728 1022 4784 Salonii
1050 4729 1296 4784 videlicet
1315 4737 1371 4784 et
1397 4729 1612 4785 Verani.

766 4811 787 4879 ξι
813 4798 930 4879 lion
958 4806 1088 4879 puto
1127 4814 1221 4853 eos
1250 4807 1367 4879 tum_
1407 4799 1568 4856 fuisse
1596 4800 2046 4879 episcopos._Non
2075 4802 2278 4879 diceret

690 4869 1117 4940 enimSalvianus
1128 4884 1222 4923 eos
1232 4869 1458 4939 cmpisse
1468 4885 1586 4924 esse
1597 4869 1881 4940 magistros
1893 4870 2271 4939 Ecclesiarum,

689 4941 781 4997 sed
817 4939 1042 4994 dixisset
1082 4938 1194 5010 jam
1232 4938 1349 5010 esse
1390 4938 1708 5010 magistros;
1732 4942 1863 4997 Nam
1899 4938 2272 5010 magistrorum

689 5011 943 5068 Ecclesiae
990 5009 1828 5083 appellatio__primmn‘pertinet
1855 5011 1920 5066 ad
1963 5009 2270 5083 episcopos;

686 5083 782 5138 sed
791 5089 969 5136 tamen
987 5080 1150 5134 etiam
1165 5079 1233 5134 ad
1248 5079 1402 5149 alios,
1425 5079 1770 5149 utrgcolligitur
1784 5097 1850 5137 ex
1861 5079 2273 5138 commonitorio

687 5151 954 5206 Vincentii
978 5149 1290 5205 Lirinensis.
1323 5148 1725 5205 Unde‘Julianus
1747 5150 2026 5206 Pomerius
2047 5153 2205 5206 inlib.
2233 5168 2269 5208 ιι

687 5220 755 5290 de
769 5221 888 5274 Vita
913 5221 1205 5290 contempl.
1230 5235 1348 5290 cap.
1369 5217 1405 5271 2
1427 5236 1438 5270 :
1462 5217 1546 5273 Ea
1565 5237 1684 5274 vera
1704 5237 1812 5275 esse
1833 5221 2020 5275 divinis
2042 5224 2270 5276 testimo-

688 5289 786 5340 niis
810 5291 1036 5360 conabor
1053 5289 1414 5360 ostenderegisi
1435 5292 1577 5360 prius
1597 5306 1761 5360 pauca
1783 5290 1845 5343 de
1865 5291 2016 5346 laude
2036 5309 2270 5346 verorum

686 5359 1027 5435 iacerdoturn,
1059 5362 1143 5430 qui
1180 5371 1298 5435 sunt
1325 5359 1680 5435 Ecclesich
1699 5362 2263 5435 magistri,_protulero.

688 5422 1392 5505 Primusigituiimagisterii
1415 5429 1632 5498 gradus,
1665 5438 1724 5505 ut
1756 5422 1856 5498 ego
1877 5422 2096 5505 quidem
2127 5433 2269 5505 arbi-

687 5502 819 5574 tror,
852 5494 950 5574 fuit
972 5494 1323 5574 Ainﬂdiaconis.
1358 5494 1560 5574 Auctor
1593 5494 1736 5574 enim
1765 5494 1852 5574 est
1877 5494 2267 5574 Philostutgius

686 5563 779 5618 lib.
800 5579 855 5618 ιιι
871 5562 1006 5641 Hist.
1022 5563 1249 5641 Eccles,
1267 5583 1387 5641 cap.
1408 5569 1495 5634 i7,
1519 5568 1801 5641 Leontium
1825 5569 2122 5625 Antiochia:
2148 5562 2267 5641 cpi-

685 5649 907 5714 scopum
928 5631 1144 5714 factum,
1154 5631 1858 5714 discipulum'sllumActium
1869 5631 2264 5714 designasse-ad

685 5701 928 5780 ordinem
957 5701 1190 5764 diaconi,
1221 5701 1378 5780 eique
1406 5715 1464 5780 ut
1504 5707 1756 5765 Ecclesia:
1803 5701 2051 5780 dogmata
2082 5712 2135 5764 in
2177 5727 2264 5765 ec-

685 5774 846 5851 clesia
867 5773 1087 5851 doceret
1107 5773 1406 5851 mandasse,
1431 5778 1572 5851 hunc
1601 5794 1728 5851 vero
1747 5773 2086 5837 diaconatum
2107 5781 2260 5851 equi-

685 5842 807 5899 dem
859 5845 1132 5914 suscipere
1182 5845 1436 5913 noluisse,
1469 5846 1696 5904 docendi
1725 5856 1903 5909 tamen
1931 5868 2122 5908 munus
2156 5842 2263 5908 ’δίι-

2388 4314 2615 4386 misisse.
2669 4313 2815 4369 Idem
2862 4315 2998 4370 libro
3044 4333 3113 4380 iv,
3147 4331 3267 4386 cap.
3312 4314 3376 4381 3,
3409 4315 3486 4386 ait
3533 4314 3852 4386 Eudoxium,
3885 4317 3976 4386 qui

2388 4384 2965 4456 Leontiosuccesserat
2987 4386 3039 4440 in
3060 4384 3371 4456 episcdpatu
3401 4385 3753 4449 Antiocheno,
3788 4384 3979 4455 Eun—oe

2386 4455 2552 4509 mium
2602 4455 2908 4523 designasse
2953 4457 3019 4510 ad
3063 4457 3436 4522 diaconatum,
3470 4457 3642 4526 ipsum
3680 4471 3825 4526 vero,
3863 4473 3971 4512 non

2384 4527 2680 4596 suscepisse
2726 4526 3077 4596 ministerium
3121 4525 3430 4595 priusquam
3471 4525 3734 4596 accurate,
3763 4525 3832 4580 ad
3879 4527 3975 4582 do-

2383 4595 2609 4666 ctrinam
2632 4597 2983 4666 pervenisset.
3007 4595 3084 4649 Ex
3109 4596 3190 4650 his
3210 4596 3422 4652 duobus
3449 4597 3580 4651 locis
3601 4595 3794 4652 confici
3818 4611 3975 4666 posse

2382 4674 2512 4736 puto
2540 4664 2767 4736 docendi
2792 4681 3002 4736 munus,
3032 4674 3220 4736 contra
3261 4681 3423 4734 quam
3447 4666 3648 4736 placuit
3673 4667 3790 4720 viro
3816 4664 3975 4722 docto

2305 4730 2356 4788 D
2381 4730 2598 4789 aflixum
2651 4735 2813 4789 fuisse
2865 4735 3041 4790 officio
3099 4730 3328 4798 diaconi,
3376 4730 3566 4792 sal-tem
3624 4737 3676 4791 in
3737 4736 3976 4793 Ecclesia

2383 4805 2660 4876 orientali.
2686 4803 2814 4876 Nam
2843 4804 2988 4873 quod
3029 4805 3097 4859 ad
3125 4803 3521 4861 Occidentalem
3552 4808 3814 4876 pertinet,
3845 4807 3974 4862 nihil

2382 4875 2558 4947 adhuc
2588 4875 2732 4947 certi
2762 4885 3097 4947 compertum
3141 4877 3335 4947 habeo.
3364 4877 3484 4947 Sed,
3518 4875 3641 4931 cum
3663 4878 3975 4947 antiquitas

2381 4945 2638 5000 diaconos
2664 4945 2826 5016 etiam
2851 4945 3190 5001 constituerit
3219 4947 3271 5000 in
3302 4946 3629 5011 sacerdotio,
3648 4945 3832 5016 colligi
3853 4948 3974 5002 hinc

2384 5030 2488 5086 non
2521 5014 2749 5070 absurde
2790 5023 2980 5086 potest,
3006 5017 3179 5084 majus
3208 5016 3410 5086 aliquid
3437 5017 3599 5072 fuisse
3636 5014 3850 5072 illorum
3894 5018 3972 5071 ol-

2382 5084 2774 5156 ficiumhquam
2822 5084 3482 5156 isimpleitﬂministerium,
3515 5086 3761 5156 adeoque
3812 5087 3971 5141 etiam

2380 5153 2608 5209 docendi
2629 5153 3004 5209 auctoritatem
3032 5155 3137 5210 illis
3163 5156 3326 5211 fuisse
3365 5153 3708 5212 commissam
3748 5173 3855 5212 non
3884 5171 3971 5210 se-

2377 5240 2473 5306 cus
2501 5240 2565 5279 ac
2591 5224 2846 5306 episcopo
2874 5231 2929 5278 et
2958 5226 3294 5301 presbytero,
3331 5243 3440 5283 non
3471 5237 3651 5283 tamen
3681 5227 3797 5282 sine
3819 5226 3970 5295 jussu

2374 5311 2406 5350 e
2448 5310 2560 5350 ιδοο
2603 5311 2636 5349 ι.

2411 5310 2489 5437 βά.
2514 5311 2709 5419 Fderat
2737 5364 2879 5437 enim
2907 5363 3208 5437 Salvianus,
3235 5369 3311 5422 uti
3331 5367 3442 5437 jam
3464 5384 3570 5423 non
3597 5367 3766 5423 semel
3787 5367 3972 5421 obser-

2375 5435 2632 5505 vavimus,
2666 5434 2920 5505 magister
2965 5434 3169 5490 Salonii
3208 5445 3264 5492 et
3291 5434 3518 5503 Verani;
3571 5445 3630 5492 ut
3669 5437 3829 5493 docet
3858 5437 3972 5505 ipse

2375 5504 2832 5577 Salvianus.‘cum
2880 5504 2933 5577 in
2973 5506 3076 5561 hoc
3106 5507 3246 5572 loco,
3289 5514 3404 5577 tum
3431 5508 3596 5562 etiam
3637 5509 3693 5562 in
3743 5504 3971 5577 epistola

2374 5573 2649 5654 sequenti.
2670 5572 2825 5639 Quod
2853 5574 3015 5630 etiam
3032 5583 3271 5654 testatur
3316 5576 3615 5654 Eucherius
3655 5579 3710 5633 in
3742 5572 3970 5654 epistola

2375 5642 2441 5696 ad
2470 5642 2746 5716 Sabinium
2774 5660 2892 5713 qum
2915 5646 3113 5716 prmligi
3130 5647 3281 5716 solet
3298 5649 3687 5716 quaestionibus
3700 5642 3898 5701 veteris
3912 5654 3974 5701 et

2369 5713 2492 5767 novi
2536 5712 2882 5770 Tcstamcnti.
2916 5712 3086 5770 ’ldem'
3115 5712 3425 5770 Gennadius
3466 5718 3535 5772 de
3589 5718 3848 5772 Salviano
3890 5716 3974 5771 lo-

2366 5798 2580 5858 quens;
2625 5783 2874 5854 Magister
2917 5787 3269 5858 episcoporum
3319 5795 3617 5843 sanctorum
3669 5787 3878 5842 Sal'onii
3921 5794 3975 5843 et

2377 5851 2587 5909 Verani.
