4246 6270
379 301 482 358 169
1830 307 1936 364 ΕΡΙ

1985 309 2204 366 ΤΟΙΑΕ.
3535 327 3636 381 170

1985 432 2034 489 Α
2064 436 2204 481 sunt.
2247 425 2356 480 Cur
2382 427 2427 480 is
2454 428 2546 496 qui
2574 430 2809 500 scripsit,
2842 431 2909 487 ad
2937 428 3229 490 Ecclesiam
3257 439 3551 508 scripserit,
3583 454 3636 497 et

2063 523 2242 569 utrum
2283 516 2459 571 alieno
2512 519 2754 586 nomine,
2805 527 2860 574 et
2905 537 2972 575 an
3017 539 3151 578 suo:
3183 526 3363 582 sinon
3393 545 3510 596 suo,
3541 546 3636 585 cur

937 415 1267 474 EPISTOLA
1304 420 1394 475 IX.

971 567 1040 605 AD
1079 567 1356 608 SALONIUI.

451 717 478 745 λ
508 707 734 761 Domino
779 720 841 759 ac
884 705 1193 760 beatissimo
1242 706 1530 776 discipulo,
1576 709 1684 763 lilio
1712 719 1766 764 et
1793 720 1949 781 patri,

371 811 475 868 per
521 797 903 851 institutionem
933 795 1215 865 discipulo,
1247 812 1345 866 per
1374 813 1612 854 amorem
1643 800 1772 867 filio,
1804 802 1829 840 δ
1860 819 1955 872 per

375 890 636 944 honorem
668 889 824 958 patri,
861 898 882 926 ε
911 887 1132 942 Salonio
1161 890 1432 960 episcopo,
1464 890 1760 948 Salvianus.
1795 894 1952 960 Qua:-

376 980 454 1034 ris
482 996 511 1032 a
540 996 645 1040 me,
679 996 710 1034 o
740 981 812 1033 mi
841 978 1058 1044 Saloni,
1092 981 1322 1035 charitas
1351 997 1488 1048 mea,
1520 999 1616 1038 cur
1639 984 1830 1040 libellis
1855 1004 1953 1041 nu-

372 1088 471 1141 per
499 1088 528 1125 a
557 1072 788 1140 quodam
827 1071 985 1140 hujus
1029 1073 1287 1140 temporis
1315 1074 1531 1128 homine
1559 1075 1626 1128 ad
1656 1075 1950 1131 Ecclesiam

365 1163 520 1218 tactis
551 1163 818 1217 Timothei
849 1178 1044 1217 nomen
1080 1164 1386 1232 inscriptum
1415 1165 1500 1218 sit.
1545 1166 1706 1219 Addis
1734 1176 1951 1236 pnetcr—

364 1269 426 1309 ea
456 1253 603 1323 quod
633 1255 735 1308 nisi
762 1253 1025 1307 rationem
1053 1255 1297 1307 vocabuli
1318 1254 1592 1309 evidenter
1611 1272 1944 1326 expressero,

363 1345 490 1399 dum
544 1345 892 1400 nominantur
936 1345 1096 1415 200
1144 1343 1444 1410 Timothei,
1478 1347 1616 1400 inter
1643 1349 1948 1418 apocrypha

364 1435 472 1488 sint
520 1434 750 1488 fortasse
796 1433 1096 1501 reputandi.
1169 1433 1282 1501 Ago
1327 1437 1522 1501 gratias
1568 1445 1728 1505 atque
1777 1437 1947 1492 habeo

366 1527 509 1596 quod
536 1525 604 1580 de
633 1542 719 1579 me
751 1527 821 1578 ita
846 1524 1082 1593 jndicas,
1113 1533 1170 1578 ut
1199 1526 1466 1594 pertinere
1494 1527 1597 1582 hoc
1622 1529 1852 1584 :estimes
1881 1530 1947 1583 ad

369 1614 491 1669 fidei
535 1630 668 1668 mea:
720 1629 904 1668 curam
951 1629 1018 1667 ne
1046 1612 1173 1681 quid
1201 1614 1545 1670 ecclesiastici
1575 1618 1752 1687 operis
1780 1619 1946 1673 vacil-

2062 607 2238 661 alieno
2269 625 2280 659 :
2314 616 2369 662 et
2395 609 2439 662 si
2469 610 2662 686 alieno,
2694 627 2788 665 cur
2817 613 3082 670 Timothei
3113 619 3267 689 201
3298 621 3631 688 potissimum

2061 716 2254 755 nomen
2285 702 2427 770 quod
2463 704 2786 758 scriberetur
2819 706 3059 775 elegerit.
3101 709 3265 776 Igitur
3290 719 3346 763 ut
3373 712 3537 766 libelli
3565 714 3633 767 ad

2059 789 2352 844 Ecclesiam
2381 793 2760 858 scriberentur,
2793 795 2906 850 haec
2934 813 3094 851 causa
3123 808 3220 852 est.
3260 799 3503 870 Scriptor
3521 803 3629 869 ille,

2059 891 2116 935 ut
2145 884 2304 936 etiam
2353 885 2550 953 scripta
2597 885 2713 953 ipsa
2758 894 3038 953 testantur,
3090 889 3250 943 habet
3298 891 3438 946 hunc
3485 893 3536 946 in
3574 909 3632 948 se

2057 977 2257 1030 cultum
2306 986 2465 1045 atque
2495 976 2740 1032 affectum
2789 978 2903 1040 Dei,
2931 988 2988 1033 ut
3016 981 3126 1035 Deo
3159 982 3285 1035 nihil
3315 999 3631 1054 pncponen~

2057 1067 2182 1121 dum
2230 1078 2422 1138 putat,
2471 1069 2760 1124 secundum
2807 1070 2933 1122 illud
2982 1072 3182 1126 scilicet
3222 1073 3432 1128 Domini
3461 1078 3630 1131 nostri

2055 1158 2292 1224 dictum,
2335 1176 2442 1228 quo
2489 1160 2563 1212 ait
2601 1179 2611 1212 :
2647 1159 2746 1222 Qui
2786 1170 2926 1213 amat
2963 1163 3130 1230 ﬁlium
3177 1174 3266 1215 aut
3310 1166 3474 1235 ﬁliam
3515 1170 3628 1243 plus

2055 1266 2206 1320 quam
2236 1267 2332 1310 me,
2367 1267 2466 1302 non
2487 1258 2658 1302 estme
2678 1250 2862 1320 dignus
2891 1250 3106 1320 (Matth.
3139 1269 3190 1317 x,
3224 1253 3334 1322 57).
3377 1255 3629 1320 Quamvis

2053 1339 2250 1393 dictum
2282 1339 2384 1393 hoc
2413 1339 2721 1408 tepidissimi
2753 1356 2815 1393 ac
2844 1341 3278 1408 negligentissimi
3307 1344 3502 1412 quique
3532 1347 3629 1399 ho-

2051 1429 2225 1482 mines
2282 1429 2398 1483 solo
2461 1436 2666 1483 tantum
2715 1431 3100 1499 persecutionis
3149 1441 3390 1503 tempore
3438 1445 3628 1504 putent

2053 1534 2171 1574 esse
2217 1520 2556 1574 servandum.
2601 1520 2762 1585 Quasi
2808 1536 2937 1575 vero
2976 1522 3144 1576 ullum
3173 1525 3390 1579 omnino
3420 1535 3628 1597 tempus

2051 1611 2119 1665 sit
2165 1627 2272 1680 quo
2317 1611 2554 1680 praeferri
2583 1613 2781 1680 aliquid
2812 1613 2922 1667 Deo
2949 1613 3172 1682 debeat;
3206 1625 3296 1670 aut
3323 1619 3413 1685 qui
3442 1634 3626 1688 perse-

369 1704 481 1760 lare
508 1706 850 1775 permittam;
903 1705 1105 1758 scilicet
1156 1713 1213 1758 ut
1257 1720 1344 1759 res
1373 1721 1594 1761 summa:
1620 1708 1949 1764 salubritatis
1978 1725 2026 1785 Β
2051 1703 2284 1757 cutionis
2325 1710 2567 1772 tempore
2609 1703 2981 1772 pretiosiorem
3010 1706 3256 1760 omnibus
3283 1707 3441 1761 rebus
3469 1705 3624 1762 Chri-

368 1813 472 1850 non
503 1799 572 1851 sit
600 1798 822 1851 minoris
852 1797 1007 1866 pretii
1048 1811 1144 1865 per
1170 1798 1439 1866 opinionis
1467 1799 1748 1854 incertum.
1791 1799 1949 1855 Sulli-

369 1906 491 1944 cere
519 1889 697 1958 itaque
738 1887 804 1941 ad
846 1887 1230 1942 excludendam
1267 1889 1480 1958 penitus
1507 1891 1797 1962 apocryphi
1825 1893 1949 1963 styli

373 1980 722 2047 suSpicionem
751 1977 912 2031 etiam
941 1978 1043 2030 hoc
1071 1977 1244 2031 solum
1273 1988 1502 2047 poterat,
1533 1980 1678 2048 quod
1705 1983 1948 2050 superius

379 2067 604 2121 iudicavi
627 2068 788 2122 libros
813 2068 1098 2122 neoterice
1126 2067 1500 2137 disputationis
1518 2085 1653 2136 esse,
1680 2079 1733 2125 et
1760 2087 1790 2126 a
1813 2089 1948 2142 pra:-

379 2159 548 2211 seutis
592 2158 835 2227 temporis
874 2158 1093 2212 homine
1122 2157 1419 2214 divinarum
1451 2175 1628 2214 rerum
1658 2163 1837 2218 studio
1866 2171 1948 2216 at-

375 2264 483 2317 que
510 2264 688 2304 amore
729 2250 1073 2318 conscriptos.
1123 2247 1322 2302 Carent
1361 2251 1502 2304 enim
1533 2253 1824 2324 apocryphi
1854 2269 1946 2307 su-

371 2340 647 2408 spicione,
695 2340 782 2408 qui
830 2350 1193 2406 agnoscuntur
1240 2339 1506 2397 Timothei
1557 2344 1791 2412 apostoli
1837 2360 1944 2399 non

364 2430 543 2484 fuisse.
585 2430 689 2485 Sed
718 2417 939 2499 requirit
979 2430 1202 2485 forsitan
1231 2432 1450 2500 aliquis,
1492 2434 1612 2502 quis
1640 2434 1728 2488 ille
1757 2443 1946 2489 auctor

359 2522 443 2584 sit,
475 2523 519 2576 si
548 2522 823 2592 apostolus
851 2539 958 2576 non
987 2531 1090 2587 est,
1123 2530 1177 2577 et
1206 2531 1379 2577 utrum
1401 2539 1555 2578 suum
1594 2525 1788 2579 libellis
1814 2526 1942 2595 ipsis

356 2627 423 2665 an
470 2613 706 2668 alienum
756 2627 953 2668 nomen
1001 2613 1349 2683 inscripserit.
1393 2614 1591 2668 Verum
1623 2624 1722 2670 est.
1758 2617 1945 2671 Potest

354 2701 482 2758 hoc.
501 2705 722 2773 quidem
769 2705 957 2773 quaeri.
1017 2703 1086 2757 Et
1114 2713 1258 2757 recte
1287 2705 1563 2771 quaeritur,
1596 2707 1640 2759 si
1669 2707 1941 2775 inquisitio

352 2798 495 2856 valet
525 2798 592 2857 ad
623 2797 855 2857 fructum
893 2798 1124 2870 aliQuenl
1151 2813 1450 2870 pervenire.
1493 2797 1754 2853 Ctrterum
1783 2800 1830 2855 si
1857 2801 1940 2855 in-

352 2895 635 2950 fructuosa
665 2904 776 2958 est,
807 2895 936 2961 quid
965 2909 1184 2947 necesse
1212 2902 1295 2946 est
1322 2901 1379 2945 ut
1407 2893 1614 2945 laboret
1641 2895 1936 2960 curiositas,

354 3001 482 3038 cum
531 2983 834 3052 profectum
881 2983 1204 3037 curiositatis
1250 2996 1355 3034 non
1393 2983 1463 3036 sit
1491 2983 1731 3038 habitura
1759 2985 1940 3051 cogni-

359 3073 482 3126 tio?
513 3072 571 3125 ln
602 3072 748 3126 omni
779 3072 920 3125 enim
961 3071 1226 3125 volumine
1255 3071 1527 3141 profectus
1553 3073 1720 3140 magis
1745 3075 1937 3142 qumri-
1963 3105 2008 3164 Ο

356 3172 451 3218 tur
479 3163 733 3217 lectionis
779 3177 939 3230 quam
989 3160 1015 3198 ἀ
1067 3178 1258 3216 nomen
1310 3164 1562 3217 auctoris.
1620 3163 1685 3216 Et
1730 3165 1849 3219 ideo
1886 3167 1930 3219 si

347 3255 632 3326 profectus
678 3263 760 3308 est
807 3255 860 3307 in
908 3254 1168 3318 lectione,
1199 3264 1250 3309 et
1280 3257 1438 3310 habet
1466 3255 1704 3324 quisquis
1735 3257 1822 3311 ille
1851 3267 1933 3312 est

344 3344 495 3413 quod
525 3350 705 3414 potest
751 3343 1015 3397 instruere
1061 3343 1291 3398 lecturos
1313 3384 1329 3409 ,
1377 3345 1504 3414 quid
1541 3346 1590 3399 ei
1619 3363 1739 3400 cum
1767 3363 1930 3402 voca-

345 3435 477 3489 bulo
508 3435 653 3505 quod
678 3434 866 3503 juvarc
896 3450 1002 3488 non
1033 3443 1208 3503 potest
1236 3437 1516 3490 curiosos?
1538 3437 1614 3490 Ita
1645 3446 1703 3491 ut
1729 3437 1930 3506 dignis-

344 3528 484 3580 sime
513 3526 636 3580 huic
686 3524 988 3593 inquisitori
1027 3525 1322 3593 angelicum
1352 3527 1476 3580 illud
1505 3527 1891 3596 respondeatur
1917 3549 1928 3583 :

346 3615 590 3670 Patriam
620 3616 805 3687 quaeris
825 3656 840 3680 ,
888 3632 956 3667 an
984 3617 1357 3669 mercenarium
1390 3616 1539 3685 (Tob.
1562 3635 1614 3681 v,
1648 3618 1772 3689 l7)?
1797 3618 1932 3674 Cum

347 3710 492 3762 enim
543 3709 718 3762 nullus
763 3707 1036 3778 profectus
1062 3708 1132 3762 sit
1161 3709 1213 3762 in
1243 3710 1488 3776 nomine;
1519 3713 1607 3780 qui
1637 3712 1932 3782 profectum

344 3799 405 3852 in
435 3799 649 3870 scriptis
679 3799 903 3863 invenit,
933 3798 1201 3869 superﬂue
1229 3816 1422 3854 nomen
1453 3803 1729 3872 scriptoris
1757 3805 1931 3873 inqui-

349 3891 446 3945 rit.
485 3890 673 3945 Causa:
704 3906 852 3958 ergo,
904 3900 960 3944 ut
1008 3890 1156 3956 dixi,
1205 3891 1306 3945 ista
1343 3892 1628 3947 sulliciunt.
1671 3893 1775 3948 Sed
1804 3895 1929 3962 quia

351 3980 474 4044 tibi,
506 3996 540 4034 o
584 3982 658 4034 mi
705 3981 912 4046 Saloni,
939 3981 1104 4036 decus
1149 3989 1388 4036 nostrum
1430 3989 1590 4052 atque
1617 3984 1927 4048 subsidium,

348 4084 557 4137 negare
585 4069 714 4123 nihil
737 4085 1038 4138 possumus,
1068 4069 1334 4124 evidentia
1355 4071 1612 4126 dicemus.
1657 4072 1781 4126 Tria
1809 4081 1932 4126 sunt

345 4175 477 4230 qua:
506 4161 560 4214 in
589 4159 779 4214 libellis
815 4160 927 4214 istis
964 4160 1030 4214 de
1070 4161 1260 4229 quibus
1289 4161 1576 4230 loquimur,
1609 4164 1772 4229 qureri
1803 4179 1930 4232 pos-

2051 1800 2193 1846 stnm
2241 1793 2438 1846 habere
2483 1793 2680 1857 debet,
2721 1793 2927 1862 reliquo
2973 1796 3119 1849 omni
3160 1804 3400 1866 tempore
3428 1799 3625 1854 habere

2050 1883 2244 1938 debeat
2275 1885 2532 1939 viliorem.
2595 1885 2747 1951 Quod
2785 1887 2829 1941 si
2858 1889 2930 1941 ita
2961 1894 3070 1954 es’t,
3113 1905 3350 1946 amorem
3380 1892 3474 1947 Dei
3502 1909 3624 1962 per—

2049 1975 2309 2030 secutioni
2357 1975 2667 2030 debebimus
2691 2018 2704 2042 ,
2738 1992 2843 2031 non
2873 1976 3021 2044 fidei;
3054 1988 3108 2033 et
3139 1988 3262 2034 tunc
3291 1989 3497 2036 tantum
3527 1999 3623 2053 po-

2051 2067 2269 2120 terimus
2296 2068 2510 2136 quando
2539 2084 2637 2122 uos
2664 2069 2810 2138 impii
2839 2081 3223 2140 persequentur
3249 2092 3259 2125 :
3293 2091 3412 2128 cum
3437 2077 3621 2145 utique

2048 2167 2140 2212 aut
2209 2160 2466 2228 majorem
2533 2170 2624 2215 aut
2670 2171 2816 2216 certe
2864 2179 2970 2217 non
3017 2164 3277 2220 minorem
3325 2169 3622 2236 tranquillis

2047 2263 2209 2316 quam
2269 2251 2472 2318 asperis
2525 2251 2684 2306 rebus
2741 2251 2987 2306 affectum
3034 2253 3260 2309 Domino
3311 2256 3615 2315 debeamus.

2048 2337 2182 2404 Quia
2223 2347 2278 2393 et
2321 2341 2423 2395 hoc
2453 2341 2569 2410 ipso
2599 2358 2630 2395 a
2657 2343 2812 2397 nobis
2841 2347 2959 2412 plus
2984 2344 3143 2400 debet
3171 2346 3335 2414 diligi,
3367 2349 3493 2416 quia
3523 2365 3620 2404 nos

2045 2445 2077 2483 a
2106 2431 2261 2485 malis
2291 2448 2398 2486 non
2427 2433 2629 2502 patitur
2679 2433 2871 2503 afﬂigi;
2905 2436 3229 2504 indulgentia
3259 2439 3459 2495 scilicet
3486 2441 3616 2510 piis-

2046 2519 2166 2572 simi
2195 2529 2248 2574 et
2275 2521 2572 2578 mollissitni
2619 2525 2786 2592 patris
2816 2526 3089 2580 nobiscum
3120 2542 3300 2594 agens,
3332 2530 3422 2597 qui
3451 2533 3620 2599 magis

2044 2611 2159 2665 vult
2186 2627 2285 2666 nos
2334 2614 2387 2666 in
2438 2629 2567 2682 pace
2616 2623 2672 2669 et
2698 2617 2878 2683 quiete
2908 2617 3064 2670 fidem
3093 2627 3328 2672 nostram
3358 2621 3619 2687 religiosis

2044 2703 2298 2771 operibus
2329 2705 2635 2769 ostendere,
2664 2721 2823 2773 quam
2854 2706 2907 2759 in
2936 2708 3304 2775 persecutione
3330 2709 3502 2778 pomis
3522 2727 3619 2765 no-

2041 2802 2275 2853 strorum
2325 2813 2609 2868 corporum
2657 2800 3029 2869 comprobare.
3079 2800 3160 2874 IEt
3188 2801 3308 2856 ideo
3336 2803 3380 2856 si
3411 2810 3538 2858 tunc
3565 2807 3615 2859 ei

2040 2890 2113 2943 nil
2143 2889 2527 2959 prmferendum
2557 2900 2639 2945 est
2665 2891 2880 2959 quando
2909 2891 3185 2946 nobiscum
3213 2909 3402 2963 aspere
3421 2896 3612 2963 agitur,

2040 2998 2108 3038 ne
2137 2989 2264 3037 tunc
2289 2982 2504 3060 quidem
2532 2981 2768 3052 pra3ferri
2797 2981 2952 3036 debet
2982 2984 3196 3051 quando
3216 3001 3313 3054 per
3339 2987 3613 3055 indulgen-

2041 3075 2168 3128 tiam
2199 3075 2316 3144 plus
2343 3083 2598 3128 meretur.
2640 3073 2744 3128 Sed
2773 3074 2885 3128 haec
2913 3075 3004 3128 alii
3031 3078 3260 3147 tempori
3287 3080 3455 3147 magis
3483 3096 3613 3135 con-

2039 3174 2252 3232 gruunt.
2313 3165 2463 3220 Nunc
2508 3164 2652 3234 quod
2697 3165 2956 3236 capimus
3003 3182 3374 3238 exsequamur.
3416 3169 3612 3226 Videas

2039 3255 2198 3324 igitur
2241 3257 2467 3327 scriptor
2513 3259 2601 3313 ille
2640 3273 2798 3327 quem
2828 3257 3058 3314 diximus
3084 3275 3271 3329 graves
3299 3267 3460 3330 atque
3487 3264 3616 3317 mul-

2040 3347 2246 3416 tiplices
2281 3346 2703 3404 Christianorum
2738 3366 2878 3422 pene
2918 3353 3154 3408 omnium
3184 3355 3420 3421 morbos,
3451 3363 3613 3423 atque

2041 3450 2071 3489 a
2102 3439 2309 3493 cunctis
2339 3441 2390 3493 in
2420 3439 2657 3495 Ecclesia
2687 3445 2874 3511 positis
2898 3460 3006 3498 non
3035 3446 3205 3500 solum
3237 3462 3342 3501 non
3365 3448 3613 3516 postponi

2041 3529 2218 3582 omnia
2266 3529 2410 3594 Deo,
2444 3523 2537 3585 sed
2595 3548 2762 3600 prope
2807 3541 3001 3588 cuncta
3046 3537 3302 3603 praaponi.
3347 3537 3518 3606 (Nam
3559 3546 3615 3592 et

2038 3619 2233 3673 ebriosi
2281 3622 2332 3674 in
2379 3623 2726 3675 ebrietatibus
2772 3623 2937 3678 Deum
2981 3639 3234 3691 spernere
3261 3625 3526 3691 videntur,
3558 3637 3614 3680 et

2038 3710 2214 3779 cupidi
2266 3711 2318 3762 in
2367 3711 2656 3778 cupiditate
2677 3750 2691 3773 ,
2742 3719 2797 3764 et
2825 3711 3075 3779 impudici
3104 3713 3155 3764 in
3185 3713 3419 3778 libidine,
3451 3716 3610 3788 202

2038 3806 2093 3853 et
2121 3799 2324 3852 cruenti
2372 3799 2425 3851 in
2480 3797 2827 3864 crudelitate,
2879 3807 2935 3852 et
2979 3800 3032 3852 in
3079 3800 3162 3854 his
3202 3803 3446 3856 omnibus
3474 3820 3612 3874 pene

2039 3905 2261 3946 omnes:
2303 3897 2462 3959 atque
2504 3891 2605 3945 hoc
2633 3905 2698 3943 eo
2727 3891 2956 3958 gravius,
2987 3890 3131 3959 quod
3163 3907 3267 3944 non
3297 3893 3469 3946 solum
3499 3896 3612 3950 haec

2037 3997 2134 4052 per
2149 3981 2323 4036 scelus
2341 3980 2730 4035 atrocissimum
2751 3979 2842 4034 diu
2866 3978 3234 4046 admittuntur,
3252 3980 3344 4035 sed
3375 3996 3440 4036 ne
3464 3991 3610 4050 post.

2038 4088 2100 4127 ea
2146 4073 2364 4141 quidem
2409 4087 2507 4141 per
2546 4071 2915 4140 paenitentiam
2961 4071 3331 4140 corriguntur;
3379 4073 3609 4128 maxime

2040 4177 2162 4216 cum
2189 4163 2351 4216 etiam
2382 4163 2433 4214 in
2462 4162 2544 4216 his
2563 4163 2654 4230 qui
2675 4162 2995 4223 omnitentes
3012 4177 3131 4217 esse
3159 4163 3423 4231 dicuntur,
3460 4175 3482 4204 ο
3512 4181 3611 4221 no-

1519 4251 1853 4306 STEPHANI
1891 4250 2160 4306 BALUZII
2196 4251 2424 4307 NOTIE.

436 4355 462 4384 ⁸
500 4345 629 4400 Haec
658 4343 952 4414 inscriptio,
974 4361 1092 4414 quae
1132 4345 1284 4400 deest
1323 4345 1376 4397 in
1416 4345 1534 4397 aliis
1563 4344 1896 4414 editionibus
1920 4385 1934 4409 ,

340 4425 561 4485 sumpta
590 4422 673 4469 est
705 4430 770 4468 ex
791 4413 1097 4484 pervetusto
1126 4415 1309 4470 codice
1335 4429 1435 4467 ms.
1468 4413 1803 4485 bibliotheca:
1833 4415 1936 4468 Re-

341 4481 549 4556 giam-iu
579 4500 686 4556 quo
704 4481 1203 4556 continenturlibri
1253 4492 1486 4556 quatuor
1528 4481 1782 4556 adversus
1811 4499 1936 4556 avus

340 4552 550 4635 filiam.
569 4552 823 4635 Similem
861 4553 1036 4608 Strabi
1063 4553 1342 4635 Fuldensis
1371 4552 1694 4635 epigraphen
1728 4571 1796 4635 ex
1823 4554 1935 4635 epi-_-
1964 4552 2010 4611 D
2037 4555 2343 4635 Hieronymi
2373 4555 2439 4609 de
2465 4555 2738 4635 episcopis
2780 4572 2791 4607 :

336 4625 486 4681 stola
519 4625 586 4678 ad
614 4623 924 4692 Gerungum
965 4639 1066 4678 nos
1106 4624 1232 4678 olim
1272 4623 1546 4676 attulimus
1586 4623 1639 4675 in
1685 4625 1824 4678 notis
1869 4623 1933 4677 ad

333 4695 631 4773 epistolam
659 4695 922 4773 decimam
955 4693 1094 4773 _Lup_i
1126 4692 1514 4773 Ferrarieusis.
1543 4692 1682 4773 JNop
1723 4702 1934 4748 exstare

332 4763 524 4819 autem
555 4765 714 4818 istam
736 4763 970 4817 Salviani
1000 4763 1288 4822 epistolam
1310 4764 1360 4816 in
1379 4763 1739 4818 vetustissimo
1755 4779 1935 4818 exem-

330 4835 481 4906 plari
511 4849 612 4906 s_uo
637 4833 917 4906 admonuit
945 4831 1204 4906 Pithoeus.
1238 4831 1411 4906 Porro
1439 4849 1559 4888 cum
1583 4847 1647 4906 ea
1674 4833 1932 4906 hactenus

333 4901 490 4958 edita
521 4903 685 4956 fuerit
709 4903 764 4955 in
792 4901 968 4956 fronte
1007 4903 1266 4958 librorum
1305 4902 1559 4957 adversus
1605 4901 1892 4957 Avaritiam
1915 4944 1929 4967 ,

335 4975 466 5027 vice
512 4970 873 5040 prmfationis,
914 4987 1015 5026 nos
1054 4988 1173 5027 eam
1222 4971 1289 5026 ad
1333 4972 1526 5026 librum
1573 4971 1928 5041 Epistolarum

337 5049 634 5097 censentes
656 5043 928 5110 pertinere
956 5041 1173 5109 debere,
1204 5043 1271 5096 ab
1298 5057 1364 5097 eo
1392 5041 1511 5097 loco
1533 5042 1675 5096 illam
1721 5041 1925 5097 amovi-

336 5127 508 5192 mus,
525 5117 580 5192 et
607 5112 744 5192 inter
763 5112 1020 5192 epistolas
1040 5111 1395 5192 reposuimus.

416 5180 448 5219 δ
489 5178 616 5251 ideo
636 5178 882 5235 Salonius
911 5178 1144 5251 Salviani
1179 5190 1332 5251 pater
1369 5189 1484 5236 erat
1521 5197 1619 5250 per
1645 5182 1927 5246 honorem,

331 5251 474 5330 quia
507 5250 789 5330 episcopus
817 5258 953 5330 erat.
980 5250 1228 5330 Episcopi
1258 5251 1420 5330 enim
1443 5265 1539 5318 per
1563 5251 1679 5330 illas
1729 5260 1932 5330 tempe-

328 5317 517 5375 states
537 5317 806 5374 inferioris
833 5317 1042 5390 ordinis
1065 5317 1290 5375 clericos
1313 5361 1348 5390 ,ί
1373 5317 1532 5386 atque
1561 5320 1694 5390 adeo
1722 5317 1937 5390 presby-

331 5400 522 5453 teros,
555 5397 613 5442 ut
662 5390 950 5458 plurimum
1000 5389 1135 5444 filios
1182 5389 1538 5459 appellabant.
1583 5388 1936 5459 llierOuymus

331 5406 522 5453 teras,
555 5406 613 5442 ut
662 5406 950 5458 plurimum
1000 5406 1135 5444 unos
1182 5406 1246 5459 ap
1287 5406 1538 5444 euanant.
1583 5406 1778 5443 merou
1804 5406 1932 5442 'mus

326 5459 648 5527 Augustino
680 5479 692 5511 :
729 5459 989 5529 Vater,rmi
1018 5461 1180 5512 amice
1216 5406 1532 5522 cliarissime,
1559 5467 1710 5512 aetate
1737 5406 1833 5529 ﬁli,
1858 5459 1932 5512 di-

323 5533 543 5603 gnitate
577 5545 790 5603 pareas.
831 5528 1477 5603 Sidoniusuhrvernorutn
1527 5528 1806 5603 episcopus
1833 5530 1925 5603 lib.

326 5596 403 5654 ἱνη
431 5596 601 5668 epist.
629 5598 694 5650 17
725 5598 960 5668 loquens
977 5597 1042 5652 de
1070 5598 1308 5668 Victoria
1337 5597 1533 5652 comite
1563 5596 1578 5649 ':
1616 5596 1773 5661 Quem
1815 5599 1932 5668 jure

323 5667 585 5726 woulari
607 5677 902 5738 patronum,
932 5667 1419 5738 jure_ecclesiastico
1445 5668 1641 5738 ﬁlium,
1676 5667 1852 5722 excolo
1879 5676 1936 5720 ut

322 5743 530 5808 cliens,
560 5735 618 5791 ut
638 5746 787 5808 pater
827 5735 1006 5810 diligo.
1048 5735 1402 5792 Cassiodorus
1446 5735 1505 5791 in
1549 5738 1742 5808 psalm.
1783 5754 1868 5794 cux
1920 5756 1939 5793 ;

634 5831 905 5894 Pauor“
954 5827 1115 5888 Lill.

2046 4347 2194 4410 Quod
2220 4347 2455 4418 etiamin
2481 4346 2576 4418 hac
2597 4354 2775 4398 nostra
2803 4348 3185 4400 conversatione
3207 4347 3455 4418 hodieque
3487 4369 3610 4406 cou-

2044 4419 2212 4487 tingit,
2237 4425 2292 4468 ut
2319 4416 2457 4485 ﬁlius
2479 4417 2748 4487 episcopus
2786 4418 2971 4487 factus,
3003 4418 3165 4486 patris
3192 4419 3269 4487 sui
3291 4416 3436 4486 pater
3468 4437 3611 4475 vose-

2043 4484 2142 4550 tur,
2173 4501 2273 4538 non
2303 4484 2546 4540 nascendi
2576 4484 2793 4550 ordine,
2819 4485 2908 4538 sed
2935 4484 3141 4540 honore.
3193 4484 3326 4540 Hinc
3373 4489 3461 4542 illa
3503 4507 3606 4546 vox

2834 4554 3160 4609 Meminerint
3191 4574 3246 4609 se
3281 4568 3452 4626 patres
3479 4578 3608 4627 esse,

2037 4643 2140 4680 non
2171 4623 2422 4702 dominos.
2449 4623 2774 4702 Angustinus
2811 4632 2989 4702 tamen
3027 4623 3309 4702 episcopus
3350 4623 3612 4702 llierony-l

2037 4711 2180 4749 mum
2203 4695 2570 4774 presbyterum
2599 4693 2832 4774 appellat
2863 4692 3110 4773 fratrem.
3160 4692 3276 4749 Jam
3317 4705 3426 4774 tum
3469 4692 3609 4754 enim

2037 4763 2310 4838 receptum
2340 4763 2456 4817 erat
2483 4763 2768 4838 discrimen
2792 4763 3162 4838 episcoporum
3192 4773 3245 4819 et
3271 4769 3614 4838 presbytero-

2035 4830 2178 4888 rum:
2207 4830 2512 4907 Quanquam
2533 4835 2688 4907 enim,
2721 4830 2893 4907 inquit
2915 4830 3237 4907 Augustinus
3257 4830 3321 4907 ad
3351 4830 3610 4907 lliérony—

2037 4919 2182 4986 mum
2210 4903 2466 4983 scribens,
2498 4905 2776 4986 secundum
2797 4903 3044 4984 {tonorum
3073 4905 3314 4986 voeabula
3360 4921 3473 4986 qua:
3491 4903 3606 4985 jam

2037 4971 2287 5026 Ecclesia:
2317 4988 2438 5026 usus
2471 4971 2712 5044 obtinuit,
2743 4974 3061 5044 episcopatus
3103 4971 3416 5044 presbyterio
3440 4971 3609 5042 major

2031 5044 2118 5106 sit,
2151 5050 2320 5095 tamen
2349 5044 2402 5096 in
2434 5042 2608 5096 multis
2637 5041 2786 5097 rebus
2806 5041 3122 5114 Augustinus
3162 5041 3480 5110 Hieronymo
3507 5041 3606 5095 tm"-

2031 5129 2128 5166 nor
2153 5120 2246 5164 est.

2110 5191 2142 5256 ο,
2173 5179 2480 5256 Vide_notas
2507 5182 2575 5256 ad
2602 5183 2967 5256 praefationem
2990 5179 3241 5256 librorum
3275 5175 3364 5256 de
3395 5177 3606 5256 Guber-

2035 5250 2407 5331 nation-anei2
2431 5259 2486 5304 et
2513 5244 2853 5308 Sirinondum
2903 5250 2956 5300 in
2995 5246 3137 5300 notis
3162 5244 3230 5299 ad
3275 5244 3462 5304 Sidon.
3510 5251 3604 5306 lib.

2035 5319 2460 5469 Πιᾶῗξὲιέζίἐιῗὺε
2488 5389 2668 5469 collat.
2690 5387 2757 5439 28
2785 5400 2904 5469 cap.
2937 5383 2962 5437 l
2991 5385 3072 5469 ait
3098 5400 3313 5469 omnem
3341 5390 3607 5469 dictorum

2037 5460 2288 5514 vacillare
2330 5458 2700 5512 auctoritatem
2754 5458 2798 5508 si
2829 5458 3054 5510 dicentis
3095 5458 3341 5514 meritum
3389 5464 3604 5518 subtra-

2035 5529 2212 5584 batur.

2113 5609 2134 5635 ε
2167 5599 2244 5651 lla
2276 5596 2493 5666 omnino
2522 5591 2690 5666 codex
2720 5593 2914 5666 regius.
2949 5594 3054 5651 Pro
3082 5614 3190 5666 quo
3212 5598 3405 5656 Pithmi
3439 5600 3603 5653 editio

2039 5669 2229 5738 habuit
2261 5684 2288 5738 :_
2314 5663 2514 5738 Nomen
2554 5663 2618 5714 sit
2655 5665 2816 5738 magis
2862 5663 3172 5736 pwnitentia:
3207 5686 3358 5736 quam
3387 5671 3600 5738 fruetus.

2041 5738 2130 5794 Sic
2159 5732 2407 5791 Ruricius
2454 5730 2799 5786 Lemovicum
2834 5730 3076 5791 meorum
3107 5730 3398 5805 cpijcopus'
3429 5737 3504 5788 ait
3549 5739 3611 5794 in

3260 5828 3308 5884 6
