4234 6262
579 322 585 326 ’
633 349 730 413 tu

1574 343 1629 398 S.
1670 341 1979 397 SALVIANI
2020 334 2479 395 MASSILIENSIS
2516 337 2940 395 PRESBYTER!

629 481 751 521 men
797 462 869 523 sit
911 459 1082 528 magis
1123 457 1437 528 pmnitentia
1473 456 1589 527 ipsa
1618 474 1780 526 quam
1810 457 2010 512 fructus
2035 475 2047 509 :
2077 456 2204 525 quia
2231 455 2277 514 Α
2306 455 2431 511 licet
2455 472 2561 511 una
2589 458 2661 512 sit
2701 473 2863 513 causa
2912 457 3171 524 maxima;
3219 458 3398 514 multa:
3424 464 3623 526 tamen,
3653 466 3716 513 ut
3740 474 3887 526 reor,
3951 482 3962 493 ο

598 572 601 573 ⁷
627 571 817 630 parum
844 561 971 609 sunt
998 567 1179 608 rerum
1205 550 1464 608 vocabula
1496 550 1641 619 ipsas
1679 564 1768 604 res
1797 564 1905 603 non
1930 546 2203 612 habentia,

627 658 683 704 et
710 647 838 702 nihil
884 646 1143 707 virtutum
1184 644 1346 700 verba
1391 642 1507 697 sine
1535 639 1753 707 viribus.
1804 637 2026 693 Plurimi
2053 652 2205 709 nam-

525 724 532 731 ’
626 754 732 809 que
760 754 823 795 ac
848 752 990 809 pene
1012 737 1209 802 cuncti,
1240 743 1295 790 et
1320 747 1498 789 rerum
1525 730 1891 795 abundantes,
1923 738 1979 785 et
2003 728 2205 785 conscii

625 832 911 887 criminum
936 845 1000 885 ac
1037 827 1355 898 ﬂagition
1383 839 1602 879 suorum
1621 862 1636 888 ,
1670 838 1777 879 non
1804 821 1970 878 modo
1995 837 2059 877 ea
2085 835 2205 892 qua;

631 921 980 987 admiserunt,
1015 929 1042 958 ι
1063 914 1426 985 exomologesi
1474 928 1539 970 ac
1584 911 1968 975 satisfactione,
1999 912 2096 967 sed
2137 924 2206 965 ne

627 1012 733 1069 hoc
777 1013 989 1083 quidem
1022 1008 1185 1093 \qnod
1233 1007 1540 1062 facillimum
1588 1012 1691 1072 est,
1742 1005 1897 1065 donis
1925 1005 2113 1060 saltem
2141 1018 2206 1058 ac

627 1103 1013 1162 misericordiis
1057 1099 1319 1156 redimere
1347 1097 1632 1166 dignantur
1659 1116 1671 1150 :
1705 1104 1866 1167 atque
1895 1111 1999 1151 non
2029 1095 2203 1151 solum

628 1199 684 1255 id
711 1198 765 1253 in
791 1194 1063 1267 prosperis
1108 1192 1383 1260 negligunt
1404 1232 1418 1256 ,
1471 1190 1564 1245 sed
1602 1190 1747 1260 quod
1775 1190 1999 1245 multum
2026 1186 2201 1243 irreli-

629 1290 864 1359 giosius,
916 1287 967 1339 in
1016 1283 1286 1349 adversis;
1339 1297 1446 1336 non
1491 1282 1663 1336 solum
1723 1281 2022 1336 incolumes
2044 1318 2060 1345 ,
2109 1277 2203 1334 sed

627 1380 785 1435 etiam
814 1375 1140 1431 deﬁcientes.
1184 1373 1355 1428 Tanta
1382 1372 1725 1428 incredulitas
1743 1378 1825 1425 est
1846 1369 2121 1425 hominum
2151 1373 2205 1420 et

625 1458 736 1528 tam
781 1468 958 1536 gravis
1002 1464 1296 1521 inﬁdelium
1341 1464 1567 1531 languor
1615 1463 1911 1517 animarum
1936 1500 1951 1525 ,
1994 1467 2053 1513 ut
2080 1473 2201 1513 cum

624 1560 779 1617 multi
806 1558 1065 1613 maximas
1094 1570 1225 1626 opes
1252 1555 1552 1611 hacredibus
1570 1594 1585 1620 ,
1615 1553 1881 1608 interdum
1912 1552 2073 1606 etiam
2103 1566 2200 1605 ex-

623 1651 825 1707 traneis
870 1648 1275 1718 derelinquant;
1324 1646 1429 1701 hoc
1456 1646 1628 1700 solum
1672 1659 1731 1698 se
1758 1650 1949 1714 putant
1975 1643 2202 1714 perdere

624 1741 769 1815 quod
815 1755 912 1810 pro
959 1753 1055 1808 spe
1100 1754 1196 1793 sua
1245 1736 1491 1792 dederint
1535 1751 1597 1790 ac
1639 1735 1828 1790 salute.
1889 1732 1958 1787 Et
1983 1732 2199 1809 quidem

2308 564 2428 604 esse
2474 556 2783 619 potuerunt.
2844 548 2920 609 Ac
3181 549 3271 623 illa
3315 550 3536 606 veniens
3572 566 3603 604 a
3631 550 3886 607 mandato

2307 638 2442 704 Dei,
2489 654 2597 708 quo
2643 626 2980 709 praecipimur
3024 639 3197 694 vitare
3236 641 3483 695 omnibus
3510 639 3685 695 modis
3712 649 3885 695 terre-

2305 728 2432 787 stris
2458 729 2645 798 gloria
2684 728 3004 795 vanitatem;
3054 743 3123 785 ne
3148 729 3274 785 dum
3300 730 3559 786 humanm.
3570 729 3745 787 laudis
3772 730 3888 785 ina-

2308 834 2432 876 nem
2461 820 2701 879 annuam
2743 820 3049 890 miserimus,
3098 821 3375 891 praemium
3421 823 3642 878 anleste
3689 823 3885 892 perda-

2307 924 2447 971 mus.
2489 908 2569 965 Ex
2607 924 2715 979 quo
2763 910 2927 966 etiam
2965 910 3095 967 illud
3123 920 3206 967 est
3231 902 3376 980 quod
3400 920 3455 966 et
3479 913 3625 968 orari
3652 913 3795 973 Deus
3832 922 3888 969 et

2305 1002 2494 1063 donari
2540 1003 2717 1059 oculte
2756 1003 2982 1072 jubens,
3030 1004 3144 1061 vult
3171 1019 3268 1059 nos
3294 1004 3525 1060 fructum
3550 1005 3680 1060 beni
3708 1006 3885 1076 operis

2305 1096 2682 1153 commendare
2726 1105 2963 1163 secreto;
2992 1098 3120 1168 quia
3160 1098 3304 1153 nulla
3333 1099 3403 1154 sit
3429 1099 3609 1169 major,
3638 1099 3764 1155 ﬁdei
3790 1100 3884 1159 de-

2304 1187 2453 1242 votio
2501 1202 2661 1257 quam
2688 1203 2810 1257 quae
2836 1188 3219 1244 conscientiam
3255 1190 3390 1245 vitat
3417 1190 3691 1245 hominum
3710 1229 3726 1257 ,
3773 1191 3885 1246 Deo

2308 1284 2447 1334 teste
2473 1286 2747 1333 contenta.
2791 1277 3007 1334 Νικίαι
3024 1281 3181 1346 enim,
3206 1281 3378 1349 inquit
3401 1280 3668 1345 Salvator,
3698 1299 3884 1338 manus

2309 1378 2396 1423 tua
2418 1370 2633 1423 sinistra
2653 1368 2777 1441 quid
2804 1370 2967 1440 faciat
2987 1369 3199 1425 dextera
3221 1380 3305 1424 tua
3329 1387 3347 1424 :
3367 1380 3418 1425 et
3443 1371 3606 1436 Patet
3633 1382 3768 1436 tuus,
3798 1375 3883 1445 qui

2305 1459 2442 1514 uidet
2467 1461 2523 1513 in
2564 1458 2834 1525 absconso,
2883 1460 3059 1514 reddet
3099 1460 3190 1514 tibi
3230 1460 3442 1531 (Matth.
3492 1478 3560 1527 γι,
3605 1462 3657 1528 ὅ,
3696 1460 3773 1531 4).
3815 1461 3878 1516 Et

2305 1549 2429 1605 ideo
2474 1550 2724 1619 scriptori
2767 1550 2844 1604 illi
2889 1550 2956 1605 ad
2996 1550 3413 1606 subtrahendum
3441 1566 3474 1607 e
3501 1552 3657 1608 titulo
3686 1568 3881 1619 nomen

2304 1654 2460 1695 suum
2525 1648 2687 1710 atque
2733 1639 3015 1694 celandum
3056 1639 3303 1696 sullicere
3345 1642 3463 1696 haec
3511 1643 3880 1699 tantummodo

2306 1744 2466 1786 causa
2513 1730 2713 1800 potuit;
2761 1738 2819 1785 ut
2844 1731 2989 1799 quod
3026 1732 3079 1786 in
3110 1732 3369 1788 honorem
3397 1732 3609 1788 Domini
3633 1736 3717 1790 sui
3742 1736 3881 1792 tece-

624 1833 767 1890 istud
812 1831 938 1885 licet
985 1829 1039 1883 in
1089 1828 1337 1884 omnibus
1380 1826 1494 1882 fere
1532 1824 1696 1895 grave
1723 1825 1820 1888 sit,
1852 1824 2119 1894 praecipue
2146 1823 2198 1876 in
2231 1827 2279 1887 Β
2302 1832 2426 1887 rat,
2479 1823 2672 1879 divinm
2719 1831 2923 1879 tantum
2967 1826 3310 1882 conscientiae
3338 1838 3667 1894 reservaret,
3714 1838 3770 1886 et
3797 1847 3882 1888 res

625 1926 709 1980 his
755 1932 934 1977 tamen
980 1936 1118 1992 quos
1164 1921 1217 1974 in
1278 1918 1541 1974 consimili
1605 1918 1828 1973 crimine
1872 1914 2201 1970 inﬁdelitatis

624 2014 785 2070 etiam
812 2012 842 2052 δ
871 2011 1133 2082 professio
1160 2009 1458 2065 sanctitatis
1482 2014 1715 2063 accusat.
1755 2005 1861 2062 Sed
1888 2005 2029 2061 idem
2050 2020 2201 2059 mor-

625 2106 725 2161 bus
770 2105 857 2159 hic
903 2118 1009 2157 non
1057 2100 1389 2156 saecularium
1438 2105 1648 2155 tantum
1695 2104 1817 2162 est,
1870 2096 1964 2152 sed
2013 2110 2198 2151 eorum

625 2195 787 2249 etiam
833 2193 924 2260 qui
951 2191 1053 2245 sibi
1099 2205 1293 2245 nomen
1339 2189 1612 2257 religionis
1651 2186 1957 2258 usurpant.)
1987 2185 2054 2239 Et
2080 2187 2201 2240 ideo

623 2285 810 2339 videns
852 2283 941 2336 ille
987 2282 1079 2350 qui
1124 2280 1375 2351 scripsit,
1407 2294 1691 2335 commune
1716 2293 1834 2334 esse
1866 2279 1972 2333 hoc
1999 2277 2199 2331 malum

623 2390 793 2445 prope
818 2373 1206 2437 universorum,
1239 2372 1522 2440 labemque
1549 2371 1689 2426 hanc
1714 2384 1822 2425 non
1861 2369 1928 2423 ad
1955 2369 2201 2425 mundia-

624 2466 703 2520 les
730 2473 934 2518 tantum
964 2463 1244 2528 homines,
1282 2462 1377 2518 sed
1404 2462 1565 2517 etiam
1597 2462 1666 2516 ad
1694 2461 2017 2531 pmnitentes
2039 2466 2200 2528 atque

622 2570 942 2619 conversos,
974 2553 1044 2607 ad
1071 2553 1257 2608 viduas
1283 2566 1498 2622 quoque
1520 2551 1630 2621 jam
1655 2552 2041 2607 continentiam
2071 2565 2199 2620 pro-

619 2644 786 2702 lassas
811 2654 974 2714 atque
1002 2644 1070 2699 ad
1110 2644 1315 2714 puellas
1353 2645 1409 2697 in
1437 2643 1602 2701 sacris
1630 2642 1885 2697 altaribus
1912 2657 2197 2697 consecra-

618 2744 731 2802 tas;
761 2735 1029 2805 quodque,
1078 2743 1138 2790 ut
1185 2735 1261 2788 ita
1288 2734 1514 2793 dixerim
1536 2774 1550 2800 ,
1598 2748 1768 2803 prope
1792 2734 1931 2787 inter
1956 2739 2195 2787 monstra

617 2825 973 2898 reputandum
1002 2832 1104 2892 est,
1134 2824 1201 2879 ad
1228 2824 1420 2880 levitas
1442 2825 1605 2879 etiam
1633 2832 1795 2892 atque
1820 2825 2195 2895 presbyteros;

617 2924 677 2973 et
699 2916 846 2987 quod
872 2917 956 2972 his
1005 2914 1223 2970 feralius
1265 2916 1434 2970 multo
1476 2923 1588 2981 est,
1632 2915 1793 2970 etiam
1823 2914 1890 2969 ad
1920 2914 2200 2985 episcopos

619 3005 930 3076 pervenisse
951 3045 965 3070 ,
1016 3019 1083 3060 ex
1118 3004 1313 3073 quibus
1356 3005 1511 3061 multi
1549 3021 1687 3077 quos
1725 3022 1885 3075 supra
1913 3006 2051 3071 dixi,
2082 3006 2198 3060 sine

620 3093 899 3151 aﬂ‘ectibus
925 3134 941 3159 ,
984 3094 1103 3159 sine
1147 3095 1371 3164 pignore
1393 3134 1409 3159 ,
1469 3111 1577 3150 non
1623 3094 1871 3161 familias,
1900 3095 2061 3167 Μ
2088 3110 2195 3149 non

2303 1914 2783 1975 commendabilior
2810 1914 2922 1970 Deo
2951 1915 3104 1972 ﬁeret
3130 1932 3251 1986 quae
3279 1918 3475 1974 famam
3504 1921 3767 1991 publicam
3795 1923 3882 1978 de-

2305 2005 2544 2060 vitasset.
2604 2004 2710 2063 Sed
2754 2014 2931 2061 tamen
2953 2048 2968 2074 ,
2997 2009 3141 2079 quod
3169 2008 3530 2067 conﬁtendum
3559 2020 3661 2077 est,
3693 2016 3881 2084 praeci-

2302 2111 2469 2167 puum
2518 2096 2659 2149 illud
2693 2097 2824 2163 fuit,
2874 2099 3001 2166 quia
3029 2099 3261 2168 scriptor
3285 2101 3391 2165 ille,
3424 2110 3484 2156 ut
3509 2103 3750 2172 legimus,
3782 2105 3882 2160 hu-

2303 2185 2445 2239 milis
2491 2193 2573 2240 est
2599 2185 2758 2258 ποι
2784 2187 2838 2240 in
2867 2188 3036 2244 oculis
3079 2190 3190 2245 suis
3235 2205 3301 2246 ac
3336 2190 3456 2247 vilis
3480 2193 3598 2260 sibi,
3631 2195 3877 2263 exiguum

2303 2290 2366 2330 se
2389 2276 2603 2345 penitus
2630 2285 2791 2345 atque
2821 2278 3068 2333 ultimum
3096 2288 3320 2350 putans,
3353 2290 3409 2337 et
3432 2283 3564 2349 hoc,
3588 2284 3733 2354 quod
3764 2301 3879 2343 ma-

2298 2367 2388 2437 jus
2415 2376 2516 2433 est,
2550 2369 2684 2424 mira
2706 2367 2809 2421 ﬁde
2833 2387 2847 2421 :
2881 2385 2987 2423 non
3017 2369 3194 2427 ofﬁcio
3222 2374 3535 2431 humilitatis
3574 2385 3875 2446 assumptm,

2301 2457 2397 2513 sed
2418 2457 2605 2526 judicii
2645 2458 2904 2527 simplicis
2927 2462 3176 2516 veritate.
3220 2460 3375 2518 Unde
3399 2473 3481 2521 est
3508 2466 3651 2535 quod
3674 2466 3796 2535 jure
3822 2481 3881 2520 se

2301 2549 2463 2604 etiam
2509 2550 2576 2602 ab
2621 2549 2740 2604 aliis
2787 2548 2945 2603 talem
2982 2542 3286 2606 habendum
3315 2561 3509 2623 putans
3534 2556 3712 2624 qualis
3738 2572 3768 2610 a
3796 2569 3883 2611 se—

2301 2641 2529 2710 metipso
2557 2640 2862 2707 haberetur,
2891 2649 3041 2696 recte
3068 2642 3259 2697 libellis
3285 2644 3396 2698 suis
3422 2644 3655 2699 alienum
3684 2662 3882 2701 nomen

2301 2730 2551 2796 inseruit;
2591 2731 2793 2786 scilicet
2828 2746 2896 2786 ne
2933 2732 3305 2787 auctoritatem
3340 2733 3639 2791 salubribus
3666 2737 3883 2805 scriptis

2301 2835 2544 2890 personat
2570 2836 2679 2875 suae
2706 2822 2939 2890 parvitas
2964 2821 3285 2891 derogaret:
3317 2823 3498 2878 omnia
3545 2824 3687 2878 enim
3736 2840 3884 2879 amo-

2299 2910 2370 2967 do
2415 2910 2556 2966 dicta
2608 2911 2743 2966 tanti
2789 2912 3197 2977 existimantur,
3228 2922 3456 2981 quantus
3502 2922 3585 2969 est
3623 2914 3740 2983 ipse
3787 2917 3882 2983 qui

2300 3001 2454 3059 dixit.
2496 3002 2553 3057 Si
2593 3002 2811 3071 quidem
2857 3012 2968 3058 tam
3012 3003 3276 3059 imbecilla
3329 3012 3453 3059 sunt
3493 3004 3693 3074 judicia
3723 3006 3882 3076 hujus

2294 3093 2561 3162 temporis
2599 3109 2665 3149 ac
2700 3109 2842 3164 pene
2868 3101 2979 3150 tam
3007 3094 3153 3149 nulla
3171 3132 3188 3157 ,
3220 3103 3277 3148 ut
3302 3096 3396 3163 qui
3423 3096 3608 3163 legunt
3635 3111 3741 3151 non
3768 3104 3880 3152 tam

616 3186 757 3242 ﬁlios
782 3187 1068 3254 habentes,
1104 3200 1235 3256 opes
1274 3193 1331 3241 et
1357 3187 1684 3242 substantias
1708 3202 1835 3242 suas
1864 3203 1971 3241 non
1999 3202 2199 3256 paupe-
2224 3192 2271 3257 ο
2301 3183 2642 3240 considerent
2676 3185 2806 3253 quid
2832 3184 3011 3253 legant
3037 3200 3198 3254 quam
3240 3185 3391 3254 cujus
3418 3186 3617 3255 legant,
3643 3202 3744 3242 nec
3770 3195 3877 3244 tam

618 3277 804 3342 ribus;
838 3294 944 3333 non
974 3277 1216 3333 ecclesiis
1238 3317 1254 3340 ,
1304 3292 1410 3331 non
1458 3277 1561 3337 sibi
1589 3278 1719 3347 ipsis
1741 3316 1757 3342 ,
1807 3292 1915 3333 non
1943 3277 2194 3345 denique,

617 3368 765 3439 quod
790 3369 874 3425 his
900 3368 1149 3423 omnibus
1181 3366 1368 3435 majus
1417 3375 1501 3424 est
1547 3382 1611 3422 ac
1656 3367 2029 3436 praestantius,
2062 3367 2193 3433 Deo,

616 3458 714 3515 sed
740 3458 1082 3514 saecularibus
1108 3457 1195 3512 vel
1220 3457 1453 3511 maxime
1481 3465 1536 3513 et
1562 3456 1814 3511 divitibus
1843 3465 1898 3513 et
1925 3459 2197 3514 extraneis

615 3550 965 3621 deputarent;
996 3551 1165 3621 {acuis
1191 3557 1269 3603 est
1291 3549 1350 3603 in
1376 3548 1530 3611 corde
1557 3547 1743 3618 ipsius,
1773 3549 1912 3605 sicut
1938 3550 2197 3619 scriptum

617 3647 719 3707 est,
765 3640 911 3698 zelus
947 3639 1165 3694 Domini
1209 3639 1357 3711 quasi
1390 3639 1528 3710 ignis
1578 3638 1767 3694 ardens
1818 3638 1949 3711 (Ier.
1994 3656 2083 3705 xx,
2115 3638 2190 3705 9).

615 3731 685 3803 Et
728 3732 853 3804 quia
876 3772 892 3798 ,
936 3732 1287 3787 aestuantibus
1333 3747 1486 3787 sacro
1533 3722 1729 3788 aiectu
1770 3726 2020 3799 medulﬁs
2063 3735 2193 3803 suis,

616 3821 761 3878 aliud
798 3823 853 3879 in
878 3822 974 3877 tali
1018 3829 1151 3878 testu
1182 3822 1358 3879 facere
1386 3838 1495 3878 non
1522 3823 1718 3893 potuit,
1746 3824 1803 3877 in
1828 3839 2017 3879 vocem
2045 3824 2198 3880 dolo-

614 3914 693 3971 ris
719 3914 912 3984 erupit.
952 3912 1071 3969 Vox
1110 3921 1291 3970 autem
1318 3914 1434 3982 ipsa
1460 3914 1547 3969 cui
1574 3913 1991 3981 impenderetur,
2023 3904 2197 3970 nullus

615 4005 786 4072 magis
813 4004 1039 4067 idoneus
1064 4003 1212 4056 visus
1237 4008 1322 4055 est
1346 4015 1513 4068 quam
1537 4000 1797 4065 Ecclesia,
1831 4002 1982 4069 cujus
2009 4004 2193 4070 utique

614 4111 742 4166 pars
768 4096 869 4164 ipsi
896 4101 1051 4149 erant
1093 4093 1186 4160 qui
1235 4093 1339 4145 ista
1385 4091 1670 4145 faciebant.
1729 4091 2012 4161 Superﬁue
2051 4095 2194 4149 enim

615 4187 709 4241 uni
736 4193 828 4239 aut
866 4183 1051 4254 paucis
1092 4183 1360 4247 scribitur,
1411 4182 1501 4238 ubi
1549 4191 1633 4245 est
1659 4197 1821 4238 causa
1853 4192 2187 4240 cunctorum.

614 4275 740 4334 Haec
765 4290 893 4345 ergo
924 4276 1062 4331 ratio
1090 4284 1144 4331 et
1171 4277 1435 4347 persuasit
1459 4283 1514 4330 et
1540 4277 1817 4346 compulit,
1850 4286 1909 4332 ut
1934 4278 2097 4333 libelli
2125 4280 2194 4335 de

613 4368 809 4437 quibus
855 4368 1124 4436 loquimur
1177 4366 1245 4422 ad
1288 4365 1583 4422 Ecelesiam
1621 4367 1981 4423 mitterentur.
2041 4370 2192 4426 Nunc

614 4459 746 4514 illud
787 4459 1011 4515 dicimus
1054 4457 1200 4527 quod
1245 4457 1539 4513 secundum
1586 4465 1689 4520 est,
1736 4459 1976 4524 scilicet,
2008 4478 2107 4515 cur
2133 4462 2184 4516 in

2299 3276 2550 3331 dictionis
2577 3275 2687 3331 vim
2722 3285 2884 3344 atque
2913 3276 3162 3331 virtutem
3206 3291 3369 3344 quam
3414 3278 3692 3334 dictatoris
3733 3280 3877 3347 cogi-

2296 3375 2412 3423 tent
2437 3366 2770 3435 dignitatem.
2808 3366 3014 3422 Idcirco
3053 3367 3212 3435 igitur
3249 3367 3481 3437 scriptor
3508 3369 3598 3424 ille
3625 3369 3877 3426 abscondi

2295 3467 2353 3515 et
2377 3459 2591 3519 latitare
2636 3459 2884 3514 omnibus
2931 3458 3105 3515 modis
3129 3459 3317 3526 voluit,
3349 3476 3418 3515 ne
3446 3461 3646 3532 scripta
3673 3477 3794 3532 quae
3819 3463 3875 3517 in

2294 3566 2356 3606 se
2402 3550 2602 3604 habent
2646 3549 2938 3619 plurimum
2981 3549 3309 3605 salubritatis
3327 3590 3343 3618 ,
3396 3541 3605 3608 minora
3649 3551 3877 3608 forsitan

2295 3642 2488 3698 ﬁerent
2529 3657 2627 3711 per
2674 3656 2870 3696 nomen
2920 3641 3174 3707 auctoris,
3223 3640 3395 3697 Habet
3430 3643 3611 3714 itaque
3637 3644 3877 3714 quisquis

2294 3737 2389 3792 ille
2414 3740 2497 3791 est
2521 3736 2614 3805 qui
2641 3735 2864 3803 requirit
2888 3773 2904 3799 ,
2934 3749 3031 3789 cur
3056 3733 3288 3789 alienum
3321 3749 3516 3790 nomen
3545 3743 3876 3807 assumptum

2294 3830 2385 3885 sit.
2426 3827 2615 3882 Restat
2640 3826 2822 3882 dicere
2847 3840 2945 3880 cur
2989 3823 3276 3879 Timothei.
3334 3824 3490 3892 Quod
3527 3835 3585 3880 ut
3611 3827 3869 3893 dicamus,

2293 3917 2364 3972 ad
2408 3923 2686 3970 auctorem
2729 3914 2907 3969 denuo
2950 3915 3218 3970 reversuri
3255 3930 3454 3971 sumus.
3495 3915 3546 3970 Is
3574 3917 3717 3972 enim
3742 3930 3870 3973 cau-

2292 4020 2472 4061 sarum
2500 4005 2739 4059 omnium
2773 4018 2937 4059 causa
2975 4011 3093 4059 est:
3144 4005 3237 4074 qui
3262 4005 3397 4069 sicut
3424 4006 3708 4063 humilitati
3736 4023 3873 4079 pra-

2293 4097 2427 4153 stitit
2453 4103 2514 4151 ut
2539 4095 2772 4151 alienum
2790 4135 2805 4161 ,
2846 4095 2926 4150 sic
2953 4096 3134 4150 timori
3161 4107 3321 4166 atque
3347 4098 3573 4153 cautelae
3598 4108 3657 4153 ut
3684 4098 3869 4156 Timo-

2290 4189 2403 4244 thei
2449 4203 2645 4243 nomen
2688 4186 2965 4249 scriberet.
3003 4185 3234 4243 Pavidus
3273 4188 3475 4258 quippe
3497 4198 3582 4245 est
3607 4199 3669 4244 et.
3688 4190 3873 4251 formi-

2291 4280 2528 4345 dolosus,
2559 4296 2624 4337 ac
2652 4295 3031 4349 nonnunquam
3059 4280 3219 4335 etiam
3248 4281 3441 4336 levium
3471 4283 3871 4339 mendaciorum

2291 4373 2469 4443 fugax,
2500 4380 2661 4442 atque
2685 4372 2740 4426 in
2766 4379 2973 4426 tantum
3000 4385 3224 4440 peccare
3250 4380 3494 4429 metuens
3518 4373 3867 4436 utinterdum

2292 4472 2347 4518 et
2377 4480 2482 4517 non
2529 4461 2764 4517 timenda
2812 4460 3079 4517 formidet.
3149 4458 3283 4515 Cum
3326 4476 3456 4531 ergo
3492 4462 3807 4519 subtrahere
3836 4479 3869 4519 e

614 4547 772 4609 titulo
817 4548 1123 4605 libellorum
1165 4561 1276 4625 non
1303 4547 1373 4603 sit
1411 4561 1609 4605 nomen
1637 4549 1889 4609 auctoris.
1931 4548 2094 4619 Cujus
2119 4558 2195 4611 rei
2224 4549 2454 4614 D'titulo
2481 4568 2675 4608 nomen
2703 4567 2858 4609 suum
2887 4559 2943 4607 et
2988 4542 3226 4613 inserere
3269 4551 3432 4610 vellet
3463 4553 3714 4622 alienum,
3746 4566 3768 4596 ε
3799 4556 3869 4612 ti—

1753 4697 1757 4701 .
1783 4638 2118 4700 STEPHANI
2154 4648 2425 4707 BALUle
2461 4643 2687 4701 NOTAE.

611 4730 811 4818 librati
831 4730 990 4818 epist.
1007 4729 1087 4818 iii!
1111 4748 1131 4814 _:
1158 4722 1491 4818 Pg'enitentia,
1521 4734 1686 4818 frater
1713 4733 2042 4818 citatissime,
2075 4758 2180 4818 non
2209 4751 2257 4810 ι)
2285 4748 2675 4818 Ῑνιεᾳιιεηιαιιινι
2690 4736 3066 4818 cxomotogcsis
3093 4746 3188 4818 est,
3219 4739 3592 4818 quadratum

599 4802 816 4864 nomine
842 4809 917 4855 est
934 4800 1278 4877 suscipifnda,
1299 4801 1389 4856 sed
1414 4800 1598 4877 opere;
1611 4802 1701 4877 Sic
1728 4806 1871 4859 enim
1900 4800 2179 4877 legendum

612 4878 819 4947 estpro
841 4884 905 4925 eo
933 4870 1077 4947 quod
1102 4870 1346 4947 Canisius
1367 4870 1531 4947 edidit
1558 4872 1840 4947 Patientia,
1872 4870 2054 4947 frater,
2074 4889 2178 4937 etc.

610 4939 811 5001 Eadem
842 4939 1101 4997 medicina
1132 4941 1428 4996 adhibenda
1472 4951 1557 4999 est
1586 4939 1834 4998 humilia!
1861 4939 1929 5000 35
1964 4939 2180 5007 C:usarii

612 5011 847 5083 episcopi
880 5010 1231 5075 Arelatensis,
1262 5012 1313 5064 in
1337 5026 1443 5081 qua
1469 5012 1869 5083 hodielegitur,
1894 5026 1951 5068 ut
1988 5035 2099 5073 cum
2126 5023 2179 5075 in

611 5083 683 5160 eis
705 5081 1170 5160 oculos_patientiw
1188 5083 1599 5160 cWrit,_,gm
1636 5081 2016 5160 legendumsn
2033 5131 2047 5155 ,
2076 5107 2181 5160 pm-

613 5151 1017 5227 nitrntiwrltem
1057 5152 1286 5227 humilia:
1315 5150 1466 5227 Pauli
1489 5150 1705 5227 Diaconi
1740 5172 1751 5205 :
1788 5153 1967 5227 Omnis
1996 5150 2179 5227 pecca—

615 5229 709 5283 ιρν,
728 5223 771 5273 si
798 5221 997 5293 vutt‘ad
1015 5224 1214 5276 veniam
1235 5223 1499 5293 attingere,
1526 5219 1722 5291 objecta
1742 5225 1977 5280 universo
1996 5219 2181 5283 'cordis

614 5296 809 5341 tumore
837 5290 981 5343 debet
1012 5292 1317 5347 omnimodis
1350 5290 1406 5345 te
1438 5300 1626 5345 terram
1661 5302 1709 5344 et
1736 5294 1957 5351 cinerem
2003 5299 2184 5352 existi-

614 5371 784 5431 mare;
808 5367 861 5413 ut
876 5375 920 5431 Διι
941 5376 1059 5412 vera
1080 5363 1368 5417 humilitate
1398 5363 1664 5431 incipiens,
1695 5363 1861 5431 valeat
1888 5364 1986 5418 sibi
2017 5386 2048 5421 a
2074 5368 2182 5423 Do-

612 5425 1079 5547 ;igznpatientiam
1106 5432 1399 5501 impetrare.
1428 5425 1731 5501 Legendum
1767 5427 1849 5487 est
1884 5434 2063 5504 itaque
2086 5456 2185 5510 pa:-

797 5511 899 5547 am.

612 5507 899 5548 umnam.

686 5572 710 5600 ι
749 5564 887 5643 lnl:ra
918 5564 1007 5643 lib.
1042 5568 1336 5643 iadversus
1374 5572 1681 5643 Avaritiam,
1733 5586 1861 5643 pag.
1886 5572 1980 5626 221
2022 5594 2034 5629 :
2078 5575 2185 5632 Sed

612 5633 867 5712 quomodo
972 5637 1336 5712 egomologes-is
1364 5641 1621 5712 diuturna
1647 5633 1977 5712 opiiulabitur
2010 5647 2067 5699 in
2091 5664 2182 5701 ea:-

615 5706 787 5787 {rentis
817 5706 955 5787 cito?
982 5704 1338 5787 Terttillifiilus
1366 5710 1417 5761 in
1453 5712 1586 5766 libro
1609 5704 2025 5787 de'Poznitcntia
2054 5732 2172 5787 cap.

611 5767 685 5824 οε
714 5770 769 5827 Is
796 5784 937 5830 actus
984 5776 1067 5848 qui
1100 5776 1262 5846 magis
1298 5776 1477 5833 διεωσο
1526 5782 1766 5836 vocabulo
1799 5767 2184 5855 exprimitur;

2285 4806 2520 4885 nostrum
2541 4806 2868 4885 confitemur,
3025 4806 3305 4885 quidemet
3327 4806 3549 4885 ignaro,_
3561 4810 3655 4885 sed
3682 4820 3864 4884 quate-

2287 4899 2383 4936 nus
2416 4875 2707 4953 satisfactio
2742 4875 3065 4953 confessione
3084 4875 3745 4953 disponiturgonfessione
3762 4897 3869 4952 ρω-

2285 4952 2503 5006 nitentia
2539 4948 2769 5003 nascitur
2781 4989 2795 5012 ,
2834 4948 3131 5017 ﬂanitentia

2289 5018 2657 5090 exomotogesis
2677 5017 3031 5090 prosternendi
3060 5017 3509 5090 etiltumitiﬁcandi
3537 5019 3761 5075 hominis
3781 5017 3866 5075 di-

2285 5093 2506 5161 sciplina
2529 5089 2626 5151 cst,
2655 5089 3086 5161 conversationem
3111 5089 3385 5161 infringens
3402 5090 3775 5161 misericordia:
3795 5090 3863 5147 it-

2287 5155 2453 5237 ticém.
2498 5161 2568 5237 tle
2587 5160 2696 5237 ipso
2717 5173 2914 5237 quoque
2940 5155 3117 5213 habita
3135 5155 3287 5237 (itque
3306 5158 3438 5237 rictu
3458 5160 3693 5226 mandat,
3713 5158 3866 5237 sacro

2285 5239 2336 5284 et
2356 5230 2513 5291 cineri
2541 5225 2811 5291 iubebare,
2830 5225 3029 5294 ‘corpas
3056 5225 3296 5283 sordibus
3313 5225 3608 5294 obscurare,
3634 5225 3862 5289 annnam

2290 5300 2591 5357 maeroribus
2612 5297 2830 5368 dejicere
2846 5335 2859 5359 ,
2888 5295 2965 5368 illi
2994 5312 3107 5368 quin
3127 5296 3351 5368 peccauit
3378 5298 3514 5368 tristi
3534 5302 3861 5365 tractatione,

2290 5378 2395 5425 etc.
2418 5370 2551 5423 Vide
2590 5364 2914 5438 Cyprianum
2946 5364 3160 5438 in'li_bro
3182 5366 3251 5438 de
3272 5364 3483 5438 Lapsis,
3515 5369 3606 5422 ubi
3630 5369 3700 5423 de
3729 5364 3867 5423 Ana-

2287 5440 2397 5501 nia,
2430 5433 2652 5502 Araris;
2673 5433 3009 5506 MisaheleAet
3034 5434 3251 5492 Daniele
3272 5433 3526 5506 loquitur.

2360 5508 2388 5547 ι)
2416 5507 2549 5561 Vide
2576 5521 2736 5575 supra
2766 5517 2888 5574 pag.
2919 5502 2981 5575 i_i_.
3344 5502 3359 5511 ⁷

2362 5590 2382 5615 ο
2420 5575 2591 5630 Antea
2621 5571 2896 5643 legebatur
2926 5571 3196 5639 Timothei,
3240 5589 3348 5630 non
3378 5574 3552 5637 solum
3582 5577 3637 5632 in
3682 5577 3862 5641 editis,

2288 5646 2381 5702 sed
2428 5642 2695 5722 etian_i_in
2736 5642 2921 5722 codice
2959 5645 3129 5722 regio.
3177 5643 3363 5722 itaque
3405 5644 3863 5722 quia__constabat

2288 5717 2537 5770 mendum
2569 5714 2654 5769 hic
2674 5727 2810 5790 esse,
2843 5720 2897 5767 et
2918 5714 3345 5790 substituendam
3364 5714 3739 5790 esse_aliquam
3758 5731 3867 5773 vo-

2291 5801 2407 5841 cem
2435 5800 2555 5854 qute
2580 5784 2894 5840 conveniret
2918 5784 3123 5841 homini
3165 5782 3361 5855 pavido
3387 5790 3447 5840 et
3483 5782 3871 5855 formiduloso,

3222 4949 3635 5033 i'srmqrrr-
3665 4949 3867 5033 .150}!!!

3784 338 3890 398 ηε
3972 388 3983 391 _
