4246 6270
629 316 731 374 175

1572 316 1630 373 S.
1672 317 1986 374 SALVIANI
2022 313 2480 377 MASSILIENSIS
2516 316 2941 376 PRESBYTER]

3785 316 3850 370 17

623 434 812 488 tileros
857 431 1088 485 exitialis
1132 427 1451 499 pestilentiae
1484 429 1703 484 morbos
1738 444 1876 498 quos
1923 432 2016 485 tibi
2065 433 2204 486 anti-
2228 434 2278 494 Α
2306 431 2622 498 devotione;
2669 433 2867 501 largior
2909 411 3168 501 corpore,
3219 431 3496 500 angustior
3533 437 3742 498 mente;
3789 447 3883 487 ea-

621 525 912 593 quissimus
945 524 1034 576 ille
1061 537 1123 575 ac
1159 521 1504 576 fetidissimus
1532 537 1756 591 serpens
1783 525 2092 591 gravissima
2122 525 2200 581 le-

619 614 828 668 thil’erte
848 613 1204 666 aemulationis
1220 611 1416 666 invidia
1432 620 1488 666 et
1503 613 1780 668 teterrimo
1806 615 1897 669 illo
1913 616 2074 671 virosi
2091 617 2201 671 oris

618 707 811 777 spiritu
837 705 1061 768 inhalat,
1094 705 1274 759 nescio
1319 721 1388 758 an
1417 705 1524 759 ulla
1565 712 1619 759 te
1651 714 1674 740 ι
1705 707 1947 762 acerbior
1992 708 2199 762 anima-

617 814 739 853 rum
769 795 1060 852 inﬁdelium
1088 797 1256 866 pestis
1275 805 1330 851 et
1353 797 1544 850 tetrior
1560 795 1789 851 ﬁliorum
1814 806 2028 852 tuorum
2051 799 2202 853 labes

600 885 868 946 conﬁciat
888 904 1047 958 quam
1075 889 1220 958 quod
1251 889 1492 957 plerique
1515 905 1583 942 ex
1611 891 1717 944 tuis
1746 890 1773 928 δ
1799 906 1989 961 parum
2018 892 2202 946 existi-

616 979 837 1033 mant-si
866 978 920 1032 in
949 979 1051 1032 hac
1078 979 1187 1031 vita
1206 977 1368 1032 rebus
1388 978 1488 1032 sibi
1509 979 1576 1032 ad
1605 995 1740 1048 opus
1764 989 2003 1035 sanctum
2030 997 2062 1035 a
2089 983 2201 1037 Deo

617 1071 826 1125 traditis
855 1070 971 1123 sine
1019 1069 1192 1124 fructu
1221 1069 1601 1123 misericordiae
1649 1080 1810 1139 atque
1854 1072 2202 1128 humanitatis

617 1161 946 1224 incumbant,
991 1160 1093 1212 nisi
1142 1160 1447 1222 avaritiam,
1497 1160 1548 1213 id
1593 1170 1695 1226 est,
1723 1174 1745 1200 ο
1775 1163 2035 1220 idolatriae
2083 1181 2198 1220 ser-

617 1253 841 1306 vitutem
873 1249 1093 1321 (Coloss.
1122 1267 1197 1314 ut,
1232 1249 1307 1319 5),
1341 1253 1501 1304 etiam
1532 1253 1585 1305 in
1615 1253 1792 1307 futura
1819 1264 1941 1323 post
1968 1264 2197 1312 mortem

615 1352 861 1411 tempora
909 1341 1217 1394 extendant.
1267 1343 1423 1413 207
1453 1341 1832 1412 Circumspicis
1870 1346 2098 1402 fortasse
2145 1357 2200 1403 et

615 1434 1032 1501 circumspectas
1073 1433 1162 1502 qui
1208 1433 1294 1486 isti
1337 1448 1405 1487 ex
1446 1434 1549 1487 tuis
1577 1435 1684 1488 sint
1729 1451 1865 1504 quos
1909 1439 2194 1508 appellem.

615 1525 731 1579 Non
756 1524 914 1592 longa
936 1524 1031 1578 tibi
1057 1524 1404 1592 inquisitione
1433 1541 1567 1595 opus
1595 1535 1677 1581 est
1699 1527 1764 1581 ad
1796 1529 2191 1585 inveniendum.

611 1611 828 1680 Omnes,
861 1613 1098 1681 inquam,
1140 1628 1328 1668 omnes
1355 1629 1494 1684 pene
1522 1616 1625 1670 hoc
1654 1627 1778 1670 sunt
1807 1619 1948 1688 quod
1980 1621 2190 1690 loquor.

614 1703 756 1758 Abiit
809 1704 1006 1774 quippe
1044 1704 1132 1758 illa
1174 1706 1388 1774 egregia
1433 1721 1498 1761 ac
1541 1711 1944 1776 supereminens
1991 1713 2190 1772 dudum

2303 523 2552 592 demque,
2585 531 2644 577 ut
2683 524 2759 577 ita
2785 523 3047 588 dixerim,
3084 530 3140 576 et
3167 522 3220 576 in
3251 530 3304 576 te
3332 521 3506 591 major
3532 528 3588 576 et
3615 521 3667 574 in
3693 529 3748 576 te
3785 523 3885 576 mi-

2303 627 2422 678 nor,
2454 628 2595 667 novo
2623 627 2763 682 pene
2790 619 2846 666 et
2880 610 3119 667 inaudito
3159 626 3359 680 genere
3395 626 3677 682 processus
3717 620 3774 667 et
3799 627 3884 667 re-

2304 718 2485 760 cessus
2505 717 2752 758 crescens
2777 702 2933 758 simul
2958 709 3014 756 et
3039 702 3376 758 decrescens.
3402 700 3504 757 Ubi
3530 703 3673 757 enim
3693 711 3776 758 est
3795 701 3880 758 illa

2304 810 2448 848 nunc
2475 794 2670 848 eximia
2699 792 2870 848 forma
2898 801 2990 847 tua
3019 800 3073 848 et
3113 794 3279 848 totius
3305 794 3547 864 corporis
3584 793 3882 863 pulchritu-

2272 875 2284 885 ’
2303 883 2412 937 do?
2442 882 2543 937 Ubi
2573 883 2702 937 illud
2731 883 2798 937 de
2824 883 2960 937 vivis
2987 882 3274 937 virtutibus
3304 883 3409 936 tuis
3438 882 3739 936 divinorum
3766 882 3882 952 api-

2304 988 2428 1028 cum
2453 973 2821 1027 testimonium
2863 973 3046 1030 dicens
3079 991 3091 1026 :
3137 973 3486 1027 Multitudinis
3524 975 3883 1044 autem‘m

2303 1065 2617 1119 credentium
2667 1074 2780 1119 erat
2824 1082 2914 1120 cor
2959 1082 3115 1119 unum
3164 1073 3214 1118 et
3258 1066 3437 1119 anima
3481 1082 3610 1129 una,
3646 1075 3696 1119 et
3734 1082 3882 1120 nemo

2303 1159 2570 1229 quisquam
2617 1175 2682 1211 ea:
2716 1174 2774 1211 eo
2822 1157 2956 1228 quod
3001 1156 3295 1228 possidebat
3339 1172 3487 1210 suum
3531 1173 3643 1210 esse
3685 1155 3883 1210 dicebat

2304 1250 2438 1319 (Aet.
2473 1267 2543 1314 ιν,
2570 1249 2700 1319 '52)?
2728 1249 2879 1318 cujus
2901 1258 2956 1304 tu
2983 1265 3126 1305 nunc
3146 1291 3161 1317 ,
3194 1266 3226 1304 ο
3256 1249 3412 1304 dolor
3447 1265 3509 1305 ac
3535 1250 3877 1318 lamentatio,

2301 1340 2589 1396 lectionem
2617 1348 2824 1394 tantum
2851 1341 3046 1407 habes,
3077 1341 3328 1395 virtutem
3356 1357 3463 1396 non
3493 1341 3678 1408 habes,
3710 1339 3740 1378 ιι
3767 1343 3880 1396 cui-

2299 1447 2405 1502 que
2443 1432 2666 1486 scientia
2695 1440 2900 1487 tantum
2931 1434 3152 1499 interes,
3194 1434 3519 1489 conscientia
3541 1433 3688 1489 abes.
3720 1433 3882 1489 Maxi-

2298 1537 2386 1576 ma
2415 1523 2610 1592 quippe
2655 1539 2798 1578 nunc
2839 1522 3067 1577 ﬁliorum
3098 1533 3309 1579 tuorum
3351 1525 3527 1594 portio
3575 1524 3878 1580 mortifera-

2298 1627 2416 1665 rum
2447 1627 2628 1666 rerum
2665 1613 2989 1680 negotiatrix
3017 1622 3118 1677 est,
3159 1615 3505 1684 propolisque
3533 1622 3586 1668 et
3618 1614 3877 1684 cauponi-

2297 1703 2398 1757 bus
2427 1704 2615 1759 similis
2644 1705 2900 1770 terrenis,
2933 1706 3098 1760 immo
3127 1707 3376 1762 tartareis
3397 1749 3412 1772 ,
3443 1706 3695 1776 perituris
3723 1707 3878 1762 simul
3917 1712 3936 1724 '

609 1795 941 1866 primitivae‘1
982 1796 1152 1866 plebis
1193 1805 1298 1851 tuae
1328 1797 1626 1864 beatitudo,
1657 1815 1762 1868 qua
1808 1819 1996 1860 onmes
2033 1807 2192 1864 Chri-

2258 1810 2275 1866 ι
2302 1803 2462 1863 atque
2488 1795 2834 1863 perdentibus
2862 1795 3040 1850 studet
3083 1797 3352 1851 nundinis.
3394 1795 3568 1852 Lucro
3607 1798 3749 1852 enim
3781 1811 3878 1867 pe-

609 1895 753 1943 stum
783 1896 1156 1955 agnoscentes,
1185 1887 1414 1943 caducas
1449 1905 1627 1943 rerum
1659 1893 2010 1950 mundialium
2031 1897 2200 1955 facul-

614 1983 756 2031 tates
781 1977 836 2031 in
879 1978 1233 2047 sempiternas
1280 1979 1578 2033 caalestium
1626 1985 2028 2050 possessionum
2066 2005 2199 2059 opes

609 2067 999 2134 conferebant,
1039 2075 1310 2123 mutantes
1335 2085 1550 2124 sensum
1581 2074 1921 2140 praesentium
1962 2078 2014 2131 in
2054 2095 2195 2149 prae-

609 2159 809 2214 claram
857 2176 1007 2230 spem
1056 2160 1398 2228 futurorum,
1438 2163 1771 2220 immortales
1809 2167 2023 2225 divitias
2065 2187 2196 2240 prae-

609 2253 748 2306 senti
782 2253 1116 2322 paupertatis
1145 2254 1349 2308 ambitu
1375 2263 1635 2311 ementes.
1665 2266 1688 2293 °
1718 2258 1787 2311 At
1814 2275 1955 2314 nunc
1982 2277 2081 2331 pro
2110 2264 2194 2318 his

608 2342 857 2396 omnibus
887 2343 1132 2408 avaritia,
1163 2343 1454 2414 cupiditas,
1485 2347 1693 2416 rapina,
1737 2363 1961 2418 quaeque
1990 2352 2073 2407 his
2099 2370 2190 2410 so-

605 2432 704 2486 cias
733 2441 788 2486 et
813 2434 965 2502 quasi
993 2447 1247 2502 germana
1288 2435 1493 2490 unitate
1535 2436 1834 2506 conjunctae
1862 2450 2021 2506 sunt,
2054 2444 2191 2500 invi-

603 2523 724 2589 dis},
755 2525 1064 2593 inimicitiae,
1113 2526 1490 2593 crudelitates,
1524 2528 1781 2596 luxurize,
1823 2532 2186 2602 impudicitiae,

603 2618 954 2688 proditiones,
987 2619 1113 2689 quia
1149 2619 1427 2690 superiora
1455 2619 1545 2674 illa
1574 2621 1799 2677 istorum
1826 2625 2010 2681 usibus
2045 2629 2187 2682 mili-

601 2715 737 2774 tant,
766 2718 1138 2764 successerunt
1170 2729 1182 2763 :
1213 2725 1276 2764 ac
1302 2710 1381 2765 sic
1406 2711 1588 2767 nescio
1614 2715 1886 2781 quomodo
1915 2727 2188 2787 pugnante

599 2809 787 2855 contra
832 2802 1172 2871 temetipsam
1207 2809 1297 2856 tua
1354 2801 1626 2871 felicitate,
1661 2813 1921 2874 quantum
1967 2809 2060 2863 tibi
2090 2825 2184 2863 au-

599 2897 747 2943 ctum
767 2898 850 2943 est
869 2891 1211 2960 populorum,
1239 2899 1448 2948 tantum
1463 2910 1601 2964 pene
1617 2896 1898 2966 vitiorum;
1923 2909 2182 2968 quantum

598 2980 696 3034 tibi
740 2981 908 3049 copia:
949 2984 1203 3049 accessit,
1249 2991 1458 3041 tantum
1499 2987 1792 3057 disciplinae
1839 2994 2090 3059 recessit;
2131 3001 2187 3048 et

596 3071 930 3140 prosperitas
957 3072 1106 3128 venit
1148 3083 1451 3145 quaestuum
1493 3094 1614 3132 cum
1643 3096 1838 3150 magno
1868 3081 2054 3138 fenore
2087 3083 2184 3138 de-

2301 1886 2472 1940 cunite
2493 1885 2747 1941 damnum
2779 1885 2902 1941 vita:
2931 1895 3188 1952 ementes,
3231 1895 3290 1942 ut
3317 1888 3598 1958 acquirant
3623 1899 3743 1959 quae
3770 1903 3876 1943 non

2298 1989 2422 2037 sunt
2459 1997 2573 2046 sua,
2605 1982 2892 2052 prodigunt
2919 1999 3038 2052 quze
3065 1991 3188 2039 sunt
3214 1999 3342 2048 sua,
3377 1982 3692 2038 mandantes
3721 1991 3876 2037 terrae

2297 2074 2581 2128 thesauros
2611 2073 2903 2140 luctuosos,
2933 2074 3233 2129 haeredibus
3259 2073 3423 2129 breve
3450 2073 3719 2142 gaudium,
3751 2088 3876 2128 auc-

2235 2152 2245 2163 ’
2296 2164 2502 2218 toribus
2547 2163 2764 2231 longum
2793 2179 3081 2220 maerorem
3118 2164 3401 2231 allaturos,
3433 2162 3739 2219 fraudantes
3777 2179 3876 2218 usu

2294 2271 2474 2310 rerum
2500 2257 2844 2325 praesentium
2873 2265 2982 2311 tam
3011 2257 3145 2312 alios
3169 2273 3330 2326 quam
3357 2273 3416 2312 se
3444 2259 3609 2328 ipsos,
3637 2256 3873 2313 conden-

2291 2355 2375 2402 tes
2408 2346 2685 2417 profundis
2731 2347 2995 2417 specubus
3041 2346 3277 2403 infernas
3305 2363 3436 2419 opes
3457 2390 3472 2416 ,
3509 2349 3665 2403 simul
3710 2363 3874 2418 pecu-

2290 2441 2435 2494 niam
2464 2455 2615 2493 suam
2646 2455 2708 2494 ac
2736 2455 2886 2509 spem
2915 2419 3076 2494 suanf
3097 2438 3417 2494 infodientes
3435 2479 3450 2504 ,
3483 2438 3776 2494 secundum
3804 2438 3874 2493 il-

2290 2531 2381 2585 lud
2411 2531 2616 2586 scilicet
2643 2531 2854 2586 Domini
2881 2532 3051 2587 nostri
3079 2530 3279 2586 dictum
3307 2546 3414 2600 quo
3444 2532 3521 2586 ait
3547 2551 3559 2585 :
3596 2531 3695 2586 Ubi
3721 2533 3875 2604 fuerit

2292 2623 2560 2677 thesaurus
2581 2633 2717 2686 tuus,
2742 2623 2813 2676 ibi
2841 2624 2937 2676 erit
2963 2632 3013 2676 et
3039 2639 3128 2677 cor
3156 2631 3296 2676 tuum
3327 2621 3538 2692 (Matth.
3571 2640 3642 2688 v1,
3668 2623 3744 2694 2).
3782 2623 3871 2677 Ιη-

2288 2719 2472 2773 vident
2518 2718 2699 2787 itaque
2746 2717 2904 2772 saluti
2939 2731 3066 2782 suae,
3117 2715 3429 2783 animasque
3475 2715 3720 2784 proprias
3747 2729 3870 2782 quae

2288 2819 2552 2865 vocantur
2580 2809 2648 2864 ad
2675 2809 2870 2865 coelum
2893 2848 2909 2874 ,
2946 2809 3174 2863 terrenis
3214 2805 3538 2876 ponderibus
3578 2805 3631 2858 in
3667 2811 3868 2859 terram

2287 2910 2560 2972 premunt.
2594 2899 2743 2955 Mens
2769 2899 2911 2954 enim
2939 2896 3350 2952 thesaurizantis
3377 2896 3685 2949 thesaurum
3713 2908 3870 2948 suum

2288 2994 2535 3063 sequitur
2555 3034 2570 3058 ,
2615 2999 2669 3047 et
2709 2991 2863 3060 quasi
2902 2991 2957 3044 in
2984 2996 3231 3044 naturam
3262 2986 3532 3041 terrestris
3559 2983 3872 3039 substantiae

2287 3082 2596 3136 demutatur
2623 3099 2636 3135 :
2667 3097 2771 3136 nec
2798 3081 2971 3136 solum
3001 3094 3159 3143 nunc,
3191 3077 3284 3132 sed
3307 3077 3466 3131 etiam
3495 3075 3548 3129 in
3574 3075 3753 3129 futuro
3782 3084 3866 3129 at-

596 3164 989 3219 trimentorum.
1036 3167 1402 3237 Multiplicatis
1443 3170 1586 3222 enim
1616 3171 1738 3225 ﬁdei
1781 3175 2019 3242 populis,
2053 3174 2183 3229 ﬁdes
2212 3173 2256 3235 C
2286 3189 2392 3242 que
2421 3183 2706 3242 perpetuo.
2731 3172 2862 3225 Nam
2893 3187 3035 3234 cum,
3061 3178 3120 3224 ut
3145 3169 3402 3237 scriptum
3426 3174 3524 3232 est,
3557 3173 3683 3220 ante
3704 3165 3871 3220 homi-

597 3254 877 3310 imminuta
900 3265 1013 3321 est;
1045 3265 1100 3311 et
1121 3260 1489 3314 crescentibus
1518 3259 1640 3315 ﬁliis
1660 3264 1788 3326 suis,
1813 3272 1986 3318 mater
2010 3280 2177 3333 aegro.

596 3355 711 3412 tat;
741 3345 989 3414 factaque
1017 3362 1104 3413 es,
1160 3347 1428 3414 Ecclesia,
1472 3349 1718 3419 profectu
1747 3360 1851 3405 tua:
1878 3352 2179 3409 fecundita-

597 3439 667 3495 tis
696 3438 957 3495 inﬁrmior
984 3449 1144 3512 atque
1185 3456 1407 3496 accessu
1434 3443 1681 3498 relabens
1709 3452 1765 3499 et
1803 3447 1957 3512 quasi
1992 3445 2011 3484 ί
2051 3447 2182 3501 viri-

595 3530 698 3585 bus
747 3531 924 3586 minus
951 3532 1148 3587 valida.
1203 3531 1466 3589 Diﬁ'udisti
1520 3534 1781 3604 siquidem
1815 3551 1914 3606 per
1967 3553 2180 3593 omnem

594 3623 854 3679 mundum
874 3624 1109 3694 religiosi
1128 3625 1364 3680 nominis
1388 3627 1629 3680 membra
1649 3627 1922 3696 religionis
1941 3629 2049 3684 vim
2074 3646 2183 3687 non

593 3716 846 3772 habentia
881 3736 892 3771 :
937 3734 1000 3774 ac
1027 3719 1105 3774 sic
1131 3734 1250 3775 esse
1295 3721 1504 3791 coepisti
1534 3731 1559 3768 ε
1591 3721 1763 3777 turbis
1789 3724 2047 3793 opulens,
2080 3723 2185 3779 ﬁde

593 3822 832 3888 pauper;
874 3819 1075 3881 quanto
1115 3810 1278 3867 ditior
1315 3811 1694 3882 multitudine,
1747 3821 1897 3870 tanto
1938 3819 2184 3885 egentior

2289 3279 2412 3319 nem
2433 3265 2541 3317 vita
2567 3264 2768 3333 pariter
2793 3278 2857 3316 ac
2873 3277 3018 3315 mors
3038 3263 3165 3324 sint,
3189 3268 3244 3314 et
3265 3260 3332 3313 ad
3355 3258 3500 3327 quod
3517 3258 3633 3312 vult
3651 3273 3863 3326 manum

2284 3355 2526 3426 porrigat
2562 3353 2750 3424 (Eccli.
2785 3369 2874 3417 xv,
2905 3351 3029 3420 l8);
3061 3364 3283 3406 necesse
3308 3358 3391 3404 est
3413 3365 3475 3405 ea
3505 3349 3863 3418 unusquisque

2282 3427 2561 3500 hominum
2589 3445 2642 3498 in
2668 3443 2969 3497 :eternitate
2993 3441 3267 3511 possideat
3285 3456 3404 3510 qua:
3425 3441 3514 3496 hic
3531 3441 3684 3510 quasi
3704 3455 3863 3493 manu

2284 3553 2381 3596 sua
2411 3538 2523 3608 ipse
2561 3535 2896 3607 pervaserit,
2937 3533 3309 3601 voluntatique
3347 3547 3410 3586 ac
3449 3531 3730 3586 sententiae
3756 3544 3864 3585 suae

2285 3632 2513 3694 deditus,
2543 3631 2626 3684 his
2655 3629 2708 3682 in
2733 3626 2913 3682 futuro
2943 3625 3213 3681 adhaereat
3233 3624 3542 3680 conditione
3562 3623 3754 3693 quibus
3778 3622 3862 3678 hic

2289 3724 2510 3778 adhaesit
2539 3720 2749 3776 all‘ectu.

2351 3814 2412 3868 ll.
2439 3813 2545 3868 Sed
2565 3812 2818 3866 videlicet
2846 3810 3112 3864 immunes
3131 3823 3190 3862 se
3201 3807 3269 3862 ab
3289 3807 3394 3863 hoc
3413 3807 3624 3878 piaculo
3648 3807 3862 3878 quidam

1789 3927 2124 3984 STEPHANI
2161 3928 2430 3986 BALUZII
2467 3923 2694 3980 NOTAE.
3868 4003 3871 4007 τ

2277 4035 2371 4088 pro
2389 4015 2599 4088 pudore,
2625 4029 2718 4088 pro
2735 4010 3066 4088 abstinentia,
3088 4027 3182 4082 pro
3203 4014 3405 4077 virtute,
3429 4010 3672 4078 audacia,
3694 4009 3859 4083 largi-

592 4015 862 4083 feminam,
895 4017 1090 4070 nullam
1135 4015 1368 4083 nominis
1395 4014 1842 4083 suiimehtionem
1877 4015 2035 4081 facit;
2079 4018 2174 4071 sed

592 4085 707 4141 haec
735 4080 944 4139 tantum
971 4085 1046 4136 ait
1089 4100 1100 4133 :
1135 4080 1259 4135 Non
1294 4082 1641 4151 imprudenter
1673 4083 1881 4152 quidam
1920 4084 2014 4136 hoc
2061 4087 2171 4140 loco

592 4154 742 4218 dixit,
774 4152 909 4224 quod
929 4154 1313 4224 siurepugnante
1333 4152 1902 4224 corporisfortitudine,
1933 4160 2036 4207 etc.
2063 4154 2174 4224 Ma-

591 4231 720 4276 neat
747 4221 926 4290 itaque
967 4221 1131 4274 ﬁxum
1161 4235 1224 4275 ac
1252 4229 1503 4276 constans
1531 4221 1696 4277 libros
1737 4223 1867 4276 istos
1905 4237 2024 4277 esse
2053 4223 2173 4279 Sal-

589 4292 753 4347 viani.
787 4291 844 4346 In
873 4293 936 4348 iis
957 4306 1122 4362 porro
1151 4291 1494 4362 emendandis
1523 4291 1814 4362 usiisumus
1834 4292 2043 4348 duobus
2073 4311 2170 4350 an-

590 4362 753 4432 tiquis
781 4361 1047 4418 codicibus
1079 4377 1205 4416 mss.
1241 4361 1578 4416 bibliothecae
1607 4361 1813 4430 Regia},
1847 4364 1923 4416 uti
1969 4363 2172 4421 dictum

588 4442 673 4486 est
694 4435 746 4486 in
775 4432 1105 4501 praefatione,
1134 4445 1240 4484 uno
1278 4433 1404 4501 item
1435 4433 1796 4501 vetustissimo
1832 4433 2171 4491 bibliotheca:

587 4499 911 4575 golber'tinte
949 4500 1267 4575 e_t_editio_ne
1306 4499 1602 4575 Pithteana.
1633 4500 1967 4575 Contulimus
2007 4521 2170 4575 porro

588 4571 743 4642 ﬁlum;
766 4585 888 4624 cum
937 4569 1171 4642 editione
1198 4570 1690 4642 horumAlibrorum
1718 4587 1880 4642 quam
1919 4569 2171 4642 Augustae

588 4639 929 4694 Trevirorum
961 4638 1138 4692 emisit
1158 4653 1298 4694 anno
1327 4638 1460 4692 1609
1482 4637 1716 4695 Joannes
1735 4637 2170 4699 Macherentinus

586 4707 870 4780 theologus
897 4709 962 4763 de
989 4707 1260 4780 Societate
1287 4708 1432 4771 Jesu,
1458 4724 1760 4780 quanquam
1803 4712 1951 4768 ωηο
1980 4713 2168 4770 admo-

586 4779 714 4834 dum
761 4791 953 4846 magno
981 4777 1174 4833 fructu.
1208 4777 1637 4835 Macherentinus
1674 4782 1818 4836 enim
1845 4784 2050 4838 nullum
2071 4801 2168 4839 ve-

2278 4081 2897 4152 tiofavaritiavigebant.
2970 4151 2978 4152 ί
3089 4081 3122 4152 λ
3267 4151 3311 4152 η
3477 4103 3526 4135 ι,
3683 4151 3691 4152 7
3773 4081 3790 4152 ς
3866 4120 3868 4123 .

2353 4155 2371 4192 ῐ
2405 4151 2762 4220 Hieronymus
2788 4152 2843 4203 in
2865 4151 3092 4220 prologo
3109 4151 3245 4207 Vitae
3264 4151 3456 4206 Malcbi
3483 4151 3754 4216 monachi,
3772 4151 3858 4207 lo-

2353 4165 2367 4192 ι
2405 4165 2762 4220 Hieronymus
2788 4167 2843 4203 ιιι
2865 4165 3092 4274 prorogo
3117 4165 3245 4207 Vita:
3264 4165 3456 4206 malem
3483 4165 3858 4216 monacm,10¢

2276 4241 2444 4297 quens
2477 4224 2542 4278 de
2585 4221 2821 4297 Ecclesia
2841 4239 2880 4297 _:_
2904 4220 3032 4297 seri-
3058 4239 3144 4275 ere
3170 4223 3305 4297 enim
3349 4222 3577 4297 disposui
3603 4222 3862 4293 quomodo

2275 4289 2325 4350 et
2352 4312 2442 4366 per
2463 4311 2587 4366 quos
2617 4290 2804 4366 Clu-isti
2834 4289 3068 4366 Ecclesia
3097 4303 3220 4347 nota
3239 4295 3322 4356 sit,
3349 4301 3407 4366 et
3426 4289 3604 4345 adulta
3615 4289 3857 4366 persecat

2278 4360 2499 4444 tionibus
2515 4364 2745 4444 creverit,
2765 4363 3024 4444 martyriis
3048 4372 3294 4444 coronata
3314 4363 3398 4444 sit,
3423 4369 3474 4416 et
3487 4360 3857 4444 postquam

2278 4437 2598 4513 Christianos
2626 4433 2879 4513 principes
2899 4429 3119 4513 petierit,
3152 4434 3380 4513 potentia
3413 4429 3691 4513 et
3721 4429 3855 4513 divi-

2276 4507 2359 4560 tiis
2406 4507 2592 4575 major,
2624 4499 2714 4575 sed
2733 4499 3021 4575 uirtutibus
3045 4499 3216 4575 minor
3242 4505 3382 4573 facta
3422 4499 3856 4575 sit._Agobar_(l_us

2274 4575 2327 4628 in
2367 4569 2503 4629 libro
2543 4576 2609 4629 de
2659 4571 2941 4638 Privilegio
2989 4579 3042 4624 et
3084 4569 3211 4626 Jure
3243 4569 3560 4637 sacerdotii,
3589 4585 3710 4639 cap.
3743 4569 3847 4623 1'5:

2276 4643 2426 4708 Quod
2445 4662 2540 4698 nos
2565 4643 2752 4712 absque
2773 4641 3008 4712 ambiguo
3031 4640 3341 4712 deEcclesia
3367 4641 3536 4695 dicere
3555 4655 3850 4712 possumus;

2272 4732 2373 4786 qua
2397 4718 2450 4768 in
2473 4715 2624 4786 annis
2651 4708 3353 4786 prioribusiadtolerantiam
3370 4708 3674 4786 passionum
3693 4708 3849 4786 robu-

2273 4780 2373 4851 sta,
2397 4786 2450 4838 in
2479 4782 2787 4854 perfectione
2824 4782 3051 4854 veritatis
3077 4792 3276 4854 erecta,
3310 4780 3380 4854 ad
3412 4782 3751 4854 ostensionem
3777 4780 3853 4854 si-

585 4833 788 4904 tustum
818 4833 1058 4926 codicem
1096 4849 1287 4926 habuit
1307 4833 1442 4904 cum,
1466 4833 2170 4926 quo"ituros:iubs—665$}-
2195 4833 2247 4892 Β
2515 4833 2717 4926 inlidit,
2753 4833 2922 4905 studio
2956 4833 3662 4926 ntirandteeontinentiteet
3685 4849 3848 4926 absti-_

583 4929 685 4984 ret,
717 4928 772 4974 et
795 4920 1051 4989 pleraque
1078 4920 1314 4973 correxit
1344 4921 1557 4990 propria
1585 4923 1926 4978 auctoritate.

662 4987 900 5066 “_Code_x
927 4988 1188 5066 Colbert._,
1213 4989 1472 5066 acerbiore
1503 4993 1793 5046 animarum
1830 4995 1928 5066 inf.
1961 5004 2101 5066 peste
2119 5004 2168 5049 et

1151 5029 1188 5052 ιν
1213 5029 1318 5042 *πνυ-
1334 5029 1430 5043 νυνι
1445 5029 1470 5043 ν
1503 5029 1694 5046 wcoslloul
1709 5029 1793 5046 ul"
1832 5029 1903 5052 σηι
1917 5035 1928 5047 ι

662 5012 685 5026 ’³
714 5012 900 5043 υυιιει
927 5012 1188 5052 nomen...
1213 5012 1472 5043 ασετυιονε
1503 5012 1793 5046 ammarum
1830 5012 1928 5066 ίηΙ.
1961 5012 1994 5066 ρ

583 5063 795 5114 tetriore
821 5060 897 5129 ﬁl.
935 5068 1066 5113 tuor.
1101 5058 1216 5112 labe
1243 5059 1503 5129 conﬁciat.

585 5199 616 5211 __
655 5129 680 5166 δ
713 5130 881 5184 Antea
907 5130 1184 5211 legebatur
1209 5131 1576 5185 existimantes.
1621 5131 1846 5188 Prorsus
1868 5133 2028 5188 male.
2056 5133 2164 5189 Nos

583 5208 766 5278 itaque
791 5208 1139 5254 correximus.

657 5278 678 5303 ε
711 5267 851 5347 Vide
867 5267 1002 5322 infra
1025 5279 1206 5324 notam
1227 5269 1295 5347 ad
1313 5285 1434 5347 pag.
1459 5270 1592 5347 225,
1601 5273 1692 5326 ubi
1715 5272 1890 5347 editor
1908 5273 2161 5347 observat

583 5351 773 5405 omnes
801 5336 964 5390 libros
991 5347 1201 5393 veteres
1221 5336 1363 5394 ferre
1380 5336 1659 5405 idolatria,
1679 5357 1789 5395 non
1817 5343 2149 5396 idololatriae.

651 5403 678 5480 d_
704 5404 754 5458 ltl
779 5412 880 5468 est,
910 5406 1078 5473 plebis
1098 5408 1498 5480 ecclesiastica
1521 5426 1615 5465 seu
1635 5403 1816 5480 populi
1843 5410 2154 5465 Christiani.

583 5471 715 5527 Vide
743 5489 899 5542 supra
914 5471 1048 5542 pag.
1091 5475 1205 5530 165.
1486 5471 1494 5475 ⁷
1515 5501 1520 5506 ·

658 5543 1267 5619 {Imitatumufortassis
1329 5563 1395 5602 ex
1443 5549 1694 5604 Sallustio
1747 5549 1803 5603 in
1847 5550 2158 5619 praefatione

581 5614 718 5690 belli
735 5612 1024 5690 Catilinarii
1061 5631 1073 5663 ε
1113 5613 1422 5690 l’erunrubi
1451 5637 1543 5689 pro
1586 5621 1758 5674 labore
1792 5612 2020 5690 desidia,
2065 5638 2157 5690 pro

584 5685 896 5761 continentia
924 5691 973 5761 et
1001 5685 1238 5754 (equitate
1265 5684 1421 5761 libido
1451 5684 1603 5761 atque
1629 5688 1865 5761 superbia
1901 5684 2152 5761 invasere,

583 5757 792 5825 fortuna
823 5754 973 5808 simul
1007 5771 1121 5808 cum
1148 5755 1371 5809 moribus
1400 5754 1714 5812 immittatur".
1748 5759 1964 5815 Etinfra
1986 5778 1998 5812 :
2020 5757 2157 5813 Nam

2270 4917 2460 4978 nentiae
2494 4923 2744 4982 accincta,
2783 4931 2977 4992 contra
2999 4920 3190 4976 rabiem
3225 4922 3463 4992 luporum
3495 4920 3737 4992 sollicita,
3775 4917 3849 4992 ad

2270 4993 2606 5047 resistendum
2646 4989 2890 5060 improbis
2921 4990 3101 5055 libera,
3142 5001 3195 5045 at
3223 4989 3356 5044 nunc
3377 4991 3611 5045 omnibus
3631 4989 3850 5060 inﬁrmi-

2271 5062 2458 5117 tatibus
2487 5063 2670 5141 mentis
2699 5058 2769 5114 ita
2796 5070 2870 5115 est
2890 5061 3332 5141 lan_gu_idaf,‘_ut_ad
3351 5058 3847 5141 dicendum

2267 5148 2360 5186 nec
2407 5142 2566 5186 tutum
2604 5134 2672 5200 sit
2716 5147 2807 5200 nec
2846 5127 3217 5200 possibileLSic
3242 5128 3474 5188 Jacobus
3499 5130 3566 5184 de
3605 5127 3852 5200 Vi_tri_aco-

2228 5225 2232 5228 ·
2266 5218 2387 5272 cap.
2419 5203 2451 5255 8
2474 5202 2608 5257 Hist.
2641 5197 2854 5272 Occid.,
2887 5213 3007 5272 pag.
3037 5198 3161 5263 288,
3194 5200 3269 5254 ait
3297 5201 3611 5272 magistrum
3651 5197 3844 5252 Fulco-

2264 5268 2388 5327 nem
2417 5273 2658 5352 amisisse
2684 5271 2879 5324 bonam
2908 5268 3100 5321 famam
3127 5278 3410 5340 postquam
3438 5269 3600 5338 coepit
3626 5280 3844 5335 congre-

2262 5356 2392 5410 gare
2419 5356 2688 5410 pecunias.

2259 5407 2287 5437 ·’
2339 5423 2363 5458 ες
2403 5407 2518 5465 [loc
2544 5412 2663 5464 loco
2692 5407 3000 5477 fuithmagna
3025 5408 3266 5464 codicum
3309 5409 3578 5477 regiorum
3615 5420 3853 5477 conserti»

2261 5481 2343 5535 sio
2371 5495 2491 5534 cum
2521 5479 2754 5533 editione
2780 5475 3075 5548 Pitlimana.
3119 5477 3301 5548 Itaque
3341 5475 3528 5533 vocem
3570 5477 3728 5531 turbis
3755 5476 3853 5530 hic

2261 5549 2597 5618 retinuitnus,
2631 5561 2752 5600 cum
2781 5546 3233 5618 antea‘legeretur
3260 5549 3437 5618 turpis.

2337 5616 2364 5655 ιι
2403 5616 2584 5671 Secuti
2605 5632 2787 5672 sumus
2805 5614 3121 5673 consensum
3144 5614 3381 5672 veterum
3403 5618 3681 5672 librorum.
3705 5614 3849 5668 Nam:

2262 5688 2526 5762 editiones
2544 5687 2743 5762 habent
2766 5705 2784 5762 Δε
2818 5684 2911 5741 Cui
2939 5696 3182 5762 quantum
3211 5689 3446 5752 scientia,
3479 5697 3675 5742 tantum
3708 5686 3847 5738 inte-

2261 5761 2360 5814 rim
2388 5758 2697 5813 conscientia
2725 5757 2867 5810 abes.
2951 5757 2963 5762 ⁷
3008 5773 3020 5787 ι
