4234 6262
359 414 459 470 177

1480 408 1838 466 ADVERSUS
1874 409 2251 466 AVARITIAM
2292 413 2416 467 LIB.
2457 415 2497 467 Ι.

3518 425 3619 481 178

359 535 572 602 putant,
595 529 689 600 qui
709 528 936 584 fortasse
962 542 1150 582 aurum
1175 541 1238 581 ac
1265 526 1543 580 facultates
1570 540 1694 578 suas
1718 525 1769 577 in
1798 531 1940 577 terra
1965 526 2016 582 Α
2044 524 2213 577 multo
2252 526 2514 580 malorum
2550 527 2791 580 continet
2816 542 2978 596 quam
3006 530 3297 598 bonorum,
3329 537 3622 594 secundum

363 637 476 676 non
505 621 706 676 habent
727 663 741 686 ,
783 628 836 676 et
865 629 1040 674 tamen
1074 619 1377 686 ubicunque
1405 617 1680 671 abstrusas
1716 616 1935 670 habent.

369 713 541 768 Nemo
569 727 627 767 se
655 711 889 767 ridiculis
917 710 1259 780 opinionibus
1295 708 1459 762 fallat.
1491 708 1805 776 Quicunque
1841 722 1940 760 au-

365 804 553 873 geudis
591 804 780 873 opibus
818 812 1030 857 terrena
1055 800 1350 870 cupiditate
1377 798 1720 863 famulantur,
1751 813 1941 852 aurum

368 904 525 950 terra:
569 910 780 964 semper
825 893 1111 948 infodiunt.
1160 893 1323 963 209
1351 891 1464 946 Hoc
1504 899 1587 946 est
1626 892 1767 945 enim
1815 889 1943 944 illud

366 988 513 1058 quod
536 986 780 1042 Salvator
800 987 852 1053 in
875 985 1168 1053 Evangelio
1193 984 1353 1038 docet
1375 984 1559 1038 dicens
1591 1002 1603 1035 :
1630 974 1809 1037 Nolite
1839 984 1944 1035 the-

365 1082 631 1134 σαυνίων-ε
661 1077 801 1133 vobis
836 1079 1108 1132 thesauros
1135 1079 1192 1130 iu
1223 1086 1358 1130 terra
1389 1075 1601 1145 (Matth.
1633 1092 1704 1138 vi,
1738 1075 1846 1146 l9).
1879 1073 1947 1128 Et

364 1170 556 1226 itemm
588 1189 601 1221 :
642 1169 1013 1224 Thesaurizate
1051 1176 1220 1221 autent
1261 1165 1400 1220 vobis
1441 1167 1706 1220 thesauros
1732 1167 1784 1218 in
1822 1166 1945 1220 cwlo

363 1260 550 1330 (Ibid.,
581 1260 697 1330 20).
723 1260 953 1328 Intelligi
973 1259 1126 1328 juxta
1147 1257 1416 1312 carnalem
1445 1256 1679 1310 auditum
1709 1257 1808 1310 ista
1839 1272 1947 1311 non

359 1361 612 1425 pomum.
645 1352 898 1420 Nunquid
926 1352 1069 1405 enim
1096 1359 1188 1403 aut
1217 1364 1405 1404 omnes
1427 1348 1552 1401 mali
1583 1349 1635 1401 in
1665 1357 1804 1402 terra
1830 1363 1947 1402 cor—

361 1443 581 1514 porales
613 1437 896 1498 thesauros
921 1458 1049 1497 suos
1073 1481 1086 1504 ,
1119 1449 1210 1495 aut
1238 1456 1425 1495 omnes
1451 1440 1575 1493 boni
1615 1441 1669 1493 in
1705 1439 1842 1494 cwlo
1869 1439 1948 1493 lo-

363 1537 523 1591 cant?
552 1535 672 1590 Non
703 1535 905 1603 utique.
939 1535 1008 1588 Et
1035 1535 1158 1588 ideo
1184 1532 1409 1588 eﬁectus
1428 1533 1741 1601 spiritalium
1768 1548 1945 1586 rerum

365 1634 530 1695 atque
556 1626 785 1682 virtutes
807 1627 887 1679 vis
915 1640 1084 1680 sacrae
1110 1625 1396 1680 locutionis
1424 1623 1701 1693 expressit.
1735 1622 1949 1678 Scilicet

369 1727 431 1773 ut
455 1720 581 1788 quia
606 1719 882 1789 cupiditati
912 1726 969 1773 et
996 1719 1232 1772 avaritize
1259 1725 1474 1770 terrena
1504 1724 1664 1784 atque
1694 1725 1945 1780 tartarea,

369 1811 752 1867 misericordize
781 1819 960 1866 autem
1009 1826 1073 1864 ac
1102 1809 1334 1877 largitati
1377 1807 1616 1862 cmlestia
1656 1822 1720 1862 ac
1747 1808 1946 1876 sempi-

2043 615 2171 669 illud
2207 615 2498 686 Scriptura:
2545 633 2708 671 sacra:
2743 637 2753 670 :
2793 619 2970 674 Radix
2994 624 3220 676 omnium
3249 625 3504 681 malorum
3547 641 3624 684 est

2043 707 2293 775 cupiditas
2339 705 2382 775 (l
2417 705 2546 758 Tim.
2576 724 2625 760 vi
2653 747 2666 770 ,
2714 707 2821 777 10),
2870 709 3055 779 Itaque
3093 711 3136 766 si
3166 713 3320 767 radix
3359 717 3622 772 malorum

2043 798 2280 851 omnium
2302 805 2386 852 est
2413 797 2694 866 cupiditas,
2727 807 2889 869 atque
2918 800 3032 855 haec
3057 801 3271 870 pietatis
3291 807 3513 862 matrice
3542 809 3624 877 gi-

2043 890 2222 957 gnitur
2250 898 2306 944 et
2345 890 2499 958 quasi
2533 890 2713 945 viroso
2752 891 2991 959 ejusdem
3024 893 3160 949 lacte
3202 896 3473 964 nutritur,
3513 916 3622 955 non

2046 991 2152 1035 tam
2182 981 2447 1052 cupiditas
2469 983 2907 1051 reprehendenda
2929 1000 3048 1053 qua:
3075 1002 3144 1041 ex
3171 989 3372 1057 pietate
3400 989 3624 1060 parente

2046 1073 2300 1136 nascitur,
2331 1087 2491 1141 quam
2515 1073 2629 1142 ipsa
2659 1073 2830 1142 pietas
2859 1090 2927 1128 ex
2953 1090 3059 1143 qua
3090 1078 3210 1132 talis
3238 1078 3343 1134 ﬁlia
3372 1096 3623 1150 procrea-

2047 1175 2153 1222 tur.
2189 1165 2305 1231 Quo
2334 1167 2392 1219 ﬁt
2420 1172 2480 1219 ut
2507 1167 2552 1219 si
2577 1172 2686 1218 tam
2713 1166 2968 1235 pestilens
2995 1177 3077 1222 est
3101 1169 3270 1238 pietas
3295 1187 3359 1226 ac
3388 1182 3496 1228 tam
3526 1192 3624 1230 no-

2047 1273 2192 1320 cens,
2239 1273 2337 1312 nec
2361 1273 2545 1312 amare
2572 1257 2823 1326 expediat
2849 1273 2949 1312 nec
2978 1261 3147 1313 amari
3189 1278 3203 1314 :
3245 1264 3369 1330 quia
3399 1281 3498 1320 nec
3525 1282 3622 1336 pa-

2047 1356 2228 1402 rentes
2268 1363 2509 1401 amorem
2551 1347 2749 1402 debent
2797 1357 3052 1418 appetere
3081 1350 3182 1405 sibi
3231 1353 3482 1418 noxium,
3527 1371 3625 1410 nec

2047 1438 2354 1493 desiderare
2393 1438 2483 1492 lilii
2531 1439 2846 1509 parentibus
2890 1439 3218 1496 obfuturum.
3253 1442 3508 1510 Quamvis
3537 1447 3626 1502 ille

2050 1546 2156 1583 non
2203 1530 2515 1597 parentibus
2538 1537 2763 1595 tantum,
2808 1530 2902 1585 sed
2931 1533 3093 1586 etiam
3127 1532 3249 1589 ﬁliis
3276 1536 3521 1592 morbum
3549 1537 3627 1592 fc-

2051 1628 2133 1673 rat
2164 1638 2175 1672 :
2209 1621 2337 1690 quia
2378 1627 2432 1673 et
2463 1621 2567 1674 illis
2593 1623 2771 1688 gravis
2799 1630 2881 1677 est
2917 1624 3009 1691 qui
3055 1626 3385 1694 perniciosas
3414 1630 3628 1698 pariunt

2050 1711 2419 1774 haereditates,
2465 1719 2519 1765 et
2561 1711 2665 1764 illis
2690 1713 2783 1779 qui
2812 1713 2953 1766 inter
2991 1713 3444 1783 improbissimum
3473 1733 3625 1787 quac-

2049 1811 2191 1859 stum
2221 1802 2449 1872 improbi
2489 1802 2786 1857 oducantur
2822 1804 3079 1860 hmredes.
3109 1805 3177 1858 Et
3213 1807 3338 1862 hinc
3363 1817 3445 1863 est
3482 1811 3627 1878 quod

371 1911 527 1957 terna
549 1901 837 1966 debentur;
866 1901 1064 1956 idcirco
1092 1900 1373 1954 diversitas
1405 1899 1606 1953 terreni
1633 1906 1688 1952 et
1715 1899 1948 1954 caelestis
1978 1887 2024 1946 Β
2051 1911 2189 1967 pene
2223 1911 2412 1949 omnes
2441 1895 2754 1964 parentibus
2780 1895 2890 1950 suis
2913 1895 3005 1950 ﬁlii
3035 1913 3144 1952 non
3173 1899 3340 1967 magis
3369 1900 3421 1952 in
3462 1902 3628 1969 patri-

373 1993 616 2048 thesauri
643 1993 816 2061 posita
835 2001 918 2047 est
948 2011 960 2045 :
991 2000 1049 2046 ut
1073 1992 1163 2060 qui
1187 1990 1468 2061 cupiditati
1497 1999 1553 2045 et
1581 1991 1818 2045 avaritiae
1841 1991 1949 2045 the-

379 2084 728 2146 saurizarent,
758 2084 810 2136 in
840 2083 1049 2138 inferno
1069 2098 1128 2137 se
1157 2099 1286 2152 opes
1320 2083 1500 2138 locare
1528 2092 1947 2152 cognoscerent;

382 2173 478 2241 qui
506 2188 635 2228 vero
665 2172 1036 2228 misericordiae
1054 2181 1109 2226 ct
1130 2173 1457 2238 humanitati,
1480 2174 1728 2230 caelestes
1754 2190 1812 2229 se
1835 2176 1952 2229 the-

379 2279 573 2318 sauros
599 2279 898 2332 praeparare
926 2262 1231 2331 gauderent.
1275 2263 1414 2319 Loca
1440 2265 1622 2335 itaque
1663 2266 1949 2320 thesauro-

375 2368 496 2406 rum
525 2352 594 2407 de
621 2353 826 2408 meritis
853 2354 1320 2409 thesaurizantium
1350 2356 1666 2410 nominavit.
1697 2356 1776 2410 lbi
1805 2356 1950 2411 enim

370 2439 625 2495 dicuntur
649 2451 768 2496 esse
799 2442 912 2511 jam
943 2443 1207 2509 thesauri,
1252 2445 1341 2499 ubi
1370 2454 1496 2500 sunt
1524 2446 1952 2502 thesaurizantes

365 2528 550 2584 futuri.

432 2620 520 2675 lll.
565 2620 671 2676 Sed
697 2632 925 2679 [austera
963 2625 1188 2680 forsitan
1226 2626 1475 2680 videatur
1517 2641 1638 2682 esse
1682 2629 1950 2683 sententia

366 2719 586 2767 cunctos
623 2715 904 2782 aequaliter
951 2716 1020 2770 ad
1062 2716 1451 2785 perfectionem
1495 2733 1698 2773 vocans
1744 2726 1801 2773 et
1846 2735 1952 2773 una

367 2817 554 2858 omnes
581 2804 698 2874 lege
725 2806 1092 2876 compellans,
1125 2822 1247 2861 cum
1279 2808 1465 2883 utique
1495 2823 1602 2862 non
1634 2810 1704 2863 sit
1739 2812 1953 2866 univcr-

366 2908 552 2948 sorum
580 2910 686 2948 una
722 2897 984 2951 conditio.
1017 2896 1336 2952 Rectissime
1359 2898 1575 2967 quidem
1613 2901 1718 2955 dici
1747 2902 1812 2956 ad
1851 2903 1950 2958 ista

368 2992 623 3054 poterat,
668 2988 811 3055 quod
852 3002 979 3042 cum
1026 3003 1211 3044 omnes
1237 2999 1502 3061 perpetuo
1529 2993 1698 3048 velint
1741 2995 1946 3059 vivere,

373 3088 563 3131 omnes
591 3074 644 3128 id
671 3089 832 3143 agere
858 3075 1120 3132 deberent
1147 3089 1204 3133 ut
1236 3081 1403 3135 vitam
1431 3093 1455 3118 ι
1479 3085 1795 3154 participare
1830 3102 1950 3156 pos-

373 3163 483 3218 sint
530 3182 542 3216 :
574 3166 696 3234 quia
727 3166 1236 3224 inconsultissimum
1266 3187 1331 3226 ac
1371 3174 1734 3229 stultissimum
1760 3186 1840 3230 est
1869 3177 1942 3242 id,

2049 1987 2231 2042 monia
2261 2001 2422 2055 quam
2451 1987 2504 2040 in
2534 1987 2662 2040 vitia
2684 1986 2995 2051 succedunt,
3028 2003 3127 2042 nec
3154 1989 3324 2056 magis
3352 1989 3629 2047 facultates

2048 2087 2304 2148 paternas
2333 2086 2555 2132 sumunt
2581 2093 2741 2146 quam
2779 2079 3074 2148 pravitates
3104 2097 3116 2131 :
3146 2095 3210 2133 ac
3236 2080 3313 2134 sic
3343 2087 3627 2136 transeun-

2051 2174 2134 2226 tes
2172 2186 2387 2242 semper
2413 2171 2467 2224 in
2495 2186 2676 2226 mores
2702 2180 2912 2241 patrum
2937 2213 2950 2236 ,
2994 2180 3118 2226 ante
3146 2187 3334 2227 eorum
3370 2171 3630 2243 incipiunt

2053 2262 2347 2330 nequitiam
2375 2277 2533 2330 quam
2583 2261 2935 2316 substantiam
2964 2263 3258 2332 possidere.
3307 2263 3455 2319 Bona
3486 2266 3630 2321 enim

2051 2359 2335 2422 parentum
2368 2351 2583 2406 nonnisi
2624 2352 2848 2406 mortuis
2877 2352 2957 2406 eis
2995 2353 3300 2422 possident;
3329 2355 3632 2411 viventibus

2053 2451 2235 2496 autem
2275 2442 2452 2496 adhuc
2491 2451 2546 2495 et
2585 2442 2920 2508 valentibus,
2963 2459 3142 2498 mores
3190 2463 3202 2496 :
3247 2447 3403 2517 211
3449 2462 3511 2500 ac
3553 2447 3631 2501 sic

2051 2533 2363 2609 priusquam
2393 2533 2447 2585 in
2475 2532 2715 2587 dominio
2752 2549 2849 2609 suo
2893 2533 3092 2588 habere
3132 2535 3390 2603 incipiant
3418 2552 3504 2589 res
3544 2554 3631 2605 pa-

2053 2632 2254 2687 ternas,
2298 2605 2501 2677 habent
2528 2622 2583 2676 in
2627 2605 2820 2676 animis
2849 2623 2996 2692 ipsos
3022 2631 3230 2693 patres;
3262 2631 3318 2677 et
3344 2633 3631 2692 antequam

2052 2713 2287 2768 habeant
2316 2714 2405 2768 illa
2447 2729 2565 2783 qua:
2607 2712 2742 2768 falso
2791 2713 3042 2768 dicuntur
3086 2714 3227 2766 bona
3251 2753 3266 2778 ,
3293 2712 3496 2766 habent
3541 2713 3630 2768 illa

2052 2821 2171 2875 quae
2191 2821 2318 2860 vere
2339 2805 2636 2875 probantur
2655 2804 2814 2858 mala.

2119 2895 2205 2950 ιν.
2238 2895 2375 2963 Quid
2404 2897 2570 2964 ergo?
2595 2911 2718 2950 cum
2746 2896 2861 2950 haec
2887 2896 2962 2950 ita
2990 2896 3116 2960 sint,
3149 2896 3476 2953 interdicere
3515 2897 3630 2954 for-

2050 3005 2146 3044 san
2199 2989 2510 3059 parentibus
2560 2987 2791 3042 ﬁliorum
2837 2987 3024 3044 videor
3078 2988 3366 3044 affectum?
3394 2989 3628 3048 Minime.

2051 3081 2188 3148 Quid
2218 3081 2360 3136 enim
2409 3088 2518 3134 tam
2561 3079 2764 3146 ferum,
2798 3087 2906 3134 tam
2958 3080 3349 3147 inhumanum,
3377 3091 3484 3136 tam
3531 3083 3637 3152 legi

2047 3174 2317 3237 aemulum,
2349 3172 2510 3242 quam
2535 3173 2580 3227 si
2609 3189 2715 3227 non
2761 3170 3020 3228 amandos
3072 3173 3312 3229 dicamus
3341 3173 3478 3230 ﬁlios
3499 3217 3514 3240 ,
3542 3175 3634 3245 qui

371 3253 632 3322 quosdam
669 3271 829 3324 agere
859 3266 918 3312 ut
959 3260 1103 3329 quod
1139 3260 1333 3316 affectu
1368 3279 1433 3317 ac
1474 3273 1600 3319 voto
1635 3267 1847 3331 volunt,
1891 3269 1944 3323 id
1972 3249 2018 3311 (ἶ
2051 3264 2309 3319 amandos
2329 3249 2860 3320 fateinurinimicos?
2888 3272 2982 3319 aut
3003 3265 3049 3319 si
3069 3263 3318 3322 affectum
3350 3281 3510 3336 quem
3538 3282 3634 3319 na--

366 3344 540 3415 ipsum
584 3362 643 3402 re
679 3356 842 3416 atque
869 3356 993 3402 actu
1024 3350 1166 3404 nolle
1191 3351 1490 3406 videantur.
1526 3352 1633 3407 Sed
1665 3361 1842 3410 tamen
1862 3357 1946 3410 vi-

366 3435 586 3493 deamus
613 3453 731 3492 eam
758 3438 994 3493 maxime
1022 3438 1474 3506 Christianorum,
1503 3441 1556 3496 id
1583 3450 1682 3508 est,
1717 3446 1947 3500 ﬁliorum

367 3534 585 3583 tuorum
630 3537 837 3598 partem
865 3545 987 3598 qua:
1033 3530 1195 3585 certis
1243 3547 1420 3585 rerum
1461 3534 1856 3603 impedimentis
1895 3546 1950 3591 et

366 3619 864 3690 inexpugnabilibus
885 3661 902 3686 ,
944 3631 1004 3676 ut
1029 3631 1212 3692 putat,
1245 3606 1696 3682 necessitudinum
1723 3631 1948 3685 vinculis

365 3729 395 3767 a
446 3713 780 3784 perfectione
807 3722 1108 3770 revocatur.
1159 3717 1237 3772 Ac
1264 3718 1492 3787 primum
1521 3721 1575 3773 in
1624 3722 1724 3776 hac
1755 3734 1905 3793 parte
1929 3763 1945 3788 ,

365 3806 458 3870 illi,
491 3807 703 3878 opinor,
737 3815 861 3861 sunt
904 3808 997 3877 qui
1026 3808 1094 3863 ad
1121 3810 1438 3878 quaerendas
1478 3815 1732 3881 pecunias
1759 3823 1814 3870 et
1841 3831 1949 3869 am-

365 3896 608 3966 pliandas
650 3898 906 3952 latissime
935 3913 1065 3968 opes
1106 3901 1354 3970 compelli
1383 3917 1440 3956 se
1487 3904 1769 3972 pignorum
1818 3921 1946 3960 cura

366 3994 425 4042 et
451 3989 601 4055 quasi
646 3989 879 4044 violento
928 3990 1158 4046 ﬁliorum
1204 4007 1388 4048 amore
1425 4005 1732 4052 caueantur.
1786 3999 1949 4068 210

367 4077 536 4144 Quasi
567 4093 696 4133 vero
733 4081 1034 4150 quicunque
1069 4091 1252 4154 patres
1289 4094 1441 4152 sunt,
1476 4103 1813 4157 nequaquam
1854 4098 1948 4143 aut

365 4171 580 4240 possint
596 4179 686 4224 aut
703 4171 935 4246 debeant
950 4176 1165 4230 omnino
1185 4192 1305 4232 esse
1325 4179 1427 4232 nisi
1452 4179 1662 4244 divites,
1689 4189 1742 4233 et
1765 4195 1946 4235 amare

365 4258 507 4316 ﬁlios
537 4277 666 4316 suos
712 4262 826 4317 sine
872 4278 1030 4333 opum
1067 4268 1513 4337 multiplicatione
1557 4286 1667 4323 non
1698 4271 1942 4335 valeant;

365 4359 458 4407 aut
490 4363 618 4408 vero
647 4353 816 4409 virtus
843 4371 907 4409 ac
934 4357 1175 4412 medulla:
1205 4359 1492 4414 affectuum
1522 4361 1746 4413 avaritia
1777 4369 1832 4415 et
1861 4378 1946 4415 cu-

365 4444 618 4514 piditates
643 4445 750 4498 sint
781 4463 793 4497 :
825 4447 948 4514 quia
976 4448 1207 4515 scilicet,
1243 4459 1300 4503 ut
1328 4451 1405 4503 illi
1429 4458 1640 4519 putant,
1668 4451 1806 4504 sicut
1834 4467 1947 4505 cor-

363 4549 468 4605 pus
495 4535 612 4588 sine
643 4534 872 4590 medulla
890 4578 904 4600 ,
937 4537 1014 4592 sic
1041 4554 1195 4592 amor
1222 4540 1337 4593 sine
1367 4539 1662 4608 cupiditate
1691 4555 1808 4594 esse
1837 4557 1942 4596 non

361 4623 555 4694 possit.
591 4621 744 4689 Quod
783 4625 826 4678 si
855 4626 927 4680 ila
957 4636 1056 4692 est,
1091 4630 1266 4683 omnis
1319 4631 1518 4697 absque
1549 4630 1711 4684 dubio
1752 4635 1939 4700 pietas,
1974 4611 2020 4668 ί)

359 4715 489 4770 mali
519 4731 680 4770 causa
708 4726 818 4783 est;
843 4733 1016 4787 neque
1043 4720 1095 4772 in
1128 4735 1190 4774 ea
1215 4737 1405 4776 sensus
1433 4730 1556 4776 sunt
1579 4723 1843 4778 bonorum
1864 4726 1943 4779 af-

359 4805 635 4871 fectuum,
680 4807 776 4862 sed
821 4808 1089 4864 incentiva
1118 4812 1392 4866 vitiorum.
1445 4812 1509 4866 Et
1539 4814 1626 4868 ubi
1668 4815 1793 4870 illud
1842 4817 1942 4871 erit

362 4912 573 4952 sacrum
600 4899 795 4953 divina:
829 4903 1169 4958 auctoritatis
1197 4905 1472 4958 oraculum
1501 4924 1512 4957 :
1540 4906 1715 4961 Pietas
1739 4909 1806 4970 ad
1834 4927 1943 4964 om-

362 4990 455 5042 nia
480 4989 622 5042 utilis
650 5000 727 5043 est
756 4991 799 5060 (Ι
828 4991 959 5045 Tim.
990 5010 1060 5058 tv,
1094 4994 1186 5066 8)?
1216 4994 1330 5049 Hoc
1359 4997 1501 5050 enim
1533 4999 1692 5054 modo
1722 5017 1828 5054 non
1856 5017 1944 5055 so-

365 5076 481 5130 lum
515 5094 621 5132 non
641 5079 708 5133 ad
737 5082 915 5135 omnia
945 5084 1121 5148 utilis,
1158 5084 1250 5139 sed
1277 5101 1414 5154 pene
1440 5087 1491 5139 in
1521 5089 1768 5144 omnibus
1798 5091 1942 5146 insa-

366 5168 555 5224 lubris.
584 5169 640 5225 Si
654 5174 792 5227 enim
821 5177 1125 5243 generatrix
1150 5178 1505 5233 cupiditatum
1524 5189 1622 5246 est,
1657 5182 1773 5251 plus
1802 5184 1854 5238 in
1884 5200 1943 5239 se

2053 3367 2171 3413 tura
2200 3367 2421 3428 praestat
2440 3360 2841 3429 prohibeamus,
2873 3358 2966 3427 qui
2994 3359 3157 3413 etiam
3187 3375 3309 3414 eum
3343 3374 3504 3427 quem
3532 3374 3650 3412 na-'

2014 3470 2029 3483 ο
2051 3458 2170 3505 tura
2199 3451 2450 3522 prohibet
2477 3452 2873 3522 impendimus?
2897 3457 2992 3505 aut
3015 3451 3060 3505 si
3093 3453 3410 3506 charitatem
3437 3441 3633 3506 mentis

2051 3552 2471 3612 extorqueamus
2493 3559 2655 3611 quam
2684 3543 2865 3605 habet,
2897 3543 2990 3608 qui
3018 3543 3182 3595 etiam
3211 3543 3357 3595 illam
3384 3543 3434 3595 ei
3465 3557 3631 3596 cona—

2050 3653 2170 3690 mur
2193 3637 2429 3690 inserere
2455 3649 2615 3701 quam
2645 3649 2752 3686 non
2781 3632 2981 3684 habet?
3009 3631 3126 3685 Non
3165 3634 3239 3685 ita
3271 3639 3367 3684 est.
3394 3631 3510 3684 Non
3538 3647 3630 3685 so-

2050 3725 2160 3778 lum
2216 3724 2359 3776 enim
2406 3722 2664 3774 amandos
2691 3720 2918 3773 dicimus
2948 3720 3109 3779 ﬁlios,
3138 3720 3232 3772 sed
3273 3719 3539 3787 praecipue
3567 3735 3633 3775 ac

2049 3817 2210 3882 supbr
2238 3811 2417 3866 omnia
2439 3808 2715 3871 amandos,
2738 3822 2837 3860 nec
2856 3807 3144 3874 quidquam
3177 3807 3259 3860 his
3287 3807 3506 3862 omnino
3535 3824 3632 3863 an-

2048 3903 2436 3975 teponendum,
2468 3901 2568 3955 nisi
2590 3901 2757 3955 Deum
2786 3897 2978 3952 solum.
3012 3896 3145 3951 Nam
3174 3903 3229 3952 et
3255 3898 3359 3952 hoc
3384 3908 3465 3952 est
3493 3915 3629 3968 prte-

2049 3998 2205 4068 cipue
2228 4010 2429 4060 amare,
2460 3994 2609 4049 illum
2637 3991 2760 4046 ﬁliis
2780 3997 3110 4060 anteponere
3137 4006 3298 4062 quem
3325 4005 3433 4045 non
3462 4005 3629 4059 expe-

2050 4090 2161 4144 diat
2189 4088 2410 4144 omnino
2437 4094 2778 4156 postponere.
2812 4081 2950 4148 Quid
2978 4089 3060 4136 est
3086 4097 3236 4151 ergo,
3279 4089 3371 4136 aut
3403 4095 3630 4152 quomo-

2050 4181 2120 4234 do
2149 4179 2406 4234 amandos
2433 4177 2656 4231 dicimus
2704 4174 2874 4228 ﬁlios?
2901 4173 3018 4238 Quo
3069 4174 3268 4243 absque
3297 4174 3481 4238 dubio,
3527 4173 3628 4228 nisi

2049 4286 2157 4338 quo
2187 4269 2328 4323 Deus
2368 4269 2482 4336 ipse
2511 4265 2826 4320 constituit?
2854 4264 3036 4332 Neque
3065 4266 3205 4318 enim
3235 4272 3318 4318 est
3348 4266 3486 4318 ullus
3515 4280 3630 4320 me-

2049 4362 2153 4415 lior
2178 4360 2406 4414 ﬁliorum
2435 4373 2587 4412 amor
2618 4369 2778 4424 quam
2808 4368 2968 4422 quem
3017 4354 3106 4408 ille
3135 4353 3316 4408 docuit
3361 4354 3453 4423 qui
3483 4354 3629 4423 ipsos

2051 4453 2188 4506 ﬁlios
2237 4449 2404 4505 dedit.
2437 4447 2622 4517 Neque
2677 4450 2900 4516 possunt
2946 4446 3170 4514 pignora
3223 4445 3412 4500 melius
3460 4445 3631 4500 amari

2049 4559 2211 4613 quam
2253 4541 2300 4596 si
2327 4542 2381 4594 in
2420 4554 2486 4594 eo
2511 4539 2653 4608 ‘ipso
2682 4554 2712 4591 a
2741 4552 2848 4606 quo
2878 4536 3002 4590 data
3031 4542 3153 4591 sunt
3181 4545 3444 4592 amentur.
3479 4536 3630 4603 Quo-

2048 4636 2209 4691 modo
2231 4635 2392 4703 igitur
2418 4631 2560 4686 Deus
2584 4629 2755 4684 amari
2787 4628 2922 4682 ﬁlios
2947 4627 3190 4696 jusserit,
3219 4643 3328 4698 non
3355 4630 3477 4686 dico
3505 4645 3628 4700 ego.

2049 4729 2202 4784 Dicat
2229 4741 2407 4781 sermo
2433 4724 2548 4793 ipse
2568 4721 2799 4782 divinus,
2827 4719 2917 4787 qui
2956 4719 3024 4772 ad
3047 4726 3227 4788 patres
3253 4735 3438 4776 omnes
3467 4735 3648 4789 gene-'

2046 4818 2232 4873 raliter
2262 4817 2336 4871 ita
2364 4813 2603 4882 loquitur
2627 4829 2638 4863 ε
2667 4808 2736 4864 Ut
2766 4808 2942 4863 tradat
2963 4808 3211 4863 mandata
3238 4809 3335 4864 Dei
3356 4809 3476 4864 ﬁliis
3494 4812 3627 4872 suis,

2047 4918 2104 4962 ut
2133 4916 2330 4979 ponant
2358 4907 2413 4957 in
2441 4903 2551 4957 Deo
2575 4920 2716 4975 spem
2736 4919 2904 4967 suam,
2934 4910 2982 4956 et
3005 4918 3104 4955 non
3127 4901 3489 4956 obliviscantur
3508 4916 3629 4968 ope-

2048 5015 2162 5052 rum
2215 4996 2315 5049 Dei
2358 4996 2470 5058 sui,
2520 5001 2570 5046 et
2613 4993 2864 5047 mandata
2910 4995 3021 5065 ejus
3076 4993 3347 5062 exquirant
3388 4987 3622 5057 (Psalm.

2051 5110 2248 5158 Lxxvu,
2285 5090 2359 5160 7).
2386 5089 2525 5144 Alibi
2554 5091 2805 5159 quoque:
2839 5088 2909 5140 Et
2937 5104 3053 5150 vos,
3085 5083 3273 5150 inquit,
3305 5089 3495 5149 patres,
3528 5097 3632 5134 no-

2049 5186 2138 5239 lite
2166 5183 2193 5222 b
2225 5182 2292 5236 ad
2319 5180 2647 5235 iracundiam
2673 5194 2955 5251 provocare
2980 5175 3120 5243 ﬁlios
3148 5179 3368 5238 vestros,
3392 5169 3484 5224 sed
3503 5172 3634 5226 edu-

1541 5290 1872 5347 STEPHANI
1909 5294 2178 5351 BALUle
2215 5291 2440 5347 NOTAE.

437 5397 575 5475 '_lta
604 5399 768 5456 editio
815 5401 1010 5459 Pithmi
1057 5413 1112 5460 et
1149 5405 1268 5462 libri
1314 5407 1677 5475 manuscripti.
1729 5406 1946 5463 Mache-

359 5468 608 5592 gptinus
638 5477 817 5526 tamen
843 5475 972 5543 legit
999 5486 1317 5546 perpetuare.
1343 5477 1471 5543 Qua:
1491 5468 1650 5532 lectio
1670 5477 1811 5531 mala
1839 5494 1947 5534 non

363 5553 464 5592 εει.

435 5607 462 5689 ξι
501 5607 692 5689 Locus
709 5620 790 5667 est
811 5629 876 5689 ex
897 5617 1072 5689 capite
1094 5625 1248 5673 sexto
1269 5618 1520 5689 Epistolzc
1541 5619 1682 5674 beati
1710 5617 1859 5674 Pauli
1881 5619 1948 5672 ad

363 5676 646 5759 Ephesios,
679 5683 951 5759 interdum
965 5676 1238 5742 'laudatus
1275 5676 1618 5744 alveteribus.
1651 5689 1948 5758 Cyprianus

364 5750 417 5802 in
449 5750 586 5803 libro
617 5754 888 5829 tertio__ad
920 5755 1216 5822 Quirinum,
1248 5774 1364 5827 cap.
1399 5759 1456 5811 7i
1496 5778 1506 5811 :
1541 5750 1947 5829 Ptitres'quoque

367 5834 576 5892 asperos
600 5822 740 5874 circa
767 5824 902 5892 ﬁlios
931 5844 1038 5880 esse
1061 5844 1159 5881 non
1182 5822 1427 5898 operiere.
1455 5829 1522 5882 Et
1550 5846 1656 5890 vos,
1690 5822 1942 5897 parentes,

2052 5410 2208 5464 nolite
2248 5409 2303 5461 in
2349 5405 2682 5474 iracundiam
2705 5404 2904 5474 mittere
2946 5395 3086 5474 ﬁliqs
3113 5404 3323 5474 vestros.
3361 5397 3628 5474 Hierony-

2053 5494 2171 5532 mus
2199 5477 2250 5530 in
2279 5476 2500 5546 epistola
2531 5473 2597 5546 ad
2625 5464 2970 5546 Theophilum
2990 5464 3630 5546 _Ale;angrinum_adve'r-

2055 5564 2146 5603 sus
2173 5535 2383 5602 errores
2401 5542 2621 5597 Joannis
2651 5535 3118 5607 llierosolymitani
3146 5559 3158 5593 :
3189 5539 3260 5594 Et
3292 5543 3338 5595 si
3379 5542 3466 5594 ille
3487 5580 3502 5601 ,
3546 5543 3628 5592 in-
3676 5564 3678 5566 -

2055 5619 2188 5686 quit,
2221 5617 2382 5686 perire
2398 5612 2540 5686 cupit
2554 5625 2618 5686 ne
2637 5604 2823 5686 perditi
2841 5604 3070 5676 pereant,
3085 5619 3275 5686 quanto
3297 5612 3460 5686 magis
3481 5607 3625 5660 bonis

2055 5629 2188 5686 quit,
2221 5632 2382 5686 perire
2398 5629 2534 5679 cupit
2554 5629 2618 5662 ne
2637 5629 2823 5677 perum
2841 5629 3275 5734 pereantﬂuanto
3297 5629 3460 5681 magis
3481 5629 3625 5660 vom;

2055 5686 2349 5758 parentibus
2402 5676 2763 5758 providfrtdum
2811 5686 2890 5758 est
2913 5697 2990 5758 pne
3011 5698 3064 5758 _a
3082 5753 3096 5758 _
3139 5680 3460 5758 iracundiam
3505 5691 3626 5743 pro-

2052 5746 2228 5810 iiocent
2245 5753 2380 5821 ﬁlios
2397 5746 2543 5821 suos.
2559 5746 2988 5821 Theophylactus
3011 5751 3061 5804 in
3082 5753 3223 5805 hunc
3244 5748 3391 5821 Pauli
3412 5747 3621 5821 locum:
3645 5811 3649 5816 η

2055 5824 2178 5882 Non
2207 5813 2354 5883 dixit,
2386 5817 2616 5890 Diligite.
2642 5813 2758 5874 Hoc
2782 5813 2919 5875 enim
2941 5830 3127 5872 natura
3155 5821 3217 5870 ab
3245 5817 3368 5885 ipsis
3391 5814 3468 5867 vel
3494 5813 3630 5869 inti-
