4246 6264
582 294 684 378 iss

1524 317 1579 372 s.
1621 313 1932 371 SALVIANI
1969 312 2426 370 MASSILIENSIS
2465 286 2887 371 pnsssvrsm

3730 318 3832 373 I84

580 450 772 499 sam-os
789 432 1077 502 cupiditas,
1107 447 1204 502 per
1230 430 1546 485 novissimos
1565 429 1730 500 218
1745 428 1859 482 dies
1879 425 2159 505 inﬁdelitas
2184 429 2232 487 Α
2258 426 2483 483 necdum
2512 427 2667 484 desiit
2692 430 2785 499 qui
2811 429 2984 485 adhuc
3016 430 3145 485 velit
3170 445 3394 511 peccare
3421 431 3466 486 si
3497 432 3681 501 possit.
3715 433 3830 490 Non

581 534 879 582 accusatur.
912 523 991 577 Ac
1015 536 1112 591 per
1139 522 1242 575 hoc
1273 530 1298 557 ⁸
1335 520 1530 590 duplex
1579 527 1633 573 et
1672 519 1976 588 cupiditatis
2015 533 2155 573 noxa

583 627 667 673 est
686 624 741 672 et
761 613 1087 670 inﬁdelitatis
1106 630 1118 664 :
1137 612 1262 682 quia
1292 611 1570 666 thesauros
1589 626 1726 680 quos
1748 611 1918 680 (juxta
1938 609 1989 664 id
2009 610 2155 678 quod

582 710 726 765 Deus
764 708 895 761 dicit
926 724 938 759 :
971 704 1095 758 Non
1123 706 1447 775 concupisces
1479 702 1685 774 (Exod.
1729 720 1815 768 xx,
1862 705 1959 768 l7;
1995 703 2149 757 Deut.

581 816 636 865 ν,
663 798 757 865 2i;
789 797 940 851 Rom.
963 813 1052 863 vn,
1073 795 1126 861 7)
1148 796 1351 851 crimen
1379 796 1563 864 utique
1581 794 1680 849 fuit
1702 802 1756 849 et
1783 793 1888 848 alio
1917 802 2157 863 tempore

583 889 994 959 concupiscere,
1032 886 1203 956 majus
1235 886 1436 957 absque
1467 885 1628 940 dubio
1659 900 1758 955 per
1785 883 2154 938 inﬁdelitatem

581 983 756 1052 ipsam
783 980 985 1036 crimen
1014 987 1098 1047 est
1124 979 1286 1033 etiam
1316 979 1371 1031 in
1399 978 1580 1032 mundi
1609 976 1714 1031 ﬁne
1742 976 2033 1031 cumulare.

655 1071 785 1128 VIII.
827 1072 1028 1127 Durum
1052 1072 1282 1126 lortasse
1309 1070 1499 1139 aliquis
1514 1084 1819 1124 sermonem
1832 1083 2009 1123 meum
2026 1069 2155 1123 hac-

578 1171 737 1221 tenus
763 1163 1039 1232 judicavit.
1068 1161 1136 1216 Et
1162 1177 1289 1217 vere
1318 1161 1482 1216 durus
1510 1168 1611 1225 est,
1653 1161 1697 1216 si
1725 1160 1921 1231 aliquid
1950 1178 2058 1218 non
2086 1178 2154 1218 ex

578 1255 1009 1311 testimoniorum
1036 1266 1311 1308 sacrorum
1325 1251 1646 1306 auctoritate
1672 1252 2021 1307 commonuit.
2046 1253 2153 1307 Du-

575 1363 670 1403 rus
697 1346 1050 1409 existimetur,
1073 1345 1118 1398 si
1147 1344 1345 1413 aliquid
1374 1344 1480 1398 tale
1506 1344 1692 1399 habuit
1719 1344 1878 1413 quale
1907 1345 1996 1400 hic
2009 1344 2153 1417 Apo-

574 1439 746 1496 stolus
770 1436 1098 1507 praedicavit.
1132 1433 1202 1490 Ut
1228 1451 1337 1490 non
1363 1434 1619 1490 addamus
1648 1434 1778 1489 illud
1816 1434 2025 1491 Domini
2049 1452 2151 1492 no-

573 1528 672 1585 stri
691 1528 911 1594 dictum,
934 1543 1042 1597 quo
1070 1542 1257 1582 omnes
1285 1527 1498 1597 penitus
1523 1526 1767 1597 indignos
1794 1544 1852 1584 se
1879 1544 1997 1584 esse
2020 1528 2154 1584 dixit

572 1620 665 1690 qui
693 1635 801 1673 non
820 1618 1217 1673 renuntiassent
1234 1620 1480 1674 omnibus
1505 1634 1624 1688 quae
1649 1619 2145 1693 possederint(Luc.

570 1723 677 1773 xxv,
693 1708 804 1777 55).
819 1707 946 1775 Quae
960 1724 1080 1762 cum
1095 1709 1168 1762 ita
1185 1709 1310 1772 sint,
1335 1725 1531 1775 nonne,
1545 1725 1745 1780 quaeso,
1762 1711 2150 1780 indulgentissi-

2256 517 2411 571 bonis
2432 518 2610 587 itaque
2630 520 2824 589 spebus
2846 520 3089 575 innititur
3106 522 3197 590 qui
3218 521 3285 576 ad
3299 523 3401 579 hoc
3419 530 3625 576 tantum
3645 533 3835 594 peccat

2256 607 2310 661 in
2339 609 2447 663 vita
2476 618 2533 663 ut
2560 618 2901 679 peccatorum
2938 612 3135 667 molem
3174 612 3402 667 redimat
3444 613 3498 667 in
3534 621 3747 681 morte;
3778 625 3833 671 et

2256 695 2377 751 ideo
2415 713 2473 752 se
2522 714 2803 754 evasurum
2851 707 3025 770 putat,
3057 717 3164 756 non
3191 702 3315 771 quia
3362 702 3557 768 bonus,
3586 703 3678 759 sed
3705 704 3829 774 quia

2255 786 2402 841 dives
2426 788 2512 843 sit.
2539 788 2701 854 Quasi
2751 804 2879 844 vero
2917 789 3060 845 Deus
3097 806 3205 845 non
3232 791 3409 845 vitam.
3427 800 3634 860 qumrat
3659 793 3834 850 homi-

2255 895 2401 943 num,
2444 879 2536 934 sed
2564 881 2866 951 pecuniam,
2897 888 3059 950 atque
3086 896 3117 935 a
3145 882 3352 937 cunctis
3396 883 3662 938 malorum
3685 884 3831 938 redi-

2253 970 2570 1025 mendorum
2618 988 2712 1042 spe
2758 973 2901 1027 male
2948 972 3228 1041 agentibus
3270 973 3514 1043 accipere
3559 974 3705 1032 solos
3733 990 3831 1044 pro

2253 1064 2565 1120 criminibus
2617 1080 2864 1120 nummos
2902 1064 3051 1132 velit,
3096 1071 3153 1120 et
3194 1072 3570 1135 corruptorum
3592 1065 3831 1135 judicum

2252 1172 2406 1212 more
2432 1163 2712 1224 argentum
2731 1157 2911 1225 exigat
2927 1163 2987 1211 ut
3007 1164 3230 1228 peccata
3244 1155 3456 1212 vendat.
3484 1155 3602 1213 Non
3631 1156 3705 1211 ita
3724 1166 3827 1213 est.

2253 1245 2515 1302 Prodesse
2543 1248 2686 1302 enim
2706 1247 3043 1316 largitionem
3062 1247 3349 1318 plurimum
3375 1254 3583 1303 certum
3609 1255 3711 1313 est,
3733 1248 3829 1304 sed

2250 1353 2362 1394 non
2382 1339 2488 1396 illis
2504 1340 2595 1409 qui
2620 1340 2809 1394 ultima
2829 1338 3016 1396 futurae
3042 1339 3339 1408 largitionis
3354 1330 3456 1410 spe
3469 1340 3607 1395 male
3618 1341 3821 1406 vivunt,

2250 1431 2345 1501 qui
2389 1430 2581 1487 ﬁducia
2613 1431 2936 1487 redimendae
2981 1432 3328 1487 immunitatis
3350 1431 3554 1488 scelera
3580 1432 3827 1487 commit-

2251 1529 2399 1589 tunt;
2423 1521 2518 1577 sed
2545 1522 2649 1577 illis
2667 1521 2759 1591 qui
2786 1521 2996 1592 decepti
3033 1529 3126 1576 aut
3151 1521 3357 1576 lubrico
3383 1520 3575 1587 aetatis,
3606 1529 3700 1575 aut
3722 1537 3826 1575 nu-

2250 1613 2360 1670 bilo
2378 1614 2597 1680 erroris,
2629 1620 2721 1669 aut
2739 1613 2871 1668 vitio
2899 1613 3232 1682 ignorantiae,
3256 1621 3351 1667 aut
3378 1620 3651 1682 postremo
3672 1612 3825 1682 lapsu

2248 1706 2549 1776 fragilitatis
2590 1706 2856 1771 humanae,
2896 1706 3210 1776 resipiscere
3245 1706 3460 1762 tandem
3508 1706 3661 1777 quasi
3700 1713 3826 1776 post

568 1816 735 1866 mum,
760 1801 1207 1856 modestissimum
1220 1816 1285 1856 ac
1302 1801 1674 1856 mollissimum
1693 1802 1985 1857 existimari
2013 1818 2140 1859 con-
2171 1797 2221 1859 Β
2245 1796 2271 1837 δ
2309 1807 2539 1855 mortem
2590 1799 2914 1867 gravissimae
2954 1798 3306 1864 inﬁrmitatis,
3362 1809 3454 1853 aut
3505 1798 3655 1868 quasi
3700 1804 3824 1868 post

567 1893 716 1947 venit
727 1892 870 1962 quod
882 1892 1044 1948 locuti
1068 1908 1250 1948 sumus
1264 1910 1278 1959 ;
1308 1892 1513 1948 scilicet
1526 1895 1617 1962 qui
1628 1894 1932 1950 hominibus
1950 1896 2143 1964 quibus

566 1982 858 2055 perfectam
872 1984 1291 2040 incolumitatem
1304 1986 1537 2040 tribuere
1553 2001 1660 2040 non
1674 2002 2141 2058 possumus,opem

566 2071 758 2128 saltem
783 2073 1079 2144 desperata:
1104 2074 1289 2130 salutis
1309 2076 1639 2147 inquirimus,
1658 2085 1713 2132 et
1731 2094 1957 2148 quorum
1976 2081 2140 2134 vitam

566 2179 759 2221 sanare
781 2154 891 2221 non
908 2181 1208 2236 possumus,
1232 2173 1462 2223 mortem
1489 2168 1667 2223 levare
1686 2177 1970 2223 tentamus.
2003 2168 2143 2236 Quid

566 2264 651 2312 est
662 2258 805 2311 enim
831 2254 1068 2326 perfecta
1093 2257 1331 2312 sanitas?
1352 2256 1509 2325 Quid,
1540 2259 1644 2314 nisi
1681 2260 1735 2313 in
1754 2262 1862 2315 vita
1892 2261 2141 2317 hacbene

566 2346 761 2415 agere?
789 2345 927 2413 Quid
966 2353 1239 2417 postrema
1266 2349 1506 2405 curatio?
1533 2349 1688 2417 Quid,
1724 2351 1823 2405 nisi
1853 2353 1936 2405 vel
1964 2352 2018 2406 in
2046 2367 2141 2407 ex-

565 2437 751 2491 tremis
774 2437 978 2492 bonum
1007 2438 1271 2510 viaticum.
1294 2442 1643 2511 comparare?
1695 2442 1831 2509 Quid
1879 2452 1962 2499 est
1997 2446 2141 2500 enim

562 2527 804 2596 perfecta
830 2528 1063 2583 sanitas?
1091 2529 1249 2596 Quid,
1270 2530 1374 2585 nisi
1401 2533 1562 2588 rebus
1581 2548 1613 2587 a
1633 2534 1744 2591 Deo
1764 2535 1975 2591 traditis
2001 2537 2141 2593 bene

564 2614 679 2669 uti?
707 2614 861 2682 Quod
908 2616 1152 2672 ultimum
1196 2620 1525 2676 remedium?
1563 2621 1749 2690 Quod,
1796 2626 1897 2679 nisi
1953 2627 2141 2682 saltem

563 2712 753 2775 postea
776 2705 955 2762 facere
970 2709 1114 2777 quod
1134 2711 1393 2779 poeniteat
1415 2720 1471 2767 te
1492 2729 1601 2769 non
1622 2722 1747 2769 ante
1759 2716 1983 2771 fecisse?
1999 2717 2140 2773 Dura

560 2794 791 2852 fortasse
818 2797 1010 2868 aliquis
1028 2807 1181 2870 putat
1198 2816 1317 2857 esse
1330 2818 1448 2872 qua:
1475 2803 1615 2860 dico.
1647 2805 1807 2873 Dura,
1830 2808 1989 2877 plane
2008 2807 2142 2864 dura

561 2886 952 2953 existimentur,
981 2890 1085 2945 nisi
1112 2890 1237 2945 talia
1264 2892 1372 2946 sint
1395 2900 1454 2947 ut
1479 2894 1535 2949 in
1572 2898 1975 2967 comparatione
2009 2915 2142 2969 apo-

560 2975 765 3029 stoliue
784 2979 1087 3034 severitatis
1112 2981 1292 3037 mollia
1321 3000 1387 3039 ac
1410 2986 1633 3041 remissa
1658 2989 1958 3044 videantur.
1991 2990 2139 3061 Apo-

558 3064 730 3120 stolus
751 3066 893 3120 enim
921 3069 989 3123 ad
1015 3070 1284 3139 planctum
1308 3074 1499 3131 divites
1523 3087 1713 3145 vocat,
1735 3096 1835 3135 nos
1872 3082 1941 3135 ad
1967 3080 2144 3136 reme:

2244 1892 2447 1946 luctum
2470 1891 2697 1946 turbatae
2735 1891 2931 1946 mentis
2955 1890 3235 1961 incipiunt,
3280 1898 3336 1945 et
3366 1890 3505 1946 sicut
3522 1890 3590 1945 ad
3608 1904 3823 1946 sensum

2242 1998 2396 2039 suum
2407 1983 2835 2038 insanibomines
2853 1991 2976 2055 post
2989 1984 3243 2047 furorem,
3262 1982 3341 2038 sic
3358 1982 3446 2038 isti
3460 1982 3685 2052 redeunt
3703 1990 3824 2053 post

2243 2088 2515 2139 errorem;
2546 2075 2599 2128 in
2640 2090 2750 2130 uno
2799 2073 3169 2130 tantummodo
3215 2075 3378 2147 220
3404 2089 3436 2128 a
3462 2089 3522 2129 se
3559 2075 3819 2144 dispares,

2242 2166 2387 2235 quod
2415 2166 2491 2220 illi
2518 2165 2753 2235 gaudent
2787 2173 3071 2237 postquam
3117 2166 3388 2221 evaserint
3427 2163 3821 2234 aegritudinem,
3893 2227 3901 2234 _

2241 2255 2331 2311 isti
2351 2257 2611 2327 plangunt
2629 2265 2911 2326 postquam
2936 2256 3563 2327 acceperint-sanitatem.
3587 2253 3699 2310 Nec
3724 2255 3822 2310 im-

2241 2348 2454 2403 merito.
2479 2347 2559 2402 Illi
2586 2348 2731 2402 enim
2771 2354 2923 2402 tanto
2951 2347 3070 2415 plus
3097 2344 3449 2415 gratulantur,
3479 2351 3683 2414 quanto
3701 2344 3821 2415 plus

2242 2440 2621 2496 incolumitatis
2674 2438 2922 2508 indeptos
2968 2444 3088 2493 esse
3130 2453 3190 2493 se
3242 2438 3504 2503 sentiunt;
3553 2437 3640 2492 isti
3667 2444 3819 2492 tanto

2240 2530 2360 2600 plus
2403 2527 2804 2584 conflmduntur
2822 2567 2838 2593 ,
2867 2533 3070 2597 quanto
3105 2525 3404 2581 evidentius
3442 2526 3689 2581 morbum
3733 2525 3817 2582 sui

2242 2620 2441 2676 erroris
2469 2626 2785 2687 agnoscunt.
2817 2618 2935 2684 Quo
2957 2616 3051 2681 ﬁat
3090 2630 3310 2671 necesse
3335 2623 3421 2671 est
3447 2623 3506 2669 ut
3532 2616 3608 2670 illi
3636 2617 3819 2672 exsul-

2242 2720 2359 2769 tent
2388 2720 2445 2767 et
2472 2711 2558 2767 isti
2579 2712 2796 2780 lugeant
2828 2727 2841 2761 :
2872 2709 2997 2779 quia
3025 2708 3102 2764 illi
3141 2708 3286 2777 quod
3327 2714 3670 2776 mgrotarunt,
3711 2709 3814 2762 im-

2240 2813 2433 2876 putant
2455 2803 2780 2870 valetudini;
2809 2803 2918 2869 isti,
2946 2802 3091 2872 quod
3111 2808 3442 2865 erraverunt,
3473 2800 3574 2855 sibi
3604 2817 3617 2853 :
3642 2815 3707 2855 ac
3732 2799 3811 2854 illi

2240 2897 2351 2951 laeti
2378 2905 2504 2953 sunt
2531 2896 2600 2951 de
2631 2893 2897 2960 remedio,
2928 2901 2985 2948 et
3012 2893 3095 2949 isti
3128 2892 3274 2946 anxii
3305 2891 3372 2946 de
3398 2899 3571 2947 reatu.

2313 2988 2403 3044 IX.
2436 2987 2589 3044 Unde
2615 2987 2880 3042 admoneo
2906 3000 3029 3042 cum
3055 2999 3263 3047 omnes,
3292 2990 3406 3037 tum
3432 2982 3698 3052 praecipue
3717 2996 3815 3037 eos

2241 3095 2380 3150 quos
2405 3079 2645 3147 gravium
2665 3077 2981 3132 delictorum
3003 3084 3177 3131 terror
3195 3073 3447 3142 exagitat,
3472 3079 3527 3127 et
3547 3072 3600 3126 in
3621 3066 3814 3141 quibus

558 3153 724 3208 dium.
749 3154 1038 3224 Apostolus
1057 3159 1266 3215 divitias
1286 3162 1461 3229 ignem
1476 3167 1737 3231 nominat,
1757 3183 1857 3222 nos
1876 3168 2051 3225 facere
2071 3185 2139 3225 ex
2165 3162 2214 3228 G
2243 3168 2507 3224 infelicior
2529 3167 2858 3223 conscientia
2875 3173 3218 3236 peccatorum
3246 3162 3533 3234 pmnalium
3561 3162 3813 3218 recorda-

557 3242 756 3299 divitiis
776 3252 942 3313 aq'uas
960 3250 1201 3316 cupimus
1221 3252 1393 3318 ignem
1413 3255 1829 3322 exstinguentes,
1847 3260 2138 3313 secundum

555 3333 732 3389 illud:
780 3333 931 3389 Sicut
972 3353 1108 3409 aqua
1151 3340 1431 3410 exstinguit
1474 3344 1661 3413 ignem,
1693 3346 1768 3398 sic
1814 3347 2137 3420 elemosyna

554 3427 835 3496 exstinguit
860 3435 1124 3498 peccatum
1155 3427 1341 3501 (Eccli.
1368 3448 1442 3498 ur,
1475 3432 1585 3502 55).
1611 3434 1899 3504 Apostolus
1928 3439 1981 3491 in
2002 3439 2137 3494 divi-

553 3515 643 3571 tiis
688 3516 828 3572 male
877 3520 1208 3575 conservatis
1251 3520 1650 3579 damnationem
1695 3541 1814 3582 esse
1860 3537 2131 3599 testatur;

553 3608 716 3678 219
734 3622 834 3676 ego
863 3624 933 3664 ex
958 3609 1043 3664 his
1061 3624 1181 3679 qua:
1202 3611 1333 3667 dicit
1369 3613 1458 3669 ille
1484 3625 1712 3672 mortem
1739 3629 1991 3676 mternam
2018 3640 2134 3678 om-

551 3698 707 3753 nibus
734 3698 927 3765 l‘acere,
959 3701 1124 3756 vitam
1146 3710 1276 3772 opto
1304 3714 1614 3775 perpetuam
1653 3724 1983 3781 comparare.
2017 3713 2132 3769 Non

550 3788 764 3856 quidem
792 3790 936 3859 quod
959 3791 1053 3845 ulli
1082 3793 1223 3849 vitiis
1244 3797 1546 3853 carnalibus
1566 3799 1863 3870 implicato,
1888 3803 2131 3860 suﬂicere

549 3878 617 3932 ad
638 3880 798 3934 vitam
827 3891 1083 3938 aeternam
1104 3893 1287 3955 putem
1308 3889 1373 3952 si,
1398 3905 1521 3944 cum
1542 3907 1710 3960 usque
1735 3893 1801 3947 ad
1826 3903 2052 3950 mortem
2075 3898 2128 3950 in

492 3980 504 3994 ⁶
548 3966 760 4039 ﬂagitiis
786 3976 1148 4039 consenuerit,
1179 3976 1232 4026 in
1272 3976 1421 4046 obitu
1448 3978 1586 4032 bene
1626 3989 1815 4034 cuncta
1835 3983 2124 4051 dispenset,

548 4058 648 4114 nisi
669 4068 825 4114 antea
849 4069 903 4115 et
930 4060 1164 4129 peccatis
1184 4064 1588 4129 renuntiaverit,
1612 4074 1668 4120 et
1686 4069 1954 4124 sordidam
1983 4072 2127 4127 illam

546 4147 827 4201 criminum
845 4149 1079 4202 tunicam
1094 4148 1515 4222 lutulentamque
1529 4154 1834 4224 projecerit,
1856 4168 1911 4214 et
1932 4176 2126 4217 novam

547 4233 572 4273 δ
602 4236 967 4293 conversionis
993 4253 1058 4293 ac
1084 4238 1449 4297 sanctimonia:
1475 4252 1678 4299 vestem
1703 4246 1769 4301 de
1794 4263 1955 4305 manu
1983 4250 2129 4321 Apo-

544 4328 666 4383 stoli
694 4328 1030 4399 prxdicantis
1054 4334 1340 4403 acceperit.
1372 4346 1393 4374 ο
1408 4390 1409 4393 η
1424 4336 1634 4408 Alioqui
1661 4355 1886 4410 peccare
1905 4360 2014 4400 non
2033 4344 2127 4400 de-

542 4418 669 4472 sinit
706 4434 866 4488 quem
894 4421 951 4476 in
979 4424 1237 4481 extremis
1277 4426 1438 4481 situm
1464 4431 1719 4486 recedere
1756 4448 1787 4486 a
1815 4435 2125 4494 criminibus

2240 3261 2390 3315 tione
2416 3261 2666 3329 suspirat,
2698 3259 2926 3328 primum
2955 3266 3013 3310 ut
3050 3258 3173 3312 licet
3210 3256 3344 3326 lapsi
3370 3256 3501 3321 sint,
3534 3270 3641 3309 non
3661 3270 3810 3310 com-

2238 3357 2516 3405 morentur
2534 3349 2587 3402 in
2617 3349 2786 3417 lapsu,
2818 3362 2918 3401 nec
2956 3346 3010 3401 in
3037 3345 3333 3401 volutabris
3352 3346 3463 3401 suis
3482 3345 3810 3401 sordentium

2236 3454 2393 3495 suum
2420 3454 2571 3494 more
2597 3444 2905 3502 versentur;
2927 3438 3017 3506 qui
3043 3452 3164 3492 cum
3182 3444 3471 3493 mstuantes
3492 3438 3638 3493 alvos
3658 3451 3809 3493 coeno

2237 3529 2624 3594 immerserint,
2656 3542 2993 3598 nequaquam
3019 3526 3246 3582 sordidis
3267 3528 3631 3597 voluptatibus
3657 3528 3809 3584 satis-

2235 3622 2437 3678 faciunt
2456 3622 2557 3676 nisi
2578 3629 2688 3676 tota
2709 3619 2920 3691 penitus
2939 3620 3053 3674 luto
3073 3619 3310 3674 membra
3330 3620 3668 3675 convolvant.
3692 3620 3807 3675 Non

2236 3710 2365 3782 ergo
2393 3712 2586 3767 horum
2612 3710 2907 3765 naturalem
2934 3717 3224 3778 sequantur
3252 3709 3524 3774 inluviem,
3549 3726 3649 3765 nec
3669 3710 3807 3764 male

2234 3804 2442 3860 blandis
2478 3803 2715 3873 lapsibus
2741 3801 3112 3871 acquiescant,
3145 3809 3238 3855 aut
3266 3802 3319 3856 in
3354 3802 3607 3858 barathro
3633 3801 3806 3857 libidi-

2233 3911 2360 3949 num
2389 3900 2811 3957 commorantes,
2842 3892 2895 3946 in
2926 3892 3053 3962 ipsis
3081 3907 3138 3947 se
3173 3893 3434 3963 sepeliant
3472 3894 3639 3949 ruinis
3666 3894 3802 3961 suis;

2232 3983 2328 4037 sed
2355 3982 2498 4037 illico
2529 3982 2620 4036 ubi
2657 3981 2941 4036 concidere
2977 3990 3335 4051 consurgant,
3367 3989 3421 4038 et
3448 3983 3804 4040 elevationem

2230 4074 2476 4144 protinus
2498 4072 2822 4128 meditentur
2858 4073 2912 4126 in
2941 4073 3121 4143 lapsu;
3170 4088 3264 4138 ac,
3297 4074 3343 4129 si
3363 4073 3478 4130 ﬁeri
3505 4075 3613 4130 ullo
3640 4074 3803 4131 modo

2229 4162 2545 4233 pernicitate
2585 4161 2928 4232 paenitudinis
2967 4169 3176 4233 potest,
3208 4171 3319 4219 tam
3344 4165 3504 4220 velox
3529 4165 3599 4221 sit
3624 4181 3802 4222 reme-

2228 4252 2375 4307 dium
2413 4253 2753 4321 resurgentis,
2798 4260 2857 4307 ut
2896 4254 2985 4308 vix
3021 4255 3188 4324 possit
3228 4255 3504 4325 vestigium
3542 4272 3802 4327 apparere

2227 4343 2484 4415 conlapsi.
2516 4341 2654 4412 Ergo
2682 4342 2737 4397 in
2765 4342 3067 4413 hujusmodi
3095 4346 3271 4401 causis
3296 4347 3401 4402 hoc
3426 4349 3652 4419 primum
3679 4362 3798 4402 me-

2228 4435 2360 4491 dela:
2387 4450 2522 4505 opus
2549 4442 2632 4490 est
2650 4475 2665 4500 ,
2696 4440 2756 4489 ut
2789 4436 3006 4491 morbos
3033 4450 3160 4492 suos
3183 4437 3497 4506 languentes
3522 4439 3793 4506 horreant,

541 4508 656 4599 sola
686 4518 891 4599 tantum
920 4511 1045 4567 facit
1094 4514 1514 4588 impossibilitas,
1565 4516 1673 4576 non
1720 4525 1988 4582 voluntas.
2020 4528 2122 4595 Qui
2150 4518 2203 4579 D
2227 4542 2417 4583 curare
2443 4527 2628 4596 plagas
2655 4526 2906 4581 festinent
2932 4527 3130 4592 saucii,
3174 4535 3229 4582 et
3255 4528 3398 4584 illico
3425 4544 3457 4585 e
3484 4529 3799 4599 corporibus
3860 4540 3869 4553 '

541 4596 684 4652 enim
717 4612 748 4650 a
777 4598 930 4652 malis
950 4601 1157 4659 actibus
1189 4610 1397 4660 tantum
1429 4616 1599 4665 morte
1618 4611 1860 4679 discedit,
1885 4631 1993 4671 non
2031 4634 2119 4673 re-

539 4682 732 4779 linquit
770 4688 991 4756 scelera,
1036 4692 1132 4747 sed
1158 4695 1475 4766 relinquitur
1520 4716 1551 4755 a
1583 4703 1905 4773 sceleribus,
1938 4724 2000 4763 ac
2027 4725 2124 4779 per

540 4775 643 4831 hoc
667 4779 987 4870 necessitate
1015 4784 1262 4870 exclusus
1288 4802 1320 4841 a
1348 4789 1522 4857 vitiis;
1555 4801 1609 4847 et
1637 4801 1782 4863 tunc,
1814 4780 1963 4866 puto,
1996 4775 2121 4870 pec-

518 4868 865 4954 eat‘quando
911 4866 1239 4928 cessaverit:
1280 4878 1404 4944 quia
1445 4890 1704 4948 quantum
1753 4886 1820 4941 ad
1861 4866 2114 4959 anim-um,

2226 4617 2450 4686 sagittas
2475 4617 2686 4685 rapiant
2708 4616 2990 4671 vulnerati.
3018 4614 3228 4687 Optime
3255 4619 3399 4673 enim
3426 4620 3687 4690 malagma
3714 4621 3800 4677 vel

2225 4707 2387 4763 ﬁbula
2409 4707 2596 4762 calidis
2616 4706 2790 4761 adhuc
2823 4706 3196 4762 vulneribus...
3228 4709 3535 4779 imponitur,
3565 4720 3623 4765 et
3641 4712 3797 4768 citius

2222 4798 2323 4853 sibi
2362 4797 2636 4867 plagarum
2664 4810 2790 4851 caro
2816 4797 3051 4852 sociatur
3072 4813 3191 4867 quae
3217 4814 3325 4855 non
3351 4799 3442 4855 diu
3479 4801 3630 4857 hiare
3668 4818 3797 4873 per-

2220 4890 2466 4946 mittitur.
2514 4885 2671 4941 Ulcus
2707 4887 2905 4957 quippe
2945 4887 2999 4942 in
3035 4903 3278 4959 corpore.
3302 4890 3348 4945 si
3386 4892 3791 4961 computruerit,

1605 5082 1607 5085 ι
1694 5041 2029 5103 STEPHANI
2064 5050 2333 5107 BALUZII
2370 5047 2594 5104 NOTAE.

523 5160 531 5175 ‘
574 5229 588 5242 .
604 5170 642 5244 ἶ
652 5161 1037 5244 podicesregii
1053 5183 1080 5244 ,τι
1102 5166 1177 5244 Ac
1204 5182 1299 5244 per
1314 5168 1409 5224 hoc
1437 5169 1627 5241 duplex
1646 5189 1787 5229 noxa
1813 5188 1908 5244 est,
1940 5189 1989 5234 et
2016 5199 2105 5235 cu-

532 5228 765 5313 piditatis
798 5242 851 5313 et
875 5228 1221 5313 Iinﬁaelitatis'.
1253 5236 1419 5295 Vetus
1452 5228 1630 5297 tamen
1659 5228 1781 5313 poSt
2016 5228 2105 5304 EE—

533 5296 768 5366 piaitatis
788 5296 1144 5359 addit'vocem
1171 5324 1330 5362 noxa.

603 5364 632 5446 ιζ
670 5364 906 5446 Uterque
930 5373 1102 5446 codex
1128 5378 1305 5446 regius
1332 5380 1495 5435 habet
1521 5387 1938 5441 conversationis.

562 5503 573 5515 _
608 5444 632 5472 ο
669 5433 909 5514 Imitatus
937 5433 1292 5515 esthocl‘oco
1317 5433 2106 5515 Salvianus—sanctumKinth-

531 5509 1002 5593 §illlllf£l§£29llm
1026 5509 1476 5593 Mediolanensem
1495 5560 1510 5584 ,
1535 5509 1626 5593 qui
1652 5524 1704 5577 in
1730 5509 2106 5585 exhortatione

532 5573 1167 5666 uenissemus
1194 5582 1247 5666 in
1276 5586 1380 5666 110.0
1400 5599 1485 5666 est
1498 5573 2106 5666 1ιῖὖείἐηὶιὲιῖνὲἑῖῐῦἧῖ

531 5657 688 5732 mum
695 5642 1037 5732 dubitat-ede
1065 5656 1251 5732 eorum
1277 5642 1456 5713 salute
1471 5642 1581 5732 qui
1593 5642 2103 5732 'fib'siﬁ“i.{'u’liiii{a

518 5712 850 5807 necessitate
889 5716 1216 5784 :cgritudinis
1261 5737 1369 5777 sum
1406 5712 2097 5802 accipiunt

2213 5185 2291 5267 De
2312 5185 2406 5267 bis
2434 5198 2561 5253 ergo
2590 5184 2665 5267 ait
2689 5203 2701 5237 :
2728 5184 2790 5239 Si
2816 5195 2986 5265 autem
3016 5171 3132 5242 tunc
3158 5207 3311 5262 agere
3334 5194 3408 5248 vis
3441 5195 3610 5264 ipsam
3638 5179 3792 5267 pomi-

2216 5257 2425 5334 tentiam
2444 5255 3015 5334 quaudopeccarejam
3052 5274 3154 5334 non
3193 5255 3353 5334 potes,
3395 5255 3603 5334 peccata
3634 5255 3680 5318 te
3706 5265 3790 5320 di-

2209 5325 2491 5404 miserunt,
2511 5333 2696 5404 non__tu
2724 5324 2836 5404 illa.
2866 5324 2941 5404 De
2975 5326 3163 5404 iisdem
3193 5324 3314 5404 "hcce
3342 5324 3478 5404 sunt
3506 5334 3790 5404 Augustini

2210 5394 2374 5467 verba
2396 5395 2448 5447 in
2479 5394 2697 5467 homilia
2724 5392 2786 5445 41
2822 5410 2834 5445 :
2866 5395 2972 5467 Age
3000 5401 3346 5467 pwnilentiam
3373 5403 3495 5457 dum
3525 5392 3683 5458 sanus
3710 5422 3783 5458 es.

2210 5461 2273 5516 Si
2301 5464 2375 5537 sic
2413 5464 2546 5537 agis,
2578 5478 2785 5537 securus
2806 5481 2877 5517 es.
2912 5460 3084 5529 Quare
3109 5485 3313 5526 securus
3345 5474 3438 5527 es?
3471 5470 3606 5537 Quia
3633 5475 3787 5537 paui-

3423 5544 3583 5598 tuisti.
3607 5544 3670 5598 Si
3689 5560 3786 5597 au-

3435 5629 3649 5682 peccare
3678 5628 3783 5673 non

2211 5533 2422 5614 tentiam
2443 5533 2590 5602 egisti
2609 5549 2668 5586 eo
2692 5539 2913 5614 tempore
2935 5545 3032 5607 quo
3051 5549 3100 5591 et
3120 5556 3331 5610 peccare

2210 5609 2309 5654 tem
2336 5605 2408 5654 vis
2437 5617 2589 5679 agere
2628 5605 2977 5679 paenitentiam
3023 5605 3139 5661 tunc
3186 5627 3319 5679 quan

2202 5680 2379 5741 potes,
2399 5678 2605 5741 peccata
2626 5671 2927 5741 dimiserunt
2953 5684 3016 5741 te,
3040 5693 3142 5730 non
3166 5671 3217 5731 tu
3241 5679 3352 5733 illa.

2279 5737 2305 5776 ἀ
2331 5737 2758 5797 Machcrentinus
2786 5742 2913 5815 legit
2936 5737 3183 5801 morbum.
