4246 6264
349 329 454 386 I85

1473 327 1830 385 ADVERSUS
1869 329 2240 385 AV’ARITIAM
2280 332 2404 387 LIB.
2444 330 2482 388 I.

3506 329 3606 394 l36

342 445 632 512 dilatatur;
662 435 719 501 et
756 447 802 501 si
831 447 1009 516 plagas
1051 459 1331 500 cancroma
1371 446 1630 513 sequitur,
1673 459 1927 498 (ancrum
1953 448 2006 506 Α
2033 443 2231 500 delictis
2260 448 2359 499 tuis
2386 445 2559 517 (Dan.
2605 463 2676 512 ιν,
2706 446 2828 518 24).
2879 445 2955 500 Ita
2998 459 3126 514 ergo
3153 452 3208 500 et
3235 445 3336 501 iste
3365 448 3520 504 faciat
3547 457 3605 505 ut

344 551 574 592 necesse
619 544 706 592 est
745 545 1096 606 consequatur
1135 551 1373 590 occasus.
1429 535 1698 604 Fugienda
1749 537 1927 605 itaque

345 629 584 699 primum
635 630 748 684 haec
793 629 1159 700 peccatoribus
1207 628 1344 682 mala
1381 635 1532 692 sunt;
1581 642 1680 682 nec
1721 626 1927 681 dandus

347 723 511 792 221
531 721 748 775 diabolo
769 721 936 788 locus,
958 727 1016 773 ut
1042 720 1133 790 qui
1153 725 1358 774 stantes
1379 719 1589 788 impulit
1615 719 1670 772 in
1694 719 1924 784 ruinam,

345 811 531 884 lapsos
554 813 851 882 praecipitet
894 813 952 866 in
978 819 1242 878 mortem,
1272 811 1426 878 Quod
1467 811 1512 865 si
1541 817 1634 864 aut
1659 817 1807 864 tanta
1844 810 1926 864 vis

345 905 522 960 morbi
546 912 637 959 aut
664 913 813 958 tanta
841 913 1162 973 aegrotorum
1185 891 1360 958 fuerit
1381 903 1604 965 incuria,
1635 909 1694 955 ut
1720 885 1927 959 valetu-

339 994 486 1050 dinis
512 995 686 1050 labem
718 1010 886 1064 usque
910 995 979 1049 ad
998 995 1114 1051 dies
1135 994 1354 1049 ultimos
1377 994 1584 1058 trahat;
1606 993 1735 1062 quid
1754 992 1926 1048 dicam

345 1088 552 1153 nescio,
583 1087 716 1156 quid
739 1088 1050 1158 promittam
1075 1086 1290 1156 penitus
1319 1086 1525 1154 ignoro.
1564 1083 1840 1139 Revocare
1860 1085 1926 1139 ab

343 1175 691 1246 inquisitione
734 1177 908 1232 ultimi
953 1177 1180 1232 remedii
1225 1177 1608 1247 periclitantes,
1654 1175 1845 1229 durum
1871 1182 1928 1230 et

340 1265 588 1338 impium;
618 1269 896 1338 spondere
924 1276 1103 1336 autem
1127 1268 1325 1338 aliquid
1350 1269 1402 1322 in
1426 1276 1535 1322 tam
1554 1283 1673 1322 sera
1695 1266 1926 1322 curatio-

341 1372 435 1423 ne,
468 1360 843 1414 temerarium.
877 1358 983 1414 Sed
1008 1360 1200 1415 melius
1230 1368 1408 1414 tamen
1435 1367 1517 1414 est
1543 1359 1744 1428 absque
1764 1359 1925 1413 dubio

342 1451 583 1518 quamvis
609 1451 868 1506 diuturna
897 1453 1130 1524 paralysi
1159 1453 1335 1507 aridas
1373 1469 1560 1507 manus
1599 1452 1779 1520 aliquo
1807 1459 1925 1506 tan-

343 1538 460 1596 dem
480 1542 603 1597 nisu
621 1542 693 1597 ad
719 1543 913 1598 cmlum
936 1544 1089 1611 erigi,
1109 1559 1270 1614 quam
1293 1543 1479 1598 lethali
1507 1543 1718 1613 penitus
1737 1542 1925 1613 despe-

343 1633 550 1688 ratione
576 1630 819 1689 dissolvi.
861 1633 1052 1689 Melius
1081 1643 1164 1690 est
1211 1635 1340 1689 nihil
1386 1635 1719 1704 inexpertum
1760 1635 1925 1689 relin-

325 1730 510 1788 ‘quere
535 1737 694 1792 quam
722 1725 1042 1779 morientem
1075 1735 1098 1762 ⁸
1129 1726 1271 1780 nulla
1301 1741 1517 1790 curare;
1550 1726 1780 1780 maxime
1799 1726 1924 1795 quia

2029 534 2116 588 ille
2144 534 2293 588 dixit.
2329 533 2520 590 Utatur
2544 537 2934 592 medicamento
2955 536 3045 590 alii
3073 536 3256 592 oblato
3277 536 3342 591 ad
3368 553 3462 591 sua
3491 539 3606 592 vul-

2029 639 2184 691 nera;
2214 637 2463 681 vereatur
2501 629 2850 683 contumacia:
2878 627 3231 683 inobedientis
3269 630 3600 700 exemplum;

2027 715 2224 782 cogitet
2249 715 2374 784 quid
2403 717 2517 786 ipse
2545 717 2615 772 sit
2641 733 2893 787 passurus
2932 717 2987 772 in
3026 727 3229 785 morte,
3261 735 3382 774 cum
3425 720 3604 775 videat

2028 805 2154 874 quid
2183 821 2276 860 rex
2307 806 2553 878 Assyrius
2581 809 2863 878 pertulerit
2908 810 2962 864 in
2991 810 3117 864 vita.
3161 809 3389 866 Evidens
3426 821 3509 868 est
3535 813 3604 869 de

2027 898 2274 966 superbia
2321 914 2384 953 ac
2409 900 2702 955 rebellione
2741 901 3138 956 documentum.
3179 901 3492 960 Consideret
3531 921 3601 962 an

2029 987 2159 1058 ipse,
2177 991 2220 1043 si
2242 1005 2348 1044 non
2370 990 2613 1058 audierit,
2631 1000 2874 1047 mortuus
2887 1007 3146 1048 evasurus
3165 994 3259 1060 sit;
3283 1011 3404 1050 cum
3424 997 3603 1052 videat

2025 1082 2170 1150 quod
2197 1098 2292 1137 rex
2322 1083 2410 1136 ille
2437 1085 2527 1152 qui
2558 1100 2665 1139 non
2695 1084 2916 1151 audivit,
2947 1087 3181 1156 seipsum
3208 1089 3359 1144 vivus
3400 1091 3596 1146 amisit.

2026 1171 2228 1227 Ollerat
2248 1188 2378 1242 ergo
2400 1175 2485 1228 vel
2507 1175 2744 1230 moriens
2763 1175 2830 1230 ad
2852 1175 3178 1231 liberandam
3193 1177 3260 1233 de
3279 1181 3601 1248 perennibus

2025 1264 2198 1332 pomis
2223 1265 2456 1319 animam
2481 1281 2652 1331 suam,
2675 1267 2800 1337 quia
2824 1267 2966 1321 aliud
2987 1267 3100 1336 jam
3129 1284 3235 1323 non
3261 1278 3458 1339 potest,
3489 1271 3599 1326 sal-

2025 1363 2132 1408 tem
2158 1354 2508 1410 substantiam
2537 1371 2720 1423 suam;
2751 1357 2845 1412 sed
2873 1355 3062 1412 oﬁ'erat
3097 1365 3276 1414 tamen
3301 1374 3421 1415 cum
3449 1375 3598 1416 com-

2023 1445 2333 1515 punctione.
2363 1461 2485 1500 cum
2533 1446 2809 1518 lacrymis;
2841 1446 3029 1502 offerat
3067 1463 3186 1502 cum
3231 1448 3445 1516 dolore,
3477 1466 3601 1507 cum

2023 1535 2186 1590 luctu.
2247 1534 2417 1590 Aliter
2461 1537 2660 1607 quippe
2704 1538 2884 1592 oblata
2913 1554 3020 1594 non
3047 1547 3309 1609 prosunt:
3338 1540 3464 1610 quia
3492 1555 3602 1597 non

2025 1628 2218 1697 pretio,
2248 1628 2342 1682 sed
2370 1628 2589 1695 affectu,
2622 1631 2852 1700 placent.
2904 1631 3012 1686 Nec
3046 1633 3189 1686 enim
3229 1633 3438 1688 animus
3465 1633 3600 1688 dan-

2028 1722 2094 1776 tis
2120 1721 2278 1787 datis,
2309 1721 2404 1776 sed
2431 1723 2610 1777 animo
2649 1723 3090 1779 commendantur
3125 1725 3278 1791 data;
3309 1740 3410 1780 nec
3435 1741 3601 1796 pecu-

349 1811 526 1866 nescio
555 1827 622 1866 an
665 1814 716 1868 in
745 1816 998 1870 extremis
1041 1815 1242 1884 aliquid
1291 1823 1498 1870 tentare
1527 1815 1789 1870 medicina
1817 1816 1918 1880 sit;
1953 1819 1998 1878 Β
2025 1816 2113 1869 nia
2143 1815 2300 1871 fidem
2349 1810 2608 1883 insinuat,
2650 1817 2744 1871 sed
2773 1819 3050 1887 pecuniam
3080 1817 3228 1873 ﬁdes.
3269 1817 3346 1875 Ac
3373 1833 3470 1890 per
3495 1819 3601 1875 hoc

351 1910 494 1957 certe
511 1904 642 1958 nihil
668 1913 890 1971 tentare,
917 1907 1165 1977 perditio.
1195 1906 1262 1960 Et
1290 1923 1454 1961 unum
1475 1908 1607 1972 scio,
1631 1908 1774 1977 quod
1799 1909 1922 1978 qui-

356 2005 564 2060 cunque
605 1995 655 2048 in
693 1997 830 2051 hanc
872 1998 1140 2053 miseriam
1183 1998 1326 2066 longi
1369 1999 1640 2066 languoris
1681 2007 1922 2053 extrema

359 2083 679 2152 perduxerit,
708 2087 968 2144 ineﬁ‘abile
995 2090 1139 2145 dictu
1181 2099 1264 2145 est
1290 2100 1565 2160 quantum'
1581 2092 1921 2148 lamentatio-

355 2171 440 2227 nis
469 2177 738 2232 erroribus
759 2180 869 2233 suis
891 2180 1102 2246 debeat,
1133 2182 1257 2250 quia
1304 2199 1569 2253 nunquam
1618 2192 1797 2239 errata
1826 2199 1921 2240 co-

351 2266 562 2333 gnavit.

419 2353 488 2409 X.
521 2356 587 2412 Et
612 2360 740 2428 quid
768 2361 907 2417 inter
924 2364 1036 2419 haec
1059 2364 1182 2421 ﬁet?
1209 2367 1428 2434 Quando
1457 2369 1662 2438 lugebit
1689 2369 1780 2438 qui
1807 2368 1924 2424 dies

341 2445 560 2516 lugendi
585 2451 850 2519 perdidit?
875 2456 1087 2522 quando
1115 2459 1405 2514 satisfaciet
1424 2459 1515 2529 qui
1538 2468 1746 2530 tempus
1765 2461 1922 2515 satis-

337 2536 584 2595 factionis
602 2543 818 2598 amisit?
843 2545 922 2600 Ad
938 2546 1142 2616 jejunia
1165 2550 1414 2606 videlicet
1435 2552 1593 2620 longa
1612 2552 1921 2621 confugiet?

337 2629 429 2687 Est
458 2633 670 2701 quidem
714 2636 818 2694 hoc
861 2639 1078 2708 aliquid,
1121 2643 1167 2696 si
1209 2643 1567 2713 eleemosynis
1612 2644 1916 2714 misceatur,

334 2724 622 2780 secundum
650 2727 779 2782 illud
803 2747 815 2782 :
847 2729 1046 2784 Bonum
1073 2740 1152 2785 est
1177 2733 1438 2803 jejunium
1465 2751 1578 2787 cum
1600 2734 1921 2805 eleemosyua

336 2811 490 2884 (Tob.
510 2831 599 2882 xu,
623 2815 700 2886 8).
724 2815 830 2872 Sed
849 2820 1124 2887 quomodo
1145 2821 1195 2874 ei
1241 2822 1637 2889 exomologesis
1676 2822 1922 2878 diuturna

331 2906 688 2976 opitulabitur
716 2909 772 2964 in
798 2911 1056 2965 extremis
1077 2912 1218 2966 sito?
1246 2913 1357 2967 Sed
1385 2914 1558 2970 cilicio
1585 2930 1775 2971 carnes
1796 2933 1923 2972 con-

332 3003 483 3052 teret
511 3013 574 3054 ac
619 2999 797 3054 favilla
841 3008 896 3054 et
939 3001 1121 3056 cinere
1165 2999 1494 3057 sordidabit?
1539 3013 1597 3058 ut
1645 3005 1921 3062 mollitiem

331 3088 596 3144 videlicet
618 3091 899 3159 pratteritze
912 3093 1200 3162 voluptatis
1220 3095 1558 3163 praesentium
1575 3099 1918 3167 asperitatum

2025 1907 2117 1977 qui
2143 1907 2398 1986 prodesse
2427 1907 2526 1962 sibi
2570 1908 2680 1962 vult
2706 1925 2824 1979 qua:
2852 1909 2962 1964 Deo
2991 1908 3164 1973 oﬁ'ert,
3195 1911 3298 1966 hoc
3326 1910 3486 1966 modo
3513 1909 3599 1966 of-

2023 1999 2178 2054 ferat.
2231 1999 2412 2069 Neque
2450 2001 2593 2054 enim
2630 2002 2792 2057 homo
2819 2001 2930 2057 Deo
2957 2009 3176 2072 praestat
3201 2003 3515 2059 beneﬁcium
3544 2004 3599 2060 in

2023 2091 2108 2146 his
2133 2106 2252 2160 qua:
2279 2092 2523 2155 dederit,
2574 2092 2666 2147 sed
2712 2093 2853 2148 Deus
2881 2095 2934 2147 in
2965 2094 3047 2148 his
3074 2094 3275 2148 homini
3301 2110 3419 2164 qua:
3447 2109 3600 2150 accc.

2024 2184 2164 2254 perit
2191 2200 2204 2235 :
2238 2184 2365 2253 quia
2394 2184 2554 2237 etiam
2582 2184 2726 2252 quod
2756 2185 2917 2238 homo
2946 2185 3137 2250 habet,
3171 2185 3265 2240 Dei
3294 2201 3357 2240 ac
3385 2185 3599 2241 Domini

2023 2274 2108 2328 sui
2136 2288 2328 2328 munus
2356 2283 2455 2329 est.
2513 2275 2588 2329 Ac
2616 2291 2712 2345 per
2741 2275 2843 2330 hoc
2872 2277 2926 2329 in
2955 2276 3038 2331 his
3065 2292 3184 2347 qua:
3211 2275 3505 2332 oﬁ‘eruntur
3531 2277 3598 2332 ab

2023 2365 2258 2432 homine,
2292 2366 2453 2420 homo
2483 2381 2590 2420 non
2619 2382 2774 2420 suum
2802 2366 3005 2434 reddit,
3039 2367 3296 2423 Dominus
3323 2383 3478 2423 suum
3506 2383 3596 2424 re-

2023 2456 2171 2525 cipit.
2230 2455 2412 2525 Itaque
2470 2471 2591 2511 cum
2647 2457 2803 2512 offert
2848 2458 2959 2513 Deo
3005 2459 3271 2529 quispiam
3317 2459 3598 2515 facultates

2023 2560 2166 2607 suas,
2191 2546 2348 2616 223
2371 2561 2478 2599 non
2503 2544 2693 2600 oﬁ‘erat
2717 2547 2868 2615 quasi
2893 2549 3308 2620 praesumptione
3325 2549 3595 2614 donantis,

2021 2636 2116 2691 sed
2143 2637 2297 2704 quasi
2326 2637 2625 2691 humilitate
2644 2638 2932 2703 solventis;
2961 2655 3061 2694 nec
3087 2640 3364 2695 absolvere
3388 2655 3447 2694 se
3475 2656 3596 2710 pec-

2021 2734 2140 2781 cata
2184 2741 2279 2781 sua
2324 2725 2543 2792 credat,
2587 2727 2682 2781 sed
2728 2728 2993 2795 allevare;
3022 2744 3122 2785 nec
3160 2728 3350 2784 offerat
3369 2745 3492 2785 cum
3512 2745 3598 2786 re

2021 2815 2342 2887 demptionis
2370 2815 2579 2883 ﬁducia,
2604 2817 2697 2872 sed
2722 2833 2842 2873 cum
2870 2829 2892 2857 ε
2926 2819 3239 2889 placationis
3262 2817 3468 2886 ofﬁcio;
3499 2835 3598 2877 nec

2021 2907 2174 2978 quasi
2202 2916 2373 2962 totum
2408 2907 2647 2962 debitum
2674 2908 2920 2973 reddens,
2960 2909 3054 2964 sed
3081 2910 3234 2981 quasi
3259 2911 3342 2965 vel
3369 2926 3594 2982 parvum

2020 3001 2088 3055 de
2139 3013 2333 3068 magno
2375 2999 2601 3054 reddere
2645 2999 2900 3070 cupiens:
2949 3002 3074 3070 quia
3123 3003 3286 3056 etiam
3331 3003 3378 3057 si
3421 3003 3598 3060 tradat

2019 3092 2164 3158 quod
2191 3091 2356 3146 habet
2391 3107 2490 3161 pro
2519 3091 2681 3146 modo
2710 3108 2909 3158 rerum,
2941 3110 3049 3149 non
3075 3094 3250 3149 reddit
3268 3095 3412 3164 quod
3437 3095 3597 3152 debet

249 3226 254 3232 .
331 3179 476 3234 dura
523 3190 892 3250 compensent,
938 3190 995 3237 et
1036 3191 1242 3239 reatum
1290 3185 1562 3254 longarum
1610 3187 1918 3242 deliciarum
1945 3190 1990 3254 ο
2019 3197 2120 3251 pro
2146 3184 2510 3252 magnitudine
2546 3193 2908 3255 peccatorum.
2963 3185 3032 3240 Et
3057 3186 3198 3253 ideo,
3232 3188 3356 3243 licet
3383 3187 3593 3256 olferat,

329 3270 517 3327 ofﬁcio
537 3274 918 3342 patrocinantis
937 3275 1111 3330 solvat
1131 3275 1156 3314 δ
1183 3276 1416 3332 incuriae.
1442 3279 1544 3332 Sed
1565 3279 1780 3348 quando
1800 3281 1916 3336 haec

326 3368 440 3415 tam
470 3362 695 3430 grandia
723 3363 912 3429 faciet,
946 3365 1118 3419 vicino
1141 3365 1252 3431 jam
1280 3367 1428 3421 exitu
1457 3368 1618 3422 etiam
1646 3385 1676 3422 a
1705 3370 1922 3445 medici

325 3453 499 3508 crium
530 3453 744 3508 actione
771 3442 1068 3510 disclusus?
1113 3454 1374 3512 Crucibus
1415 3458 1646 3527 denique
1673 3442 1913 3514 diversa?

324 3563 444 3602 rum
496 3563 856 3601 mrumuarum
925 3563 1076 3602 reum
1123 3549 1176 3602 in
1217 3565 1315 3603 suo
1363 3565 1588 3620 corpore
1643 3551 1915 3606 hominem

323 3638 491 3709 judex
523 3637 647 3693 ﬁdei
674 3640 931 3694 severitas
965 3639 1285 3708 subjugabit,
1319 3648 1374 3694 ut
1401 3641 1781 3709 indulgentiam
1811 3643 1915 3697 sci-

323 3730 451 3787 licet
480 3731 835 3787 absolutionis
862 3741 1075 3786 :nterna:
1104 3732 1380 3800 praesentis
1405 3748 1580 3801 pamae
1623 3734 1916 3789 ambitione

323 3828 621 3876 mereatur.
645 3819 750 3875 Sed
769 3820 1046 3876 fatiscente
1061 3821 1172 3890 jam
1195 3837 1440 3891 corpore,
1467 3823 1556 3876 ubi
1580 3825 1738 3895 222
1766 3839 1916 3878 exer-

326 3911 475 3968 cebit
498 3911 843 3967 districtionis
871 3910 1107 3966 cilicium
1135 3912 1329 3966 censor
1356 3913 1598 3966 animus?
1637 3912 1722 3968 Uti
1769 3916 1915 3968 enim

328 4001 639 4056 severitatis
665 4002 882 4057 arbitrio
907 4001 1074 4070 judex
1118 4018 1225 4058 non
1273 4011 1480 4072 potest,
1529 4005 1744 4074 quando
1791 4021 1915 4060 reus

327 4093 446 4164 iam
459 4107 567 4146 non
583 4094 804 4148 sustinet
815 4094 1056 4162 iudicari.
1091 4093 1264 4150 Unum
1290 4109 1418 4164 ergo
1439 4105 1522 4150 est
1543 4097 1686 4165 quod
1707 4099 1916 4152 amissis

328 4183 588 4240 omnibus
615 4183 929 4252 adjumentis
955 4193 1113 4254 atque
1140 4185 1388 4241 subsidiis
1424 4189 1634 4241 nutanti
1663 4204 1726 4242 ac
1753 4189 1916 4243 desti-

327 4284 456 4333 tuto
498 4278 752 4347 opitulari
795 4286 976 4347 queat,
1006 4289 1064 4332 ut
1107 4278 1378 4349 confugiat
1425 4281 1628 4334 scilicet
1673 4281 1739 4333 ad
1788 4281 1917 4335 illud

324 4369 626 4425 beatissimi
648 4368 882 4424 Danielis
908 4385 1113 4424 sacrum
1136 4385 1200 4425 ac
1235 4371 1448 4425 salubre
1475 4371 1757 4424 consilium
1783 4389 1795 4424 :
1824 4373 1916 4440 qui

325 4460 628 4532 Babylonio
655 4461 768 4529 regi
787 4461 988 4516 mederi
1017 4462 1218 4533 volens,
1243 4461 1514 4516 ulceribus
1531 4461 1597 4515 de
1620 4460 1914 4518 offensione

2019 3283 2140 3328 oret
2167 3275 2331 3330 Deum
2361 3283 2419 3330 ut
2439 3292 2537 3331 sua
2566 3277 2774 3346 placeat
2803 3277 3023 3344 oblatio,
3055 3279 3315 3349 plangens
3343 3279 3397 3334 id
3423 3280 3596 3351 ipsum

2018 3366 2163 3434 quod
2209 3367 2358 3421 tarde
2403 3367 2558 3422 oﬁert
2579 3408 2593 3432 ,
2644 3369 2901 3439 plangens
2929 3385 2992 3425 ac
3028 3371 3292 3440 paenitens
3319 3370 3463 3440 quod
3489 3386 3596 3427 non

2018 3458 2196 3525 prius;
2247 3461 2428 3528 sicque
2472 3461 2574 3514 erit
2620 3469 2679 3514 ut
2715 3461 2868 3530 juxta
2915 3463 3230 3532 prophetam
3277 3463 3597 3533 propitielur

2017 3544 2235 3602 forsitan
2266 3549 2406 3604 Deus
2434 3547 2458 3585 ά
2491 3551 2698 3604 delictis
2726 3552 2854 3604 suis.

2087 3638 2178 3693 XI.
2219 3639 2326 3694 Sed
2354 3641 2480 3694 dicit
2521 3641 2711 3708 aliquis
2741 3658 2752 3691 :
2797 3641 2991 3695 Totum
3019 3657 3148 3709 ergo
3177 3643 3286 3695 Deo
3317 3643 3593 3696 oblaturus

2016 3738 2098 3784 est
2139 3729 2284 3796 quod
2330 3730 2528 3782 habet?
2573 3729 2688 3782 Non
2737 3729 2926 3782 offerat
2969 3737 3142 3782 totum
3169 3731 3310 3796 quod
3339 3731 3518 3794 habet,
3546 3731 3593 3785 si

2019 3835 2124 3874 non
2153 3826 2306 3888 putat
2344 3833 2402 3870 se
2437 3817 2632 3871 debere
2673 3825 2846 3870 totum
2871 3818 3016 3885 quod
3043 3818 3222 3872 habet.
3264 3818 3379 3872 Non
3408 3834 3591 3888 quaero

2017 3911 2168 3979 cujus
2195 3910 2264 3963 sit
2291 3907 2434 3978 quod
2466 3908 2704 3974 offertur,
2747 3908 2832 3962 vel
2871 3923 2902 3962 a
2930 3923 3038 3978 quo
3067 3909 3135 3962 sit
3163 3919 3440 3979 acceptum
3466 3920 3593 3969 ante

2016 4002 2161 4072 quod
2191 4001 2446 4057 redditur.
2517 3999 2630 4055 Hoc
2657 4000 2777 4055 dico
2819 4001 2989 4056 solum
3009 4043 3022 4067 ,
3068 4016 3173 4055 non
3202 4000 3391 4056 offerat
3419 4009 3593 4058 totum

2017 4111 2115 4164 pro
2143 4095 2353 4160 debito,
2397 4095 2442 4148 si
2476 4093 2673 4147 debere
2699 4108 2758 4148 se
2787 4101 2957 4148 totum
2981 4108 3090 4166 non
3118 4100 3270 4162 putat
3292 4108 3390 4164 pro
3418 4100 3591 4148 reatu.

2019 4185 2210 4240 Totum
2240 4200 2386 4254 ergo,
2415 4195 2437 4222 θ
2461 4186 2631 4252 inquit
2653 4185 2875 4253 aliquis,
2904 4192 3156 4253 peccator
3177 4185 3452 4240 oblaturus
3477 4185 3594 4241 est?

2017 4275 2184 4331 Immo
2203 4278 2366 4341 nihil,
2397 4275 2443 4330 si
2465 4291 2570 4329 non
2591 4290 2711 4330 cum
2734 4273 2864 4340 ﬁde;
2888 4276 3050 4328 immo
3071 4276 3231 4341 nihil,
3261 4276 3307 4329 si
3336 4291 3443 4330 non
3471 4291 3593 4330 cum

2017 4370 2252 4434 ambitu;
2285 4369 2447 4422 immo
2475 4369 2640 4432 nihil,
2671 4367 2716 4420 si
2745 4382 2852 4420 non
2881 4381 3002 4421 cum
3026 4382 3212 4436 prece;
3244 4350 3407 4421 immo
3437 4368 3590 4435 nihil,

2017 4461 2060 4516 si
2091 4475 2196 4514 non
2237 4461 2342 4515 hoc
2387 4460 2566 4513 animo
2612 4466 2669 4512 ut
2708 4458 2810 4512 hoc
2836 4458 3009 4526 ipsum
3038 4457 3177 4512 inter
3202 4457 3466 4528 praecipua
3494 4457 3592 4514 Dei

325 4553 626 4608 contractis
644 4553 905 4622 malagma
926 4553 993 4608 de
1013 4553 1358 4608 miseratione
1377 4553 1678 4622 composuit
1698 4553 1912 4609 dicens:
1943 4557 1994 4616 Ι)
2019 4551 2274 4607 beneﬁcia
2324 4558 2534 4620 reputet
2579 4549 2720 4618 quod
2767 4549 3002 4604 animum
3050 4547 3307 4604 offerendi
3339 4549 3505 4617 dedit,
3535 4556 3593 4605 et

323 4641 557 4712 Propter
604 4643 758 4714 quod,
797 4659 910 4708 rex,
937 4645 1208 4698 consilium
1251 4660 1418 4698 meum
1460 4643 1662 4714 placeat
1701 4645 1824 4709 tibi,
1865 4655 1913 4698 et

321 4740 538 4805 peccata
561 4741 650 4786 tua
671 4734 724 4786 iu
752 4734 1121 4788 misericordiis
1143 4733 1364 4798 redime,
1396 4742 1445 4796 et
1472 4735 1757 4804 injustitias
1797 4744 1912 4789 tuas

323 4825 376 4879 iu
403 4825 766 4885 miserationes
798 4841 1100 4897 pauperum.
1126 4824 1374 4879 Fortasse
1411 4827 1507 4878 erit
1545 4827 1743 4896 patiens
1771 4824 1912 4880 Deus

2019 4645 2137 4715 plus
2164 4644 2265 4698 sibi
2294 4644 2348 4697 in
2380 4644 2463 4697 his
2490 4657 2607 4712 qua:
2645 4642 2756 4696 Deo
2793 4642 3045 4711 relinquit
3071 4642 3313 4712 praestari
3339 4643 3587 4708 mstimet,

2017 4749 2176 4805 quam
2205 4735 2259 4787 in
2285 4733 2389 4787 illis
2439 4747 2557 4801 quae
2594 4732 2738 4801 prius
2778 4732 2982 4786 habuit.
3035 4731 3168 4798 Quia
3196 4733 3301 4788 hoc
3326 4733 3471 4803 quod
3497 4734 3594 4788 ha-

2018 4828 2174 4882 betur
2201 4826 2270 4879 ab
2297 4824 2534 4886 homine,
2566 4823 2952 4891 temporarium
2970 4831 3082 4891 est;
3113 4824 3258 4894 quod
3275 4833 3452 4880 autem
3478 4824 3589 4878 Deo

1498 4937 1827 4995 STEPHANI
1865 4941 2134 4998 BALUZII
2170 4939 2396 4996 ΝΟΤᾸΞ.

409 5063 435 5092 ι
457 5052 626 5123 Vetus
652 5053 822 5108 codex
850 5053 1031 5123 regius
1071 5054 1147 5109 sic
1175 5053 1302 5108 olim
1351 5051 1602 5107 habebat.
1634 5053 1830 5110 Verum
1858 5056 1912 5111 id

327 5122 672 5195 emendatum
701 5133 801 5187 est,
835 5133 890 5182 et
917 5122 1015 5195 pro
1044 5123 1506 5195 nullarepositum
1535 5132 1618 5178 est
1638 5126 1796 5180 nullo.

405 5191 434 5231 ι)
477 5191 555 5245 Ita
585 5191 1005 5263 correximus—ex
1035 5194 1248 5262 ingenio
1265 5191 1291 5257 ,ί
1310 5209 1429 5247 cum
1459 5203 1613 5247 antea
1643 5195 1913 5263 legeretur

323 5264 558 5334 injuriae.
592 5262 907 5318 Sicut~enim
938 5265 1217 5318 mollitiem
1249 5263 1534 5332 voluptatis
1569 5262 1793 5334 opponit
1821 5282 1909 5320 as-

321 5333 665 5406 peritatibus,
691 5334 1228 5406 sicilougasdelicias
1258 5333 1737 5406 incurim._Alioqui
1767 5336 1912 5406 qum

321 5403 433 5459 vox
460 5405 668 5475 injuriae
697 5405 901 5475 nullum
932 5405 1018 5475 hic
1038 5405 1238 5459 bonum
1265 5403 1645 5475 sensumfacit.
1671 5403 1759 5459 Sic
1781 5404 1910 5459 Ter-

234 5512 241 5517 ι
325 5473 577 5529 tullianns
609 5475 664 5529 in
694 5474 830 5528 libro
860 5475 927 5529 de
957 5473 1296 5540 Poenitentia,
1329 5489 1446 5543 cap.
1473 5473 1524 5536 9,
1558 5474 1716 5529 docet
1744 5475 1908 5529 moris

322 5545 488 5599 fuisse
515 5545 646 5597 olim
677 5544 731 5598 in
762 5543 1002 5599 Ecclesia
1034 5553 1092 5597 ut
1118 5545 1160 5599 is
1187 5546 1278 5613 qui
1306 5545 1723 5613 exomologesim
1748 5545 1908 5600 facie—

322 5616 448 5701 bat,
499 5627 662 5701 sacco
691 5622 758 5701 et
774 5614 942 5694 cineri
970 5615 1279 5696 incubaret,
1310 5629 1610 5701 corpusque
1663 5615 1909 5701 sordibus

322 5684 659 5740 obscuraret.
693 5682 763 5737 Et
789 5683 842 5737 in
864 5685 1056 5753 pagina
1085 5685 1361 5753 superiore
1389 5682 1667 5738 Salvianus
1687 5685 1908 5740 damna-

322 5755 400 5814 vit
426 5761 758 5826 aegrotorum
778 5752 1038 5809 Iucuriam
1065 5772 1076 5808 :
1104 5752 1251 5819 Quod
1271 5755 1315 5808 si
1340 5763 1427 5807 aut
1448 5763 1593 5808 tanta
1620 5757 1692 5808 vis
1721 5753 1902 5819 morbi,

2013 5064 2103 5109 aut
2132 5065 2275 5136 tanta
2296 5063 2615 5136 aegrotorum-
2641 5057 2796 5136 fuerit
2822 5055 3042 5136 incuria.
3075 5133 3082 5136 Δ
3183 5122 3194 5134 σ
3321 5135 3330 5136 7
3493 5118 3508 5136 .
3618 5093 3622 5098 ι

2088 5137 2110 5164 ε
2143 5125 2219 5179 Ita
2245 5118 2459 5181 codices
2487 5118 2650 5193 regii:
2669 5125 3009 5182 Colbertinus
3033 5133 3088 5179 et
3115 5122 3283 5192 prima
3311 5119 3472 5175 editio
3493 5118 3589 5175 ha-

2013 5196 2156 5267 bent!
2167 5196 2578 5267 supplicationis.

2042 5293 2051 5302 -
2087 5265 2110 5302 ἀ
2139 5265 2196 5320 In
2227 5259 2411 5322 codice
2439 5265 2750 5322 Colbertino
2788 5269 3044 5334 scriptum
3090 5260 3265 5383 primo
3292 5259 3392 5315 fuit
3422 5263 3543 5343 .tuis
3567 5280 3586 5317 .’

2042 5336 2107 5383 ad
2153 5337 2288 5383 istud
2317 5345 2640 5383 mmnnnlnm
2671 5343 2770 5383 est.
2803 5344 2858 5383 et
2884 5347 3044 5383 suora
3112 5345 3285 5383 meam
3333 5343 3586 5383 scrmtum

2014 5336 2108 5389 sed
2153 5337 2288 5390 istud
2317 5345 2642 5406 expunctum
2671 5343 2770 5396 est,
2803 5344 2858 5406 et
2884 5333 3044 5406 supra
3091 5333 3285 5406 lineam
3333 5333 3590 5406 scriptum

2015 5407 2148 5486 ejus,
2171 5407 2314 5475 quod
2342 5400 2568 5461 obscure
2589 5405 2865 5458 annotavit
2887 5400 3125 5456 Pithoeus
3145 5402 3198 5456 in
3219 5400 3458 5473 margine
3479 5405 3589 5461 edi-

2019 5483 2177 5537 tionis
2198 5493 2323 5532 suae.

2093 5556 2116 5620 ξ
2145 5546 2329 5601 Codex
2357 5543 2592 5620 Colbert.
2621 5559 2632 5593 :
2667 5542 2831 5620 inquit
2866 5545 3092 5620 quamuis
3140 5555 3378 5620 peccator
3405 5547 3588 5620 aliquis

2019 5615 2284 5670 oblaturus
2313 5625 2417 5690 est._
2451 5612 2616 5690 Yetus
2667 5609 2836 5690 editio
2858 5609 2888 5690 ς’
2901 5615 3065 5687 inquit
3116 5609 3587 5690 dliquis,_quamris

2019 5682 2611 5755 magnariuncriminum
2631 5696 2766 5746 reus,
2784 5681 3048 5747 oblaturus
3061 5698 3137 5740 est
3153 5681 3312 5741 totum
3333 5681 3587 5738 Domim?
3689 5730 3700 5738 .

2021 5753 2187 5808 Immo
2209 5753 2358 5815 nihil,
2388 5757 2491 5806 etc.
