4246 6264
610 317 712 374 I87

1531 316 1588 373 S.
1631 315 1946 372 SALVlANl
1982 315 2440 372 MASSILIENSIS
2478 315 2907 372 PRESBYTER!

3768 316 3875 375 188

609 435 948 503 relinquitur,
999 432 1398 501 sempiternum.
1459 427 1653 484 Totum
1677 470 1692 495 ,
1755 430 1928 499 inquit
1973 430 2186 498 aiquis.
2217 438 2265 494 Α
2293 430 2420 500 quid
2448 446 2546 500 pro
2593 431 2892 486 maledictis
2939 439 3101 500 atque
3138 431 3414 500 perjurils,
3446 429 3575 500 quid
3597 443 3700 499 pro
3728 437 3754 469 ο
3783 445 3881 487 ne-

613 527 889 583 oblaturus
933 524 1051 578 est?
1097 521 1166 576 At
1210 536 1310 590 ego
1355 521 1474 576 dico
1510 535 1627 576 esse
1655 523 1759 577 hoc
1779 527 1950 576 totum
1979 538 2186 592 parum.

613 617 751 683 Quid
779 615 919 669 enim
943 613 1055 680 jam
1084 611 1183 666 scit
1207 611 1396 679 aliquis
1425 625 1492 664 an
1516 619 1860 680 peccatorum
1887 627 2192 667 mensuram

614 706 799 761 oblata
837 702 1222 771 compensent?
1265 701 1378 768 jam
1421 701 1521 756 scit
1567 701 1759 772 aliquis
1799 717 1867 756 an
1894 711 2096 756 tantum
2123 704 2194 757 sit

615 797 668 851 in
701 794 880 851 oliicio
925 793 1242 862 placationis
1268 800 1526 862 quantum
1568 801 1651 849 est
1678 794 1732 848 in
1761 793 2056 849 offensione
2081 794 2193 850 dil-

615 885 890 942 criminis?
931 882 990 939 Si
1031 885 1180 938 novit
1212 884 1492 952 quisquam
1531 885 1823 955 hominum}
1850 891 2194 954 peccatorum

614 986 815 1049 quanto
863 975 1128 1031 redimere
1171 977 1364 1032 delicta
1411 977 1599 1046 possit,
1651 985 1832 1032 utatur
1875 978 2098 1032 scientia
2127 978 2195 1032 ad

615 1067 1057 1136 redemptionem.
1101 1065 1157 1122 Si
1186 1082 1315 1121 vero
1343 1067 1540 1131 nescit,
1571 1082 1668 1122 cur
1694 1082 1802 1122 non
1831 1075 2036 1123 tantum
2065 1067 2198 1122 οσο-

615 1166 700 1214 rat
726 1165 984 1229 quantum
1015 1157 1178 1229 εει.
1203 1159 1417 1226 potest?
1447 1166 1502 1213 ut
1531 1159 1575 1212 si
1596 1173 1945 1228 compensare
1973 1168 2196 1228 peccata

617 1265 726 1304 non
754 1249 899 1304 valet
924 1249 1082 1318 pretii
1124 1247 1487 1317 magnitudine
1510 1287 1524 1312 ,
1576 1248 1763 1304 saltem
1799 1251 1994 1304 mentis
2034 1249 2198 1304 devo-

619 1342 767 1396 tione
811 1349 1140 1410 compenset.
1205 1338 1503 1395 Perfectum
1550 1341 1692 1394 enim
1720 1341 2061 1396 conscientiae
2087 1342 2198 1395 fru-

619 1440 764 1487 ctum
811 1431 1046 1495 exhibet,
1079 1431 1172 1501 qui
1219 1431 1357 1486 intra
1403 1432 1785 1487 conscientiam
1825 1432 1898 1486 nil
1924 1433 2194 1502 relinquit.

622 1522 762 1576 Dura
811 1523 1052 1578 nonnulli
1098 1523 1212 1577 hmo
1258 1522 1459 1589 absque
1499 1521 1661 1577 dubio
1708 1531 1763 1577 et
1816 1524 2198 1578 immensurata

621 1622 942 1679 causantur;
997 1615 1226 1668 maxime
1273 1614 1398 1681 quia
1450 1615 1712 1682 propheta
1757 1615 1803 1668 is
1830 1615 1898 1670 de
1924 1630 2033 1684 quo
2059 1615 2198 1670 dixi-

623 1720 768 1769 mus,
803 1704 1150 1774 Babylonium
1179 1717 1359 1771 regem
1383 1704 1485 1757 hoc
1514 1711 1719 1758 tantum
1749 1705 2092 1760 admonuisse
2121 1707 2199 1761 vi-

2294 522 2562 591 gligentiis
2589 521 2971 590 cogitationum
2989 561 3005 586 ,
3051 520 3178 590 quid
3213 536 3313 591 pro
3342 520 3648 590 impuritate
3673 535 3882 577 sermo-

2296 629 2445 678 num,
2468 613 2597 682 quid
2622 628 2720 682 pro
2748 613 2895 667 omni
2924 613 3155 682 denique
3174 613 3329 667 malm
3349 612 3642 668 voluntatis
3660 611 3878 669 meum.

2296 706 2448 761 Adde
2477 714 2750 776 postremo
2779 706 2939 759 etiam
2971 707 3014 759 si
3041 706 3218 775 aliqua
3246 706 3314 760 de
3333 705 3415 760 bis
3435 705 3576 760 intra

2298 799 2428 852 tiam
2456 805 2605 852 tuam
2633 805 2758 851 sunt
2778 797 2844 851 de
2874 798 3068 865 quibus
3097 797 3384 866 Apostolus
3411 797 3560 861 dicit,
3591 797 3874 866 adulteria,

2298 877 2680 942 fornicationes
2701 925 2715 950 .
2769 886 3113 956 impudicitiae
3131 926 3144 951 ,
3195 887 3511 952 ebrietates,
3543 888 3881 944 immunditia

2299 977 2411 1032 Deo
2451 993 2614 1032 exosa
2663 974 2802 1047 (Gal.
2831 993 2885 1042 v,
2920 975 3004 1040 l9,
3035 976 3159 1048 90),
3208 977 3429 1032 avaritia
3459 975 3478 1017 ί
3512 977 3776 1033 idolatriae
3804 977 3887 1034 faa

2300 1067 2464 1129 mula,
2493 1077 2548 1120 et
2574 1073 2697 1135 post
2728 1066 2841 1121 haec
2868 1066 3045 1134 aliqua
3074 1065 3212 1120 forte
3238 1067 3463 1122 crimina
3490 1066 3656 1141 etiam
3680 1068 3749 1124 de
3775 1070 3882 1126 hil-

2300 1158 2446 1213 mani
2471 1157 2744 1225 sanguinis
2768 1157 3028 1212 effusione
3047 1166 3342 1214 contracta.
3374 1156 3614 1228 Cumque
3643 1162 3883 1217 omnium

2301 1249 2677 1319 supputaveris
2717 1263 2995 1304 numerum
3014 1289 3028 1314 ,
3057 1249 3301 1318 expende
3325 1251 3498 1320 pretia
3527 1251 3881 1319 singulorum.

2301 1339 2368 1393 Et
2397 1347 2521 1410 post
2550 1341 2664 1396 haec
2705 1355 2813 1394 non
2841 1355 3022 1409 qurere
3069 1347 3130 1396 ut
3172 1357 3272 1410 pro
3317 1343 3552 1411 peccatis
3579 1344 3685 1398 tuis
3711 1353 3886 1400 totum

2302 1432 2415 1488 Deo
2441 1433 2620 1488 tradas
2645 1432 2791 1501 quod
2817 1433 3015 1498 habes;
3076 1435 3182 1489 hoc
3219 1434 3390 1490 solum
3425 1435 3591 1490 redde
3614 1438 3756 1506 quod
3786 1438 3887 1494 de-

2301 1520 2417 1583 bes,
2449 1531 2474 1568 Β
2510 1523 2556 1576 si
2606 1530 2762 1591 potes
2797 1523 3063 1592 testimare
3093 1525 3238 1592 quod
3266 1525 3483 1580 debeas.
3525 1527 3678 1582 Addo
3707 1537 3888 1584 autem

2302 1620 2424 1680 post
2451 1613 2552 1666 ista
2599 1613 2778 1670 omnia
2803 1654 2818 1679 ,
2872 1613 3016 1684 quod
3069 1629 3191 1669 cum
3239 1619 3548 1673 tractaveris
3575 1617 3767 1674 delicta
3795 1630 3887 1675 tua

2303 1709 2464 1770 atque
2491 1704 2760 1757 taxaveris
2780 1743 2795 1768 ,
2850 1711 3000 1760 tanto
3047 1705 3168 1774 plus
3195 1722 3296 1776 pro
3341 1709 3499 1764 malis
3537 1710 3643 1764 tuis
3668 1711 3906 1768 dehebis'

623 1797 813 1851 deatur
843 1804 899 1849 ut
937 1795 1102 1850 multa
1132 1796 1384 1858 donaret,
1418 1811 1524 1848 non
1551 1803 1607 1848 ut
1646 1796 1890 1852 universa
1931 1797 2197 1854 distrahe-s
2229 1805 2277 1864 Β
2303 1801 2503 1860 quanto
2550 1803 2768 1861 peccata
2821 1805 2908 1850 tua
2955 1795 3114 1850 vilius
3151 1797 3449 1852 aestimaris.
3490 1797 3519 1836 δ
3565 1799 3845 1866 Quomodo
3867 1805 3892 1857 ?

624 1896 726 1943 ret.
768 1889 884 1943 Non
913 1886 1127 1957 profero
1171 1887 1382 1941 interim
1426 1886 1729 1940 testimonia
1769 1886 2069 1955 Evangelii,
2102 1903 2203 1944 nec

624 1978 872 2047 confugio
899 1978 963 2032 ad
995 1993 1181 2033 vocem
1209 1976 1477 2046 loquentis
1514 1975 1606 2030 Dei
1649 1976 1702 2030 in
1728 1977 1894 2030 sacris
1916 1977 2201 2031 volumini-

629 2069 746 2124 bus.
790 2070 905 2124 Non
955 2069 1076 2123 dico
1123 2068 1265 2123 aliud
1308 2075 1520 2133 vetere,
1571 2067 1710 2122 aliud
1751 2083 1887 2122 nova
1917 2068 2034 2136 lege
2063 2083 2202 2138 prae-

628 2167 862 2230 ceptum.
908 2158 1058 2214 Unde
1087 2159 1249 2225 etiam
1279 2158 1566 2228 Apostolus
1594 2177 1605 2210 :
1637 2157 1788 2226 Ecce,
1823 2161 2011 2235 inquit,
2036 2171 2204 2215 cetera

627 2253 938 2307 transierunt
971 2269 988 2304 :
1021 2253 1160 2323 facta
1205 2260 1326 2306 sunt
1361 2253 1536 2306 omnia
1577 2267 1726 2305 noua.
1763 2261 1788 2313 tt
1817 2249 2005 2306 Omnia
2033 2263 2205 2309 autem

628 2359 691 2399 ea:
711 2344 822 2399 Deo
851 2343 915 2414 (li
935 2343 1054 2398 Cor.
1091 2361 1140 2409 ν,
1173 2344 1258 2409 l7,
1293 2343 1403 2415 18).
1445 2344 1644 2409 Quibus
1667 2345 1850 2412 utique
1870 2344 2026 2398 dictis
2048 2345 2206 2400 docet

629 2451 734 2492 non
765 2443 944 2491 vetera
986 2436 1277 2492 secundum
1316 2437 1580 2500 litteram,
1621 2437 1713 2490 sed
1739 2452 1877 2490 nova
1914 2438 2206 2492 secundum

630 2527 794 2588 Deum
819 2542 937 2582 esse
963 2526 1222 2587 facienda.
1256 2520 1370 2582 Hoc
1395 2526 1510 2581 solo
1539 2526 1750 2581 interim
1775 2535 2059 2583 contentus
2087 2545 2207 2583 sum

630 2619 772 2690 quod
801 2620 1063 2689 propheta
1097 2611 1253 2674 "dixit.
1296 2619 1485 2674 Sermo
1513 2620 1655 2673 enim
1683 2619 1732 2674 ei
1769 2636 1890 2674 cum
1919 2634 2044 2688 rege
2069 2629 2206 2686 erat,

629 2718 684 2765 et
727 2711 942 2780 quidem
992 2725 1112 2766 cum
1157 2725 1282 2779 rege
1328 2727 1437 2766 non
1485 2712 1639 2766 unius
1668 2712 1844 2777 urbis,
1875 2713 1968 2770 sed
1997 2722 2054 2766 ut
2083 2721 2210 2769 tunc

632 2801 911 2858 videbatur
941 2802 1106 2858 totius
1135 2802 1308 2868 orbis;
1343 2801 1367 2840 δ
1397 2803 1487 2870 'qui
1519 2803 1704 2871 utique
1731 2819 1838 2857 non
1879 2811 2092 2874 poterat
2118 2819 2211 2873 po-

634 2893 788 2960 pulos
815 2908 954 2961 quos
981 2893 1202 2960 regebat
1229 2908 1327 2962 per
1357 2899 1732 2949 testamentum
1765 2895 1948 2961 egenis
1979 2894 2208 2959 tradere,

634 2989 690 3036 et
737 2983 983 3037 nationes
1032 2983 1287 3039 barbaras
1344 2984 1700 3053 indigentibus
1751 2987 1904 3055 quasi
1965 3001 2212 3040 nummos

636 3071 763 3127 dare
787 3113 801 3137 ,
833 3080 926 3127 aut
973 3073 1027 3128 in
1073 3089 1368 3144 pauperum
1415 3076 1581 3144 stipes
1607 3074 1798 3132 diffusa
1829 3076 1986 3143 longe
2014 3091 2078 3131 ac
2106 3077 2214 3131 late

2307 1881 2569 1948 Quoniam
2591 1885 2676 1953 qui
2705 1901 2776 1947 se,
2810 1884 2984 1953 inquit
3009 1884 3300 1955 Apostolus
3316 1929 3330 1954 ,
3373 1891 3637 1946 eatistimu
3657 1909 3766 1947 esse
3791 1895 3893 1948 alio

2305 1975 2427 2045 quid
2452 1992 2565 2030 cum
2587 1976 2717 2030 nihil
2745 1979 2833 2041 sit,
2853 1979 3076 2049 seipsum
3094 1980 3291 2034 seducit
3315 1981 3454 2051 (Gal.
3479 1998 3550 2048 γι,
3583 1983 3658 2055 5).
3692 1984 3759 2040 Ut
3785 2001 3891 2041 non

2305 2063 2482 2119 dicam
2508 2066 2601 2120 tibi
2652 2067 2795 2134 quod
2841 2068 2953 2136 regi
2983 2069 3059 2123 illi
3091 2071 3299 2126 victuro
3339 2072 3530 2139 adhuc,
3563 2082 3618 2129 et
3646 2075 3782 2131 forte
3805 2077 3892 2145 ju-

2306 2155 2449 2218 veni,
2482 2163 2541 2210 ut
2576 2155 2854 2214 festinaret
2884 2167 3061 2216 tamen
3090 2172 3309 2231 peccata
3339 2180 3438 2219 sua
3464 2165 3728 2222 redimere
3755 2185 3895 2238 prai-

2308 2257 2521 2318 ceptum
2551 2259 2652 2306 est.
2696 2251 2777 2305 Tu
2807 2261 2983 2306 autem
3015 2263 3163 2310 tanto
3192 2258 3310 2326 plus
3337 2274 3434 2328 pro
3464 2268 3516 2314 te
3545 2261 3726 2325 debes,
3750 2264 3896 2332 quod

2309 2341 2424 2395 haec
2470 2342 2553 2396 vel
2599 2342 2834 2397 moriens
2877 2343 3007 2399 facis
3053 2346 3136 2400 vel
3178 2347 3290 2414 jam
3333 2349 3552 2418 jamque
3580 2353 3889 2408 moriturus.

2308 2429 2536 2485 Grandis
2581 2432 2723 2486 enim
2782 2431 3151 2491 munificentia
3191 2452 3255 2492 ac
3300 2438 3514 2496 devotio
3566 2442 3742 2499 futura
3791 2453 3894 2511 est,

2309 2538 2427 2592 qua:
2454 2523 2622 2592 possit
2669 2523 2724 2578 id
2771 2537 3149 2594 compensare,
3199 2531 3342 2598 quod
3389 2532 3503 2588 haec
3538 2543 3649 2590 tum
3678 2536 3895 2592 demum

2313 2614 2537 2668 Domino
2568 2621 2659 2669 tuo
2687 2615 2875 2684 3reddis
2911 2617 3130 2685 quando
3159 2619 3357 2676 habere
3387 2623 3501 2692 ipse
3520 2625 3632 2693 jam
3662 2643 3769 2684 non
3798 2645 3900 2699 po-

2314 2713 2420 2770 tes;
2450 2705 2744 2774 praesertim
2769 2721 2890 2760 cum
2913 2706 3142 2763 addatur
3171 2709 3238 2763 ad
3268 2711 3368 2765 ista
3399 2715 3576 2768 omnia
3605 2719 3748 2784 quod
3768 2735 3903 2788 pro-

2309 2798 2473 2868 pheta
2501 2798 2615 2867 ipse
2641 2799 2736 2865 qui
2771 2813 2952 2866 regem
2990 2799 3140 2854 illum
3169 2801 3236 2855 ad
3263 2803 3689 2875 redemptionem
3723 2810 3904 2865 crimi-

2312 2906 2441 2945 num
2469 2898 2648 2956 vocat,
2682 2905 2778 2960 per
2806 2891 2920 2946 haec
2949 2891 3066 2960 ipsa
3094 2905 3214 2961 quae
3239 2892 3368 2950 dicit
3395 2897 3593 2953 debere
3620 2897 3754 2964 fieri,
3789 2915 3902 2956 non

2314 2990 2422 3036 tam
2451 2982 2502 3038 ei
2529 2982 2700 3037 venia:
2747 2984 2911 3054 226
2961 2985 3303 3040 securitatem
3341 3002 3503 3056 quam
3541 2990 3686 3044 viam
3732 2992 3902 3062 inqui~

2315 3075 2496 3132 rendte
2522 3075 2713 3131 salutis
2740 3075 2993 3132 ostendit.
3036 3077 3229 3133 Dicens
3257 3080 3399 3134 enim
3423 3096 3440 3134 :
3471 3079 3696 3136 Peccata
3731 3093 3816 3138 tua
3841 3087 3896 3138 in

637 3176 799 3229 regna
829 3172 1180 3219 convertere:
1209 3172 1267 3222 et
1295 3164 1414 3220 ideo
1437 3167 1718 3234 propheta,
1752 3165 1993 3230 Peccata,
2021 3166 2208 3234 inquit,
2241 3167 2286 3230 C
2315 3167 2681 3223 mioericordiis
2726 3166 2952 3232 redime,
2995 3176 3046 3222 et
3092 3171 3319 3239 forsitan.
3358 3173 3719 3241 propitiabiqu
3762 3173 3900 3229 Dem

639 3263 724 3307 tua
745 3256 802 3308 in
829 3255 1426 3315 misericordiis‘redime
1469 3255 1632 3324 (Dan.
1684 3272 1756 3321 1v,
1789 3255 1880 3325 24)
1909 3274 1921 3307 :
1953 3257 2056 3311 hoc
2083 3264 2166 3312 est
2197 3276 2210 3310 :

639 3359 823 3404 aurum
871 3344 938 3399 da
987 3343 1382 3411 indigentibus,
1451 3346 1575 3414 quia
1633 3361 1740 3400 non
1789 3354 1944 3415 potes
1994 3363 2214 3417 regnum

640 3434 805 3489 dare:
842 3446 862 3474 ε
895 3434 1202 3490 facultatem
1248 3435 1506 3490 distribue
1528 3474 1542 3498 ,
1595 3436 1720 3504 quia
1760 3445 2078 3506 potestatem
2109 3457 2216 3495 non

641 3525 787 3579 vales
816 3522 840 3561 ἀ
870 3539 1164 3595 prorogare
1208 3544 1218 3578 :
1254 3540 1318 3580 ac
1367 3540 1462 3594 per
1506 3526 1609 3582 hoc
1654 3527 1866 3582 videtur
1901 3528 2125 3597 jussisse
2162 3541 2220 3584 ut

642 3626 815 3674 totum
843 3618 1014 3682 daret,
1045 3632 1205 3685 quem
1235 3619 1340 3673 hoc
1367 3618 1541 3674 solum
1571 3634 1676 3674 non
1701 3618 1862 3688 jussit
1901 3619 2244 3678 distribuere

643 3709 785 3778 quod
813 3724 920 3764 non
949 3715 1162 3778 poterat
1189 3723 1434 3777 erogare.

715 3799 827 3855 Xll.
868 3799 1265 3867 Exaggeramus
1302 3800 1440 3856 forte
1468 3817 1580 3856 rem
1607 3803 1814 3866 verbis,
1849 3810 1902 3858 et
1932 3805 2037 3858 alte
2067 3807 2223 3861 nimis

643 3889 955 3945 attollimus.
1010 3888 1299 3944 Videamus
1327 3905 1454 3958 ergo
1502 3891 1553 3944 id
1583 3892 1757 3960 ipsum
1785 3893 1942 3958 quale
1971 3895 2058 3947 sit.
2093 3895 2225 3948 Pec-

645 3988 798 4044 rata,
832 3978 1036 4047 inquit,
1085 3987 1169 4030 tua
1215 3981 1267 4030 in
1307 3979 1668 4032 miscricordiis
1713 3981 1921 4034 redime.
1965 3982 2101 4046 Quid
2145 3993 2227 4038 est

647 4068 825 4135 aliqua
863 4065 1162 4120 redimere?
1221 4063 1440 4132 Opinor,
1469 4066 1696 4132 pretium
1738 4081 1916 4120 rerum
1945 4084 2060 4137 qua:
2087 4071 2226 4124 redi-

647 4162 863 4210 muntur
905 4153 1052 4207 dare.
1093 4152 1209 4206 Non
1256 4167 1438 4222 quaero
1483 4169 1604 4223 qua:
1647 4155 1787 4211 illius
1835 4158 1974 4226 regis
2008 4167 2226 4228 peccata

647 4242 866 4300 fuerint.
906 4242 1024 4313 Ipse
1052 4243 1188 4299 sciat
1211 4244 1398 4313 quanti
1433 4243 1680 4302 debuerit
1707 4247 1973 4304 redimere
1999 4264 2118 4319 quae
2150 4251 2228 4307 f'e-

651 4336 742 4392 cit.
786 4335 878 4393 Te'
909 4335 1154 4406 alloquor
1195 4335 1344 4406 cujus
1374 4337 1531 4408 ππ
1557 4353 1719 4393 causa
1767 4349 1874 4406 est;
1921 4351 1972 4396 te
2018 4343 2229 4413 appello

651 4427 804 4497 cujus
848 4427 1132 4483 discrimen
1182 4428 1372 4495 agitur.
1433 4427 1546 4483 Hoc
1594 4430 1754 4485 facito
1795 4433 1941 4500 quod
1967 4437 2231 4504 propheta

2320 3259 2522 3313 delictis
2548 3260 2677 3322 tuis,-
2707 3258 2810 3312 hoc
2839 3259 3016 3327 ipsum
3043 3261 3188 3329 quod
3217 3261 3347 3317 dicit
3375 3264 3617 3334 forsitan,
3652 3280 3798 3336 spem
3829 3265 3903 3320 in-

2305 3347 2482 3433 .dicat,
2514 3363 2622 3401 non
2655 3345 2902 3402 fiduciam
2953 3349 3254 3417 pollicetur.
3306 3353 3383 3406 Ex
3409 3368 3516 3422 quo
3559 3356 3776 3426 intelligi
3805 3373 3904 3428 po-

2322 3447 2428 3494 test
2452 3454 2610 3507 quam
2634 3437 2849 3493 diﬂicile
2872 3439 2984 3507 jam
3014 3441 3068 3494 in
3108 3443 3372 3512 supremis
3409 3447 3573 3514 positi
3599 3456 3906 3517 peccatores

2321 3528 2562 3597 qualibet
2624 3529 2986 3584 munificentia
3055 3531 3123 3586 ad
3187 3534 3478 3602 perfectam
3527 3537 3904 3607 indulgentiam

2323 3618 2611 3688 pervenire
2639 3618 2888 3688 possint,
2926 3621 3139 3690 quando
3168 3623 3431 3692 propheta
3461 3625 3576 3694 ipse
3605 3627 3690 3681 cui
3718 3629 3908 3684 suadet

2325 3709 2764 3779 propitiationem
2811 3710 2906 3763 Dei
2951 3712 3320 3780 inquirendam
3344 3754 3360 3780 ,
3391 3718 3707 3785 promittere
3729 3728 3908 3777 tamen

2325 3815 2437 3857 non
2462 3817 2624 3855 ausus
2653 3809 2735 3854 est
2761 3801 3193 3870 promerendam.
3234 3803 3336 3859 Dat
3359 3808 3645 3864 eonsilium
3671 3812 3738 3867 de
3766 3819 3907 3877 actu,

2326 3901 2383 3946 et
2411 3901 2591 3945 tamen
2629 3892 2839 3946 dubitat
2873 3891 2941 3946 de
2969 3892 3182 3947 effectu.
3224 3894 3568 3954 Hortatorem
3609 3917 3668 3957 se
3697 3905 3905 3972 agendi,

2329 3998 2436 4036 non
2485 3981 2805 4050 impetrandi
2851 3993 3122 4038 auctorem
3171 3984 3317 4041 facit.
3381 3988 3558 4055 Quare
3601 3993 3717 4047 ita?
3778 3994 3910 4062 Quia

2329 4086 2518 4148 omnes
2545 4071 2749 4125 scilicet
2783 4080 3092 4140 peccatores
3134 4074 3331 4131 debent
3373 4094 3472 4148 pro
3499 4096 3559 4135 se
3587 4083 3672 4137 vel
3724 4085 3778 4138 in
3826 4100 3913 4139 su-
3949 4151 3952 4154 ,

2330 4166 2530 4233 premis
2557 4172 2750 4219 cuneta
2781 4173 2988 4221 tentare
3007 4209 3021 4232 ,
3053 4169 3156 4223 etsi
3186 4184 3293 4224 non
3323 4182 3549 4241 possunt
3576 4176 3683 4230 ulla
3709 4191 3911 4246 presu-

2332 4271 2498 4311 mere.
2541 4255 2597 4310 Si
2643 4258 2785 4312 enim
2836 4260 2949 4327 regi
2994 4263 3257 4331 propheta
3306 4264 3396 4320 ille
3423 4281 3522 4335 per
3546 4269 3716 4322 solam
3743 4271 3916 4327 hono-

2323 4363 2451 4405 rum
2482 4360 2708 4417 operum
2733 4349 3034 4418 largitatem
3063 4353 3363 4408 absolutam
3395 4357 3775 4426 indulgentiam
3803 4377 3916 4417 non

2332 4439 2614 4509 promittit,
2640 4439 2946 4509 intelligere
2973 4452 3228 4518 peccator
3253 4461 3362 4500 non
3391 4457 3508 4504 acta
3529 4459 3770 4504 errorum
3796 4466 3915 4521 pce

651 4517 829 4612 dixit
849 4515 1074 4612 Peccata
1105 4526 1191 4568 tua
1228 4519 1282 4570 in
1311 4518 1674 4612 misericordiis
1704 4521 1914 4576 redime.
1958 4524 2076 4580 Noli
2108 4533 2229 4582 tan-
2259 4542 2310 4601 ι)
2333 4532 2561 4586 nitentia
2589 4540 2788 4600 potest,
2820 4540 3022 4600 quanta
3051 4535 3101 4588 ei
3128 4515 3184 4589 et
3212 4551 3373 4605 quam
3395 4539 3541 4609 larga
3568 4542 3621 4595 in
3649 4515 3914 4612 supremis

653 4614 766 4660 tum
796 4605 907 4658 Deo
947 4605 1248 4695 relinquere
1279 4614 1535 4674 quantum
1573 4609 1770 4677 babes,
1798 4612 1843 4666 si
1871 4628 1968 4682 pro
1997 4620 2232 4684 peccatis
2337 4623 2698 4678 munificentia
2745 4639 2884 4693 opus
2927 4631 3011 4679 est
3053 4627 3148 4695 qui
3193 4629 3308 4683 vult
3352 4605 3597 4689 obtinere
3628 4649 3660 4688 a
3688 4605 3914 4691 Domino

655 4695 758 4752 tuis
788 4694 1148 4749 necessarium
1176 4711 1284 4750 non
1310 4705 1468 4767 putas
1492 4708 1755 4768 quantum
1783 4703 1964 4760 habes.
1999 4705 2231 4766 Estima

654 4785 1059 4855 diligentissime
1086 4787 1270 4858 culpas
1297 4803 1430 4858 quas
1456 4790 1954 4860 admisisti,testima
1981 4810 2232 4868 peccato-

654 4896 772 4935 rum
800 4879 1152 4934 diversitates.
1215 4880 1347 4936 Vide
1385 4883 1515 4951 quid
1553 4899 1651 4953 pro
1694 4887 1984 4945 mendaciis
2009 4891 2227 4961 debeas,

729 5052 753 5079 ι·
783 5041 965 5096 Codex
989 5039 1260 5107 Colbert.,
1293 5043 1483 5098 Omnia
1510 5048 1646 5102 enim
1673 5063 1740 5101 ea:
1766 5047 1895 5104 Deo.

667 5185 674 5192 _
725 5113 754 5151 ιδ
783 5112 931 5167 Hanc
959 5112 1244 5195 lectionem
1289 5113 1506 5183 praefert
1545 5115 1686 5170 idem
1714 5119 1904 5173 codex.
1939 5121 2109 5192 Regii,
2143 5128 2230 5197 qui

667 5192 845 5249 itaque.
877 5181 1170 5249 Editlones,
1207 5182 1339 5249 Quia
1367 5186 1556 5249 itaque.
1659 5223 1661 5225 ι

658 5192 862 5370 ηηὲἲὲ
877 5192 1604 5311 ἓὲἷὲιὲξῧῗτμ
1631 5255 1892 5312 editiones
1919 5261 2120 5317 habent
2148 5268 2232 5336 fa-

662 5333 719 5369 cu
759 5334 796 5368 .a
847 5335 891 5370 ι.

662 5333 891 5372 cauata.
2148 5333 2157 5336 ’

665 5454 676 5470 _
887 5389 1081 5470 primo;
1104 5395 1360 5470 scriptum
1391 5395 1487 5470 fuit
1532 5396 1584 5450 in
1635 5398 1804 5452 veteri
1832 5403 2122 5470 exemplari
2152 5405 2234 5458 bi-

665 5453 943 5537 bliotheca:
968 5453 1317 5537 Qplbertinze;
1349 5466 1442 5521 sed
1462 5475 1647 5536 postea
1673 5476 1935 5537 expuncto
1957 5453 2237 5528 e'stﬁlit—tera

666 5530 772 5607 ost
801 5525 1182 5607 supralineam
1211 5525 1656 5601 apposita'littera
1687 5525 1839 5592 e.'Ex
1869 5553 1976 5607 quo
2001 5525 2239 5599 Pitlimus

667 5592 843 5660 ell'ecit
870 5605 1181 5660 praerogare.

708 5672 766 5744 .-°
801 5659 1249 5744 Negligentianun
1271 5673 1528 5744 vocabulo
1557 5676 1839 5742 significari
1872 5681 2072 5734 minuta
2097 5689 2151 5738 et
2170 5683 2240 5738 le—

670 5737 755 5787 via
784 5738 1022 5800 peccata,
1054 5744 1172 5798 Quae
1200 5749 1299 5788 nos
1330 5737 1485 5809 hodie
1519 5737 1744 5801 dicimus
1771 5750 1997 5804 venialia
2016 5792 2030 5816 ,
2073 5737 2237 5818 satis,

2336 4731 2434 4784 per
2477 4731 2653 4772 seram
2700 4716 3045 4773 devotionem
3089 4720 3235 4789 quod
3275 4737 3384 4778 non
3428 4735 3610 4795 potest
3652 4737 3914 4800 usurpat:

2337 4821 2435 4875 per
2461 4807 2651 4874 legem.
2885 4808 2894 4817 ’

1813 4969 2147 5040 STEPHANI
2185 4985 2456 5045 BALUZH
2494 4988 2722 5045 NOTAE.

2335 5068 2394 5113 ut
2420 5060 2933 5137 reor,_mani_f_estu_m
2957 5073 3055 5132 est,
3088 5075 3141 5122 et
3166 5074 3313 5137 patet
3334 5071 3495 5124 etiam
3517 5083 3583 5125 ex
3611 5071 3828 5128 humilia
3854 5074 3922 5126 32

2309 5131 2509 5212 sancti
2530 5129 2773 5212 _C:esar‘ii
2803 5129 3052 5206 episcopi
3088 5129 3414 5194 Arelatensis
3443 5147 3496 5195 et
3543 5155 3609 5195 ex
3637 5143 3819 5212 regula
3861 5141 3914 5196 S.

2336 5199 2675 5255 Columbani.
2708 5199 2962 5276 Quaenam
2989 5199 3120 5276 vero
3149 5215 3260 5260 tum
3291 5216 3602 5276 putarentur
3630 5199 3750 5267 esse
3786 5214 3920 5269 levia

2338 5280 2558 5344 peccata
2586 5272 2757 5342 aperit
2783 5288 2846 5344 ex
2876 5283 3028 5344 parte
3056 5275 3195 5331 idem
3223 5272 3484 5335 Cmsarius
3508 5282 3560 5335 in
3585 5284 3802 5338 humilia
3831 5275 3918 5337 3i.
3977 5327 3988 5338 κ

2417 5339 2435 5376 ί
2470 5341 2547 5395 Ita
2593 5339 2780 5420 oZmnes
2813 5339 2932 5420 libri
2958 5353 3167 5420 veteres
3188 5357 3242 5420 et
3263 5348 3429 5420 hiciet
3450 5367 3629 5420 supra.
3663 5352 3780 5419 Quo
3802 5355 3922 5408 loco

2343 5411 2734 5491 observandum
2764 5411 3083 5491 cs_t_L_at_inos
3111 5417 3325 5491 codices
3351 5419 3463 5491 f‘ere
3493 5411 3708 5491 semper
3725 5423 3925 5478 habere

2345 5477 2622 5549 idolatria,
2654 5496 2778 5534 raro
2807 5482 3124 5540 idololatria.
3153 5487 3282 5542 Inde
3310 5488 3548 5544 idolatria
3575 5477 3814 5549 F'rancis.

2414 5553 2439 5633 ιε
2469 5545 2595 5633 Hree
2622 5549 2811 5633 desunt
2843 5551 2896 5633 in
2948 5555 3196 5633 omnibus
3229 5559 3465 5633 antiquis
3507 5545 3921 5633 exemplaribus.

2343 5617 2618 5695 Habentur
2643 5623 2903 5695 tamenin
2925 5626 3092 5695 prima
3116 5617 3436 5684 editione-et
3454 5631 3506 5685 in
3533 5627 3667 5686 aliis.

2349 5686 2610 5812 tinholstud
2631 5689 2783 5746 deest
2820 5693 2872 5747 in
2900 5686 3185 5753 récentiori
3227 5698 3410 5754 codice
3441 5703 3588 5772 regio
3618 5710 3672 5757 et
3700 5702 3928 5760 Colber-
