4246 6270
320 332 433 390 189

1432 327 1793 385 ADVERSUS
1831 330 2211 387 AVARITIAM
2253 329 2378 386 LIB.
2420 327 2483 386 ll.

1250 512 1726 623 LIBER
1805 477 2428 625 SECUND
2454 506 2665 623 vs.

392 711 436 767 l.
478 709 721 764 Dixirnns
745 704 812 761 de
836 703 1090 759 remediis
1112 688 1478 774 peccatorum,
1522 705 1686 760 immo
1724 704 1908 774 potius
1934 707 1990 763 Α
2012 701 2260 758 bissimas
2288 700 2504 772 quidem
2529 712 2737 771 pmnas,
2768 694 2862 756 sed
2889 700 3229 772 indignitates
3253 699 3432 773 poenis
3458 706 3607 761 acer-

315 805 392 861 de
420 802 625 875 spebus
671 798 1026 855 remediorum
1069 804 1233 867 atque
1271 796 1476 853 solatiis
1509 817 1521 851 :
1563 797 1771 854 scilicet
1809 799 1916 855 hoc

317 896 561 967 primum
582 890 908 962 inquirenda:
934 889 1125 945 saiutis
1152 905 1271 945 esse
1291 889 1599 959 sum-agium
1637 898 1698 945 ut
1724 904 1917 961 pecca-

319 999 505 1046 torem
529 987 788 1059 poeniteat
810 984 1042 1048 erroris;
1076 990 1189 1038 turn
1229 990 1290 1038 ut
1316 981 1469 1051 juxta
1495 995 1798 1037 sermonem
1825 998 1916 1040 sa-

314 1095 478 1137 crum
517 1080 694 1136 statim
721 1082 942 1147 peccata
968 1090 1065 1130 sua
1103 1074 1485 1130 misericordiis
1521 1074 1777 1140 redimat;
1808 1089 1915 1143 po-

313 1181 545 1236 stremo,
600 1169 646 1224 si
701 1167 755 1223 id
782 1183 894 1223 non
921 1165 1129 1232 fecerit,
1174 1182 1244 1222 ne
1271 1166 1398 1235 quid
1427 1166 1621 1221 saltem
1674 1166 1913 1220 moriens

315 1265 665 1334 inexpertum
711 1259 872 1333 n7
902 1259 1189 1328 relinquat,
1222 1258 1304 1312 vel
1345 1257 1528 1312 ultima
1584 1256 1687 1312 sibi
1732 1270 1914 1313 rerum

314 1370 540 1416 suarum
585 1354 864 1410 oblatione
915 1356 1211 1407 succurrat.
1242 1349 1350 1405 Sed
1389 1348 1780 1419 respondeatur
1805 1347 1915 1404 for-

318 1458 464 1511 tasse
490 1447 599 1504 hoc
627 1446 748 1502 loco
777 1444 927 1510 illud,
957 1443 1002 1498 si
1031 1450 1344 1513 peccatores
1366 1442 1614 1498 homines
1643 1443 1743 1498 hac
1765 1440 1914 1497 redi-

321 1539 644 1597 mendorum
674 1536 959 1592 criminum
999 1535 1319 1590 necessitate
1346 1540 1652 1598 teneantur,
1697 1544 1917 1591 sanctos

324 1632 530 1701 absque
555 1628 720 1686 dubio
748 1628 841 1697 qui
867 1627 976 1682 sint
1001 1632 1250 1696 expertes
1289 1625 1591 1691 criminum,
1622 1640 1733 1680 non
1763 1632 1915 1681 tene-

326 1724 395 1789 ri,
427 1737 491 1780 ae
509 1732 607 1793 per
629 1722 734 1777 hoc
755 1734 865 1775 non
894 1717 1093 1773 habere
1120 1732 1215 1773 eos
1242 1730 1458 1773 causam
1486 1718 1794 1773 substantiae
1814 1716 1915 1772 lar-

214 1876 217 1881 .
328 1814 533 1886 giendaa
559 1813 652 1883 qui
682 1826 788 1867 non
818 1810 1052 1865 habeant
1077 1808 1221 1878 quod
1266 1808 1532 1864 redimere
1572 1824 1666 1865 eos
1695 1821 1916 1865 necesse

332 1908 401 1963 sit
428 1907 694 1976 largitate.
726 1902 921 1958 Audio.
953 1899 1059 1956 Sed
1087 1899 1142 1955 id
1169 1901 1329 1970 quale
1354 1902 1425 1956 sit
1453 1899 1567 1971 jam
1592 1900 1912 1991 videbimus.

336 1998 583 2067 interim,
621 1997 829 2055 etiamsi
870 1995 1141 2066 prmterita
1181 1995 1322 2049 mala
1350 2008 1458 2049 non
1487 1988 1740 2065 sint'quze
1786 2006 1912 2049 san-

2018 796 2219 860 biores,
2252 808 2508 849 coronam
2538 795 2803 864 spineam,
2836 793 2972 848 aceti
2998 793 3272 864 poculum,
3305 792 3484 849 cibum
3511 792 3610 852 fel-

2022 885 2105 952 lis,
2139 885 2450 940 damnatum
2479 885 2546 939 ab
2569 884 2875 940 hominibus
2902 884 3184 940 Dominum
3212 885 3608 955 universorum,

2020 977 2347 1048 pendentem
2397 978 2449 1031 in
2505 976 2745 1047 patibulo
2798 976 3024 1032 salutem
3080 976 3302 1033 humani
3348 977 3606 1051 generis,

2020 1070 2190 1125 Deum
2218 1077 2449 1125 terrenae
2477 1064 2797 1125 conditionis
2838 1066 2958 1138 lege
2984 1070 3323 1125 morientem.

2092 1156 2154 1214 il.
2196 1159 2325 1226 Qua:
2364 1174 2485 1214 cum
2514 1159 2587 1214 ita
2614 1160 2749 1227 sint,
2783 1158 3090 1230 quicunque
3132 1161 3223 1217 ille
3266 1164 3360 1218 aut
3387 1164 3607 1234 sanctus

2021 1268 2097 1317 es,
2130 1260 2221 1307 aut
2248 1259 2491 1307 sanctum
2539 1258 2595 1305 te
2650 1265 2771 1306 esse
2826 1250 3020 1317 credis,
3073 1252 3161 1308 die
3186 1253 3337 1320 mihi,
3381 1264 3607 1325 quasso:

2021 1344 2259 1413 nunquid
2299 1342 2434 1399 solvi
2471 1344 2587 1399 haec
2628 1343 2741 1399 sola
2785 1350 3033 1415 possunt,
3073 1347 3285 1402 etiamsi
3324 1346 3467 1404 nulla
3508 1348 3611 1409 alia

2019 1442 2354 1498 debeantur?
2382 1438 2647 1511 Quidquid
2677 1438 2810 1496 libet
2830 1440 2973 1497 enim
2995 1438 3158 1497 homo
3204 1457 3305 1515 pro
3340 1432 3452 1499 Deo
3482 1459 3608 1514 per-

2020 1534 2185 1601 ferat,
2208 1534 2344 1589 solvi
2374 1532 2597 1590 omnino
2624 1548 2731 1587 non
2762 1539 2940 1604 potest
2966 1528 3112 1602 quod
3157 1532 3297 1589 Deus
3324 1549 3425 1605 pro
3445 1532 3615 1591 ὶιοῐιιίς

2022 1620 2091 1683 ne
2130 1642 2413 1698 perpessus
2458 1632 2540 1680 est
2567 1644 2579 1678 :
2605 1626 2729 1695 quia
2777 1624 2987 1679 etiamsi
3025 1624 3206 1696 passio
3230 1625 3346 1696 ipsa
3375 1641 3483 1681 non
3510 1624 3612 1681 dif-

2021 1719 2159 1775 ferat
2186 1732 2385 1788 genere
2410 1733 2713 1789 pccnarum,
2744 1714 2970 1771 multum
2989 1724 3168 1772 tamen
3203 1714 3365 1774 distet
3391 1732 3615 1777 necesse

2023 1816 2105 1865 est
2134 1808 2446 1865 diversitate
2473 1809 2795 1879 patientum.
2828 1805 2935 1862 Sed
2958 1806 3182 1869 forsitan
3201 1805 3335 1863 dicis
3361 1804 3614 1877 generale

2022 1904 2077 1957 i'n
2108 1902 2193 1957 his
2214 1917 2332 1972 qua:
2357 1901 2588 1956 diximus
2618 1896 2857 1957 omnium
2884 1899 3162 1957 hominum
3192 1918 3311 1960 esse
3349 1904 3613 1972 debitum,

2022 2001 2079 2049 et
2125 1993 2179 2047 in
2226 1993 2332 2048 hoc
2360 1991 2734 2047 universorum
2790 1992 3068 2048 hominum
3109 2006 3276 2062 genus
3325 1992 3613 2053 indiscrete

343 2100 489 2149 ctmn
502 2092 771 2147 hominem
785 2092 1033 2160 oporteat
1049 2086 1213 2142 rebus
1241 2087 1447 2143 cunctis
1472 2085 1757 2153 redimere,
1789 2094 1915 2142 sunt
1945 2077 1993 2136 B
2021 2084 2333 2140 obnoxium.
2364 2084 2561 2140 Verum
2589 2088 2689 2139 est.
2726 2084 2833 2140 Sed
2860 2085 3099 2156 nunquid
3135 2082 3327 2159 aliquis
3360 2087 3481 2145 ideo
3509 2090 3612 2146 mi-

344 2192 527 2239 tamen
548 2181 796 2253 perennia
822 2180 961 2236 bona
990 2192 1111 2249 qua:
1129 2190 1328 2247 magno
1355 2176 1549 2233 debeat
1574 2192 1911 2249 comparare.

336 2274 454 2330 Sed
493 2275 563 2330 de
602 2274 704 2329 hoc
736 2272 937 2344 plenius
963 2274 1173 2341 postea.
1219 2269 1370 2325 Nmic
1414 2281 1594 2325 autem
1642 2271 1749 2325 hoc
1796 2268 1917 2325 dico

339 2365 513 2420 libere
538 2370 594 2420 et
621 2371 924 2420 constanter
951 2362 1179 2428 aﬂirmo,
1230 2360 1503 2416 neminem
1550 2374 1668 2416 esse
1690 2360 1919 2417 omnino

336 2462 640 2512 sanctorum
683 2455 775 2525 qui
798 2471 907 2510 non
939 2454 994 2510 in
1015 2454 1199 2509 multis
1225 2454 1297 2509 sit
1319 2452 1428 2509 Deo
1454 2452 1686 2521 debitor,
1719 2469 1783 2509 ac
1821 2452 1921 2524 per

335 2546 437 2603 hoc
462 2561 585 2602 eum
627 2561 965 2617 quaecunque
991 2546 1219 2601 Domino
1260 2561 1359 2601 suo
1399 2544 1627 2612 dederit,
1670 2558 1777 2601 non
1808 2552 1919 2600 tam

334 2639 534 2695 donare
586 2654 746 2709 quam
793 2639 1023 2693 solvere.
1075 2636 1153 2693 Ac
1180 2638 1411 2707 prirnum
1455 2645 1516 2691 ut
1544 2637 1611 2692 de
1642 2636 1917 2692 beneﬂciis

336 2729 672 2797 generalibus
697 2729 902 2793 dicam,
932 2726 988 2781 id
1033 2732 1133 2793 est,
1182 2742 1289 2797 quo
1314 2728 1559 2802 quisquis
1582 2727 1671 2781 vel
1698 2735 1919 2782 sancto-

337 2832 453 2873 rum
480 2835 541 2876 es
560 2819 652 2876 ille
677 2820 767 2875 vel
798 2819 1045 2885 divitum,
1076 2820 1311 2888 primum
1335 2819 1715 2873 benevolentia
1745 2832 1809 2871 ac
1835 2816 1927 2872 do-

336 2926 413 2967 ne
430 2912 531 2967 Dei
553 2919 612 2969 et
633 2919 797 2968 natus
826 2919 882 2967 et
921 2911 1060 2965 altus
1089 2916 1146 2965 et
1184 2908 1441 2965 educatus
1486 2925 1564 2974 es,
1594 2909 1738 2979 quod
1766 2908 1928 2965 rebus

338 3002 413 3057 ad
453 3003 624 3056 vitam
676 3002 1000 3057 necessariis
1043 3003 1421 3069 communitus,
1463 3001 1607 3070 quod
1633 3002 1794 3057 etiam
1818 3016 1928 3059 non

342 3091 666 3148 necessariis
692 3091 1071 3162 locupletatus,
1104 3092 1248 3162 quod
1279 3093 1403 3164 plus
1427 3092 1495 3147 ad
1524 3108 1679 3148 usum
1706 3093 1803 3149 tibi
1828 3094 1929 3149 Do-

336 3188 529 3242 minus
565 3188 688 3242 tuus
718 3185 901 3241 tribuit
945 3200 1102 3257 quam
1149 3180 1337 3242 modus
1384 3201 1574 3242 usuum
1612 3188 1922 3257 postulavit,

335 3278 488 3348 quod
525 3272 768 3333 extendit
794 3277 1026 3346 denique
1051 3292 1212 3348 super
1255 3292 1379 3348 spes
1407 3285 1527 3333 tuas
1554 3292 1776 3333 munera
1802 3292 1921 3345 sua,

338 3376 414 3435 et,
465 3369 612 3440 quod
637 3371 722 3423 est
753 3367 1046 3423 maximum
1086 3383 1167 3424 ac.
1194 3369 1545 3435 rarissimum,
1596 3367 1738 3425 dona
1783 3369 1925 3426 illius

2023 2190 2123 2232 nus
2143 2176 2325 2241 debet,
2357 2176 2403 2231 si
2420 2184 2475 2230 et
2496 2176 2632 2231 alius
2653 2176 2796 2237 idem
2823 2175 3049 2232 debeat?
3077 2178 3180 2233 Aut
3204 2179 3249 2234 si
3277 2188 3492 2235 centum
3522 2182 3613 2239 ho-

2024 2268 2228 2323 minum
2268 2266 2548 2322 cautiones
2570 2266 2637 2321 de
2683 2268 2923 2323 centenis
2965 2270 3223 2326 sestertiis
3247 2271 3458 2343 scriptae
3484 2272 3609 2339 sint,

2023 2372 2151 2415 num
2182 2356 2384 2413 idcirco
2434 2357 2697 2413 allevatur
2736 2359 2895 2416 unius
2933 2359 3191 2427 debitum,
3222 2361 3267 2418 si
3296 2378 3482 2419 omnes
3505 2362 3614 2417 sint

2026 2451 2272 2523 ejusdem
2294 2449 2506 2504 numeri
2532 2448 2840 2505 debitores?
2867 2450 3224 2525 Unusquisque
3249 2453 3411 2522 enim,
3444 2452 3615 2524 inquit

2028 2543 2337 2617 Apostolus,
2368 2552 2516 2597 suum
2544 2554 2672 2597 onus
2717 2543 2940 2615 portabit
2967 2540 3110 2613 (Gal.
3140 2562 3211 2609 vr,
3260 2543 3334 2617 5),
3363 2555 3417 2600 et
3445 2562 3612 2601 unus-

2026 2639 2254 2709 quisque
2281 2646 2381 2707 pro
2422 2650 2479 2690 se
2534 2636 2803 2691 rationem
2842 2634 3047 2692 reddet.
3093 2636 3440 2709 Nequaquam
3483 2654 3612 2708 ergo

2025 2733 2187 2788 unius
2225 2730 2435 2801 pondus
2464 2729 2700 2801 pondere
2738 2728 2997 2785 allevatur
3027 2730 3265 2798 alterius,
3299 2745 3400 2787 nec
3426 2731 3609 2788 absol-

2026 2825 2170 2879 vitur
2194 2838 2318 2878 reus
2344 2823 2601 2878 societate
2626 2822 2936 2877 multorum.
2971 2820 3132 2895 229
3159 2821 3343 2892 Neque
3370 2821 3492 2879 ideo
3512 2825 3613 2879 mi-

2028 2928 2131 2970 nus
2158 2921 2243 2970 est
2269 2912 2488 2970 cuilibet
2515 2919 2652 2967 tetra
2680 2912 2977 2979 damnatio,
3008 2912 3054 2969 si
3101 2906 3298 2970 multos
3324 2912 3614 2985 complices

2028 3020 2202 3078 poenas
2226 3004 2471 3060 videatur
2496 3002 2697 3057 habere
2725 3001 3027 3059 damnatus.
3052 3002 3129 3059 ita
3165 3005 3271 3062 hoc
3287 3004 3429 3077 quod
3452 3022 3613 3078 supra

2028 3098 2158 3164 dixi,
2189 3096 2319 3153 licet
2345 3094 2596 3165 generale
2625 3094 2695 3148 sit
2721 3092 2980 3164 debitum,
3012 3096 3244 3168 speciale
3288 3107 3469 3159 tamen
3495 3115 3615 3157 esse

2029 3203 2137 3246 non
2158 3188 2378 3245 dubium
2407 3194 2519 3253 est;
2568 3184 2694 3243 licet
2721 3188 2792 3242 sit
2820 3202 3107 3246 commune
3136 3193 3393 3262 omnium,
3426 3205 3510 3253 est
3528 3205 3611 3255 ta-

2028 3294 2153 3339 men
2181 3282 2529 3354 peculiariter
2548 3279 2914 3350 singulorum;
2943 3280 3016 3339 ita
3041 3282 3106 3339 ad
3130 3301 3318 3344 omnes
3337 3292 3614 3361 aequaliter

2028 3375 2273 3446 pervenit
2293 3372 2438 3445 quod
2454 3382 2634 3428 tamen
2654 3373 2722 3429 de
2744 3389 2952 3430 summa
2974 3375 3262 3448 unicuique
3282 3382 3358 3435 nil
3387 3384 3608 3438 recedit.
3723 3430 3744 3448 ,

340 3459 502 3514 etiam
521 3466 614 3514 tua
642 3466 767 3514 vota
796 3459 1058 3515 vicerunt.
1080 3459 1234 3515 Addo
1262 3468 1441 3515 autem
1468 3464 1594 3530 post
1620 3461 1723 3515 ista
1744 3451 1924 3516 omnia
1950 3454 1996 3520 ϐ
2027 3462 2276 3523 Christus
2303 3466 2449 3522 enim
2474 3455 2615 3521 sicut
2642 3481 2742 3535 pro
2763 3467 3012 3522 omnibus
3036 3484 3227 3538 passus
3254 3481 3353 3538 est,
3396 3475 3473 3529 sic
3514 3490 3614 3545 pro

338 3551 483 3623 quod
510 3552 653 3608 idem
680 3552 941 3609 Dominus
976 3552 1068 3624 qui
1095 3560 1149 3608 te
1175 3553 1408 3623 primum
1450 3568 1672 3609 munere
1699 3568 1805 3611 suo
1827 3568 1922 3624 ge.
2027 3561 2267 3632 singulis,
2318 3568 2374 3616 et
2428 3560 2634 3615 cunctis
2684 3575 2744 3615 se
2792 3559 3055 3629 impendit
3090 3564 3292 3629 pariter
3337 3569 3392 3617 et
3430 3566 3611 3633 singu-

338 3643 479 3708 θιὼ,
513 3651 702 3714 postea
747 3644 914 3698 etiam
962 3644 1213 3713 passione
1239 3644 1484 3711 salvavit,
1514 3645 1660 3716 quod
1703 3652 1915 3717 propter

2028 3642 2113 3719 lis,
2166 3661 2222 3708 et
2260 3658 2435 3707 totum
2476 3666 2536 3705 se
2577 3650 2723 3706 dedit
2761 3651 3045 3715 universis,
3095 3660 3150 3706 et
3204 3661 3374 3709 totum
3431 3658 3612 3727 singu-

339 3744 418 3799 te,
448 3746 482 3790 ο
513 3736 697 3802 homo,
744 3742 951 3790 terram
997 3749 1060 3790 ac
1098 3734 1268 3790 lutum
1297 3735 1464 3791 immo
1492 3736 1741 3806 exiguam
1769 3743 1925 3792 terra:
2029 3740 2097 3799 lis
2122 3762 2135 3796 :
2163 3758 2228 3797 ac
2271 3756 2369 3809 per
2396 3741 2501 3795 hoc
2528 3738 2785 3808 quidquid
2810 3740 3060 3809 passione
3080 3754 3177 3796 sua
3203 3741 3450 3799 Salvator
3476 3760 3614 3817 pra:-

340 3842 405 3884 ac
425 3826 524 3885 luti
552 3836 579 3867 ι
609 3834 819 3900 partem
846 3844 1028 3885 rerum
1068 3830 1441 3886 universarum
1467 3828 1727 3888 Dominus
1754 3832 1782 3871 δ
1814 3839 1918 3889 ter-
2030 3835 2184 3899 stitit,
2215 3833 2356 3889 sicut
2383 3838 2556 3887 totum
2599 3831 2652 3886 ei
2672 3830 2872 3887 debent
2896 3832 3154 3895 universi,
3196 3837 3273 3897 sie
3298 3819 3470 3892 totum
3498 3840 3612 3896 sin-

341 3933 439 3973 ras
456 3918 602 3986 adiit,
630 3934 700 3976 ex
747 3935 911 3976 carne
938 3920 1144 3990 pariter
1170 3930 1226 3977 et
1253 3923 1307 3977 in
1334 3938 1499 3979 carne
1522 3924 1789 3994 processit
1836 3926 1941 3979 ιιι-⁷
2030 3927 2171 3997 guli;
2204 3925 2308 3981 nisi
2336 3923 2482 3995 quod
2511 3928 2680 3993 prope
2708 3922 2811 3978 hoc
2835 3923 2957 3993 plus
2983 3922 3181 3992 singuli
3209 3940 3367 3996 quam
3398 3930 3615 3987 univer-

344 4009 585 4064 miliatus
610 4024 776 4079 usque
805 4010 873 4070 ad
905 4022 926 4049 ο
952 4011 1170 4066 humani
1200 4013 1692 4093 exordiipudorem
1722 4022 1775 4070 et
1795 4030 1929 4085 pan-
2030 4021 2099 4089 si,
2130 4017 2276 4091 quod
2320 4025 2531 4074 tantum
2560 4020 2886 4089 acceperunt
2939 4016 3134 4088 singuli
3187 4028 3447 4091 quantum
3495 4027 3614 4083 uni-

345 4108 547 4156 norum
577 4099 825 4157 inluviem
850 4106 903 4156 et
925 4104 1173 4174 prtesepii
1202 4105 1482 4172 vilitatem,
1525 4107 1761 4164 tolerans
1790 4104 1931 4161 indi-
2034 4113 2192 4169 versi.
2218 4110 2322 4167 Ubi
2350 4112 2493 4166 enim
2522 4111 2627 4167 hoc
2659 4122 2799 4166 unus
2825 4111 3020 4180 accipit
3056 4112 3203 4181 quod
3230 4114 3482 4182 universi,
3515 4118 3616 4174 etsi

343 4204 485 4260 gnas
507 4204 568 4245 se
594 4189 719 4244 vitm
746 4191 898 4246 istius
923 4194 1216 4262 passiones,
1240 4195 1450 4258 edendi,
1473 4196 1707 4261 bibendi,
1731 4198 1927 4263 somni,
1992 4238 1999 4243 ε
2030 4219 2130 4275 par
2155 4212 2239 4259 est
2264 4218 2540 4269 mensura,
2565 4203 2745 4274 major
2770 4208 2851 4258 est
2883 4204 3099 4259 invidia.
3154 4204 3272 4273 Quo
3314 4207 3373 4262 tit
3400 4212 3459 4264 ut
3493 4208 3618 4268 licet

344 4281 656 4351 vigiliarum
676 4294 846 4351 aegras
863 4285 1267 4353 vicissitudines,
1298 4294 1352 4342 et
1379 4287 1591 4343 caducae
1630 4288 1782 4344 istius
1802 4304 1932 4344 con-
2033 4295 2209 4371 ipsum
2237 4295 2485 4365 accipiat,
2509 4292 2630 4366 plus
2653 4294 2850 4350 debere
2876 4295 3124 4352 videatur
3155 4316 3167 4352 :
3192 4299 3318 4368 quia
3356 4297 3526 4368 magis
3560 4303 3620 4360 tit

340 4371 671 4429 versationis
700 4372 1114 4433 contumeliosa
1158 4379 1530 4443 necessitates,
1560 4381 1725 4452 328
1763 4381 1932 4452 ipsam
2033 4401 2172 4442 unus
2191 4385 2476 4452 obnoxius,
2500 4388 2592 4456 qui
2611 4387 2827 4443 videtur
2845 4388 3094 4444 omnibus
3105 4396 3467 4458 comparatus.
3494 4391 3620 4448 Haec

342 4462 579 4533 denique
626 4460 909 4522 hominum
959 4467 1103 4524 circa
1148 4485 1207 4525 se
1234 4470 1669 4525 conversantium
1714 4471 1932 4527 fetidam
2035 4490 2164 4546 ergo
2184 4477 2603 4551 hactenus,quia
2618 4480 3023 4537 debitoresDeo
3048 4480 3266 4550 quidam
3307 4486 3618 4537 sanctorum

342 4558 849 4623 coniurationem,
904 4561 1135 4631 populos
1201 4568 1551 4631 peccatorum
1601 4562 1932 4618 sordentium
2033 4574 2153 4624 ease
2163 4582 2223 4623 se
2235 4582 2341 4622 non
2362 4576 2713 4640 putant,cum
2730 4572 2970 4632 debitum
2984 4570 3254 4626 aestimare
3267 4580 3375 4626 non
3392 4569 3616 4640 possint.

340 4648 465 4704 luto
492 4648 709 4715 oblitos,
741 4660 954 4722 semper
978 4652 1503 4708 malae-conscientia
1534 4654 1768 4709 admissu
1788 4670 1930 4722 reos,
2069 4644 2073 4657 ’
2104 4658 2190 4715 ΠΙ.
2233 4656 2341 4714 Sed
2367 4659 2498 4716 dicit
2521 4662 2751 4719 fortasse
2778 4662 2974 4732 aliquis
3023 4680 3034 4717 :
3062 4662 3182 4721 Non
3207 4663 3425 4733 quidem
3472 4661 3622 4719 debi«

339 4738 582 4825 turpium
630 4757 696 4797 ex
725 4758 785 4798 se
807 4746 1023 4799 actuum
1067 4740 1314 4801 nidorem
1359 4746 1694 4814 exhalantes,
1725 4756 1780 4804 et
1810 4749 1935 4806 ideo
1965 4822 1989 4825 Δ
2034 4755 2182 4804 tores
2207 4764 2316 4804 non
2350 4760 2473 4807 esse
2497 4760 2736 4818 sanctos,
2766 4753 2858 4809 sed
2885 4755 3056 4809 multo
3082 4758 3262 4810 tamen
3290 4755 3495 4825 majora
3523 4754 3623 4808 lie—

340 4818 647 4888 celestium
687 4841 1081 4904 praereptum
1126 4836 1429 4906 incapaces,
1462 4852 1563 4893 nec
1606 4840 1932 4896 sustinentes
1964 4822 2011 4883 ί)
2035 4838 2240 4895 minum
2285 4844 2625 4901 saecularium
2665 4858 2784 4901 esse
2825 4839 3024 4914 debita,
3056 4848 3287 4918 quorum
3315 4818 3441 4901 sunt
3466 4843 3622 4913 plura

338 4923 480 5012 sacri
509 4920 735 5012 (uigoris
757 4924 935 4994 iubar,
962 4929 1089 4999 quia
1136 4927 1431 4999 caligantes
1469 4930 1705 5002 peccatis
1745 4934 1931 4991 octdos
2036 4936 2276 5003 peccata.
2333 4934 2488 5003 Quod
2517 4935 2624 4995 tale
2673 4948 2757 4996 est
2782 4954 2847 4997 ac
2872 4939 2919 4997 si
2966 4934 3233 5012 quispiam
3272 4936 3417 4992 dicat
3458 4924 3621 4987 :ideo

341 5008 603 5083 splendor
620 5014 785 5091 divini
814 5012 1032 5075 luminis
1059 5018 1339 5076 obruebat.
1358 5016 1466 5078 Nec
1485 5020 1661 5078 solum
1679 5024 1800 5081 hoe.
1827 5025 1935 5082 Sed
2036 5041 2138 5096 ego
2164 5043 2285 5085 sum
2330 5028 2607 5099 innocens,
2662 5034 2788 5103 quia
2843 5008 3001 5089 alius
3034 5008 3203 5102 magis
3256 5035 3338 5082 est
3392 5034 3618 5087 0009M;

343 5110 473 5174 Po“
508 5104 623 5197 “fc
666 5108 866 5175 omnia,
898 5109 1038 5166 οάἀθ
1063 5118 1342 5181 Vmerus
1369 5113 1724 5183 δυρθτδίεηιίε
1749 5117 1934 5187 Populi
2038 5118 2161 5175 ideo
2206 5135 2308 5191 ego
2350 5121 2557 5193 justus,
2631 5126 2754 5197 quia
2810 5122 2946 5181 alter
2992 5121 3216 5192 iniustus
3251 5133 3266 5187 ;
3343 5114 3464 5169 ideo
3519 5124 3622 5183 ego

342 5195 826 5288 contradictiones,
858 5200 997 5257 adde
1021 5203 1284 5271 convicia,
1317 5204 1453 5259 adde
1481 5206 1785 5273 maledicta,
1830 5208 1932 5263 im-
2031 5213 2273 5284 apprime
2336 5212 2530 5282 bonus,
2621 5195 2750 5288 quia
2806 5216 2943 5271 alius
3013 5206 3358 5279 singulariter
3422 5201 3618 5263 malus.

343 5285 495 5356 piam
523 5283 954 5360 insectationem,
1006 5295 1368 5352 testimonium
1416 5295 1626 5363 ialsum,
1676 5298 1934 5368 judicium
2038 5283 2158 5357 Jam
2186 5306 2415 5374 primum
2444 5308 2590 5365 enim
2617 5283 2932 5364 indecorum
2958 5303 3063 5356 hoc
3087 5307 3286 5355 sancta
3319 5299 3488 5355 menti
3516 5308 3619 5366 est,
3636 5314 3650 5328 λ

343 5382 655 5447 cruentum,
706 5372 994 5440 inrisiones
1043 5385 1247 5456 populi,
1290 5395 1464 5456 sputa,
1506 5387 1752 5454 verbera,
1785 5404 1935 5444 acer-
2040 5402 2101 5448 ut
2118 5372 2258 5452 bona
2287 5410 2385 5452 sua
2414 5413 2660 5455 crescere
2696 5396 2852 5451 malis
2878 5392 3169 5451 arbitretur
3188 5390 3396 5462 alienis,
3421 5396 3476 5450 et
3502 5408 3621 5449 me-

1511 5499 1846 5558 STEPHANI
1883 5501 2150 5561 BALUZII
2189 5506 2419 5565 ΝΟΤᾸΞ.

417 5612 446 5642 ⁸
474 5604 1019 5687 Antea.
1045 5620 1245 5681 partem
1283 5614 1505 5687 suscepit
1533 5627 1706 5687 rerum
1726 5616 1927 5687 univer—
2036 5617 2367 5687 eamdelere
2404 5616 2626 5687 placuit1
2674 5679 2685 5687 Δ
2820 5686 2823 5687 ν
3142 5636 3147 5641 τ

341 5690 543 5759 ψῃ,
562 5676 811 5759 ῃυὶξρὶει
860 5676 1234 5735 inveneramus
1260 5676 1511 5759 scriptum
1558 5681 1609 5735 in
1640 5685 1807 5759 veteri
1838 5699 1929 5736 co.
2106 5687 2131 5724 δ
2162 5685 2241 5759 ita
2255 5676 2549 5759 editiones.
2581 5679 2781 5759 Verum
2817 5686 2917 5759 hoc
2948 5690 3245 5753 membrum
3277 5703 3329 5742 in
3357 5687 3501 5742 nullo
3521 5700 3616 5741 ve—

685 5748 885 5824 Verurn
912 5766 1033 5804 cum
1060 5764 1263 5824 vocem
1292 5743 1510 5822 suscepit
1556 5768 1662 5806 non
1694 5754 1927 5824 habeant
2035 5762 2207 5809 terum
2232 5754 2488 5807 librorum
2506 5754 2780 5824 reperitur
2808 5743 3366 5824 quibus'nos'uti‘mur.

348 5769 657 5824 ιιιιεπυειυ.
695 5769 885 5804 verum
912 5769 1033 5804 cum
1060 5769 1247 5805 Ἶῠωηὶ
1292 5769 1510 5822 suscepit
1556 5769 1662 5806 ηοη
1694 5769 1927 5807 naueant
2035 5769 2207 5809 terum
2232 5769 2488 5807 liDl‘Dl‘lllll
2516 5769 2780 5824 reperitur
2847 5769 2998 5813 IllDllS
3022 5775 3119 5814 nos

348 5813 560 5883 reliqua
580 5819 912 5888 exemplaria
938 5836 1111 5889 neque
1141 5820 1419 5887 editiones,
1451 5831 1506 5878 et
1527 5822 1792 5890 superﬂua
1822 5824 1923 5888 sit,
2108 5825 2131 5856 ε
2166 5823 2294 5876 Vide
2318 5837 2481 5887 supra
2512 5823 2566 5877 in
2594 5823 2742 5881 Notis
2764 5769 2841 5883 at?
2862 5842 2980 5898 pag.
3010 5826 3128 5879 H9.
