4246 6270
383 352 494 412 195

1493 353 1855 414 ADVERSUS
1889 353 2268 414 AVARITIAM
2306 350 2433 415 LIB.
2473 356 2538 414 ll.

3539 366 3642 426 194

382 483 506 530 erat
538 471 628 528 vel
668 469 924 526 habenda!
950 467 1035 524 vel
1076 469 1238 526 etiam
1278 473 1649 528 consectanda:
1695 472 1963 528 facultatis
1989 472 2044 533 Α
2065 487 2282 539 uxores,
2324 474 2399 526 ita
2418 475 2524 528 sint
2552 489 2613 525 ac
2640 474 2686 527 si
2714 489 2818 526 non
2857 473 3080 528 habeant
3107 491 3125 529 :
3152 485 3202 528 et
3237 477 3322 548 qui
3367 478 3492 547 ﬂent
3531 489 3643 535 tan-

383 565 672 620 arbitrium
706 581 718 616 :
751 561 872 632 quia
898 561 1101 617 scilicet
1125 561 1300 617 adhuc
1325 571 1452 618 tunc
1476 565 1624 632 virga
1648 564 1964 619 interdicto-

2066 580 2219 635 quam
2257 580 2360 620 non
2393 565 2573 633 ﬂentes
2597 580 2614 618 :
2637 575 2687 619 et
2725 566 2811 637 qui
2858 567 3082 636 gaudent
3109 577 3349 640 tanquam
3373 586 3476 625 non
3518 589 3640 643 gau-

335 725 338 727 ,
379 674 510 713 rum
538 655 832 712 cmlestium
863 670 968 708 non
1013 655 1394 723 castigabatur.
1449 655 1546 709 Ubi
1591 659 1745 725 enim,
1792 657 1966 727 inquit
2067 654 2241 709 dentes
2272 666 2360 709 :et
2385 657 2472 727 qui
2496 667 2669 710 emunt
2690 666 2932 728 tanquam
2969 675 3072 712 non
3099 660 3527 730 possidentes:et
3553 665 3640 736 qui

380 748 698 820 Apostolus,
739 763 843 799 non
890 754 965 798 est
1005 746 1107 809 lex,
1153 762 1247 799 nec
1269 749 1627 816 praevaricatio
1658 747 1846 817 (Rom.
1889 765 1961 813 ιν,

379 844 404 895 1
424 840 502 911 5).
533 840 641 894 Lex
688 852 816 906 ergo
843 837 970 892 fecit
997 837 1198 908 aliquid
1245 854 1351 892 non
1402 839 1585 904 licere,
1617 849 1644 876 ει
1672 839 1962 894 secundum

377 931 516 986 illud
551 950 563 984 :
609 927 747 983 Nam
791 930 1274 999 concupiscentiam,
1323 930 1494 998 inquit
1519 929 1826 999 Apostolus,
1869 949 1962 985 ne-

375 1023 642 1087 sciebam,
684 1023 785 1076 nisi
831 1022 915 1075 lex
956 1022 1144 1075 diceret
1189 1040 1206 1076 :
1258 1020 1379 1075 Non
1425 1024 1749 1092 concupisces
1781 1022 1956 1093 (Rom.

375 1131 476 1181 vn,
510 1115 581 1185 7).
623 1113 688 1166 Ει
713 1113 838 1167 ideo
878 1128 1008 1181 opes
1034 1127 1168 1180 quas
1196 1120 1319 1166 ante
1359 1113 1527 1179 legem
1556 1113 1696 1166 Deus
1735 1127 1842 1166 non
1873 1127 1960 1166 re-

372 1202 760 1276 prehenderat,
785 1202 949 1255 homo
978 1202 1142 1256 libere
1165 1202 1489 1270 possidebat.
1517 1200 1574 1255 In
1604 1201 1720 1268 lege
1747 1215 1961 1270 quoque

373 1295 732 1351 nihilominus
757 1309 930 1363 prope
958 1291 1096 1346 idem
1135 1291 1272 1360 juris
1318 1293 1564 1346 omnibus
1592 1293 1911 1362 suppetebat
1943 1309 1954 1344 :

374 1387 505 1456 quia
550 1386 640 1440 lex
688 1384 981 1448 hominem,
1032 1382 1320 1436 dummodo
1355 1381 1526 1451 juste,
1574 1383 1772 1438 habere
1816 1381 1961 1450 quod

376 1478 541 1532 vellet
581 1477 800 1547 penitus
826 1491 932 1530 non
952 1476 1188 1530 vetabat.
1221 1474 1407 1544 Itaque
1457 1483 1584 1530 tunc
1620 1491 1806 1530 omnes
1843 1491 1960 1530 om-

379 1570 509 1626 nino
537 1570 710 1625 sancti
755 1569 965 1625 cunctis
1008 1567 1346 1622 facultatibus
1390 1569 1501 1622 suis
1535 1567 1688 1637 juxta
1715 1569 1958 1638 prtescri-

382 1670 506 1732 ptos
540 1662 670 1731 legis
714 1661 976 1716 terminos
1004 1660 1308 1725 utebantur,
1341 1660 1681 1725 ambulantes,
1707 1661 1864 1732 232
1899 1669 1958 1715 ut

381 1750 625 1820 legimus,
647 1753 703 1804 in
732 1749 966 1805 omnibus
994 1751 1254 1804 mandatis
1291 1759 1341 1803 et
1371 1751 1830 1821 justiﬁcationibus
1856 1750 1956 1805 Dei

2063 754 2279 799 utuntur
2316 746 2410 799 hoc
2447 747 2638 800 mundo
2680 756 2923 818 tanquam
2969 765 3073 802 non
3107 757 3322 802 utantur
3360 767 3378 803 :
3413 753 3640 821 prteterit

2063 839 2201 890 enim
2225 838 2392 908 ﬁgura
2421 837 2573 908 hujus
2613 837 2792 892 mundi
2822 838 2841 907 (
2859 837 2879 890 Ι
2908 837 3027 893 Cor.
3071 856 3174 905 vn,
3205 839 3418 912 29-5l).
3451 841 3640 898 Videte

2064 939 2224 994 quam
2251 926 2486 981 breviter
2512 927 2704 983 missus
2736 942 2766 980 a
2797 927 2908 981 Deo
2937 928 3128 984 doctor
3155 939 3348 984 cuncta
3393 931 3639 987 modera-

2064 1022 2151 1070 tus
2179 1017 2246 1070 sit
2273 1024 2329 1070 et
2357 1017 2495 1070 intra
2523 1032 2682 1085 quam
2712 1015 3094 1085 perfectionem
3124 1019 3370 1074 universa
3420 1022 3637 1076 conclu-

2061 1107 2210 1168 serit,
2237 1122 2344 1161 non
2366 1107 2565 1160 inlicita
2589 1107 2761 1160 solum
2786 1106 3169 1172 intercidendo,
3191 1109 3282 1164 sed
3305 1111 3466 1164 etiam
3489 1111 3632 1166 licita

2061 1197 2404 1264 coarctando,
2435 1199 2821 1252 circumcidens
2847 1198 3068 1265 scilicet,
3100 1208 3155 1254 et
3183 1216 3336 1254 usum
3371 1185 3638 1272 conjugio-

2059 1305 2179 1344 rum
2203 1329 2217 1352 ,
2260 1299 2315 1345 et
2341 1289 2707 1346 infidelitatem
2770 1284 3027 1359 ﬂetuum,
3077 1301 3134 1348 et
3172 1294 3635 1365 intemperantiam

2058 1381 2393 1449 gaudiorum,
2427 1390 2483 1437 et
2509 1383 2740 1438 habendi
2763 1383 3038 1439 libidinem
3061 1426 3077 1451 ,
3105 1393 3161 1440 et
3189 1389 3401 1442 emendi
3428 1391 3604 1460 cupidi
3621 1423 3634 1435 ε

2060 1481 2246 1540 tatem,
2279 1482 2334 1530 et
2355 1475 2526 1544 ipsam
2571 1476 2802 1546 denique
2830 1478 3013 1532 mundi
3041 1478 3198 1547 hujus
3234 1471 3449 1536 brevem
3477 1491 3637 1552 atque

2059 1565 2401 1620 umbratilem
2429 1567 2782 1636 voluptatem.
2811 1568 2876 1622 Et
2899 1569 3010 1624 haec
3033 1571 3210 1625 omnia
3234 1574 3366 1626 cur?
3393 1572 3503 1629 Cur
3527 1576 3634 1631 uti-

2057 1672 2162 1725 que
2209 1656 2332 1721 nisi,
2374 1665 2430 1711 ut
2452 1657 2566 1726 ipse
2607 1658 2774 1724 dixit,
2812 1659 2936 1729 quia
2984 1661 3220 1730 praeterit
3262 1662 3430 1730 ﬁgura
3478 1663 3634 1732 hujus

2056 1745 2277 1800 mundi?
2305 1744 2476 1812 Quam
2504 1747 2662 1816 longe
2694 1756 2817 1802 sunt
2845 1763 2972 1818 ergo
3001 1765 3032 1804 a
3072 1752 3325 1807 mandato
3355 1753 3450 1808 Dei
3495 1769 3632 1823 quos

381 1845 490 1899 sine
511 1846 715 1917 querela
736 1842 895 1914 (Luc.
919 1860 956 1908 ι,
980 1842 1056 1913 6).
1088 1841 1240 1898 Sicut
1264 1843 1447 1912 utique
1470 1843 1545 1897 illi
1585 1844 1701 1912 ipsi
1721 1843 1954 1898 ambula-
1982 1834 2032 1894 B
2056 1851 2178 1890 cum
2207 1836 2352 1904 ipsos
2373 1835 2594 1904 jusserit
2634 1837 2774 1892 Deus
2802 1839 3040 1895 viventes
3067 1842 3256 1910 opibus
3302 1845 3626 1912 renuntiare,

381 1944 572 1992 verunt
598 1936 664 1991 de
689 1937 884 2004 quibus
929 1935 1030 1988 ista
1069 1943 1454 2000 memorantur,
1485 1935 1623 1989 sicut
1665 1935 1953 2004 prophetes

388 2026 540 2081 Anna
566 2029 618 2082 in
655 2027 866 2096 jejuniis
893 2035 1054 2095 atque
1079 2027 1412 2082 orationibus
1439 2027 1656 2092 vivens;
1687 2025 1822 2080 sicut
1849 2024 1953 2079 Na-

390 2119 601 2173 thanael
627 2119 732 2180 ille,
761 2133 912 2187 quem
952 2118 1194 2186 legimus,
1224 2118 1338 2172 veri
1379 2117 1630 2172 Israelita:
1658 2117 1816 2170 laude
1863 2132 1956 2170 su-

382 2208 583 2275 blimis,
625 2218 678 2265 et
705 2211 817 2280 ipso
835 2210 1056 2266 Domino
1085 2226 1148 2266 ac
1176 2211 1288 2265 Deo
1332 2217 1467 2266 teste
1497 2211 1783 2275 mirabilis;
1816 2211 1954 2265 sicut

385 2298 416 2339 ¹³
447 2299 656 2366 Tobias,
701 2302 1129 2370 magnanimitate
1168 2300 1468 2356 devotionis
1510 2310 1778 2371 praecepta
1821 2301 1955 2369 legis

374 2391 657 2458 excedens,
679 2393 966 2462 sepulturis
987 2392 1263 2447 hominum
1287 2401 1621 2448 mortuorum
1643 2393 1807 2447 etiam
1829 2406 1950 2446 cum

369 2483 556 2538 mortis
579 2485 822 2553 periculo
863 2485 1150 2551 serviebat,
1182 2493 1238 2539 et
1277 2485 1641 2554 indigentibus
1670 2500 1841 2554 usque
1883 2483 1952 2537 ad

369 2573 712 2643 indigentiam
741 2591 895 2630 suam
925 2576 1226 2640 consulens,
1253 2576 1305 2629 in
1333 2583 1538 2628 tantum
1577 2573 1838 2642 largitatis
1868 2571 1949 2625 af-

368 2661 560 2718 fectum
589 2673 834 2730 venerat,
859 2673 918 2718 ut
945 2664 1279 2720 mercenario
1307 2680 1406 2718 suo
1433 2670 1645 2733 partem
1680 2664 1949 2718 bonorum

368 2756 604 2810 omnium
633 2756 950 2826 deputaret;
979 2765 1034 2809 et
1061 2756 1182 2820 hoc,
1211 2769 1319 2822 quo
1357 2755 1526 2822 magis
1559 2754 1730 2822 possit
1756 2753 1949 2806 mirum

369 2859 508 2913 esse,
547 2846 662 2915 jam
688 2846 873 2912 dives;
903 2854 977 2910 et,
1007 2860 1116 2913 quo
1153 2845 1483 2909 mirabilius,
1515 2845 1668 2898 dives
1704 2860 1770 2898 ex
1814 2861 1952 2914 pau-

368 2955 532 3010 pere,
553 2942 680 3009 quia
723 2941 986 3008 majorem
1013 2939 1179 2994 ferme
1220 2940 1458 2995 excitant
1485 2938 1716 2994 habendi
1749 2940 1953 3010 cupidi-

374 3035 545 3083 tatem
569 3044 700 3099 opes
728 3037 849 3099 post
881 3029 1245 3098 indigentiam.

446 3118 514 3174 V.
557 3118 714 3175 Tales
740 3133 868 3188 ergo
901 3129 1024 3174 tunc
1049 3122 1217 3176 sancti
1243 3124 1418 3188 erant,
1460 3121 1747 3177 secundum
1776 3122 1947 3190 legem

2056 1927 2131 1981 illi
2163 1942 2255 1981 eas
2289 1928 2512 1997 cupiunt
2539 1929 2701 1982 etiam
2740 1929 2794 1983 in
2820 1932 3060 2000 cognatis
3099 1932 3209 1987 suis
3236 1934 3430 1988 mortui
3459 1935 3631 2004 possic

2055 2017 2204 2071 dere.
2249 2017 2354 2072 Aut
2381 2034 2541 2088 quam
2583 2019 2741 2088 longe
2769 2020 2836 2075 ab
2864 2036 2928 2076 ea
2958 2022 3246 2078 devotione
3283 2033 3408 2079 sunt
3446 2035 3504 2080 ut
3531 2041 3629 2081 ex-

2054 2107 2328 2161 hmredent
2373 2108 2578 2177 seipsos
2622 2117 2844 2179 propter
2898 2111 3066 2166 Deum
3090 2154 3105 2179 ,
3156 2113 3247 2182 qui
3286 2115 3628 2172 exhazredare

2054 2197 2245 2251 nolunt
2272 2198 2462 2252 saltem
2483 2207 2770 2255 extraneos
2797 2210 3018 2271 propter
3043 2203 3132 2257 se!
3165 2201 3369 2270 Quibus
3399 2205 3628 2260 libenter

2053 2288 2222 2343 libere
2240 2289 2474 2344 dicerem
2527 2309 2539 2344 :
2589 2290 2718 2357 Quae
2766 2293 2972 2348 insania
3001 2303 3101 2360 est,
3134 2311 3168 2350 ο
3209 2297 3524 2352 miserrimi!
3561 2298 3627 2354 Ut

2053 2379 2291 2434 bmredes
2337 2381 2471 2434 alios
2516 2397 2862 2453 quoscunque
2904 2382 3131 2451 faciatis,
3161 2400 3257 2440 vos
3304 2387 3452 2456 ipsos
3497 2405 3626 2444 vero

2055 2472 2434 2538 exhznredatis;
2483 2483 2540 2528 ut
2567 2475 2701 2530 alios
2740 2477 3056 2547 relinquatis
3085 2478 3168 2533 vel
3205 2479 3354 2535 brevi
3408 2481 3621 2550 divites,

2057 2579 2154 2619 vos
2182 2565 2327 2634 ipsos
2355 2575 2554 2621 mterna
2583 2569 2929 2625 mendicitate
2955 2570 3235 2627 damnatis.

2126 2657 2210 2711 Vl.
2238 2657 2342 2712 Sed
2371 2661 2560 2727 quierit
2584 2660 2812 2717 fortasse
2839 2663 3049 2732 aliquis,
3080 2663 3206 2733 quid
3227 2665 3296 2719 sit
3319 2665 3461 2721 istud
3481 2668 3624 2736 quod

2053 2763 2196 2803 nunc
2223 2749 2340 2818 plus
2371 2751 2548 2818 exigat
2578 2751 2718 2805 Deus
2743 2767 2773 2806 a
2803 2753 3121 2808 Christianis
3156 2770 3254 2825 per
3273 2754 3619 2826 Evangelium

2053 2855 2212 2909 quam
2242 2855 2272 2894 a
2299 2839 2494 2896 Judaais
2540 2852 2665 2897 ante
2704 2858 2802 2912 per
2841 2843 3054 2912 legem?
3087 2854 3110 2882 θ
3150 2845 3309 2901 Certa
3355 2847 3509 2903 istius
3545 2850 3622 2904 rei

2052 2931 2190 2985 ratio
2231 2939 2330 2986 est.
2376 2931 2501 2987 Ideo
2547 2934 2691 2987 enim
2730 2935 2938 3003 majora
2985 2951 3127 2991 nunc
3165 2937 3390 2992 Domino
3435 2947 3620 2995 nostro

2053 3023 2345 3090 solvimus,
2393 3026 2518 3096 quia
2561 3026 2766 3096 majora
2793 3027 3068 3084 debemus.
3100 3028 3266 3086 Judari
3306 3033 3503 3103 quippe
3528 3033 3622 3088 ha-

2052 3119 2250 3173 bebant
2295 3119 2564 3188 quondam
2613 3121 2856 3177 umbram
2911 3139 3089 3178 rerum
3115 3165 3130 3190 ,
3171 3142 3268 3182 nos
3309 3128 3620 3195 veritatem;

368 3211 552 3265 omnia
581 3209 859 3276 habentes,
891 3222 913 3250 ο
941 3213 1232 3267 secundum
1252 3213 1428 3281 legem
1455 3215 1632 3268 omnia
1653 3215 1951 3284 relinquen-
1974 3207 2023 3272 C

1943 3207 2023 3272 ,ο
2051 3205 2219 3262 Judzei
2249 3208 2463 3264 fuerunt
2502 3212 2662 3277 servi,
2711 3229 2811 3268 nos
2839 3213 3111 3284 adoptivi;
3143 3217 3305 3289 235
3341 3216 3511 3273 Judazi
3539 3233 3620 3274 ac«

367 3309 467 3356 tes.
517 3301 594 3357 Ac
638 3303 716 3358 sic
741 3302 1011 3373 perfectus
1037 3304 1137 3358 fuit
1177 3305 1354 3360 omnis
1381 3307 1471 3375 qui
1499 3307 1601 3374 legi
1630 3310 1842 3376 paruit,
1891 3316 1947 3364 et

366 3399 473 3446 tam
503 3391 730 3448 devotus
774 3395 863 3463 qui
909 3394 1007 3449 sub
1049 3396 1321 3463 lege'tunc
1365 3397 1542 3452 minus
1573 3396 1733 3463 fecit,
1779 3413 1942 3467 quam

365 3485 584 3539 nuncin
624 3483 916 3554 Evangelio
945 3487 1036 3554 qui
1063 3487 1184 3556 plus
1231 3487 1374 3544 facit.
1429 3487 1580 3544 Tunc
1623 3490 1765 3544 enim
1789 3491 1944 3559 quasi

364 3573 711 3644 Evangelium
740 3577 828 3631 lex
856 3576 972 3631 fuit.
1024 3576 1142 3644 Quo
1186 3577 1245 3633 lit
1271 3579 1415 3647 quod
1455 3580 1547 3648 qui
1577 3595 1636 3635 se
1664 3581 1940 3652 obtempe-

363 3676 570 3722 tantem
601 3676 725 3723 tunc
752 3669 855 3736 legi
883 3669 1128 3739 pmbuit,
1161 3671 1314 3739 quasi
1345 3669 1371 3708 ἀ
1403 3670 1752 3742 Evangelium
1794 3690 1942 3729 com-

360 3757 545 3828 plevit.
588 3757 702 3814 Non
734 3767 817 3813 est
846 3774 974 3827 ergo
1003 3761 1147 3830 quod
1190 3760 1604 3830 confugiendum
1653 3765 1752 3819 sibi
1799 3781 1941 3821 nunc

361 3849 643 3917 quisquam
665 3849 734 3904 ad
762 3850 936 3918 legem
965 3860 1136 3922 putet.
1180 3851 1364 3906 Vetera
1395 3855 1564 3918 enim,
1596 3863 1657 3910 ut
1681 3857 1756 3910 ait
1795 3857 1941 3927 Apo-

364 3937 564 4004 stolus,
602 3943 914 3995 transierunt
955 3959 973 3996 :
1013 3945 1154 4014 facta
1181 3954 1302 3998 sunt
1328 3949 1502 4000 omnia
1533 3964 1667 4001 nova
1704 3947 1722 4018 (
1743 3947 1787 4001 ll
1816 3949 1932 4003 Cor.

363 4040 421 4091 ν,
456 4024 581 4097 l7).
618 4027 742 4083 Plus
761 4038 888 4085 tunc
914 4031 1256 4100 indulgentitc
1301 4043 1418 4088 erat
1442 4043 1496 4105 et
1542 4037 1662 4106 plus
1690 4037 1932 4093 licentiat.

363 4108 519 4172 Tunc
547 4133 668 4174 esus
695 4123 927 4176 carnium
954 4123 1342 4194 prmdicabatur
1365 4167 1379 4191 ,
1423 4143 1564 4182 nunc
1591 4129 1932 4184 abstinentia.

363 4208 517 4266 Tunc
545 4213 598 4265 in
626 4215 770 4268 omni
791 4215 897 4269 vita
916 4217 1239 4286 jejuniorum
1261 4221 1567 4288 paucissimi
1596 4220 1710 4274 dies
1734 4260 1749 4285 ,
1794 4237 1936 4276 nunc

357 4305 513 4374 quasi
545 4320 709 4359 unum
753 4305 1008 4375 jejunium
1038 4312 1146 4364 vita
1195 4313 1388 4366 omnis.
1425 4311 1573 4366 Tunc
1622 4312 1760 4367 lzesis
1804 4314 1936 4368 ultio

356 4395 700 4463 suppetebat,
747 4413 888 4452 nunc
934 4399 1210 4467 patientia.
1257 4399 1408 4453 Tunc
1447 4401 1806 4458 nascentibus
1847 4403 1934 4458 lex

357 4484 604 4539 ministra
632 4496 767 4553 erat,
795 4504 938 4544 nunc
965 4490 1290 4545 adversaria.
1323 4489 1473 4546 Tunc
1510 4493 1808 4546 accusatori
1827 4494 1933 4562 gla-

2049 3309 2309 3368 ceperunt
2340 3299 2545 3370 jugum,
2595 3319 2694 3359 nos
2741 3304 3075 3373 libertatem;
3112 3305 3279 3362 Judaei
3318 3308 3618 3378 maledicta,

2047 3405 2147 3444 nos
2173 3392 2427 3459 gratiam;
2457 3391 2627 3448 Judaei
2656 3394 2889 3452 litteram
2917 3397 3344 3469 interficientem,
3376 3416 3476 3456 nos
3513 3402 3620 3472 spi—

2048 3482 2212 3537 ritum
2243 3485 2636 3554 vivilicantem;
2675 3487 2873 3544 Judaais
2919 3507 3106 3547 servus
3142 3495 3397 3563 magister
3429 3496 3619 3550 missus

2045 3583 2160 3642 est,
2193 3577 2346 3631 nobis
2374 3576 2544 3644 ﬁlius;
2574 3577 2740 3634 Judzni
2766 3596 2864 3650 per
2883 3597 3031 3636 mare
3051 3585 3377 3638 transierunt
3405 3585 3473 3639 ad
3500 3601 3618 3640 ere-

2042 3683 2208 3733 mum,
2236 3685 2335 3722 nos
2355 3685 2453 3736 per
2479 3671 2743 3738 baptisma
2769 3673 3054 3726 introimus
3082 3673 3135 3725 in
3163 3687 3414 3741 regnum;
3449 3673 3617 3731 ιιιόωί

2042 3770 2235 3809 manna
2258 3756 2733 3823 manducaverunt,
2766 3774 2866 3812 nos
2893 3757 3194 3825 Christum;
3221 3759 3387 3814 Judaei
3428 3776 3617 3819 carnes

2042 3849 2241 3913 avium,
2271 3862 2371 3902 nos
2411 3863 2608 3918 corpus
2638 3848 2760 3915 Dei;
2806 3847 2975 3902 Judaei
3021 3850 3269 3917 pruinam
3308 3851 3468 3916 cmli,
3518 3870 3617 3909 nos

2041 3938 2206 3994 Deum
2237 3939 2358 3994 caeli
2394 3957 2406 3992 :
2438 3941 2521 4010 qui
2551 3956 2684 4006 cum,
2717 3948 2776 3995 ut
2803 3938 3092 4010 Apostolus
3113 3941 3207 4006 ait,
3233 3942 3288 3994 in
3311 3943 3480 4012 forma
3514 3943 3614 3998 Dei

2039 4042 2189 4098 esset,
2220 4033 2508 4088 hamiliavit
2527 4035 2850 4104 semetipsum
2873 4048 3030 4105 usque
3050 4031 3119 4086 ad
3143 4041 3373 4096 mortem,
3401 4041 3614 4087 mortem

2038 4137 2205 4180 autem
2234 4128 2397 4181 crucis
2434 4124 2652 4197 (Philip.
2678 4141 2734 4189 ιι,
2761 4125 2812 4190 6,
2830 4123 2918 4195 8);
2963 4139 3070 4178 non
3098 4131 3384 4180 contentus
3409 4123 3613 4179 scilicet

2037 4219 2332 4288 simplicem
2359 4233 2458 4287 pro
2488 4219 2643 4272 nobis
2679 4217 2859 4271 subire
2901 4223 3149 4282 mortem,
3188 4215 3288 4270 nisi
3318 4216 3487 4286 ipsam
3515 4230 3614 4270 vo-

2037 4308 2279 4362 luntaria:
2319 4308 2466 4362 necis
2514 4309 2912 4377 susceptionem
2956 4321 3286 4360 summorum
3314 4307 3611 4375 supplicio-

2036 4415 2152 4453 rum
2181 4400 2526 4470 perpessione
2547 4400 2886 4455 cumulasset.
2919 4395 3024 4452 Pro
3047 4399 3151 4452 hoc
3179 4411 3305 4464 ergo
3334 4398 3451 4452 solo
3479 4398 3609 4465 quid

2034 4492 2243 4547 solvere
2272 4493 2433 4546 homo
2463 4491 2688 4562 poterit,
2724 4491 2810 4545 cui
2844 4505 2903 4544 se
2931 4504 3029 4560 per
3056 4489 3297 4543 ultimam
3331 4502 3609 4557 pmnarum

358 4571 506 4628 dium
536 4577 860 4645 porrigebat,
891 4595 1034 4634 nunc
1060 4581 1398 4636 charitatem.
1435 4580 1587 4637 Tunc
1617 4583 1776 4638 etiam
1823 4601 1938 4641 car-
1964 4585 2018 4646 D
2042 4582 2391 4636 acerbitatem
2417 4581 2660 4636 Christus
2689 4581 2984 4651 impendit?
3015 4579 3121 4637 Aut
3147 4579 3273 4650 quid
3315 4595 3415 4650 pro
3443 4594 3503 4635 se
3529 4578 3610 4633 di-

353 4663 464 4718 nali
495 4665 756 4722 illecebrae
786 4669 870 4723 lex
898 4669 1224 4738 indulgebat,
1275 4687 1418 4727 nunc
1447 4670 1794 4742 Evangelium
1837 4691 1936 4732 nec
2040 4687 2202 4741 gnum
2238 4673 2462 4727 Domino
2491 4673 2820 4743 repensabit,
2860 4674 2950 4742 qui
2974 4673 3149 4742 ipsum
3187 4688 3217 4726 a
3259 4687 3366 4742 quo
3406 4671 3610 4727 redem-

351 4758 614 4826 aspectui.
649 4757 799 4814 Tunc
826 4776 1100 4831 corporea:
1125 4763 1426 4834 voluptates
1453 4765 1722 4820 habebant
1742 4783 1930 4837 quam-
2036 4773 2159 4834 plus
2187 4772 2270 4818 est
2296 4764 2463 4818 Deum
2493 4764 2688 4818 debet?
2719 4763 2843 4818 Haec
2881 4777 3010 4831 ergo
3058 4778 3217 4818 causa
3248 4774 3331 4818 est
3358 4779 3461 4832 qua
3513 4761 3607 4816 de-

352 4845 474 4901 dam
505 4849 799 4917 licentiam,
833 4868 975 4907 nunc
999 4854 1252 4924 jubentur
1278 4856 1439 4910 etiam
1482 4857 1623 4912 oculi
1662 4860 1930 4916 custodire
2033 4856 2270 4910 votiores
2298 4869 2415 4909 esse
2444 4869 2543 4908 nos
2570 4854 2829 4908 Dominus
2879 4853 2979 4907 sibi
3008 4854 3157 4917 velit,
3189 4855 3312 4922 quia
3361 4861 3468 4904 tam
3497 4864 3608 4901 ma-

352 4952 654 4994 censuram.
689 4943 847 5014 233
870 4943 1021 5000 Tunc
1048 4945 1115 5000 ad
1153 4947 1348 5002 multas
1375 4964 1571 5004 uxores
1598 4951 1932 5021 recipiendas
2033 4961 2139 5016 gno
2171 4947 2509 5000 devotionem
2541 4953 2779 5000 nostram
2808 4945 2983 5015 pretio
3010 4943 3354 5014 comparavit.
3386 4939 3454 4990 Et
3481 4937 3604 4992 ideo

355 5029 514 5082 unius
553 5033 732 5086 mariti
780 5042 957 5088 torum
1001 5031 1088 5090 lex
1141 5036 1418 5104 dilatabat,
1467 5056 1610 5095 nunc
1657 5043 1816 5096 etiam
1865 5043 1931 5097 ad
2034 5038 2369 5092 beatissimus
2390 5035 2588 5090 Paulus
2619 5055 2631 5089 :
2659 5036 2786 5101 Quis
2814 5054 2952 5108 ergo,
2997 5035 3186 5104 inquit,
3221 5047 3314 5082 nos
3341 5027 3605 5097 separabit

357 5131 516 5172 unam
545 5121 928 5178 excludendam
957 5125 1090 5180 casti
1115 5125 1334 5181 affectus
1359 5127 1645 5185 devotione
1672 5133 1934 5186 constrin-

353 5208 448 5276 git.
477 5207 720 5280 Superest
743 5215 907 5282 enim,
939 5215 1111 5285 inquit
1129 5216 1436 5286 Apostolus,
1465 5229 1520 5274 ut
1547 5231 1596 5275 et
1627 5224 1711 5292 qui
1741 5223 1928 5276 habent

2037 5148 2068 5184 a
2091 5131 2338 5184 charitate
2359 5127 2583 5184 Christi?
2606 5120 2919 5193 Tribulatio,
2941 5141 3007 5177 an
3036 5121 3292 5192 angustia,
3325 5134 3395 5169 an
3428 5133 3603 5188 perse-

2039 5225 2194 5288 cutio,
2227 5241 2293 5276 an
2325 5227 2505 5294 fames,
2525 5239 2591 5276 an
2620 5223 2849 5283 nuditas,
2873 5235 2941 5270 an
2963 5210 3241 5284 periculum
3258 5249 3274 5274 ,
3305 5226 3373 5263 an
3395 5209 3602 5282 gladius

1500 5373 1517 5390 μ
1535 5331 1869 5388 STEPHANI
1907 5332 2179 5391 BALUZII
2215 5335 2440 5390 ΝΟΤιΕ.

423 5449 448 5476 ⁸
489 5439 594 5496 lsta
622 5459 731 5497 non
759 5453 972 5501 exstant
998 5445 1052 5500 in
1079 5447 1364 5501 recentiori
1409 5447 1593 5503 codice
1622 5450 1799 5518 regio,
1833 5466 1927 5505 ne-

423 5524 455 5563 e
484 5511 537 5564 in
568 5509 902 5568 Colbertino.

350 5522 455 5578 que
484 5527 537 5564 tn
568 5522 902 5569 Uolbertino.

351 5649 377 5664 .
410 5578 451 5662 ,δ
491 5581 729 5664 Agnotat
759 5582 996 5664 Pithgeus
1025 5586 1077 5639 in
1105 5593 1316 5664 vetusto
1344 5587 1532 5664 codice
1555 5604 1651 5664 suo
1675 5591 1930 5664 scriptum

349 5649 513 5724 fuisse
539 5650 693 5706 Tobis
711 5692 725 5716 ,
756 5661 810 5707 et
836 5654 1125 5709 editionem
1153 5655 1499 5724 Septuaginta
1529 5659 1726 5714 habere
1757 5649 1924 5716 Tobit.

349 5717 521 5793 νοτε-ρ
545 5728 769 5793 uterque
790 5724 960 5779 codex
989 5727 1164 5793 regius
1187 5717 1545 5780 habet'Tobis.

424 5799 447 5830 ε
488 5788 699 5848 Ρῐίωο”
715 5788 1076 5851 θειὶάθηυηυέ
1096 5795 1372 5850 secundum
1398 5796 1730 5865 Evangelium
1747 5839 1764 5865 ,
1793 5808 1925 5865 etc.,

2031 5451 2198 5506 secuti
2216 5459 2366 5504 vetus
2380 5447 2652 5528 exemplar
2664 5442 2994 5528 bibliothecae
3014 5441 3192 5528 regite.
3216 5442 3322 5501 Sed
3337 5460 3456 5528 cum
3473 5443 3600 5528 reli-

2033 5537 2138 5590 qua
2168 5529 2222 5576 et
2249 5532 2456 5574 veteres
2477 5511 2738 5590 editiones
2760 5511 3042 5582 pnnferant
3057 5513 3237 5590 legem,
3255 5531 3426 5590 eaque
3442 5515 3600 5590 lectio

2034 5586 2276 5646 videatur
2305 5603 2422 5642 esse
2451 5586 2656 5648 melior,
2689 5598 2807 5638 eam
2841 5587 3229 5641 revocavimus.
3272 5586 3432 5642 lslhic
3457 5586 3600 5638 enim

2032 5678 2138 5717 non
2156 5662 2326 5728 agitur
2341 5657 2406 5728 de
2422 5663 2662 5728 tempore
2680 5653 2972 5728 Evangelii,
2989 5658 3080 5728 sed
3097 5657 3163 5709 de
3178 5665 3420 5728 tempore
3444 5654 3598 5728 legis.

2101 5729 2127 5767 ἀ
2169 5722 2453 5781 Ιὶθοθηιίοι·
2480 5723 2647 5777 codex
2672 5724 2848 5793 regius
2867 5734 2922 5779 et
2937 5725 3200 5787 Colbert.,
3226 5722 3526 5777 Ecariaetia.

2104 5811 2126 5838 ο
2166 5799 2360 5848 Omnes
2389 5793 2507 5848 libri
2535 5800 2745 5852 veteres
2771 5796 2970 5866 legunt,
3001 5794 3152 5850 Certa
3176 5794 3348 5846 istius.
