4246 6264
1561 339 1642 430 τε.
1685 347 1996 404 samum
2037 345 2493 406 IlASSlIJENSlS
2530 344 2956 408 PRESBYTERI
3033 346 3046 356 ·

3793 342 3900 400 I96

636 474 812 546 (Rom.
857 486 946 526 vm
971 511 984 534 ,
1036 466 1161 537 55)?
1215 465 1327 519 Non
1374 461 1668 532 Apostolus
1707 461 1878 514 solam
1935 459 2218 529 pecuniam
2247 466 2296 526 Α
2322 460 2651 519 habetvirum
2681 463 2813 534 (lea.
2849 481 2952 528 uv,
2991 463 3061 532 l).
3103 461 3168 516 Et
3191 459 3371 518 sterile
3398 471 3626 530 namque
3649 466 3734 516 est
3751 461 3896 530 quod

635 581 736 624 nec
767 565 909 620 solas
937 559 1117 616 deberi
1148 573 1178 611 a
1209 555 1360 609 nobis
1386 553 1599 607 divitias
1638 550 1749 605 Deo
1791 551 1938 615 dicit,
1976 549 2071 604 sed
2113 550 2211 604 tri-

636 660 988 717 bulationem,
1043 648 1362 718 angustiam,
1420 645 1644 708 famem,
1699 642 1957 709 gladium,
2005 640 2210 710 passio-

639 763 761 802 nem
804 785 820 810 ,
880 743 1193 797 effusionem
1263 736 1534 804 sanguinis
1572 774 1587 799 ,
1659 733 1849 788 anima:
1916 733 2216 788 exhalatio-

643 854 804 899 nein,
872 841 1101 888 mortem
1166 830 1398 898 denique
1465 827 1611 881 omni
1680 839 1957 894 prunarum
2019 835 2218 892 genere

635 928 922 985 conditam.
994 921 1146 976 Unde
1215 919 1511 986 intelligant
1558 931 1745 972 omnes
1810 915 2049 983 religiosi
2107 929 2216 968 non

635 1018 764 1074 satis
816 1031 874 1070 se
903 1013 1014 1067 Deo
1051 1011 1293 1075 reddere,
1326 1009 1487 1063 etiam
1541 1008 1586 1062 si
1641 1008 1920 1068 universas
1969 1004 2219 1058 dederint

635 1109 914 1165 facultates
947 1093 1119 1173 :‘quia
1141 1103 1266 1157 licet
1293 1115 1389 1156 sua
1414 1106 1606 1155 cuncta
1636 1098 1968 1166 dispensent,
1994 1096 2141 1164 ipsos
2159 1108 2219 1149 se

636 1209 815 1257 tamen
844 1198 1060 1253 debent.
1111 1192 1178 1247 Et
1206 1192 1347 1257 ideo,
1381 1191 1517 1245 sicut
1565 1203 1726 1258 supra
1756 1187 1936 1242 dicere
1976 1199 2220 1254 coepera-

637 1306 774 1358 mus,
806 1291 852 1344 si
871 1288 1030 1343 vidua
1059 1293 1142 1340 est
1169 1284 1451 1354 quoipiam,
1477 1293 1815 1351 nequaquam
1844 1279 1944 1332 sibi
1973 1275 2220 1332 sufficere

637 1382 706 1438 ad
731 1388 985 1454 aeternam
1012 1378 1238 1431 salutem
1270 1390 1464 1428 nomen
1492 1371 1766 1427 viduitatis
1794 1378 1966 1440 putet,
1999 1368 2094 1422 sed
2143 1367 2221 1424 vi-

638 1473 762 1529 deat
783 1471 996 1541 qualem
1017 1480 1137 1522 esse
1165 1467 1218 1520 in
1248 1464 1508 1534 Apostolo
1535 1462 1749 1517 viduam
1780 1461 1922 1515 Deus
1938 1459 2120 1528 jubeat
2144 1457 2223 1512 d'r

639 1580 767 1621 cens
799 1582 811 1616 :
847 1559 976 1627 Quae
1002 1577 1116 1614 vere
1154 1559 1306 1612 vidua
1332 1566 1428 1622 est,
1459 1555 1691 1608 desolata
1734 1562 1906 1622 sperat
1968 1549 2128 1621 n35
2164 1549 2220 1600 in

641 1655 883 1718 Domino,
933 1654 1095 1706 instat
1122 1645 1439 1708 orationibus
1483 1653 1629 1700 nocte
1665 1660 1725 1696 ac
1773 1642 1872 1695 die.
1919 1639 2060 1694 Nam
2107 1653 2219 1709 qua:

641 1748 696 1802 in
722 1747 916 1800 deliciis
964 1744 1091 1814 agit,
1121 1743 1289 1796 vivens
1335 1746 1540 1792 mortua
1587 1745 1661 1789 est
1691 1734 1733 1804 (l
1779 1733 1908 1786 Tim.
1960 1748 2011 1796 v,
2044 1729 2095 1793 5,
2140 1729 2215 1797 6).

2316 568 2423 610 non
2450 555 2592 623 parit
2615 592 2639 618 τ
2681 563 2737 609 et
2776 555 3044 611 desertum
3089 553 3234 623 quod
3261 553 3329 607 ab
3356 552 3603 608 omnibus
3629 566 3690 608 se
3714 551 3901 608 mundi

2316 644 2599 702 inlecebris
2627 647 2922 715 separavit,
2954 653 3008 701 et
3045 645 3166 716 sine
3205 645 3320 700 viro
3359 644 3503 713 quod
3528 644 3645 700 sine
3669 643 3773 700 viri
3799 659 3899 714 usu

2316 737 2390 794 ita
2420 739 2591 795 viritm
2636 740 2798 795 habet
2843 748 2902 794 ut
2948 756 3055 794 non
3100 739 3300 794 habere
3329 738 3590 794 videatur.
3630 737 3742 794 Hos
3769 753 3898 808 ergo

2317 828 2572 898 conjuses
2611 830 2744 888 tales
2780 831 2900 898 quis
2939 830 3177 895 dubitet,
3209 838 3264 886 et
3290 830 3417 886 dum
3445 831 3648 896 vivunt,
3679 830 3819 887 sicut
3846 832 3900 885 in

2317 933 2396 984 se,
2429 919 2501 974 ita
2529 919 2688 974 etiam
2735 920 2788 973 in
2832 921 2942 975 suis
2982 920 3293 976 substantiis
3340 920 3452 976 Deo
3479 920 3687 984 vivere,
3719 934 3842 976 cum
3871 935 3902 974 e

2320 1005 2427 1062 vita
2456 1016 2682 1070 exeunt,
2714 1023 2835 1062 cum
2863 1024 2957 1063 sua
2987 1009 3055 1062 ad
3085 1009 3251 1064 Deum
3277 1010 3364 1065 cui
3391 1009 3623 1066 vixerint
3648 1007 3902 1068 facultate

2323 1096 2590 1164 migrare?
2619 1098 2787 1152 Aliter
2813 1099 2954 1152 enim
2983 1099 3207 1167 quilibet
3233 1099 3442 1164 horum,
3475 1100 3519 1154 si
3546 1113 3634 1154 res
3661 1113 3784 1153 suas
3811 1113 3903 1156 sas-

2321 1188 2448 1243 culo
2479 1188 2673 1244 deditis
2693 1197 2853 1257 atque
2875 1190 2975 1259 ipsi
2995 1191 3190 1244 saeculo
3212 1189 3548 1260 derelinquit,
3578 1188 3774 1246 frustra
3801 1187 3903 1244 sibi

2324 1293 2520 1334 nomen
2542 1279 2814 1347 religionis
2824 1279 3110 1350 inscripsit,
3125 1280 3280 1350 eique
3290 1279 3497 1336 videtur
3513 1293 3722 1349 semper
3735 1277 3902 1336 vixis-

2323 1382 2384 1424 se
2410 1369 2496 1424 cui
2529 1369 2774 1424 moritur.
2815 1369 2892 1424 De
2918 1369 3232 1441 conjugibus
3259 1369 3440 1438 itaque
3479 1369 3579 1424 ista
3607 1366 3898 1426 sufficiunt.

2396 1459 2528 1514 Vlll.
2571 1459 2925 1516 Transeamus
2943 1461 3013 1515 ad
3032 1474 3212 1516 sacras
3231 1459 3481 1527 virgines,
3511 1459 3702 1529 quibus
3730 1458 3902 1526 legem

2325 1550 2627 1607 devotionis
2666 1549 2913 1608 Salvator
2953 1552 3069 1621 ipse
3107 1551 3430 1622 praescripsit
3468 1549 3682 1621 (Matth.
3715 1566 3840 1616 xxv,
3873 1547 3900 1600 1

2327 1646 2521 1717 seqq.),
2574 1645 2820 1714 exemplo
2848 1645 3051 1704 scilicet
3077 1643 3262 1700 decem
3289 1643 3550 1712 virginum
3574 1683 3588 1708 ,
3621 1657 3689 1706 ex,
3715 1641 3904 1711 quibus

2327 1732 2592 1790 fatuarum
2622 1750 2900 1790 numerum
2921 1735 3215 1805 puellarum
3241 1733 3359 1790 ideo
3383 1733 3750 1790 tantummodo
3779 1731 3904 1788 dicit

643 1837 764 1894 Uno
793 1837 1088 1904 eodemque
1116 1840 1387 1904 praecepto
1415 1831 1549 1884 duas
1571 1827 1860 1898 Apostolus
1904 1825 2102 1879 formas
2143 1823 2224 1878 vi-
2256 1837 2297 1896 Β
2326 1827 2502 1895 pomis
2531 1827 2852 1895 perennibus
2878 1827 3130 1892 dandum,
3160 1828 3284 1898 quia
3317 1836 3340 1864 ει
3370 1828 3471 1882 scit
3497 1827 3546 1882 ei
3577 1842 3710 1902 opus
3737 1825 3902 1886 mise-

643 1931 860 1986 duitatis
887 1928 1166 1998 expressit,
1202 1941 1358 1979 unam
1380 1924 1520 1988 vitio,
1545 1922 1767 1975 alteram
1795 1919 2002 1982 mortis,
2026 1932 2147 1972 cum
2169 1916 2224 1970 in

644 2022 846 2080 deliciis
871 2029 1096 2074 mortem
1126 2019 1322 2088 posuit.
1373 2015 1511 2084 Ergo
1551 2015 1753 2082 absque
1803 2013 1965 2069 dubio
2007 2011 2226 2064 divitem

645 2130 764 2171 esse
788 2129 893 2170 non
917 2113 1031 2167 vult
1049 2126 1212 2184 quam
1232 2108 1542 2164 deliciosam
1563 2121 1682 2161 esse
1707 2120 1813 2159 non
1843 2103 2079 2174 patitur;
2102 2102 2226 2170 quia

644 2203 818 2260 omnis
844 2203 1046 2256 fructus
1070 2200 1372 2255 divitiarum
1403 2199 1456 2252 in
1487 2213 1582 2252 usu
1628 2202 1711 2250 est
1752 2194 1959 2264 positus
2005 2192 2226 2245 deliciae

646 2310 763 2350 rum
795 2315 806 2348 :
839 2294 1037 2362 alioqui
1092 2300 1300 2347 remoto
1347 2307 1447 2346 usu
1500 2289 1830 2351 deliciarum,
1862 2301 2036 2340 causa;
2065 2299 2227 2353 opum

651 2403 758 2443 non
784 2387 1175 2455 relinquuntur.

721 2475 829 2530 Vll.
888 2474 1022 2530 Cum
1052 2475 1232 2543 itaque
1260 2473 1547 2543 Apostolus
1574 2471 1628 2524 in
1657 2469 1860 2524 deliciis
1887 2466 2058 2521 viduae
2085 2479 2232 2520 mor-

649 2579 756 2624 tem
786 2584 904 2623 esse
946 2565 1350 2631 memoraverit,
1389 2571 1696 2634 promptum
1739 2570 1822 2616 est
1848 2560 1992 2628 quod
2017 2558 2084 2612 ad
2111 2558 2232 2612 vitae

645 2666 860 2715 aeternae
887 2654 1114 2712 fructum
1144 2657 1258 2711 vult
1286 2656 1532 2710 universa
1561 2651 1834 2716 distribui,
1866 2651 1957 2720 qui
1987 2666 2092 2703 non
2123 2648 2233 2702 vult

649 2751 716 2807 ad
744 2751 933 2807 mortis
961 2765 1116 2804 usum
1146 2748 1324 2817 aliqua
1354 2747 1638 2803 reservari.
1671 2745 1738 2799 Et
1767 2742 1884 2798 ideo
1913 2743 2040 2797 dicit
2064 2738 2233 2803 εοεαε

647 2855 761 2897 vere
789 2841 941 2895 vidua
968 2849 1065 2902 est,
1095 2838 1327 2893 desolata
1355 2846 1530 2909 operat
1556 2839 1610 2890 in
1641 2835 1864 2890 Domino
1897 2831 2091 2903 (Ibid.,
2124 2829 2180 2901 5)
2216 2849 2227 2880 :
2274 2840 2280 2846 '

651 2930 854 2985 docens
880 2930 1084 2984 scilicet
1112 2939 1300 2998 parum
1329 2942 1446 2983 esse
1478 2929 1522 2982 si
1545 2941 1654 2982 non
1675 2926 1745 2980 sit
1771 2924 1928 2978 vidua
1957 2922 2228 2985 deliciosa,

651 3033 758 3074 non
779 3019 946 3084 dives,
981 3019 1081 3073 nisi
1107 3016 1267 3073 fuerit
1295 3018 1406 3073 Deo
1435 3017 1733 3080 adhaerens,
1755 3015 1858 3069 nisi
1885 3011 2115 3068 orationi
2140 3009 2247 3095 de-'

650 3109 781 3172 dita,
824 3109 923 3162 nisi
955 3124 984 3162 a
1012 3109 1218 3162 cunctis
1244 3108 1425 3162 mundi
1454 3107 1738 3162 inlecebris
1767 3103 2030 3166 desolata,
2057 3109 2112 3155 et
2137 3114 2234 3169 per

2329 1915 2576 1970 ricordiac
2605 1915 2928 1972 defuturum.
2983 1915 3099 1984 Quo
3129 1918 3272 1972 dicto
3299 1917 3695 1974 evidentissime
3723 1916 3906 1976 docuit

2331 2008 2518 2075 quanti
2563 2007 2720 2076 pretii
2759 2007 3010 2076 judicarit
3056 2008 3255 2078 largam
3303 2009 3722 2065 misericordiam
3746 2049 3760 2073 ,
3793 2007 3905 2064 sine

2332 2112 2438 2166 qua
2465 2099 2597 2154 dixit
2627 2114 2726 2153 nec
2754 2099 3116 2168 integritatem
3143 2100 3358 2170 quidem
3380 2101 3546 2169 ipsam
3568 2100 3757 2168 virgini
3784 2115 3902 2180 pro-

2333 2189 2585 2244 futuram.
2647 2189 2754 2244 Sed
2789 2189 3131 2246 blandiuntnr
3170 2191 3268 2248 sibi
3298 2189 3524 2248 fortasse
3551 2189 3824 2259 quaedam,
3855 2197 3905 2250 et

2334 2280 2580 2336 sufﬁcere
2607 2282 2707 2336 sibi
2733 2282 2998 2337 mstimant
3033 2283 3103 2347 si,
3149 2299 3271 2340 cum
3298 2284 3464 2338 multa
3490 2282 3518 2321 δ
3547 2298 3610 2338 ac
3637 2296 3827 2352 magna
3856 2279 3906 2336 in

2332 2371 2676 2428 facultatibus
2715 2374 2972 2438 habeant,
3017 2375 3207 2430 saltem
3237 2377 3429 2443 exigua
3457 2375 3766 2444 largiantur.
3805 2373 3905 2430 Nec

2337 2476 2442 2530 ego
2468 2463 2646 2518 abnuo
2675 2473 2732 2517 ut
2759 2465 2803 2518 si
2833 2465 2905 2518 ita
2935 2466 3072 2519 ratio
3103 2473 3204 2528 est,
3239 2467 3312 2520 ita
3341 2481 3458 2522 esse
3484 2465 3751 2524 credatur.
3812 2457 3906 2528 Pa-

2333 2570 2454 2610 rum
2481 2554 2654 2620 detur,
2699 2556 2743 2610 si
2769 2571 2956 2625 parum
2996 2555 3208 2612 dedisse
3247 2555 3460 2611 sufficit.
3504 2556 3610 2612 Sed
3638 2571 3740 2626 ego
3768 2549 3908 2615 sufii~

2337 2662 2462 2704 cere
2488 2662 2676 2716 parum
2705 2648 2886 2703 nescio
2911 2665 2924 2702 :
2957 2645 3119 2702 immo
3147 2663 3337 2718 parum
3356 2663 3466 2702 non
3493 2647 3737 2704 sufﬁcere
3765 2655 3912 2707 certe

2337 2738 2472 2796 seio.
2519 2749 2539 2776 ο
2570 2736 2625 2792 Si
2673 2738 2816 2794 aliud
2861 2739 2987 2807 ipsa:
3033 2740 3244 2804 sciunt,
3292 2738 3434 2809 apud
3461 2753 3518 2794 se
3545 2738 3690 2808 ipsas
3717 2739 3913 2798 sciant.

2339 2828 2453 2897 Ego
2484 2844 2644 2884 unum
2669 2829 2802 2893 scio,
2833 2829 2977 2897 quod
3006 2829 3147 2884 Deus
3173 2830 3303 2884 dicit
3329 2829 3618 2886 exstinctas
3646 2828 3917 2890 fatuamm

2338 2921 2602 2988 virginum
2630 2919 2902 2991 lampadas
2929 2934 3152 2990 operum
3177 2919 3441 2976 bonorum
3469 2919 3643 2978 oleum
3683 2933 3792 2971 non
3819 2917 3916 2980 ha-

2339 3012 2545 3066 bentes.
2615 3010 2719 3066 Sed
2769 3020 2860 3075 tu,
2912 3025 3242 3080 quaecunque
3285 3025 3362 3074 es,
3411 3009 3609 3064 habere
3659 3015 3711 3064 te
3755 3007 3913 3084 237

2340 3103 2521 3158 oleum
2545 3102 2755 3157 abunde
2782 3102 2973 3172 putas?
3001 3099 3069 3156 Et
3097 3101 3200 3155 illae
3225 3099 3465 3170 profecto
3493 3097 3561 3156 de
3587 3098 3782 3170 quibus
3806 3097 3912 3153 dixi
3945 3141 3948 3144 .

649 3201 760 3256 hac
790 3202 968 3254 omnia
997 3215 1124 3256 vere
1149 3199 1272 3254 vidu
1291 3218 1324 3251 ι.
1352 3199 1506 3264 Quod
1527 3199 1573 3250 si
1599 3199 1670 3250 ita
1696 3205 1798 3260 est,
1821 3207 2149 3262 quaecunque
2173 3205 2234 3246 se
2263 3207 2310 3266 ο
2339 3192 2516 3246 stulta:
2560 3192 2793 3260 virgines
2844 3192 2922 3247 sic
2967 3191 3244 3262 putabant.
3453 3190 3593 3248 enim
3635 3189 3833 3250 habere
3858 3203 3911 3246 se

649 3291 774 3344 vitae
803 3290 951 3359 cupit
976 3305 1112 3353 esse,
1137 3306 1243 3343 non
1268 3289 1476 3349 mortis,
1502 3301 1840 3354 nequaquam
1862 3283 2106 3338 subicere
2127 3282 2231 3338 sibi

649 3380 878 3434 timet
905 3379 950 3432 si
979 3386 1034 3432 et
1060 3378 1280 3432 delicias
1307 3378 1405 3431 sibi
1437 3377 1506 3431 ob
1546 3375 1711 3429 Deum
1736 3383 1790 3428 et
1817 3373 2029 3428 divitias
2062 3375 2228 3427 abne-

651 3471 824 3539 garit,
857 3471 956 3525 nisi
984 3477 1039 3526 et
1079 3468 1321 3523 oratione
1364 3475 1417 3521 et
1460 3467 1644 3520 labore
1689 3466 1742 3520 id
1789 3463 2146 3535 promeruerit
2175 3469 2232 3517 ut

648 3569 776 3617 vere
802 3560 959 3615 vidua
988 3559 1086 3615 Del
1115 3574 1233 3614 esse
1271 3559 1552 3614 videatur:
1582 3558 1707 3626 quia
1750 3572 1858 3611 non
1901 3563 1984 3610 est
2011 3555 2231 3610 dubium

645 3653 789 3723 quod
818 3651 1266 3722 quemadmodum
1291 3651 1413 3721 quis
1439 3651 1494 3704 in
1520 3650 1624 3704 hoc
1656 3649 1851 3705 saeclo
1879 3647 2093 3702 Christo
2134 3645 2230 3700 ad-

645 3746 878 3810 haeserit,
912 3746 983 3800 ita
1013 3747 1063 3799 in
1088 3744 1286 3800 Christi
1309 3738 1537 3814 corpore
1556 3743 1907 3814 permanebit,
1939 3739 2228 3796 secundum

645 3838 774 3894 illud
803 3856 815 3890 :
848 3837 1080 3892 Att/imit
1106 3839 1284 3892 anima
1312 3853 1424 3891 mea
1451 3846 1567 3907 post
1595 3845 1672 3899 te,
1704 3853 1784 3890 me
1813 3843 1982 3888 autem
2011 3833 2259 3903 suscepit,

647 3927 857 3982 dextera
891 3939 978 3982 tua
1009 3928 1180 3999 (Psal.
1206 3943 1330 3993 an,
1353 3928 1428 3995 9).
1463 3927 1582 3992 Quo
1611 3926 1916 3981 declaratur
1941 3925 2085 3991 quod
2109 3939 2227 3978 eam

647 4029 853 4074 tantum
884 4021 1112 4073 animam
1142 4034 1262 4088 qua:
1293 4019 1404 4070 Deo
1445 4016 1731 4069 adhmserit
1767 4015 1820 4067 in
1865 4015 1966 4068 hoc
2008 4013 2225 4073 saeculo,

646 4111 864 4165 dextera
891 4110 985 4163 Dei
1011 4109 1263 4176 suscipiet
1305 4107 1357 4160 in
1389 4104 1589 4158 futuro.
1620 4103 1745 4158 Haec
1791 4116 1920 4169 ergo
1962 4102 2232 4156 viduitatis

647 4210 727 4256 est
748 4201 946 4268 regula.
973 4200 1104 4252 Nam
1135 4199 1201 4252 de
1221 4196 1537 4265 coniugibus
1563 4194 1948 4250 continentiam
1977 4192 2230 4263 professis

649 4296 701 4344 et
728 4290 916 4358 spiritu
946 4289 1038 4344 Del
1070 4289 1240 4358 plenis
1269 4287 1516 4341 dubitare
1562 4285 1682 4354 quis
1720 4283 1912 4357 debeat
1957 4283 2088 4353 quin
2133 4299 2227 4336 sua

647 4381 944 4438 hieredibus
970 4381 1251 4436 mundanis
1269 4381 1472 4434 servire
1493 4379 1664 4434 nolint
1684 4378 1774 4446 qui
1797 4378 2002 4446 seipsos
2029 4377 2230 4431 mundo

645 4471 1068 4526 eliminaverint‘l
1098 4468 1376 4534 Quomodo
1401 4469 1544 4523 enim
1572 4467 1638 4522 ad
1666 4482 1724 4522 se
1745 4467 2066 4537 pertinentia
2113 4468 2231 4521 aliis

2337 3282 2723 3348 credidissent,
2757 3281 2781 3319 ά
2814 3281 3157 3351 providerant
3204 3290 3263 3336 ut
3308 3280 3585 3340 haberent.
3638 3280 3768 3336 Nam
3795 3294 3913 3338 cum

2337 3380 2546 3442 postea,
2579 3381 2639 3426 ut
2667 3373 2742 3426 ait
2769 3372 3058 3436 Dominus,
3091 3372 3323 3428 mutuari
3350 3372 3516 3430 velint
3545 3380 3599 3429 et
3628 3370 3771 3426 omni
3797 3377 3914 3428 stu-

2337 3461 2426 3518 dio
2453 3470 2614 3531 atque
2641 3463 2933 3518 ambitione
2960 3464 3305 3534 perquirant,
3336 3463 3534 3532 absque
3562 3462 3726 3518 dubio
3753 3462 3913 3518 etiam

2336 3559 2462 3608 ante
2488 3553 2834 3621 quaesissent,
2867 3552 2969 3608 nisi
2997 3568 3090 3608 eas
3117 3552 3347 3610 habendi
3377 3551 3567 3608 fiducia
3595 3547 3908 3622 decepisset.

2335 3645 2403 3700 Et
2433 3654 2491 3700 tu
2516 3646 2714 3715 itaque,
2746 3660 3082 3716 quaecunque
3130 3645 3280 3714 virgo
3309 3660 3368 3702 es
3390 3686 3405 3712 ,
3448 3644 3570 3706 vide
3607 3660 3675 3700 ne
3701 3644 3778 3704 sic
3804 3659 3911 3699 non

2337 3739 2555 3804 habeas,
2588 3738 2715 3794 licet
2741 3738 2938 3794 habere
2967 3745 3020 3791 te
3044 3737 3250 3794 credas.
3290 3735 3543 3808 Ejusdem
3570 3736 3720 3793 enini
3739 3734 3912 3800 nomi-

2338 3832 2421 3886 nis
2449 3830 2600 3898 cujus
2630 3831 2759 3896 illm,
2792 3830 3030 3900 ejusdem
3057 3828 3404 3899 professionis
3432 3845 3507 3885 es.
3550 3829 3632 3887 Tu
3656 3829 3802 3899 virgo
3831 3844 3912 3894 es,
3963 3891 3974 3896 _

2335 3930 2390 3977 et
2431 3922 2530 3976 illa:
2578 3922 2808 3990 virgines
2853 3928 3038 3986 erant;
3088 3928 3146 3974 tu
3175 3921 3453 3990 pnesumis
3479 3929 3533 3978 te
3555 3937 3673 3978 esse
3697 3921 3910 3992 sapien-

2335 4021 2477 4074 tem,
2507 4020 2559 4065 et
2589 4012 2689 4066 illa:
2736 4028 2794 4068 se
2822 4026 2938 4066 esse
2970 4011 3143 4065 fatuas
3171 4027 3278 4065 non
3314 4012 3605 4082 putabant;
3637 4020 3695 4066 tu
3735 4013 3910 4070 lumen

2335 4104 2533 4158 habere
2571 4103 2869 4173 lampadem
2911 4111 3056 4158 tuam
3079 4102 3315 4188 iudicas,
3348 4111 3403 4160 et
3429 4104 3531 4160 illa:
3559 4103 3802 4178 profecto
3830 4103 3912 4158 lu-

2335 4208 2456 4246 men
2487 4194 2910 4263 praesumptione.
2929 4193 3091 4250 futuri
3119 4196 3333 4252 luminis
3361 4196 3728 4268 perdiderunt.
3780 4193 3912 4256 Nam

2331 4292 2389 4340 et
2418 4285 2538 4341 ideo
2567 4286 2871 4342 scribuntur
2900 4290 3112 4358 aptasse
3151 4288 3426 4360 lampadas
3456 4304 3610 4354 suas,
3642 4288 3764 4358 quia
3795 4287 3912 4348 illu-

2333 4375 2612 4430 minandas
2638 4391 2766 4436 esse
2778 4377 3085 4434 credebant.
3130 4378 3194 4434 Et
3213 4379 3342 4448 quid
3365 4379 3555 4450 plura?
3584 4377 3752 4432 Etiam
3775 4377 3912 4432 emi—

2333 4468 2508 4522 cuisse
2536 4468 2590 4522 in
2618 4469 2696 4524 eis
2721 4469 2972 4540 quiddam
3002 4470 3214 4526 luminis
3241 4478 3389 4540 puto.
3432 4469 3568 4528 Cum
3594 4469 3738 4524 enim
3760 4469 3906 4540 ipsae,

646 4561 914 4625 addicant,
935 4561 1027 4627 qui
1054 4560 1197 4627 ipsos
1221 4574 1281 4612 se
1303 4558 1404 4612 sibi
1431 4557 1734 4626 denegant?
1765 4557 1897 4615 Tam
1925 4573 2060 4613 nova
2085 4559 2227 4612 enim
2260 4576 2306 4632 ι)
2334 4567 2392 4613 ut
2418 4559 2644 4629 legimus
2667 4601 2681 4626 ,
2731 4559 3144 4629 exstinguendos
3193 4560 3331 4618 forte
3378 4559 3651 4630 lampadas
3678 4575 3802 4616 suas
3825 4574 3910 4615 re-
3978 4591 3990 4599 κ

645 4650 840 4704 virtute
887 4649 1112 4718 praediti,
1161 4663 1549 4717 coneessasque
1599 4656 1681 4710 et,
1731 4648 1877 4716 quod
1923 4647 2094 4715 majus
2122 4656 2222 4712 est,

647 4748 893 4810 expertas
921 4755 1204 4810 corporum
1225 4740 1528 4809 voluptates
1556 4739 1885 4796 admirabilis
1907 4740 2068 4810 236
2095 4756 2224 4796 con-

647 4833 881 4888 tinentiae
909 4833 1218 4887 austeritate
1237 4831 1526 4898 calcantes,
1549 4830 1996 4900 quemadmodum
2025 4832 2222 4900 aliquid

647 4937 821 4980 rerum
850 4939 1064 4979 suarum
1094 4939 1200 4978 non
1231 4924 1340 4978 Deo
1368 4931 1631 4987 voveant,
1674 4924 1766 4991 qui
1797 4925 1971 4993 ipsum
2000 4925 2137 4982 intra
2166 4943 2224 4981 se

647 5015 810 5070 Deum
857 5029 976 5071 esse
1022 5015 1300 5068 fecerunt?
1346 5022 1404 5067 ut
1443 5027 1566 5068 meo
1593 5013 1808 5082 quidem
1831 5015 2032 5083 judicio
2061 5016 2220 5070 etiam

545 5181 556 5188 '
645 5107 707 5159 de
736 5107 827 5161 tali
855 5104 1106 5173 conjugio
1133 5104 1430 5159 rectissime
1459 5103 1562 5158 dici
1592 5105 1759 5172 possit
1785 5123 1795 5156 :
1822 5104 2043 5171 Laetare,
2074 5109 2223 5160 steri-

647 5197 728 5258 lia,
759 5196 894 5266 quod
923 5211 1027 5250 non
1051 5197 1212 5266 paris,
1243 5210 1449 5265 erumpe
1473 5203 1523 5247 et
1552 5193 1784 5248 mlum
1813 5195 1949 5264 quod
1976 5213 2080 5251 non
2104 5214 2225 5265 par-

648 5286 812 5339 turis:
854 5289 972 5356 quia
1019 5288 1167 5341 multi
1207 5286 1304 5357 ﬁlii
1345 5285 1558 5339 desertis
1596 5287 1762 5354 magis
1798 5301 1950 5357 quam
1975 5288 2086 5356 ejus
2112 5305 2226 5359 qute

2331 4648 2679 4706 formidarent
2700 4691 2715 4716 ,
2770 4650 3038 4706 habebant
3084 4650 3325 4724 profecto
3372 4652 3570 4722 aliquid
3595 4652 3740 4724 quod
3767 4666 3910 4710 vere-

2328 4742 2525 4797 bantur
2552 4743 2837 4812 exstingui.
2888 4742 2998 4798 Nec
3034 4743 3164 4799 falsa
3204 4744 3385 4814 opinio
3415 4745 3765 4800 metuentium
3787 4742 3904 4798 fuit.

2329 4832 2618 4890 Exstincta:
2665 4833 2964 4902 siquidem,
3003 4842 3057 4892 et
3085 4835 3368 4893 obcmcata:
3392 4845 3534 4891 sunt.
3598 4835 3737 4892 Nihil
3765 4835 3908 4892 enim

2328 4922 2529 4993 profuit
2571 4923 2643 4978 illi
2696 4925 2987 4994 integritati
3033 4925 3177 4994 quod
3206 4925 3258 4984 in
3288 4941 3349 4982 ea
3379 4927 3562 4984 limen
3592 4925 3908 4996 virginitatis

2329 5014 2594 5083 apparuit,
2631 5024 2652 5050 ε
2683 5015 2806 5084 quia
2837 5016 3134 5072 substantia
3154 5018 3262 5076 olei
3281 5033 3388 5074 non
3416 5017 3792 5090 suppeditante
3813 5015 3907 5072 de-

2329 5108 2474 5164 fecit.
2517 5107 2595 5164 Ex
2637 5124 2744 5178 quo
2782 5109 3126 5180 intelligimus
3161 5111 3217 5166 id
3257 5112 3400 5182 quod
3429 5127 3618 5182 parum
3645 5120 3727 5170 est
3754 5109 3904 5181 quasi

2334 5201 2465 5256 nihil
2492 5217 2610 5258 esse
2639 5221 2651 5255 :
2692 5202 2817 5272 quia
2845 5219 2954 5259 non
2982 5204 3112 5260 satis
3138 5202 3360 5274 prodest
3386 5203 3529 5260 illico
3559 5203 3902 5272 exstinguen-

2333 5292 2460 5350 dum
2511 5294 2688 5354 lumen
2736 5295 2989 5361 accendi,
3040 5311 3140 5352 nec
3163 5295 3314 5366 juvat
3354 5296 3554 5367 aliquid
3581 5296 3904 5352 inlucescere

1822 5419 2156 5478 STEPHANI
2191 5422 2466 5481 BALUle
2505 5427 2731 5484 NOTAE.

721 5560 746 5624 ξ
784 5550 952 5624 Antea
1000 5553 1273 5620 legebatur
1317 5559 1404 5610 sit.
1452 5554 1511 5610 ln
1553 5557 1654 5610 hac
1693 5570 1821 5624 ergo
1859 5557 2092 5612 editione
2139 5573 2226 5614 se-

724 5621 740 5695 _i
767 5622 965 5695 placuit
999 5623 1374 5695 auctoritatem
1403 5626 1658 5680 librorum
1689 5621 1846 5680 manu
1877 5627 2214 5695 scriptorum.

647 5635 740 5694 1“!

718 5691 748 5734 δ
772 5690 909 5763 llaec
935 5690 1125 5763 desunt
1154 5693 1204 5746 in
1234 5693 1479 5750 omnibus
1505 5696 1736 5763 antiquis
1763 5690 2052 5752 codicibus.

2337 5559 2598 5616 editiones
2627 5562 2842 5627 habent,
2874 5562 2934 5617 Si
2958 5564 3124 5620 aliter.

2397 5627 2425 5666 ἀ
2464 5629 2541 5704 ita
2570 5631 2728 5684 etiam
2751 5640 2958 5704 veteres
2986 5633 3123 5690 libri.
3141 5629 3305 5697 Edit..
3330 5632 3686 5704 providissent.

2402 5709 2425 5774 ὲ
2465 5699 2520 5752 ln
2546 5708 2770 5774 utroque
2798 5701 2980 5758 codice
3020 5704 3166 5774 regio
3204 5704 3280 5758 sic
3313 5697 3567 5774 scriptum
3609 5713 3693 5764 est
3723 5722 3735 5757 :
3769 5701 3910 5770 Quia

724 5771 753 5802 ⁸
786 5759 971 5818 Secuti
991 5777 1174 5818 simius
1192 5778 1512 5820 consensum
1533 5759 1773 5822 veterum
1795 5765 2070 5824 librorum.
2087 5767 2221 5823 Nam
2325 5768 2624 5828 substantiis
2649 5759 2746 5827 olei
2766 5788 2870 5827 tum
2889 5759 3244 5846 suppeditante
3268 5759 3473 5846 defecit.
