4246 6270
329 388 431 445 197
1442 376 1804 436 ιονιῐιευδ
1842 374 2006 432 AVAI

1919 372 2218 431 'ARl'l‘lAl
2257 373 2382 429 ΠΒ.
2424 370 2486 427 Il.
3492 370 3596 429 198

325 501 471 577 quod
496 501 554 558 in
592 500 712 573 ipso
759 505 881 555 ortu
928 497 1124 553 habeat
1151 507 1401 552 occasum
1425 536 1438 562 ,
1484 500 1542 572 et
1566 493 1632 548 ad
1661 494 1765 549 hoc
1791 501 1911 549 tan—
1938 501 1990 557 Α
2014 504 2077 545 ac
2100 496 2211 544 tam
2232 487 2531 559 perfectam
2548 485 2688 577 Deus
2710 482 2919 539 vivendi
2945 483 3183 577 regulam
3210 480 3372 549 dedit,
3391 493 3594 554 quanto

329 574 607 650 tummodo
644 592 842 647 habere
872 590 1080 645 initium
1110 587 1338 646 viventis
1364 592 1425 642 ut
1449 596 1476 625 ι
1504 586 1677 658 possit
1704 584 1912 639 initium
2018 582 2200 652 utique
2237 595 2359 637 esse
2398 580 2520 634 illos
2559 576 2903 649 perfectiores
2936 574 3088 645 jubet
3126 591 3156 630 a
3191 578 3383 645 quibus
3410 591 3600 632 omnes
3693 609 3711 628 .

330 684 531 741 habere
576 680 872 737 morientis.
906 678 933 718 ι)
965 678 1132 736 Plane
1174 679 1354 748 itaque
1400 677 1617 733 lucerna
1666 691 1801 749 opus
1831 683 1916 731 est
2019 672 2247 730 docendi
2291 677 2418 727 sunt
2449 678 2510 726 ut
2560 670 2772 741 possint
2798 681 2918 724 esse
2957 664 3210 737 perlbcti,
3252 673 3306 720 et
3334 681 3470 736 quos
3489 675 3601 723 tam

330 781 393 830 ut
418 774 596 829 lumen
641 772 810 844 possit
856 785 973 829 esse
997 769 1325 825 diuturnum.
1390 767 1522 824 Nam
1553 767 1597 823 si
1627 768 1680 823 in
1708 766 1916 838 lychnis
2017 761 2197 835 magni
2217 775 2336 817 esse
2355 758 2586 831 exempli
2608 757 2662 813 in
2684 756 2931 813 omnibus
2958 754 3100 810 Deus
3123 755 3310 822 voluit,
3335 762 3394 809 ut
3416 771 3511 811 eos
3530 757 3601 812 ad

332 864 459 935 ipsis
483 864 676 933 quibus
703 862 773 917 ad
800 863 964 918 breve
998 868 1210 932 tempus
1239 866 1465 914 utuntur
1490 859 1767 924 homines,
1800 858 1913 911 lan-

332 957 533 1028 guescit
559 957 738 1011 lumen
774 969 838 1009 ac
863 952 1043 1008 deﬁcit
1073 951 1173 1006 nisi
1204 950 1382 1006 oleum
1411 950 1557 1019 large
1586 948 1747 1004 fuerit
1776 946 1916 1002 infu-

332 1063 485 1114 sum;
537 1054 738 1116 quanta
788 1044 921 1110 tibi,
967 1056 1300 1113 qurecunque
1345 1039 1436 1095 illa
1483 1054 1560 1104 es,
1592 1046 1795 1107 quanta
1822 1036 1920 1091 tibi

333 1139 435 1197 olei
479 1138 811 1199 abundantia
857 1152 994 1206 opus
1041 1141 1124 1192 est
1169 1141 1227 1189 ut
1274 1132 1491 1191 lucerna
1540 1140 1631 1186 tua
1660 1131 1838 1186 luceat
1865 1131 1920 1184 in

329 1228 621 1286 aeternum?
648 1225 862 1283 Nemini
900 1224 1081 1294 itaque
1118 1222 1183 1278 ad
1223 1222 1387 1281 vitam
1415 1236 1702 1295 perennem
1729 1228 1812 1274 sat
1840 1228 1923 1275 est

330 1318 373 1375 si
416 1325 575 1390 putet
622 1332 683 1372 se
730 1315 933 1371 habere
979 1314 1125 1384 quod
1169 1329 1275 1369 non
1324 1313 1503 1367 habet.
1549 1311 1711 1385 238
1735 1308 1923 1364 Stulta:

331 1412 464 1477 enim
519 1407 1011 1482 praesumptiones,
1061 1404 1379 1476 perditionis
1427 1419 1600 1459 causa:
1638 1414 1788 1469 sunt,
1817 1418 1923 1457 non

334 1501 537 1559 salutis.
574 1499 720 1554 Nam
748 1498 833 1570 qui
867 1515 946 1564 se,
974 1496 1147 1566 inquit
1174 1495 1492 1566 Apostolus,
1525 1496 1925 1557 existimatesse

337 1594 547 1669 aliquid,
592 1609 709 1647 cum
758 1591 890 1645 nihil
931 1591 1017 1655 sit,
1054 1578 1283 1661 seipsum
1324 1587 1522 1642 seducit
1559 1585 1699 1657 (Gal.
1742 1602 1812 1650 vi,
1844 1584 1921 1655 5).

339 1683 447 1742 Nisi
474 1684 614 1740 forte
644 1682 778 1748 tibi,
829 1694 1159 1753 quaecunque
1210 1678 1298 1733 illa
1339 1694 1423 1743 es,
1468 1677 1785 1735 revelatusa
1815 1676 1925 1733 Deo

345 1776 526 1833 modus
552 1776 623 1831 sit
649 1774 942 1843 largitatis,
985 1780 1040 1827 et
1078 1772 1420 1843 prmscriptos
1449 1787 1477 1823 τι
1507 1767 1926 1840 Spiritusancto

2020 850 2345 920 singularem
2394 848 2612 905 vivendi
2652 860 2899 904 normam
2929 861 3038 901 non
3076 859 3228 900 novae
3258 852 3484 914 tantum,
3508 847 3604 902 sed

2021 948 2184 1003 etiam
2206 946 2437 1015 antiquae
2465 944 2597 1012 legis
2617 942 2905 997 severitate
2931 938 3354 1007 constringeret?
3380 938 3514 992 Nam
3540 937 3607 994 li-

2024 1046 2111 1093 cet
2158 1036 2433 1092 decretum
2476 1041 2634 1088 vetus
2687 1031 2887 1100 largam
2944 1029 3150 1085 cunctis
3188 1029 3608 1099 ampliandarum

2024 1142 2187 1200 opum
2217 1127 2379 1198 239
2406 1122 2617 1179 dederit
2645 1120 2974 1186 facultatem,
2998 1134 3188 1177 omnes
3216 1127 3395 1173 tamen
3423 1119 3610 1174 levitas

2024 1226 2080 1274 et
2107 1215 2416 1272 sacerdotes
2455 1215 2593 1267 intra
2614 1220 2820 1267 certum
2858 1207 3091 1264 habendi
3120 1208 3341 1263 limitem
3366 1216 3611 1265 coarcta-

2024 1307 2120 1374 vit,
2135 1321 2271 1375 quos
2290 1304 2495 1360 scilicet
2509 1315 2685 1371 neque
2705 1308 2962 1369 segetem,
2981 1313 3153 1368 neque
3180 1300 3408 1362 vineam,
3433 1313 3607 1369 neque

2026 1382 2191 1453 ullum
2209 1396 2429 1452 omnino
2444 1392 2665 1448 fundum
2678 1391 2879 1446 habere
2890 1389 3150 1463 permisit.
3168 1386 3246 1443 Ex
3258 1402 3365 1459 quo
3383 1390 3607 1459 intelligi

2027 1499 2205 1565 potest
2216 1507 2281 1545 an
2298 1504 2362 1545 ea
2370 1502 2516 1543 nunc
2534 1486 2551 1523 ί
2570 1486 2711 1541 Deus
2723 1491 2907 1541 noster
2919 1484 3047 1538 velit
3058 1483 3110 1537 in
3124 1480 3412 1549 Evangelio
3423 1482 3608 1536 viven-

2027 1593 2111 1640 tes
2133 1586 2146 1638 i
2172 1580 2399 1639 clericos
2411 1594 2538 1635 suos
2551 1575 2836 1647 mundanis
2846 1581 2969 1647 post
2980 1589 3038 1629 se
3054 1572 3353 1635 haeredibus
3375 1570 3605 1626 derelin-

2029 1691 2214 1747 quere,
2228 1689 2347 1743 quae
2364 1672 2535 1726 adhuc
2545 1670 2597 1724 in
2613 1668 2732 1737 lege
2744 1667 2950 1738 positos
2967 1681 3032 1721 ne
3053 1665 3196 1735 ipsos
3207 1662 3421 1735 quidem
3440 1661 3607 1717 voluit

2030 1762 2325 1839 possidere.
2349 1760 2500 1817 Unde
2515 1766 2597 1814 est
2607 1758 2748 1829 quod
2761 1758 2839 1814 eis
2849 1755 3097 1812 Salvator
3112 1755 3225 1825 ipse
3253 1753 3306 1807 in
3322 1750 3609 1821 Evangelia

348 1868 571 1933 donandi
600 1842 859 1932 terminos
886 1842 1119 1930 habeas,
1151 1880 1287 1934 quos
1315 1862 1504 1918 excedi
1533 1862 1798 1933 piaculum
1827 1876 1926 1934 pu-
1955 1870 2001 1929 Β
2029 1874 2136 1913 ιιοη
2152 1862 2211 1934 ιιι
2225 1854 2433 1911 caeteris
2448 1851 2804 1907 voluntarium
2821 1891 2835 1916 ,
2859 1848 2952 1904 sed
2977 1845 3350 1917 imperativum
3378 1842 3610 1899 ofﬁcium

354 1967 466 2027 tes‘,
508 1976 569 2016 ac
597 1957 1036 2028 transgressionis
1082 1953 1479 2026 quodammodo
1527 1969 1695 2023 genus
1717 1953 1924 2024 judices

360 2048 405 2104 si
427 2050 713 2119 religiosior
750 2047 913 2102 fueris
941 2061 1100 2119 quam
1131 2061 1161 2100 a
1187 2045 1301 2101 Deo
1326 2060 1443 2100 esse
1468 2044 1722 2115 iubearis.
1763 2044 1821 2100 Si
1850 2043 1923 2098 ita

311 2206 323 2219 ο
375 2148 484 2205 est,
526 2156 631 2194 non
658 2139 911 2209 prohibeo
957 2136 1087 2206 quin
1128 2136 1295 2192 utaris
1330 2136 1553 2191 scientia
1582 2151 1612 2189 a
1641 2134 1928 2190 Divinitate

368 2244 634 2288 concessa.
677 2231 825 2298 Quod
867 2230 910 2286 si
959 2237 1067 2284 tam
1116 2228 1307 2287 falsum
1336 2228 1548 2284 esthoc
1572 2243 1734 2299 quam
1765 2226 1928 2283 frivo-

361 2322 486 2391 lum,
527 2340 642 2396 qua:
690 2324 887 2378 insania
934 2331 1019 2377 est
1049 2330 1123 2392 ,ιιι
1151 2339 1258 2378 non
1288 2330 1486 2392 quanta
1516 2329 1674 2391 potes
1703 2318 1927 2374 omnino

354 2410 511 2477 facias
560 2432 654 2487 per
697 2424 910 2471 cautam
960 2422 1015 2475 et
1064 2414 1303 2469 timidam
1352 2414 1714 2485 provisionem
1741 2452 1757 2477 ,
1806 2426 1928 2466 cum

350 2505 555 2585 ignores
582 2494 797 2577 penitus
824 2504 954 2576 quid
984 2504 1079 2559 tibi
1108 2512 1381 2575 competat
1409 2503 1475 2559 ad
1504 2504 1769 2560 salutem?

378 2582 788 2667 'IX.'Superest
835 2594 903 2650 de
947 2595 1200 2649 ministris
1235 2605 1256 2633 ε
1308 2601 1363 2650 et
1393 2594 1759 2653 sacerdotibus
1776 2592 1934 2665 quid-

342 2684 462 2745 dam
500 2687 711 2752 dicere,
766 2687 894 2741 licet
945 2683 1214 2756 superﬂue
1266 2685 1404 2741 forte
1450 2686 1630 2755 aliqua
1666 2685 1929 2740 dicantur.

341 2774 607 2849 Quidquid
632 2763 780 2832 enim
801 2776 870 2831 de
884 2776 1003 2831 aliis
1025 2776 1271 2831 omnibus
1282 2774 1484 2830 dictum
1502 2782 1603 2839 est,
1618 2775 1796 2843 magis
1817 2774 1938 2829 abs-

339 2850 447 2943 que
473 2867 639 2922 dubio
667 2866 734 2941 ad
770 2880 865 2920 eos
901 2862 1138 2936 pertinet
1180 2864 1274 2932 qui
1295 2860 1323 2901 ἀ
1346 2863 1594 2933 exemplo
1623 2878 1739 2918 esse
1765 2864 1938 2917 omni-

338 2954 447 3012 bus
485 2957 707 3018 debent,
749 2964 805 3009 et
856 2970 996 3023 quos
1032 2954 1215 3023 utique
1264 2960 1413 3009 tanto
1451 2955 1708 3011 antistare
1736 2956 1941 3021 steteris

347 3051 573 3127 oportet
592 3044 880 3099 devotione
900 3047 1104 3115 quanto
1126 3045 1386 3101 antistant
1404 3044 1651 3101 omnibus
1665 3044 1935 3115 dignitate.

353 3144 383 3174 ο
401 3132 550 3189 Nihil
571 3141 655 3188 est
677 3134 819 3189 enim
837 3132 1049 3204 turpius
1070 3146 1229 3205 quam
1251 3134 1596 3191 excellentem
1618 3151 1733 3192 esse
1752 3152 1939 3208 quem-

2026 1932 2583 2021 perfectionisindicit.
2599 1940 2734 2011 Quid
2747 1940 2891 1997 enim
2905 1954 3027 1995 eum
3042 1938 3175 1993 laico
3192 1934 3267 1991 illi
3287 1935 3611 1993 adolescenti

2028 2039 2228 2095 dixisse
2254 2035 2518 2106 legimus?
2549 2033 2575 2072 ι
2615 2032 2676 2089 Si
2728 2035 2802 2087 vis
2856 2048 2965 2087 esse
3010 2032 3285 2103 perfectus,
3317 2024 3474 2085 vende
3499 2042 3612 2101 quin

2030 2133 2206 2198 habes,
2237 2139 2286 2186 et
2315 2130 2383 2184 da
2412 2127 2715 2201 pauperibus
2747 2126 2958 2200 (Matth.
2993 2142 3099 2192 xxx,
3123 2125 3235 2199 2i).
3268 2125 3405 2195 Quid
3431 2132 3611 2181 autem

2030 2222 2291 2277 ministris
2318 2221 2465 2279 suis?
2496 2218 2694 2282 Nolite,
2724 2218 2911 2289 inquit,
2943 2216 3202 2289 possidere
3227 2234 3427 2283 aurum,
3456 2229 3614 2289 neque

2032 2325 2319 2389 argentum,
2351 2330 2510 2386 neque
2530 2312 2796 2384 pecuniam
2823 2312 2877 2367 in
2900 2314 3042 2369 zonis
3072 2298 3267 2367 vestris.
3293 2308 3416 2368 Non
3438 2329 3614 2384 peram

2031 2409 2088 2462 in
2119 2408 2221 2471 via,
2278 2421 2436 2476 neque
2482 2404 2608 2458 duas
2661 2404 2862 2483 tunicas
2909 2402 3159 2469 habeatis,
3217 2419 3378 2479 neque
3423 2394 3615 2458 calcia-

2036 2507 2231 2562 menta,
2261 2512 2422 2568 neque
2443 2495 2638 2567 virgam
2669 2492 2879 2566 (Matth.
2912 2511 2966 2561 ι,
2998 2493 3176 2567 9,10).
3198 2492 3390 2551 Videte
3417 2504 3615 2566 quanta

2038 2589 2107 2645 sit
2130 2588 2180 2642 iu
2204 2596 2430 2656 utroque
2450 2587 2553 2641 hoc
2574 2584 2668 2640 Dei
2689 2601 2937 2641 sermone
2957 2584 3253 2642 diversitas.
3274 2586 3432 2643 Laico
3446 2588 3611 2642 dixit:

2041 2678 2102 2733 Si
2150 2679 2222 2731 vis
2247 2719 2260 2742 ,
2293 2677 2452 2731 vende
2478 2692 2592 2747 qua:
2637 2674 2868 2748 possides
2900 2692 2916 2730 :
2947 2674 3191 2730 Ministro
3220 2682 3399 2733 autem
3432 2695 3445 2729 :
3480 2674 3616 2732 Nolo

2041 2768 2323 2842 possideas.
2356 2766 2462 2821 Sed
2481 2774 2549 2837 et,
2563 2766 2667 2821 hoc
2692 2781 2881 2837 parum
2912 2764 3232 2821 existimavit
3259 2765 3303 2819 si
3327 2762 3616 2836 possessio-

2043 2875 2165 2914 nem
2196 2857 2244 2917 ei
2273 2856 2585 2912 substantia:
2615 2855 2888 2928 amplioris
2912 2853 3174 2922 auferret,
3207 2854 3307 2909 nisi
3333 2856 3495 2911 etiam
3523 2871 3617 2928 pe-

2042 2965 2158 3005 ram
2189 2949 2359 3021 ipsam
2388 2959 2573 3003 acturo
2602 2947 2704 3001 iter
2742 2961 2956 3016 .ongum
2998 2948 3243 3018 apostolo
3289 2947 3618 3013 sustulisset,

2044 3050 2099 3097 et
2123 3042 2279 3099 unius
2304 3056 2428 3096 eum
2458 3039 2649 3096 tunica:
2678 3037 3048 3108 singularitate
3076 3040 3373 3099 multasset.
3404 3038 3470 3095 Et
3495 3040 3618 3112 quid

2044 3133 2275 3207 postea?
2312 3131 2421 3188 Nec
2465 3130 2568 3186 hoc
2611 3129 2742 3186 satis
2791 3136 2891 3186 est.
2946 3126 3112 3185 Nudis
3158 3147 3373 3203 quoque
3409 3132 3619 3202 insuper

346 3225 488 3292 libet
506 3224 738 3289 culmine
759 3232 814 3280 et
839 3224 1219 3296 despicabilem
1239 3226 1460 3282 vilitate.
1494 3225 1512 3264 ί
1532 3226 1665 3294 Quid
1694 3238 1773 3283 est
1794 3228 1939 3285 enim
1968 3242 2014 3313 ρ
2046 3238 2231 3280 servos
2253 3239 2380 3279 suos
2408 3222 2634 3277 lustrare
2671 3219 2898 3296 pedibus
2942 3221 3126 3279 orbem
3155 3229 3415 3278 terrarum
3449 3222 3620 3293 jubet,

345 3315 495 3379 aliud
524 3315 849 3397 principatus
875 3316 993 3373 sine
1012 3317 1325 3372 meritorum
1347 3317 1688 3382 sublimitate,
1714 3320 1818 3374 nisi
1840 3320 1935 3375 ho-

344 3410 497 3465 noris
522 3408 709 3466 titulus
736 3408 850 3463 sine
876 3408 1134 3464 homine?
1158 3417 1250 3463 aut
1274 3408 1403 3482 quid
1422 3418 1507 3466 est
1528 3409 1758 3479 dignitas
1784 3412 1836 3465 in
1858 3411 1941 3467 in—

314 3514 321 3519 '
345 3500 530 3573 digno,
562 3500 668 3555 nisi
692 3508 1068 3556 ornamentum
1097 3500 1153 3554 in
1175 3499 1327 3555 luto?
1354 3496 1424 3557 Et
1451 3499 1576 3556 ideo
1602 3508 1828 3557 cunctos
1848 3502 1940 3573 qui

346 3592 487 3651 sacri
511 3590 695 3648 altaris
715 3597 971 3661 suggestu
986 3591 1246 3657 eminent,
1264 3598 1469 3645 tantum
1487 3591 1751 3646 excellere
1772 3607 1937 3661 opor-

348 3690 429 3741 tet
451 3681 644 3744 merito
670 3691 931 3754 quantum
959 3682 1145 3754 gradu.
1179 3681 1235 3737 Si
1257 3681 1400 3737 enim
1413 3681 1541 3736 viris
1573 3683 1624 3737 in
1656 3684 1813 3754 plebe
1840 3700 1939 3755 pot

351 3770 466 3829 sitis
491 3779 547 3831 et
582 3770 914 3829 mulierculis
937 3781 963 3820 ε
994 3772 1108 3842 ipsa
1146 3771 1275 3827 faece
1304 3768 1331 3808 ιι
1362 3768 1743 3833 inﬁrmioribus
1770 3774 1935 3830 talem

2045 3320 2100 3373 et
2144 3312 2503 3369 'calciamenta
2542 3312 2737 3386 plantis
2784 3312 2906 3381 gelu
2953 3312 3245 3384 rigentibus
3295 3314 3432 3369 tulit.
3478 3314 3616 3381 Quid

2046 3405 2153 3461 dici
2206 3404 2432 3475 amplius
2478 3402 2735 3476 potest?1
2779 3403 2968 3463 Peram
2996 3404 3064 3461 de
3102 3404 3328 3477 apostoli
3352 3422 3512 3462 manu
3531 3421 3622 3462 ra-

2045 3498 2179 3569 puit,
2212 3505 2267 3551 et
2292 3497 2698 3568 peragrantibus
2744 3498 3049 3554 universum
3088 3497 3342 3551 mundum
3372 3497 3623 3557 ministris

2045 3591 2155 3645 suis
2177 3604 2333 3643 usum
2370 3590 2530 3644 unius
2568 3586 2783 3656 virgulze
2811 3604 2920 3644 non
2956 3586 3189 3659 reliquit.
3240 3585 3306 3643 Et
3352 3596 3476 3656 post
3513 3586 3623 3643 hzec

2042 3696 2232 3757 parum
2253 3688 2336 3736 est
2364 3679 2760 3735 successoribus
2787 3688 2994 3742 eurum,
3014 3675 3066 3731 id
3092 3683 3175 3732 est
3201 3675 3375 3733 levitis
3401 3693 3463 3733 ac
3484 3687 3521 3714 ιυ
3537 3690 3621 3735 δι-

2045 3770 2373 3837 cerdotibus,
2406 3777 2555 3824 tanta
2597 3766 2894 3823 divinarum
2941 3783 3120 3827 rerum
3167 3766 3624 3827 administratione

1474 3866 1478 3870 ’
1547 3883 1879 3944 STEPHANI
1916 3881 2188 3949 BALUZII
2224 3879 2453 3940 moras.

433 3983 461 4015 ι
497 3975 667 4033 Antea
691 3976 971 4099 legebatur
1008 3983 1067 4030 ut
1104 3977 1264 4046 possit
1288 3975 1466 4045 finem.
1513 3973 1712 4029 Verum
1760 3978 1939 4033 omnia

433 4048 541 4099 tera
561 4051 747 4099 exemb
770 4044 880 4099 aria
904 4042 1109 4099 habent
1138 4045 1212 4098 uti
1244 4061 1341 4099 nos
1368 4045 1721 4099 reposuimus.

361 4042 880 4117 veteraexemplaria
904 4042 1114 4117 habent
1138 4042 1341 4117 uti_nos
1368 4045 1721 4117 reposuimus.

431 4109 460 4152 ι
499 4109 735 4170 Pithoeus
756 4115 1031 4170 admonuit
1059 4117 1112 4169 in
1139 4113 1323 4170 codice
1355 4109 1454 4169 suo
1493 4115 1749 4184 scriptum
1779 4117 1942 4174 luisse

431 4183 535 4237 bna
560 4185 747 4240 itaque.
787 4183 877 4240 Sic
911 4184 1073 4239 etiam
1105 4180 1305 4240 habent
1336 4184 1549 4240 codices
1584 4185 1737 4240 reaii.
1777 4185 1941 4240 Error

360 4197 535 4238 mm
560 4197 747 4254 itaque.
787 4197 877 4240 Sic
911 4197 1073 4239 etiam
1105 4197 1305 4241 habent
1336 4197 1549 4241 coerces
1584 4198 1737 4254 regii.
1777 4197 1941 4244 Error

359 4252 732 4337 exAmietathesi
761 4254 1050 4337 litterarum
1071 4252 1360 4337 profectus.
1471 4325 1503 4337 ﬂ
1586 4326 1597 4337 .
1862 4327 1875 4337 .

429 4333 453 4362 α
494 4318 590 4378 Hae
617 4337 777 4379 voces
804 4323 995 4379 desunt
1026 4318 1091 4380 in"
1113 4323 1361 4379 omnibus
1395 4325 1628 4394 antiquis
1665 4327 1940 4397 exempla-

352 4390 521 4448 ribus.
551 4389 620 4446 Et
649 4408 780 4448 sane
802 4393 1105 4463 superﬂuas
1133 4408 1251 4448 esse
1279 4393 1520 4463 indicare
1566 4393 1812 4450 videntur
1855 4412 1941 4451 se-

353 4434 596 4545 59693,
620 4463 668 4545 si
695 4434 827 4545 qui;
841 4434 1181 4545 (ἔδοξέξῆιὲ
1196 4434 1499 4545 ἐξιιριτεηιὶιιις

370 4527 389 4532 ’
423 4527 453 4569 ἀ
493 4527 826 4589 Athalaricus
868 4549 963 4589 rex
1005 4535 1152 4590 clero
1195 4527 1446 4589 Eoélesim
1485 4531 1743 4589 Romana:
1801 4537 1939 4605 apud

357 4597 736 4665 Cassiodorum
764 4603 856 4658 lib.
879 4618 970 4659 vm
988 4602 1139 4665 νυ..
1163 4603 1322 4665 epist.
1340 4600 1410 4654 24
1438 4619 1449 4654 :
1477 4601 1584 4657 Sed
1610 4605 1813 4659 interim
1834 4622 1939 4665 vos,

357 4619 736 4665 humanorum
764 4619 856 4658 tu).
879 4619 970 4659 vm
997 4619 1139 4668 var.,
1163 4619 1322 4673 eprsr.
1340 4619 1410 4654 zs
1438 4619 1449 4654 :
1477 4619 1583 4657 aea
1610 4619 1813 4659 interim
1834 4622 1939 4671 vos,

354 4667 705 4755 quos‘judic'ia
738 4682 917 4727 nostra
935 4682 1256 4755 venerantur,
1282 4671 1642 4755 ecclesiasticis
1680 4674 1825 4729 vivite
1862 4674 1942 4728 in-

351 4737 566 4798 stitutis.
600 4737 850 4814 Magnum
875 4744 1040 4814 scelus
1059 4751 1147 4814 est
1172 4744 1365 4814 crimen
1404 4742 1674 4814 admittere
1695 4760 1820 4814 quos
1849 4761 1940 4798 nec

348 4798 952 4886 decet
980 4812 1165 4868 habere
1201 4811 1521 4867 saniorem.
1555 4798 1820 4886 Proféssio
1861 4831 1943 4869 τε·
1974 4798 2024 4859 Ι)

350 4888 460 4934 stra
478 4882 585 4935 vita
614 4882 849 4937 ctelestis.

426 4959 450 4988 ο
473 4950 706 5023 integra
736 4951 855 5023 hac
876 4952 1131 5023 periodus
1155 4950 1490 5011 desideratur
1511 4953 1563 5007 in
1584 4954 1831 5009 omnibus
1851 4970 1946 5009 an-

355 5017 961 5091 tiqpigqexqémplaribus.

431 5084 452 5126 ἴ
482 5084 585 5170 Hic
602 5084 751 5146 locus
780 5089 1009 5170 refertur
1038 5106 1203 5162 supra
1236 5092 1292 5147 in
1313 5092 1464 5149 initio
1484 5090 1604 5147 libri
1637 5109 1709 5165 1v,
1737 5092 1804 5149 de
1829 5092 1941 5148 Gu-

353 5154 699 5231 hematione,
720 5174 843 5231 pag.
875 5158 963 5216 59.

431 5235 470 5304 s_
496 5226 966 5304 Antealégebatur
976 5233 1096 5304 ipso
1112 5247 1259 5304 sexu,
1284 5232 1430 5304 nullo
1452 5232 1749 5304 admodum,
1759 5248 1939 5287 sensu.

353 5292 542 5372 gadet
570 5292 1125 5372 regius'suppediiavit
1138 5292 1337 5372 justam
1359 5303 1660 5358 lectionem.
1691 5302 1778 5356 Ait
1797 5303 1882 5357 eni

353 5354 849 5449 mammam
864 5354 1550 5449 tenacissimavagata}
1564 5354 1938 5449 {agisagis

353 5433 664 5520 non_
681 5433 1149 5520 solum'episcppis
1177 5450 1232 5496 et
1258 5442 1485 5520 clericis,
1519 5442 1611 5520 sed
1639 5433 1802 5497 Etiam
1824 5441 1937 5512 ple-

353 5496 827 5583 beiis'hominibus
850 5552 865 5576 ,
897 5496 1119 5583 quirite'x
1146 5496 1332 5583 populi
1374 5496 1484 5583 dici.
1517 5496 1691 5568 solent
1731 5520 1785 5567 et
1819 5496 1936 5583 A'non

355 5574 785 5664 iclumplebeiis
811 5574 1269 5664 hominibus,'se'd
1296 5596 1415 5653 quae
1443 5582 1556 5653 ipsa
1587 5583 1769 5653 populi
1808 5580 1937 5638 faece

384 5652 683 5715 Mares
711 5656 852 5716 sunt,
884 5652 1212 5707 mulieribus.
1472 5652 1477 5653 ⁷
1600 5652 1603 5653 ⁷

424 5705 456 5823 ξ
493 5710 928 5777 Macherentinus
972 5721 1101 5804 legit
1133 5719 1478 5844 iné‘erioribus.
1509 5720 1735 5791 Prorsus
1773 5723 1934 5805 male.

495 5786 665 5844 Vetus
691 5788 864 5844 codex
886 5804 1065 5844 reatus
1091 5797 1147 5844 et
1215 5790 1435 5844 olbert..
1480 5788 1614 5844 Deus
1650 5808 1757 5844 non
1799 5793 1934 5844 velit.

434 5782 456 5823 ί
495 5786 665 5845 Vetus
691 5788 864 5845 codex
886 5782 1065 5861 regius
1091 5797 1147 5846 et
1171 5782 1435 5858 Colbert.,
1480 5782 1614 5846 Deus
1650 5808 1757 5848 non
1799 5793 1937 5845 velit.

2046 3975 2334 4045 Recentior
2361 3973 2539 4045 regius
2566 3986 2739 4045 neque
2766 3980 2940 4029 noster
2969 3972 3129 4045 habet
3155 3986 3330 4045 neque
3358 3988 3479 4029 non.

2122 4047 2155 4104 i.
2184 4044 2241 4102 Id
2270 4052 2371 4119 est,
2402 4040 2454 4099 in
2489 4040 2795 4119 universum
2823 4059 2917 4099 eos
2943 4042 3032 4119 qui
3074 4043 3127 4101 in
3168 4040 3322 4119 clero
3349 4041 3624 4099 constituti

2047 4124 2190 4183 sunt,
2220 4116 2504 4187 episcopos
2544 4114 2828 4187 nimirum,
2860 4112 3526 4187 presbyteros,_pdiaconos
3568 4122 3624 4187 et

2048 4184 2292 4243 emteros.
2324 4184 2546 4253 Utrique
2575 4185 2714 4239 enim
2743 4184 3060 4241 clericorum
3089 4184 3450 4254 appellatione
3476 4184 3626 4240 intel-

2049 4257 2302 4326 liguntur,
2327 4255 2403 4310 uti
2431 4255 2630 4326 dictum
2658 4262 2742 4326 est
2769 4254 2834 4309 ad
2863 4262 3023 4323 caput
3043 4254 3112 4308 29
3132 4255 3407 4326 _Agoba_rdi
3425 4254 3493 4310 de
3513 4255 3624 4311 dis-

2117 4327 2373 4395 nsatione
2392 4324 2876 4381 ecclesiasticarum
2902 4339 3099 4395 rerum.
3132 4323 3278 4395 Istud
3309 4324 3499 4395 ipsum
3524 4340 3624 4380 nos

2080 4401 2202 4451 ocet
2228 4392 2481 4448 Martinus
2510 4409 2646 4464 papa
2674 4401 2728 4448 et
2754 4399 2958 4464 martyr
2995 4392 3051 4464 in
3082 4393 3306 4464 epistola
3328 4392 3416 4446 “ad
3446 4393 3622 4449 Theo-

2043 4466 2233 4519 dorum
2266 4480 2277 4517 :
2312 4465 2364 4518 in
2390 4480 2494 4532 qua
2511 4460 2748 4517 narrans
2773 4460 3044 4531 quomodo
3066 4477 3097 4517 ιι
3116 4460 3363 4533 CalliOpa
3392 4464 3625 4520 exarcho

2044 4533 2218 4591 Roma
2244 4531 2503 4589 adductus
2530 4534 2628 4599 sit,
2665 4533 2740 4587 ait
2764 4533 2902 4589 inter
2938 4541 3130 4589 cetera
3167 4552 3178 4587 :
3212 4531 3381 4588 Sinite
3427 4551 3622 4595 precum

2043 4607 2212 4677 venire
2237 4621 2302 4659 ea:
2330 4603 2464 4677 clero
2491 4605 2576 4677 qui
2616 4604 2894 4677 necessarii
2934 4604 3057 4658 mihi
3095 4613 3231 4677 sunt,
3250 4606 3528 4677 episcopos
3560 4607 3629 4677 vi-

2045 4673 2241 4747 delicet,
2265 4672 2617 4747 presbyteros,
2648 4682 2696 4726 et
2728 4674 3002 4747 diaconos,
3034 4683 3084 4747 et
3116 4672 3461 4747 absoltt'tequ'i
3498 4676 3624 4732 mihi

2046 4741 2297 4797 videntur.
2332 4741 2484 4813 Apud
2512 4741 2854 4797 Sirmondum
2884 4742 2939 4796 in
2970 4743 3311 4800 collectaneis
3336 4741 3621 4811 Ahastasii,

2364 4878 2539 4937 locum
2586 4880 3015 4938 Macherentinus
3055 4884 3237 4939 omisit
3280 4884 3333 4937 in
3378 4900 3471 4938 sua
3514 4882 3627 4937 edi-

2072 4967 2214 5006 ione.

2072 4967 2214 5007 tone.

2122 5020 2141 5060 ι
2188 5021 2278 5092 Sic
2317 5020 2478 5077 edere
2514 5021 2688 5092 visum
2730 5030 2812 5077 est
2838 5036 2939 5092 pro
2973 5034 3040 5077 eo
3066 5023 3212 5092 quod
3239 5020 3503 5092 editiones
3527 5019 3644 5073 ha-.

2046 5093 2175 5153 bent
2201 5086 2503 5146 Pecuniam.
2537 5090 2714 5147 Prima
2744 5086 2922 5147 tamen
2965 5086 3125 5148 habit
3161 5089 3375 5147 Pedum.
3418 5086 3626 5144 Primus

2048 5156 2286 5217 Pithoeus
2315 5162 2553 5232 reposuit
2576 5160 2891 5232 Pecuniam,
2907 5161 3037 5232 Quae
3057 5159 3215 5213 lectio
3237 5158 3289 5211 in
3309 5156 3626 5232 codice‘cjus

2044 5233 2233 5305 posita
2249 5239 2332 5288 est
2359 5227 2520 5305 supra
2550 5228 2964 5305 lineamjialdc
3003 5235 3180 5305 a_utem
3227 5232 3356 5305 puto
3394 5227 3626 5305 antiqui-

2047 5295 2134 5357 ius
2162 5301 2270 5358 illic
2296 5295 2552 5372 scriptum
2582 5303 2742 5357 fuisse
2759 5295 2979 5372 Petam.
3023 5296 3081 5350 In
3114 5295 3486 5372 constituenda
3526 5295 3626 5357 au-

2047 5380 2159 5445 tem
2184 5387 2310 5445 vera
2349 5367 2580 5445 lectione
2605 5369 2772 5426 secuti
2803 5380 2984 5445 sumus
3028 5367 3403 5445 auctoritatem
3430 5372 3627 5445 veteris

2042 5440 2242 5497 codicis
2268 5443 2420 5498 regii.
2479 5440 2612 5495 Tum
2650 5437 3003 5494 necessariam
3042 5450 3161 5493 esse
3200 5437 3345 5494 illam
3375 5440 3627 5498 emenda-

2043 5512 2243 5567 tionem
2273 5507 2541 5581 colligitur
2571 5507 2746 5581 ex_his
2769 5518 2889 5575 quae
2916 5518 3321 5581 pmcesserunt.

2112 5590 2148 5619 ω
2192 5576 2498 5654 indignatur
2511 5576 2796 5654 Salvianus
2814 5590 2934 5654 esse
2954 5580 3236 5654 episcopos
3255 5581 3513 5654 quosdam
3534 5582 3629 5654 qui

2112 5597 2148 5619 ¹¹¹
2192 5597 2498 5651 ιηαιεηιιιιιῐ·
2511 5597 2792 5633 aawranus
2814 5597 2934 5634 esse
2954 5597 2984 5634 e
3026 5597 3236 5654 lSCOpOS
3255 5597 3513 5653 quosnam
3572 5598 3624 5636 111

2042 5667 2132 5722 res
2154 5666 2218 5707 ac
2246 5650 2522 5706 facultates
2547 5660 2672 5701 suas
2709 5645 2826 5703 aliis
2853 5597 3127 5722 (innabant
3153 5664 3314 5722 quam
3352 5597 3624 5722 Ecclesia},

2042 5720 2097 5793 id
2123 5732 2460 5793 summopere
2488 5721 2739 5793 curantes
2769 5724 2827 5773 ut
2866 5718 3104 5793 haeredes
3143 5718 3506 5793 relinquerent
3547 5718 3629 5770 di-

2042 5790 2200 5846 vites.
2229 5784 2460 5841 Rursum
2487 5786 2545 5842 in
2570 5785 2710 5842 libro
2736 5792 2981 5860 sequenti
3025 5805 3146 5861 pag.
3185 5784 3370 5843 2t6’et
3396 5798 3631 5855 sequu-
