4246 6264
701 247 804 304 199

1679 242 1734 296 S.
1777 230 2087 296 SALV'lANI
2126 228 2584 293 MASSILIENSIS
2622 227 3046 291 PRESBYTERI

3842 226 3951 290 900

697 357 1056 428 fungentibus,
1088 356 1132 411 si
1162 356 1261 426 ipsi
1289 362 1496 409 tantum
1523 352 1714 407 divites
1742 351 1956 417 fuerint,
1986 350 2091 404 nisi
2111 350 2273 404 etiam
2299 353 2354 413 Α
2377 348 2733 418 appetivimus
2759 362 2920 417 quam
2931 345 3076 415 quod
3097 346 3254 401 nobis
3279 345 3331 400 id
3359 344 3684 400 conveniens
3711 345 3955 404 arbitrati

700 451 942 506 lireredes
956 449 1145 504 divites
1157 447 1476 515 relinquant.
1493 443 1904 509 Erubescamus,
1916 458 2118 512 quasso,
2137 443 2276 496 hanc

701 539 1092 597 infidelitatem.
1109 535 1351 591 Sufﬁciat
1360 535 1516 590 nobis
1525 534 1670 604 quod
1683 533 1926 588 videmur
1937 548 2103 602 usque
2117 532 2184 587 ad
2197 533 2276 586 vi-

702 641 770 686 ta:
801 630 1057 685 terminos
1083 627 1251 681 Deum
1291 640 1564 694 spernere.
1586 623 1695 678 Cur
1717 623 1772 677 id
1798 624 2003 692 agimus
2027 623 2189 696 240
2216 632 2276 677 ut

699 727 1066 788 contemptum
1095 718 1263 788 ipsius
1291 719 1455 772 etiam
1475 721 1599 787 post
1622 724 1853 771 mortem
1890 711 2275 769 extendamus?

698 813 937 866 Diximus
960 811 1026 866 de
1048 810 1290 880 personis
1311 817 1472 878 atque
1484 808 1673 864 officiis
1693 808 2042 877 singulorum.
2075 805 2143 860 Et
2161 807 2276 861 haec

704 904 884 956 omnia
908 902 1028 956 ideo
1047 901 1192 970 quia,
1216 908 1445 970 utsupra
1457 899 1703 966 diximus,
1728 898 1941 966 quidam
1964 897 2275 965 religionem

699 991 923 1062 professi
957 998 1050 1045 aut
1078 1006 1187 1046 non
1217 990 1414 1046 debere
1470 1005 1528 1044 se
1557 990 1694 1044 sicut
1733 997 1957 1044 caeteros
1983 988 2278 1042 mundiales

701 1081 1050 1136 substantiam
1078 1095 1228 1134 suam
1266 1079 1512 1144 Domino,
1541 1086 1632 1133 aut
1683 1086 1830 1134 certe
1870 1079 2046 1133 minus
2080 1077 2277 1132 debere

703 1172 1072 1236 arbitrantur;
1122 1185 1244 1224 cum
1288 1169 1474 1238 utique
1519 1170 1624 1224 hoc
1669 1170 1840 1238 magis
1872 1169 2121 1234 debeant,
2151 1167 2275 1238 quia

701 1276 890 1316 servus
917 1259 1009 1330 qui
1053 1259 1156 1330 scit
1193 1258 1526 1314 voluntatem
1563 1259 1765 1314 domini
1793 1259 1902 1323 sui,
1935 1267 1991 1312 et
2019 1274 2125 1313 non
2150 1257 2279 1311 facit

619 1395 626 1402 .
702 1366 840 1415 eam,
871 1349 1088 1418 vapulet
1129 1349 1343 1413 multis;
1366 1349 1457 1417 qui
1477 1357 1657 1403 autem
1685 1349 1875 1412 nescit,
1907 1348 2125 1418 vapulet
2145 1363 2278 1416 pau-

701 1444 780 1498 cis
811 1441 958 1513 (Luc.
992 1459 1082 1508 xu,
1132 1441 1220 1507 47,
1271 1440 1384 1510 48).
1441 1441 1649 1509 Religio
1697 1449 1876 1496 autem
1920 1439 2141 1495 scientia
2196 1446 2278 1492 est

700 1532 834 1599 Dei;
867 1548 931 1588 ac
950 1548 1048 1602 per
1071 1533 1175 1587 hoc
1202 1532 1378 1587 omnis
1405 1531 1707 1600 religiosus,
1748 1531 1852 1585 hoc
1875 1530 1992 1600 ipso
2020 1528 2165 1598 quod
2186 1543 2273 1582 re-

701 1626 951 1693 ligionem
979 1625 1238 1695 sequitur,
1270 1623 1365 1679 Dei
1393 1639 1453 1678 se
1479 1623 1814 1678 voluntatem
1843 1637 2002 1677 nosse
2027 1629 2270 1675 testatur.

2377 454 2580 503 sumus,
2611 439 2911 506 cogitantes
2938 436 3144 491 scilicet
3172 444 3228 491 et
3246 435 3588 506 praesentium
3616 450 3794 489 rerum
3829 437 3958 494 bre-

2374 527 2617 593 vitatem,
2665 536 2720 581 et
2769 526 3066 582 futurarum
3105 527 3479 588 aeternitatem,
3530 510 3691 593 quam
3731 540 3954 594 parvum

2375 616 2533 683 istud,
2562 633 2722 687 quam
2750 617 2951 686 grande
2979 616 3133 683 illud;
3163 618 3460 686 cogitantes
3486 630 3700 684 quoque
3719 614 3958 672 futurum

2371 705 2608 774 judicem
2633 713 2688 760 et
2707 704 2972 760 tremendi
2993 705 3180 774 judicii
3209 719 3401 774 graves
3429 703 3607 759 exitus
3629 745 3644 771 ,
3676 705 3955 762 ardentem

2378 796 2432 849 in
2461 797 2638 851 medio
2667 798 2988 867 populorum
3017 798 3476 855 circumstantium
3523 799 3717 854 vallem
3757 815 3956 869 peren-

2377 885 2523 939 nium
2561 886 2951 957 lacrymarum;
3000 903 3161 957 quam
3199 905 3306 944 non
3353 889 3525 942 solum
3555 889 3767 942 introiri
3793 897 3957 958 atque

2379 976 2598 1030 tolerari
2631 977 2998 1032 inrestimabile
3047 994 3110 1034 ac
3137 995 3399 1033 summum
3429 979 3648 1045 malum,
3675 981 3769 1035 sed
3793 981 3956 1035 etiam

2376 1068 2546 1124 videri
2595 1085 2658 1124 ac
2713 1070 2890 1125 timeri
2930 1087 3056 1141 pars
3100 1071 3224 1125 mali
3267 1072 3459 1126 summi
3500 1073 3605 1137 sit;
3655 1073 3957 1140 cogitantes

2377 1177 2612 1232 quoque,
2645 1163 2785 1242 inter
2801 1164 2914 1218 huic
2941 1164 3207 1219 horrenda
3237 1173 3291 1219 et
3309 1165 3688 1235 pmnalissima,
3718 1161 3825 1218 alia
3847 1166 3958 1222 haec

2377 1254 2635 1322 praeclara
2659 1269 2722 1309 ac
2749 1254 3055 1309 beatissima
3081 1273 3093 1307 :
3128 1269 3296 1309 novos
3336 1255 3544 1311 scilicet
3582 1255 3750 1311 cmlos
3776 1262 3834 1310 et
3861 1272 3959 1311 no—

2377 1362 2499 1400 vam
2547 1357 2768 1412 terram,
2817 1348 3020 1402 vultum
3064 1363 3240 1402 rerum
3288 1349 3527 1402 omnium
3570 1347 3957 1418 pulchriorem,

2377 1444 2635 1492 aeternum
2702 1438 2921 1506 justitia:
2977 1439 3367 1505 habitaculum,
3421 1454 3611 1494 recens
3673 1438 3959 1495 aedificium

2376 1532 2762 1592 creaturarum,
2815 1545 3004 1585 aureas
3047 1545 3208 1600 super
3256 1531 3417 1586 rudes
3449 1531 3618 1587 cmlos
3637 1540 3956 1587 sanctorum

2379 1621 2617 1675 omnium
2642 1621 2852 1685 domos,
2885 1622 3036 1677 aulas
3059 1623 3285 1691 gemmis
3315 1623 3778 1678 intermicantibus
3799 1638 3962 1693 expo-

701 1715 969 1772 Professio
998 1717 1180 1786 itaque
1225 1715 1500 1782 religionis
1542 1730 1649 1769 non
1679 1712 1853 1768 aufert
1881 1713 2149 1778 debitum,
2183 1712 2276 1765 sed
2306 1704 2352 1763 Β
2379 1709 2519 1775 litas,
2552 1719 2607 1764 et
2640 1711 3022 1767 immortalium
3071 1714 3414 1769 metallorum
3443 1713 3649 1782 fulgore
3667 1715 3957 1784 pretiosas,

701 1815 858 1876 auget
891 1827 903 1860 :
935 1808 1058 1876 quia
1087 1807 1381 1876 assumptio
1409 1805 1646 1874 religiosi
1686 1803 1920 1880 nominis
1949 1802 2167 1872 sponsio
2193 1809 2276 1856 est

699 1899 1032 1965 devotionis;
1055 1914 1117 1954 ac
1137 1913 1232 1969 per
1251 1899 1372 1964 hoc,
1395 1905 1544 1952 tanto
1563 1897 1682 1967 plus
1701 1896 1964 1966 quispiam
1983 1894 2140 1949 debet
2154 1909 2278 1964 ope-

699 2006 780 2055 re,
811 2000 1010 2061 quanto
1037 1991 1156 2061 plus
1184 1990 1491 2060 promiserit
1514 1987 1866 2059 professione,
1890 1985 2182 2042 secundum
2208 1985 2274 2038 il-

699 2081 790 2137 lud
815 2081 1033 2136 :Melius
1059 2092 1135 2136 est
1163 2099 1265 2136 non
1293 2098 1485 2148 vovere,
1517 2097 1669 2153 quam
1697 2088 1812 2150 post
1831 2088 2000 2134 votum
2020 2079 2274 2149 promissa

700 2190 805 2228 non
834 2173 1046 2228 reddere
1069 2171 1262 2244 (Eccle.
1291 2189 1346 2238 v,
1374 2170 1450 2243 4).

688 2296 689 2299 η
772 2262 841 2317 X.
873 2262 976 2318 Sed
1007 2261 1229 2318 forsitan
1257 2262 1386 2317 dicit
1411 2262 1600 2330 aliquis
1633 2279 1645 2313 :
1672 2259 1729 2315 Si
1761 2259 1876 2314 haec
1895 2258 1968 2312 ita
2006 2265 2158 2323 sunt,
2188 2265 2276 2310 tu-

701 2356 808 2409 tior
853 2368 979 2422 ergo
1019 2363 1102 2409 est
1149 2353 1526 2422 inreligiositas
1574 2367 1734 2422 quam
1786 2351 1992 2418 religio.
2039 2348 2272 2402 Minime.

701 2443 1004 2512 Religiosus
1033 2445 1176 2500 enim
1207 2459 1304 2514 per
1331 2444 1434 2499 hoc
1479 2452 1560 2498 est
1587 2443 1799 2497 debitor
1826 2441 1969 2512 quod
1996 2440 2277 2511 profitetur

707 2535 1048 2604 religiosum;
1080 2535 1419 2604 inreligiosus
1439 2541 1615 2588 autem
1642 2547 1736 2602 per
1758 2531 1810 2586 id
1837 2531 1982 2600 quod
2021 2530 2274 2598 neglexe-

700 2626 771 2680 rit
795 2627 1142 2696 religionem;
1184 2641 1248 2682 ac
1273 2642 1370 2695 per
1394 2627 1496 2681 hoc
1524 2626 1682 2679 ambo
1704 2624 1903 2678 habent
1929 2639 2026 2694 pro
2054 2621 2278 2677 diversi-

709 2722 822 2772 tate
872 2716 1194 2772 conditionis
1254 2717 1492 2771 debitum
1543 2731 1715 2771 suum.
1772 2713 2073 2781 Religiosus
2119 2712 2280 2766 debet

700 2805 956 2876 quidquid
976 2822 1034 2861 se
1049 2805 1319 2876 professus
1345 2814 1426 2861 est
1455 2804 1762 2874 agnovisse;
1790 2803 2123 2872 inreligiosus
2150 2817 2278 2857 vero

702 2899 865 2952 etiam
906 2898 1050 2968 quod
1081 2914 1187 2953 non
1216 2899 1463 2966 dignatur
1486 2912 1805 2967 agnoscere,
1837 2896 2129 2951 secundum
2151 2895 2279 2949 illud

703 2987 848 3054 quod
875 2987 1176 3056 specialiter
1199 3004 1376 3044 sermo
1408 2989 1638 3055 divinus
1675 2989 1741 3044 de
1786 3004 1852 3044 eo
1890 2987 2017 3043 dicit
2050 3005 2062 3039 :
2101 2984 2281 3040 Noluit

2379 1800 2552 1855 lucem
2593 1802 2702 1857 illic
2745 1803 2991 1873 septuplo
3039 1803 3409 1870 illustriorem,
3459 1807 3686 1875 puniceo
3740 1823 3964 1877 semper

2376 1891 2664 1960 splendore
2691 1892 3019 1957 radiantem,
3050 1894 3434 1950 beatitudinem
3477 1895 3841 1952 ineffabilibus
3862 1898 3960 1953 bo-

2376 1981 2461 2035 nis
2499 1982 2738 2049 divitem,
2770 1983 2945 2038 laetam
2997 2000 3118 2040 cum
3163 1985 3352 2041 incolis
3389 1987 3500 2042 suis
3544 1988 3960 2056 perennitatem,

2376 2074 2801 2147 patriarcharum
2827 2076 3176 2141 consortium,
3209 2079 3591 2148 prophetarum
3619 2080 3957 2146 societatem,

2377 2165 2746 2232 apostolorum
2805 2167 3233 2234 germanitatem,
3286 2177 3576 2239 martygum
3623 2169 3982 2237 dignitatem,‘

2378 2263 2433 2308 et
2454 2255 2506 2308 in
2529 2257 2776 2311 omnibus
2796 2259 2994 2313 sanctis
3021 2260 3331 2328 angelorum
3353 2260 3771 2326 similitudinem,
3798 2277 3963 2332 opum

2378 2350 2674 2404 caelestium
2696 2352 2924 2420 copiam,
2957 2351 3113 2422 242
3141 2352 3453 2407 deliciarum
3482 2353 3863 2408 immortalium
3885 2352 3964 2407 af-

2377 2440 2672 2506 fluentiam,
2718 2456 3056 2495 communem
3077 2456 3199 2496 cum
3241 2442 3354 2496 Deo
3395 2444 3582 2497 vitam.
3609 2443 3732 2499 Haec
3778 2445 3965 2512 itaque

2377 2533 2674 2601 cogitantes
2696 2573 2712 2599 ,
2752 2533 2869 2588 haec
2888 2534 3332 2603 contemplantes,
3357 2534 3426 2588 ad
3449 2536 3650 2590 cultum
3682 2536 3968 2606 religionis

2378 2636 2543 2677 sacrae
2564 2622 2901 2692 officiumque
2922 2621 3256 2690 confugimus
3278 2664 3293 2689 ,
3321 2639 3547 2693 eamque
3581 2626 3736 2680 nobis
3766 2627 3836 2682 ad
3861 2627 3964 2682 ob-

2381 2711 2597 2766 tinenda
2625 2711 2740 2766 han:
2765 2712 2904 2766 bona
2927 2711 3331 2780 suffragatorem
3375 2712 3767 2781 quodammodo
3789 2723 3850 2768 et
3871 2715 3971 2770 ad-

2380 2809 2633 2857 vocatum
2680 2800 3057 2856 efficacissime
3101 2802 3498 2857 intercessionis
3551 2804 3969 2872 assumpsimus,

2385 2901 2545 2962 atque
2583 2894 2636 2948 in
2665 2894 2744 2948 eis
2771 2909 2870 2948 nos
2897 2894 3288 2962 protectionem
3316 2909 3380 2948 ac
3404 2893 3762 2964 patrocinium
3797 2893 3973 2949 ambi-

2384 2985 2520 3039 tiosa
2558 2984 2858 3038 humilitate
2878 2983 3220 3038 contulimus.

703 3077 988 3148 intelligere
1032 3087 1089 3131 ut
1132 3077 1259 3134 bene
1311 3089 1485 3152 ageret
1523 3080 1746 3149 (Psalm.
1781 3095 1940 3145 xxxv,
1964 3078 2041 3149 4).
2073 3077 2179 3131 Sed
2203 3084 2279 3130 ta-
2306 3075 2351 3136 C
2453 3074 2543 3129 XI.
2587 3074 2739 3130 Unde
2791 3090 2913 3131 cum
2966 3075 3083 3128 haec
3122 3082 3268 3128 tanta
3299 3081 3353 3128 et
3380 3074 3790 3143 cogitaverimus
3818 3075 3965 3144 pari-

704 3183 830 3223 men
878 3169 968 3237 qui
1009 3185 1262 3226 onerasse
1297 3171 1577 3238 religiosos
1623 3171 1725 3226 hac
1769 3186 1829 3224 re
1861 3169 2124 3233 videmur,
2156 3168 2280 3236 quia

704 3255 1095 3328 professionem
1122 3259 1354 3314 nominis
1375 3259 1719 3327 sponsionem
1759 3273 1878 3312 esse
1906 3258 2138 3311 diximus
2157 3257 2282 3312 reli—

707 3347 910 3417 gionis;
933 3362 1306 3402 removeamus
1331 3348 1469 3402 hanc
1487 3347 1774 3413 sarcinam,
1798 3354 2047 3416 putemus
2075 3363 2182 3401 non
2210 3346 2283 3400 ita

706 3451 825 3492 esse
848 3451 968 3505 quae
994 3435 1124 3491 dixi.
1165 3435 1574 3491 Consideremus
1616 3435 1846 3506 denique
1874 3452 1981 3490 non
2005 3434 2131 3503 quid
2160 3451 2285 3506 pro-

705 3524 958 3592 fessione;
987 3525 1081 3580 sed
1109 3524 1238 3594 quid
1264 3525 1506 3592 ratione;
1537 3541 1646 3581 non
1690 3525 1816 3594 quid
1844 3535 1971 3580 voto
1989 3565 2003 3590 ,
2035 3525 2129 3580 sed
2157 3525 2285 3594 quid

707 3615 1018 3674 salubritate
1038 3617 1152 3687 ipsa
1174 3615 1350 3672 facere
1380 3616 1688 3673 debeamus.
1714 3616 1884 3672 Dicite
1905 3617 2054 3682 mihi,
2077 3631 2280 3686 quaeso,

707 3721 894 3764 omnes
917 3708 1168 3777 religiosi,
1200 3708 1438 3777 nunquid
1457 3716 1541 3764 est
1568 3708 1706 3764 ullus
1734 3707 2012 3763 hominum
2052 3708 2143 3776 qui
2172 3723 2280 3763 non

711 3798 891 3853 omnia
917 3813 1036 3868 qua:
1081 3797 1344 3864 facit,-vel
1371 3799 1555 3854 salutis
1583 3814 1691 3854 sua:
1739 3797 1826 3853 vel
1871 3807 2018 3853 certe
2045 3797 2288 3851 utilitatis

708 3893 879 3962 gratia
925 3890 1118 3949 faciat?
1148 3891 1304 3964 241
1343 3891 1531 3959 Nemo,
1565 3891 1776 3961 opinor.
1808 3889 2004 3944 Omnes
2051 3890 2192 3943 enim
2222 3888 2289 3942 ad

709 3982 957 4037 affectum
987 3991 1146 4051 atque
1175 3981 1470 4050 appetitum
1494 3980 1737 4034 utilitatis
1761 3994 1871 4032 suae
1893 3987 2097 4032 natura:
2125 3979 2289 4048 ipsius

716 4072 1025 4141 magisterio
1079 4080 1240 4137 atque
1294 4069 1614 4138 impulsione
1663 4068 1946 4122 ducuntur.
1975 4067 2209 4136 ideoque
2237 4075 2292 4122 et

709 4164 803 4232 qui
822 4163 1072 4227 militant,
1104 4160 1157 4214 id
1185 4159 1285 4214 sibi
1311 4160 1626 4230 pulchrum;
1657 4166 1711 4213 et
1731 4158 1821 4227 qui
1844 4157 2204 4226 negotiantur,
2238 4158 2290 4212 id

717 4253 819 4308 sibi
845 4251 997 4317 utile;
1023 4260 1078 4306 et
1095 4250 1188 4320 qui
1211 4250 1588 4319 agricolantur,
1608 4249 1662 4304 id
1691 4249 1791 4304 sibi
1811 4238 2142 4316 fructuosum
2173 4264 2292 4304 esse

695 4341 1255 4414 ,existimant.thuid
1267 4341 1621 4412 plura?Fures
1631 4356 1845 4410 quoque
1858 4341 1956 4410 ipsi
1969 4340 2288 4404 etlatrones,

2387 3174 2469 3221 ter
2515 3174 2569 3220 et
2616 3166 2947 3236 petierimus,
2987 3163 3264 3220 videamus
3301 3181 3443 3219 nunc
3498 3173 3553 3219 et
3597 3165 3966 3236 expendamus

2384 3256 2784 3324 diligentissime
2811 3297 2824 3322 ,
2861 3257 2906 3310 si
2947 3264 3029 3310 est
3076 3255 3158 3309 vel
3202 3256 3255 3309 in
3292 3255 3497 3309 actibus
3543 3257 3741 3311 nostris
3785 3257 3874 3312 vel
3913 3257 3965 3310 in

2384 3346 2695 3400 substantiis
2715 3346 2854 3400 unde
2878 3346 3004 3399 talia
3032 3360 3095 3399 ac
3115 3353 3261 3398 tanta
3284 3360 3313 3398 a
3341 3345 3454 3400 Deo
3474 3359 3654 3399 emere
3673 3345 3966 3414 possimus.

2387 3433 2541 3501 Quod
2568 3435 2612 3489 si
2635 3450 2739 3488 non
2767 3442 2866 3500 est,
2891 3451 3003 3500 cur,
3028 3450 3180 3503 rogo,
3204 3451 3310 3490 non
3328 3436 3694 3505 unusquisque
3721 3444 3968 3490 nostrum

2387 3530 2558 3580 totum
2604 3541 2703 3595 pro
2744 3541 2802 3579 se
2854 3523 3045 3579 offerat
3093 3525 3238 3595 quod
3279 3525 3475 3590 habet,
3507 3526 3633 3594 quia
3654 3540 3760 3579 non
3788 3533 3969 3620 p.0test

2387 3622 2562 3669 totum
2591 3613 2783 3670 offerre
2803 3615 2948 3684 quod
2973 3615 3172 3669 debet?
3192 3615 3422 3669 maxime
3442 3630 3564 3670 cum
3584 3613 3842 3670 Salvator
3859 3617 3968 3686 ipse

2389 3720 2453 3760 ac
2499 3705 2640 3760 Deus
2685 3713 2868 3760 noster
2920 3705 3050 3758 nihil
3081 3705 3244 3758 tutius
3278 3720 3341 3759 ac
3379 3704 3645 3759 salubrius
3683 3708 3836 3761 omni
3876 3707 3969 3761 ho-

2392 3797 2523 3850 mini
2551 3812 2668 3852 esse
2695 3796 2890 3850 dixerit
2919 3811 3079 3864 quam
3109 3811 3222 3849 rem
3253 3811 3404 3850 suam
3434 3805 3595 3864 atque
3616 3797 3968 3852 substantiam

2391 3888 2446 3943 in
2475 3903 2574 3941 usu
2601 3885 2980 3941 misericordia;
3024 3886 3338 3952 conlocare;
3366 3885 3524 3955 idque
3553 3888 3832 3957 praecipue
3847 3897 3899 3944 et
3918 3889 3968 3941 in

2390 3985 2592 4040 vetere,
2619 3984 2673 4028 et
2703 3977 2755 4028 in
2780 3990 2919 4029 nova
2949 3975 3065 4042 lege
3112 3973 3446 4030 mandaverit
3477 3975 3657 4029 dicens
3683 3977 3855 4044 quod,
3885 3974 3968 4045 qui

2390 4067 2632 4122 dividant
2661 4067 2900 4135 propria,
2932 4065 3155 4120 ditiores
3171 4064 3320 4130 ﬁant,
3347 4073 3401 4119 et
3429 4058 3574 4134 quod
3603 4066 3968 4122 misericordia

2391 4174 2422 4212 a
2453 4166 2625 4212 morte
2647 4157 2839 4211 liberet
2861 4155 3010 4227 (Tob.
3036 4173 3128 4221 xu,
3158 4154 3233 4226 9),
3267 4155 3332 4209 Et
3355 4156 3483 4209 alibi
3511 4155 3577 4210 de
3597 4165 3786 4210 sancto
3813 4158 3927 4211 viro
3951 4173 3966 4209 :

2393 4249 2670 4319 Dispersit,
2719 4248 2856 4301 dedit
2902 4246 3231 4318 pauperibus,
3286 4249 3488 4318 justitiu
3533 4250 3642 4318 ejus
3697 4259 3873 4302 manet
3916 4249 3967 4301 in

2394 4350 2638 4395 mternum
2670 4337 2890 4409 (Psalm.
2923 4354 3029 4401 cxr,
3062 4336 3137 4407 9).
3173 4337 3228 4390 In
3259 4335 3547 4405 Evangelio
3569 4351 3778 4407 quoque
3813 4357 3825 4390 :
3853 4337 3968 4391 Νο-

711 4434 1092 4501 etvenefici,et
1115 4435 1311 4500 sicarii,
1337 4441 1391 4487 et
1412 4449 1571 4488 omne
1593 4432 1847 4502 improba:
1863 4430 2286 4486 conversationis
2318 4433 2511 4501 Dlite,
2563 4431 2763 4498 inquit,
2819 4429 3170 4482 thesaurizare
3226 4426 3364 4481 robis
3428 4428 3686 4481 thesauros
3726 4427 3780 4480 in
3833 4436 3970 4481 terra

711 4539 898 4595 genus,
929 4526 982 4580 id
1009 4525 1109 4578 sibi
1136 4524 1277 4593 quod
1306 4524 1416 4591 agit
1442 4537 1738 4590 congruum
1790 4529 1971 4591 putat,
2000 4536 2109 4574 non
2144 4519 2288 4589 quod

712 4616 806 4672 ulli
831 4631 991 4686 prava
1015 4615 1355 4680 conveniant,
1383 4613 1476 4669 sed
1505 4614 1648 4682 quod
1669 4614 1759 4668 ille
1779 4614 1870 4682 qui
1901 4613 2079 4682 pravis
2100 4613 2285 4677 utitur,

712 4709 817 4765 hoc
843 4707 943 4763 sibi
971 4707 1156 4762 credat
1175 4720 1467 4775 congruum
1490 4721 1608 4761 esse
1628 4707 1772 4776 quod
1798 4721 2042 4776 pravum.
2074 4703 2216 4773 Ergo
2238 4711 2293 4758 et

713 4817 814 4858 nos
854 4815 963 4856 non
1017 4799 1120 4853 alia
1174 4800 1365 4871 opinor
1412 4813 1573 4855 causa
1602 4799 1876 4869 religionis
1897 4799 2289 4869 philosophiam

2402 4521 2614 4593 (Matth.
2639 4537 2708 4583 vi,
2735 4519 2840 4590 l9).
2867 4519 2930 4572 Et
2959 4520 3151 4573 iterum
3187 4536 3198 4569 :
3235 4517 3355 4571 Non
3386 4521 3595 4588 potestis
3635 4517 3744 4572 Deo
3782 4519 3969 4572 servire

2391 4620 2441 4665 et
2461 4625 2765 4664 mammona:
2789 4607 3099 4677 (Ibid.,24).
3124 4606 3190 4660 Et
3219 4607 3410 4661 iterum
3437 4625 3448 4656 τ
3486 4606 3573 4660 Va:
3593 4605 3749 4671 vobis,
3770 4607 3963 4666 divites,

2394 4705 2478 4774 qui
2509 4700 2704 4754 habetis
2745 4700 3121 4753 consolationes
3159 4709 3349 4754 vestras
3381 4697 3528 4770 (Luc.
3554 4715 3624 4761 Vl,
3649 4697 3761 4767 24).
3784 4696 3968 4751 Araris

2391 4808 2606 4863 quoque
2634 4800 2689 4846 et
2710 4791 3112 4868 inlmmanitatis
3131 4791 3352 4844 crimine
3379 4791 3486 4844 reis
3521 4809 3532 4842 :
3565 4788 3666 4854 Ite,
3698 4789 3887 4858 inquit,
3910 4787 3966 4840 in

1895 4889 2228 4946 STEPHANI
2264 4886 2530 4944 BALUZII
2569 4883 2772 4939 NOT/E
2783 4925 2794 4937 .

714 4990 857 5044 tibus
883 4985 1150 5041 invehitur
1169 4985 1222 5040 in
1249 4985 1547 5052 religiosos,
1579 4983 1631 5037 in
1653 4997 1879 5052 quorum
1907 4996 2184 5037 numerum
2205 4994 2296 5034 ve-

637 5053 647 5063 ’
714 5061 869 5115 niunt
895 5065 950 5112 et
976 5056 1251 5127 episcopi,
1275 5050 1418 5127 quod
1445 5068 1566 5127 cum
1621 5050 1696 5106 illi
1751 5050 2009 5127 filios_aut
2037 5057 2294 5119 cognatos

715 5144 824 5184 non
852 5122 1112 5183 haberent
1147 5122 1338 5196 quibus
1364 5123 1642 5196 facultates
1665 5137 1793 5196 suas
1825 5122 2145 5196 tribuerent,
2175 5135 2292 5196 ma-

715 5198 898 5253 lebant
923 5213 1013 5252 eas
1039 5187 1342 5266 relinquere
1369 5191 1964 5266 extraneishaaredibus
1990 5205 2148 5259 quam
2178 5187 2292 5266 lic-

717 5268 911 5323 clesiis.
943 5266 1127 5322 Codex
1167 5257 1431 5322 canonum
1458 5261 1710 5317 Ecclesiae
1737 5257 2139 5327 Africanae—cap.
2177 5257 2236 5310 8i
2278 5275 2290 5309 :

721 5334 852 5389 Item
872 5338 1197 5390 constitutum
1216 5345 1291 5391 est
1309 5343 1366 5389 ut
1385 5335 1429 5387 si
1448 5334 1559 5406 quis
1589 5327 2098 5406 episcOpushazredes
2119 5337 2294 5381 extra-

718 5419 843 5457 neos
871 5421 903 5477 a_
930 5408 1374 5477 consanguinitate
1401 5399 1534 5477 sua_,
1575 5399 1652 5477 vel
1677 5399 1950 5477 haereticos
1980 5399 2133 5477 etiam
2172 5412 2296 5477 con-

719 5474 1044 5543 sanguineos,
1077 5467 1165 5528 aut
1192 5491 1424 5545 paganos
1443 5513 1458 5539 ,
1489 5473 1734 5545 Ecclesia:
1762 5469 2069 5545 prwtulerit,
2113 5467 2295 5519 saltem

721 5539 837 5625 post
863 5551 1074 5625 rn‘ortem
1103 5539 1462 5625 andthéma-ei
1511 5539 2078 5625 dicatur,.'atque"ejus
2110 5551 2294 5588 nomen

721 5607 856 5667 inter
882 5610 978 5665 Dei
1005 5611 1291 5666 sacerdotes
1313 5612 1453 5665 nullo
1473 5613 1622 5666 modo
1644 5607 1899 5665 recitetur.
1934 5607 2099 5673 Hujus
2125 5621 2294 5659 cano-

722 5682 1158 5754 nismentionem
1182 5681 1364 5754 injecit
1391 5683 1443 5734 in
1465 5683 1752 5754 c0_llatique
1771 5681 1955 5754 quinta
1975 5676 2144 5746 quinti
2169 5690 2302 5754 cori.-

725 5752 831 5815 cilii
861 5751 1182 5810 Sextilianus
1202 5743 1483 5822 episcopus
1504 5743 2168 5822 Tuuiensis'vicem'agcus
2187 5743 2302 5803 Pri-

2398 4975 2533 5030 mosi
2563 4973 2798 5043 cpisc0pi
2819 4971 3283 5039 Carthaginensis:
3308 4969 3477 5043 Doceo
3499 4978 3732 5043 sanctum
3754 4978 3965 5023 vestrum

2395 5039 2665 5100 concilium
2692 5039 2828 5114 quod
2856 5043 3195 5095 anterioribus
3231 5039 3532 5114 temporibus
3560 5042 3613 5114 in
3642 5050 3962 5114 nostrapro-

2395 5116 2560 5170 vincia
2586 5109 2730 5167 mulli
2759 5114 2981 5183 episcopi
3010 5112 3320 5181 congregati,
3349 5121 3398 5169 et
3428 5112 3671 5180 'qutedam
3804 5109 3960 5183 diaer-

2395 5187 2466 5240 sis
2500 5185 2669 5239 causis
2700 5183 2767 5235 ad
2787 5177 3210 5236 ecclesiasticum
3241 5189 3429 5233 statuat
3448 5177 3826 5246 pertinentibus
3853 5177 3956 5229 dis-

2395 5264 2634 5326 ponentes
2654 5293 2667 5316 ,
2699 5260 2982 5326 statuerunt
3013 5251 3073 5326 de
3117 5251 3364 5326 episcopis
3395 5251 3646 5320 defunctis
3689 5251 3774 5319 qui
3801 5249 3961 5299 licere:

2398 5320 2510 5378 ticis
2539 5341 2656 5376 suas
2689 5323 2956 5392 facultates
2981 5322 3287 5392 relinquunt,
3312 5320 3385 5392 ita
3404 5328 3461 5392 ut
3479 5330 3592 5392 post
3611 5329 3819 5392 mortem
3838 5329 3960 5392 ana:

2401 5395 2607 5448 themati
2638 5379 2994 5460 subjiciuntur.
3031 5379 3285 5460 Respexit
3315 5379 3656 5460 nihilominus
3693 5389 3851 5460 etiam
3895 5379 3958 5460 ad

2399 5478 2658 5517 canoncm
2704 5453 2772 5511 ἐξ
2817 5459 3052 5528 ejusdem
3082 5453 3412 5528 collectionis
3451 5457 3728 5521 Africanae,
3758 5453 3845 5524 qui
3885 5453 3956 5528 sic

2400 5533 2562 5586 liabet
2594 5549 2605 5582 :
2639 5528 2709 5581 Et
2729 5538 2782 5582 ut
2810 5526 2864 5582 in
2894 5545 2977 5582 eos
3005 5530 3088 5599 qui
3119 5529 3352 5581 catholici
3375 5526 3654 5599 Christiani
3698 5542 3798 5580 non
3825 5527 3954 5582 sunt,

2399 5601 2600 5656 etiamsi
2630 5601 2990 5670 consanguinei
3020 5598 3030 5670 ζ
3047 5599 3235 5670 fuerint
3258 5640 3272 5670 ,
3292 5669 3296 5670 ί
3314 5615 3410 5670 per
3456 5598 3780 5670 donationes
3799 5605 3957 5647 rerum

2400 5687 2605 5726 suarum
2631 5663 2852 5738 episcopi
2882 5663 3152 5738 relcle'rici
3192 5663 3328 5738 nihil
3351 5668 3639 5738 conferant.
3687 5663 3815 5720 Vide
3841 5673 3959 5717 rur-

2401 5757 2518 5799 sum
2545 5737 2806 5796 canancm
2834 5737 2906 5793 5‘2
2929 5737 3168 5808 ejusdem
3191 5737 3543 5793 collectionis.
