4246 6270
379 333 476 400 20!
1041 357 1078 385 -

1420 416 1425 421 ,
1475 314 1846 409 ωνΕιιδυὲ
1866 353 2246 411 AVABITIAM
2285 357 2408 412 ΑΒ.
2451 358 2513 414 n.

3541 367 3646 424 202

369 467 550 538 ignem
578 472 846 526 retentum,
900 481 1048 535 quem
1093 465 1295 536 paravit
1334 464 1498 520 Pater
1523 485 1664 522 meus
1685 468 1890 525 diabolo
1917 479 1967 524 et
1991 471 2047 530 Α
2069 482 2305 527 mentem
2346 474 2656 530 melioribus
2691 472 3033 546 applicarem.
3084 473 3190 532 Sed
3233 479 3362 548 quid
3401 482 3644 549 agimus?

373 559 579 630 angelis
627 560 739 629 ejus
790 557 1003 628 (Matth.
1059 575 1184 624 xxv,
1226 558 1340 629 41).
1371 549 1609 626 Quorum
1633 577 1768 638 liqute
1804 579 1963 633 paena

371 665 597 720 semper
617 648 794 704 futura
822 649 909 714 sit,
941 647 1097 704 facile
1119 649 1456 718 intelligitur,
1481 653 1675 720 quibus
1699 668 1818 708 sors
1841 669 1962 708 cum

371 741 598 797 diabolo
617 741 940 810 deputatur:
965 731 1199 810 perquae
1223 749 1398 796 tamen
1421 750 1687 797 tormenta
1709 727 1960 810 maxima,

371 850 485 888 non
517 833 850 886 atrocissima
873 831 962 885 illa
986 831 1039 885 in
1070 832 1147 885 eis
1190 831 1605 887 fornicationum
1628 841 1718 888 aut
1737 835 1964 891 homici-

371 925 590 980 diorum
640 933 732 978 aut
784 923 1190 991 sacrilegiorum
1235 924 1458 978 crimina
1499 927 1811 995 puniuntur,
1869 928 1964 983 sed

368 1019 490 1072 sola
520 1016 892 1072 tantummodo
923 1016 1146 1069 avaritia
1169 1023 1225 1070 et
1258 1016 1553 1071 abdicatrix
1583 1018 1963 1074 misericordiae

371 1107 764 1163 inhumanitas.
830 1103 986 1160 Unde
1051 1106 1349 1172 intelligere
1401 1123 1498 1161 nos
1543 1109 1797 1164 convenit
1835 1109 1962 1178 quid

366 1200 583 1270 passuri
606 1199 718 1252 sint
747 1196 907 1268 253
936 1213 1102 1267 quos,
1134 1207 1329 1267 praeter
1356 1197 1459 1252 alia
1502 1208 1751 1273 peccata,
1798 1200 1958 1254 etiam

365 1289 598 1344 avaritia
620 1303 749 1343 reos
778 1287 1000 1354 fecerit;
1032 1304 1152 1342 cum
1173 1304 1380 1343 summo
1409 1290 1670 1359 supplicio
1695 1288 1960 1346 alliciendi

362 1383 474 1438 sint
495 1397 658 1450 quos,
684 1390 936 1451 expertes
957 1383 1194 1436 omnium
1236 1388 1601 1451 peccatorum,
1626 1383 1801 1437 solum
1833 1399 1961 1438 ava-

363 1473 503 1543 ritia:
549 1473 760 1527 crimen
793 1481 968 1527 morte
1005 1473 1288 1526 damnarit.
1328 1472 1458 1538 Quae
1503 1473 1689 1543 utique
1716 1473 1760 1528 si
1781 1471 1960 1528 futura

366 1542 550 1618 omnia
595 1561 884 1628 credimus,
919 1564 1119 1631 absque
1153 1562 1316 1616 dubio
1349 1563 1553 1618 evitare
1585 1542 1860 1620 debemus.
1903 1563 1960 1619 Si

370 1665 551 1710 autem
583 1671 692 1712 non
715 1655 1031 1722 devitamus,
1064 1656 1308 1726 profecto
1329 1673 1438 1712 non
1458 1659 1742 1714 credimus.
1775 1659 1832 1714 Si
1861 1675 1959 1713 au-

375 1755 482 1800 tem
535 1762 643 1802 non
702 1746 990 1810 credimus,
1044 1747 1332 1802 Christiani
1375 1765 1712 1818 nequaquam
1751 1767 1954 1806 sumus.

2065 562 2183 617 Non
2229 563 2405 618 dubiis
2444 566 2604 620 rebus
2629 567 2910 631 vincimur,
2941 577 2998 622 et
3028 569 3361 625 evidentibus
3400 582 3642 628 coarcta-

2065 667 2203 707 mur.
2233 652 2364 718 Quis
2387 655 2528 708 enim
2569 655 3026 720 Dominomente
3064 659 3252 726 credit,
3284 669 3340 714 et
3390 660 3642 717 facultate

2064 759 2174 800 non
2221 746 2424 799 credit?
2465 747 2585 814 quis
2632 747 2742 802 Deo
2789 748 3023 802 animam
3063 765 3214 803 suam
3256 751 3556 821 mancipat,
3587 761 3643 807 et

2063 821 2345 904 pecuniam
2394 839 2587 904 negat?
2633 837 2752 904 quis
2796 839 3074 907 promissis
3127 841 3432 896 coelestibus
3482 841 3640 896 fidem

2065 926 2388 992 commodat,
2414 934 2468 980 et
2498 942 2604 1001 non
2632 928 2740 994 agit
2765 935 2823 980 ut
2870 943 2989 983 esse
3017 931 3187 998 possit
3213 933 3484 1001 particeps
3509 948 3639 1001 pro-

2064 1015 2419 1070 missionum?
2441 1014 2509 1070 Et
2528 1016 2650 1070 ideo
2679 1031 2802 1069 cum
2830 1017 3370 1086 videamus-homines
3394 1021 3509 1076 haec
3531 1037 3640 1076 non

2065 1120 2245 1175 agere,
2287 1107 2527 1175 cogimur
2574 1121 2684 1160 non
2729 1107 3013 1162 credentes
3052 1111 3229 1177 palam
3271 1119 3325 1165 et
3363 1112 3641 1168 evidenter

2064 1209 2373 1264 agnoscere.
2399 1195 2515 1250 Non
2557 1196 2681 1250 licet
2703 1204 2762 1249 ut
2799 1203 2894 1250 ens
2922 1212 3021 1251 nos
3051 1197 3162 1265 Deo
3191 1198 3348 1254 fidem
3385 1210 3636 1271 putemus

2064 1287 2340 1349 adhibere,
2371 1303 2492 1342 cum
2516 1287 2590 1340 illi
2619 1303 2676 1341 se
2703 1288 2865 1342 rebus
2913 1289 3146 1343 clament
3174 1305 3389 1358 negare.
3433 1292 3491 1347 In
3530 1309 3639 1362 quo

2047 1391 2285 1453 necesse
2337 1385 2418 1431 est
2472 1377 2840 1432 infidelitatem
2887 1393 3028 1447 pene
3072 1380 3312 1434 omnium
3363 1382 3638 1440 hominum

2061 1465 2242 1536 plangi
2264 1474 2426 1536 atque
2445 1466 2633 1535 lugeri.
2658 1465 2702 1521 Ο
2722 1467 2968 1522 miseria!
2997 1485 3030 1523 ο
3049 1471 3402 1538 perversitas!
3424 1469 3641 1530 Homini

2065 1557 2132 1610 ab
2151 1557 2370 1610 homine
2411 1557 2679 1623 creditur,
2708 1565 2764 1612 et
2799 1573 2908 1612 non
2951 1558 3187 1614 creditur
3218 1560 3350 1616 Deo.
3381 1561 3640 1619 Humanis

2062 1648 2510 1719 promissionibus
2533 1666 2656 1719 spes
2676 1651 3064 1719 commodatur,
3096 1653 3210 1708 Deo
3238 1663 3482 1723 negatur.
3512 1653 3640 1714 Om.

2063 1740 2152 1793 nia
2173 1740 2406 1810 denique
2435 1742 2487 1796 in
2522 1742 2682 1795 rebus
2709 1743 2953 1799 humanis
2981 1759 3103 1814 spes
3131 1745 3430 1801 futurorum
3452 1758 3635 1818 agunt.

372 1835 556 1905 Neque
613 1838 756 1891 enim
806 1853 1093 1908 possumus
1130 1854 1460 1910 quemquam
1491 1841 1674 1897 dicere
1707 1842 1962 1897 Christia-

2063 1826 2187 1882 Vita
2207 1846 2422 1900 quoque
2444 1831 2558 1900 ipsa
2581 1831 2693 1885 haec
2723 1835 3048 1903 temporaria
3077 1851 3186 1890 non
3227 1837 3330 1893 nisi
3351 1854 3449 1908 spe
3477 1840 3638 1896 alitur

375 1942 524 1994 num,
562 1929 656 1998 qui
686 1945 793 1984 non
822 1935 977 1999 putat
1003 1927 1220 1985 Christo
1243 1946 1362 1987 esse
1399 1933 1742 1987 credendum.

448 2019 564 2074 XII.
603 2020 710 2075 Sed
742 2029 878 2087 esto,
897 2021 1018 2077 illas
1043 2037 1179 2091 quas
1203 2038 1364 2094 supra
1393 2025 1623 2100 diximus
1643 2041 1832 2095 paenas
1851 2042 1959 2080 non

387 2111 669 2166 timeamus
692 2113 796 2177 rei;
827 2113 1066 2188 nunquid
1089 2115 1250 2168 etiam
1281 2119 1560 2184 praemium
1586 2132 1804 2186 sperare
1831 2133 1959 2187 pos-

389 2216 581 2256 sumus
607 2217 714 2257 non
739 2199 1033 2286 mﬁntes?
1057 2202 1126 2257 Et
1146 2203 1269 2259 ideo
1296 2206 1342 2260 si
1384 2221 1516 2276 opes
1534 2223 1643 2262 non
1672 2208 1862 2262 damus
1890 2207 1960 2260 ob

385 2300 728 2362 peccatorum
755 2294 1196 2365 redemptionem,
1229 2296 1418 2352 demus
1461 2297 1652 2352 saltem
1681 2297 1749 2352 ad
1779 2313 1962 2353 emen-

381 2383 506 2438 dam
539 2385 944 2454 beatitudinem;
976 2388 1022 2442 si
1043 2404 1152 2444 non
1179 2388 1367 2445 damus
1394 2405 1462 2444 ne
1498 2389 1834 2456 damnemur,
1867 2390 1962 2445 de-

377 2487 498 2530 mus
519 2476 709 2531 saltem
737 2486 797 2533 ut
827 2494 1212 2534 muneremur:
1247 2480 1369 2550 quia
1411 2480 1573 2536 etiam
1607 2482 1649 2536 si
1686 2481 1960 2552 prreterita

373 2569 512 2623 mala
553 2585 661 2625 non
698 2559 944 2640 sint'qute
972 2579 1222 2642 oporteat
1265 2582 1480 2629 sanctos
1507 2574 1791 2640 redimere,
1834 2581 1963 2628 sunt

371 2665 557 2714 tamen
592 2662 853 2730 perennia
896 2661 1036 2715 bona
1074 2677 1195 2730 qua:
1229 2677 1424 2731 magno
1474 2661 1707 2716 debeant
1737 2677 1959 2732 compa-

371 2763 524 2816 rare;
556 2751 770 2806 etiamsi
793 2767 953 2821 pinna
982 2768 1090 2806 non
1118 2752 1190 2805 sit
1216 2767 1336 2820 qua:
1356 2753 1631 2816 timeatur,
1673 2759 1756 2805 est
1783 2760 1962 2806 tamen

371 2853 600 2910 regnum
649 2841 797 2910 quod
831 2841 1137 2907 'ambiatur;
1181 2856 1247 2894 ac
1287 2836 1386 2910 per
1411 2841 1548 2906 hoc,
1600 2841 1810 2896 etiamsi
1856 2858 1964 2896 non

342 2921 598 2992 ,habent'
626 2918 802 2985 sancti
847 2915 969 2998 quae
1015 2931 1320 2996 redimant,
1382 2931 1587 2985 habent
1632 2939 1810 2986 tamen
1848 2947 1964 3000 qua:

377 3027 586 3074 emant.
606 3018 720 3073 Nisi
750 3020 886 3073 forte
908 3021 1102 3089 aliquis
1129 3021 1380 3076 damnum
1408 3023 1470 3076 in
1493 3023 1764 3092 emptione
1786 3039 1966 3079 verea-

379 3117 495 3178 tur,
523 3110 774 3165 videlicet
801 3126 868 3166 ne
897 3112 1017 3182 plus
1042 3115 1358 3169 commodet
1405 3131 1566 3185 quam
1612 3117 1852 3186 recipiat,
1897 3133 1964 3172 ne

2064 1936 2129 1976 ac
2153 1924 2470 2000 sustinetur.
2502 1923 2628 1979 Ideo
2667 1927 2808 1980 enim
2841 1928 2997 1982 terris
3046 1927 3325 2002 frumenta
3348 1932 3637 2002 credimus,

2063 2021 2123 2066 ut
2150 2028 2271 2066 cum
2292 2016 2466 2067 usuris
2487 2015 2688 2070 credita
2710 2018 3049 2087 recipiamus.
3071 2018 3197 2075 Ideo
3218 2021 3270 2075 in
3298 2022 3468 2078 vineis
3486 2025 3640 2080 labor
3715 2084 3723 2094 ,

2063 2105 2330 2159 maximus
2358 2107 2591 2175 ponitur,
2624 2110 2746 2177 quia
2775 2111 3019 2167 homines
3044 2128 3166 2182 spes
3185 2115 3467 2170 vindemiae
3504 2133 3637 2173 con-

2063 2198 2288 2253 solatur.
2313 2197 2438 2253 ldeo
2459 2201 2820 2268 negotiatores
2842 2204 3119 2260 thesauros
3139 2222 3265 2264 suos
3284 2209 3641 2278 emptionibus

2063 2297 2328 2353 vacuant,
2365 2288 2493 2343 dum
2532 2291 2930 2348 venditionibus
2968 2307 3187 2364 sperant
3215 2313 3332 2353 esse
3359 2300 3638 2354 cumulan-

2064 2378 2182 2434 dos.
2211 2379 2368 2450 245
2390 2379 2515 2434 Ideo
2536 2382 2844 2450 navigantes
2865 2385 3029 2440 vitam
3054 2389 3229 2443 ventis
3256 2404 3320 2446 ac
3348 2398 3638 2461 tempesta-

2064 2472 2208 2529 tibus
2237 2473 2487 2539 credunt;
2521 2483 2580 2529 ut
2601 2477 2795 2545 spebus
2823 2480 3066 2550 votisque
3095 2483 3386 2552 potiantur.
3419 2483 3486 2538 Et
3512 2486 3639 2554 quid

2063 2564 2252 2636 plura?
2281 2563 2391 2619 Pax
2439 2582 2654 2636 quoque
2699 2569 2838 2624 inter
2882 2569 3024 2626 feras
3065 2588 3128 2627 ac
3163 2574 3419 2630 barbaras
3457 2584 3642 2643 gentes

2064 2670 2160 2724 spe
2189 2655 2452 2728 innititur,
2485 2666 2540 2712 et
2583 2656 2684 2713 fide
2709 2660 3048 2734 astipulante
3087 2662 3349 2737 firmatur.
3370 2665 3642 2736 Latrones

2047 2763 2279 2826 quoque
2301 2749 2399 2818 ipsi
2429 2757 2482 2803 et
2505 2751 2835 2817 sanguinarii
2863 2751 3021 2833 fidem
3048 2753 3148 2807 sibi
3170 2754 3398 2808 invicem
3420 2770 3528 2810 non
3553 2770 3641 2811 ne-

2065 2847 2194 2908 gant
2220 2879 2234 2903 ,
2284 2847 2337 2894 et
2379 2855 2497 2908 qua:
2544 2843 3134 2910 promiserint,mutuo
3176 2843 3484 2901 servaturos
3522 2862 3640 2902 esse

2064 2929 2356 2987 confidunt.
2408 2929 2600 2985 Totum
2639 2932 2902 3000 denique,
2935 2943 2994 2988 ut
3031 2934 3179 3002 dixi,
3220 2936 3362 2992 inter
3395 2937 3642 2992 homines

2065 3022 2262 3091 spebus
2299 3022 2492 3090 agitur.
2524 3021 2683 3078 Solus
2731 3023 2872 3080 Deus
2916 3033 2999 3081 est
3039 3026 3106 3080 de
3147 3041 3256 3096 quo
3303 3027 3637 3099 desperatur.

2065 3110 2308 3182 Cumque
2330 3113 2356 3151 ι)
2386 3114 2650 3170 elementa
2679 3115 2792 3185 ipsa
2817 3123 2872 3171 et
2889 3125 3139 3173 naturam
3175 3120 3359 3177 mundi
3388 3121 3642 3196 Dominus

377 3200 610 3271 grandia
650 3202 914 3258 feneranti
962 3219 1126 3274 parva
1169 3194 1481 3272 reddantur,
1514 3223 1582 3262 ne
1626 3207 1965 3276 largitionem
1991 3195 2038 3259 C
2069 3211 2255 3257 noster
2284 3203 2492 3259 ﬁdelem
2521 3205 2738 3274 fecerit,
2762 3207 2840 3262 illi
2863 3216 3075 3279 tantum
3102 3195 3367 3289 prope‘ab
3396 3194 3644 3269 omnibus

376 3291 672 3352 redhibitio
699 3310 806 3350 non
836 3305 1106 3366 repenset,
1139 3305 1194 3351 et
1220 3298 1342 3352 data
1366 3299 1533 3354 semel
1559 3300 1718 3370 pretii
1756 3303 1964 3371 magni-

372 3383 564 3439 tudine
589 3386 815 3454 pecunia
838 3386 1171 3456 periclitetur
1199 3389 1491 3458 emptoris;
1524 3406 1588 3446 ac
1615 3391 1660 3446 si
1706 3406 1960 3460 magnum

375 3475 501 3546 quid
529 3475 760 3533 Domino
779 3478 1172 3534 commendarit
1193 3480 1247 3534 in
1272 3488 1433 3547 terra,
1460 3497 1567 3537 non
1588 3482 1788 3537 habeat
1815 3481 1963 3538 Chri-

377 3572 491 3620 stus
511 3565 734 3622 forsitan
758 3568 902 3623 unde
931 3569 981 3623 ei
1004 3569 1179 3625 solvat
1207 3571 1261 3624 in
1287 3571 1446 3627 ccelo.
1479 3569 1644 3626 Plane
1665 3573 1711 3627 si
1733 3574 1834 3627 ista
1864 3574 1963 3629 du-

378 3653 565 3711 bitatio
603 3665 704 3721 est,
737 3657 852 3712 fieri
878 3659 1010 3713 nihil
1032 3659 1234 3716 suadeo
1259 3680 1271 3713 :
1295 3663 1421 3730 quia
1451 3678 1551 3718 nec
1588 3673 1813 3733 prosunt
1841 3653 1960 3720 om;

306 3743 314 3749 ’
378 3743 506 3799 nino
527 3744 638 3799 ulla
679 3745 966 3802 dubitanti.
997 3747 1163 3804 Cassa
1193 3751 1392 3820 quippe
1421 3761 1504 3806 est
1532 3755 1796 3822 operatio,
1823 3756 1866 3810 si
1909 3754 1963 3806 fi-

377 3834 472 3891 des
500 3846 650 3892 certa
679 3854 786 3893 non
811 3837 1002 3906 fuerit;
1035 3848 1090 3896 et
1113 3841 1310 3897 frustra
1339 3841 1546 3911 fenerat
1587 3846 1678 3914 qui
1708 3845 1774 3901 de
1813 3862 1964 3902 rece-

379 3926 564 3994 ptione
584 3927 851 3998 desperat.
871 3928 1118 4008 Christus
1139 3933 1300 3998 enim,
1318 3941 1377 3987 ut
1397 3934 1680 4002 credimus,
1699 3935 1963 3991 factorum
2000 3958 2007 3967 ·

383 4017 625 4072 omnium
655 4021 944 4078 retributor
968 4032 1070 4079 est.
1094 4023 1151 4078 Si
1181 4040 1308 4094 ergo
1337 4035 1428 4080 aut
1463 4027 1678 4098 inopem
1708 4044 1831 4082 eum
1871 4029 1964 4098 qui

381 4099 688 4163 retribuere
715 4125 822 4165 non
861 4114 1046 4182 possit,
1080 4121 1174 4169 aut
1203 4114 1472 4171 infidelem
1513 4125 1671 4186 putas
1716 4134 1834 4173 esse
1872 4119 1964 4188 qui

382 4195 555 4262 nolit;
607 4200 874 4266 quomodo
903 4203 968 4257 ab
1001 4217 1066 4259 eo
1095 4206 1505 4262 retributionem
1545 4224 1764 4278 sperare
1807 4209 1966 4280 244

380 4287 610 4358 poteris,
643 4303 802 4356 quem
824 4298 878 4344 et
905 4292 1347 4368 impossibilitatis
1376 4304 1432 4350 et
1475 4295 1804 4352 infidelitatis
1851 4299 1964 4368 ipse

383 4373 758 4432 damnaveris?
784 4377 935 4445 Quod
972 4383 1017 4436 si
1045 4399 1156 4438 non
1197 4385 1269 4438 ita
1308 4393 1408 4447 est,
1441 4395 1540 4438 nec
1578 4385 1803 4452 ambigis
1842 4401 1964 4440 eum

382 4463 648 4520 facturum
677 4482 797 4523 esse
824 4485 942 4539 qua:
962 4471 1127 4538 dixit;
1152 4488 1270 4541 quae
1299 4471 1604 4542 insipientia
1636 4481 1727 4526 aut
1756 4475 1845 4542 qui
1875 4491 1962 4531 er-

2065 3308 2174 3348 non
2206 3294 2460 3360 creditur,
2501 3297 2593 3366 qui
2619 3299 2765 3354 solus
2802 3298 2931 3356 fecit
2951 3302 3198 3384 ut‘rebus
3239 3305 3488 3361 omnibus
3522 3319 3641 3360 cre-

2061 3383 2295 3439 deretur.

2134 3473 2272 3528 XIII.
2313 3475 2420 3530 Sed
2460 3477 2566 3531 dici
2604 3479 2742 3533 forte
2776 3478 2882 3535 hoc
2921 3481 3044 3536 loco
3073 3483 3274 3551 possit,
3305 3483 3451 3552 quod
3484 3483 3645 3538 rebus

2061 3565 2418 3620 suis.utantur
2442 3567 2687 3622 homines
2713 3584 2822 3622 non
2851 3585 2970 3624 esse
2999 3571 3328 3626 infidelitatis
3349 3573 3640 3638 interdum,

2063 3656 2159 3710 sed
2187 3656 2550 3719 necessitatis,
2583 3672 2757 3724 neque
2786 3657 2900 3713 Deo
2926 3674 3034 3712 non
3075 3660 3296 3713 credere
3338 3661 3637 3727 religiosos,

2063 3745 2158 3800 sed
2184 3745 2304 3797 vita:
2343 3752 2504 3811 atque
2550 3746 2670 3798 usui
2716 3746 3020 3801 necessaria
3067 3761 3344 3801 reservare
3392 3767 3403 3800 :
3445 3747 3645 3814 multos

2063 3836 2206 3891 enim
2234 3842 2540 3890 sanctorum
2569 3835 2846 3890 hominum
2865 3851 2894 3888 a
2925 3842 3132 3889 summa
3155 3836 3638 3917 dispensandarum

2065 3944 2226 3998 opum
2255 3927 2586 4000 perfectione,
2610 3936 2702 3983 aut
2735 3943 2868 3998 sexu
2895 3943 3297 4004 nonnunquam,
3330 3939 3423 3984 aut
3461 3939 3640 3995 mtate,

2066 4029 2160 4076 aut
2200 4023 2314 4092 ipsa
2350 4021 2659 4078 infirmioris
2708 4023 3012 4093 corpusculi
3055 4023 3422 4080 imbecillitate
3461 4021 3645 4094 prohi-

2064 4113 2201 4167 beri.
2234 4112 2381 4177 Esto,
2423 4114 2526 4168 hoc
2554 4113 2679 4168 ferri
2708 4116 2910 4186 possit;
2960 4115 3056 4170 sed
3087 4124 3266 4171 tamen
3307 4116 3520 4192 etiamsi
3544 4116 3643 4185 nfe—

2065 4211 2235 4269 ratur,
2261 4206 2332 4258 ita
2360 4204 2638 4260 ferendum
2667 4214 2828 4260 estut
2856 4223 2955 4277 pro
2991 4209 3246 4276 qualitate
3266 4210 3645 4268 necessitatum

2068 4302 2228 4362 atque
2257 4310 2536 4349 causarum
2558 4295 2873 4351 sufﬁcientia
2904 4298 3254 4360 retineantur,
3293 4298 3644 4353 immoderata

2068 4395 2400 4442 resecentur.
2438 4387 2702 4442 Habentes
2737 4389 2894 4454 enim,
2918 4389 3090 4458 inquit
3115 4388 3426 4457 Apostolus,
3459 4391 3646 4443 victum

2065 4485 2115 4529 et
2155 4479 2408 4540 vestitum,
2439 4479 2520 4532 his
2541 4481 2770 4533 contenti
2791 4495 2986 4533 sumus.
3022 4475 3165 4532 Nam
3190 4479 3277 4551 qui
3305 4480 3480 4533 uolunt
3511 4480 3644 4533 divi-

384 4565 480 4611 νοτ
506 4566 589 4610 est
611 4566 672 4612 ut
698 4575 806 4615 non
834 4562 885 4616 ei
934 4570 1140 4617 tantum
1187 4564 1281 4619 des
1315 4571 1575 4632 quantum
1623 4572 1800 4634 potes,
1843 4584 1973 4640 cum
1993 4580 2046 4640 ι)
2070 4576 2143 4621 tes
2165 4569 2298 4638 ﬁeri,
2322 4568 2554 4622 incidunt
2582 4571 2637 4622 in
2671 4571 3004 4624 tentationem
3037 4580 3059 4608 ο
3089 4579 3140 4624 et
3178 4570 3415 4642 laqueum
3453 4569 3646 4626 diaboli

385 4647 576 4716 utique
603 4664 711 4704 non
749 4651 959 4708 dubites
989 4655 1160 4709 multo
1207 4663 1260 4709 te
1298 4655 1418 4726 plus
1461 4662 1799 4724 recepturum
1849 4673 1966 4714 esse

380 4752 544 4808 quam
586 4739 836 4798 dederis?
863 4742 994 4809 Quae
1023 4744 1255 4814 denique
1285 4745 1497 4799 miseria
1546 4752 1604 4798 ut
1633 4746 1788 4801 malis
1834 4749 1965 4802 nihil

379 4841 451 4882 ex
472 4830 553 4884 eis
576 4832 820 4902 recipere
846 4825 966 4903 qum
986 4834 1264 4904 relinquis,
1297 4849 1419 4888 cum
1447 4842 1621 4889 totum
1662 4837 1836 4906 possis
1873 4853 1967 4907 pe-

379 4918 526 4974 nitus
561 4917 839 4992 possidere
881 4924 1028 4994 qubd
1073 4925 1284 4980 credis?
1321 4923 1428 4980 Sed
1470 4926 1756 4996 (miserum
1807 4930 1964 4998 me!)

381 5010 536 5080 puto,
557 5010 675 5069 "non
694 5008 933 5071 creditur
959 5016 1094 5072 Deo.
1136 5015 1203 5070 Et
1231 5017 1376 5088 quod
1418 5016 1539 5073 dico
1578 5027 1730 5088 puto,
1765 5022 1965 5076 utinam

386 5101 660 5171 ambigue
683 5099 962 5177 putarem,
1016 5117 1071 5164 et
1123 5125 1231 5165 non
1272 5109 1551 5165 evidenter
1594 5126 1960 5180 agnoscerem.

387 5197 418 5228 ⁸
469 5189 786 5252 storarem
833 5199 1064 5254 fortasse
1102 5200 1241 5256 intra
1288 5215 1375 5255 me
1414 5201 1634 5257 vincere
1687 5203 1964 5271 opiniones

384 5295 561 5346 meas,
611 5294 666 5340 et
700 5281 950 5356 cogerem
994 5305 1209 5345 sensum
1248 5277 1410 5346 dubia
1448 5307 1557 5347 non
1605 5292 1826 5347 credere
1848 5336 1863 5360 ,
1908 5301 1966 5347 ut
1997 5356 2001 5360 _

2072 4658 2126 4728 (I
2157 4659 2286 4712 Tim.
2324 4676 2395 4725 vr,
2436 4660 2486 4723 8,
2520 4657 2607 4728 9).
2659 4660 2821 4730 Ergo,
2873 4670 2931 4716 ut
2970 4662 3233 4728 videmus,
3266 4663 3320 4717 in
3349 4665 3509 4720 rebus
3537 4671 3649 4738 tan-

2070 4758 2183 4804 tum
2223 4751 2538 4805 necessariis
2579 4753 2724 4806 salus
2761 4761 2861 4817 est,
2884 4753 2948 4824 in
2987 4752 3271 4824 superfluis
3309 4755 3563 4824 laqueus;
3596 4756 3650 4808 in

2069 4841 2443 4897 mediocritate
2472 4842 2568 4896 Dei
2589 4844 2759 4912 gratia
2778 4885 2794 4910 ,
2830 4845 2885 4898 in
2914 4843 3114 4899 divitiis
3152 4842 3351 4900 diaboli
3379 4845 3406 4882 ά
3438 4853 3644 4900 catena.

2074 4929 2314 4998 Denique
2344 4931 2473 5001 quid
2501 4933 2680 4988 statim
2720 4925 3031 5004 Apostolus'
3045 4935 3258 4991 subdit?
3297 4933 3423 4996 Qua:
3451 4921 3649 4984 demer-

2073 5031 2232 5092 gunt,
2275 5023 2465 5092 inquit,
2508 5024 2763 5081 hominem
2805 5029 2860 5081 in
2905 5028 3172 5082 interitum
3201 5035 3263 5104 et.
3287 5023 3642 5093 perditionem.

2073 5110 2216 5181 Ergo
2244 5113 2289 5167 si
2317 5113 2514 5168 divitiae
2535 5116 2808 5174 interitum
2831 5119 2885 5172 in
2911 5134 2981 5193 se
2997 5119 3217 5199 habent,
3241 5114 3500 5167 evitemus
3519 5127 3648 5182 opu-

2072 5203 2311 5270 lentiam,
2343 5221 2412 5260 ne
2441 5206 2494 5260 in
2523 5207 3155 5278 interitumlcorruamus.
3188 5201 3378 5270 Ampla
3408 5216 3470 5255 ac
3497 5201 3647 5257 locu-

2070 5296 2186 5364 ples
2217 5295 2444 5350 facultas
2473 5299 2827 5366 perditionem
2854 5295 3052 5350 inferre
3067 5288 3288 5346 dicitur.
3318 5289 3648 5362 Refugienda

1579 5378 1915 5434 STEPHANI
1953 5379 2224 5436 BALUZII
2262 5379 2487 5436 ΝΟΤᾸΞ.

457 5473 485 5503 ⁸
522 5465 611 5521 Sic
654 5467 854 5525 habent
883 5470 990 5526 duo
1039 5470 1252 5526 codices
1303 5471 1433 5538 regii
1482 5478 1536 5524 et
1564 5469 1729 5524 editio
1751 5468 1962 5526 Pithmi.

385 5531 613 5612 I’rorltts
639 5538 796 5612 bene.
832 5539 1001 5594 Antea
1039 5541 1316 5608 legebatur
1342 5531 1704 5594 :vLaborarem
1750 5541 1968 5612 fortasse

385 5606 640 5679 intra‘me,
665 5610 916 5663 vincerem
945 5606 1212 5679 opiniones
1241 5627 1401 5676 meas,
1433 5619 1538 5666 etc.

455 5674 483 5712 ⁸³
520 5674 578 5731 In
592 5687 833 5752 vetusto
851 5674 1036 5734 codice
1057 5682 1205 5752 regio
1225 5681 1303 5752 sic
1331 5674 1588 5751 scriptum
1609 5689 1690 5736 est
1709 5699 1721 5734 :
1746 5679 1967 5752 Cumque

385 5753 572 5801 natura
584 5749 702 5819 ipsa
724 5759 773 5801 et
787 5750 1033 5803 elementa
1049 5751 1245 5804 mundi.
1263 5751 1320 5805 In
1343 5749 1629 5807 recentiori
1645 5768 1772 5807 vero
1791 5769 1805 5805 :
1823 5749 1972 5805 Cum-

673 5841 947 5904 Pnnon.
995 5841 1202 5919 LIII;
1233 5916 1250 5922 ﬂ

2073 5490 2169 5543 que
2196 5483 2442 5527 etementa
2468 5474 2645 5526 mundi
2674 5483 2721 5526 et
2746 5475 2912 5540 ipsam
2937 5478 3181 5525 naturam
3205 5470 3461 5528 Dominus
3483 5511 3500 5538 ,
3541 5479 3647 5526 etc.

2150 5553 2170 5580 ο
2213 5541 2337 5597 Hzec
2365 5543 2544 5596 addita
2573 5549 2696 5594 sunt
2722 5556 2787 5594 ex
2816 5539 2982 5594 veteri
3001 5543 3294 5598 exemplari
3323 5543 3470 5598 regio
3500 5548 3555 5595 et
3582 5556 3648 5594 ex

2150 5557 2170 5580 ο
2214 5557 2337 5597 meo
2365 5557 2544 5596 adulta
2573 5557 2696 5594 sunt
2722 5557 2787 5594 ex
2816 5557 2982 5594 veteri
3001 5557 3154 5595 exem
3197 5557 3294 5597 Ial'l
3323 5557 3415 5612 reg

2075 5610 2404 5667 Colbertino.
2438 5609 2861 5681 Exstantautem
2884 5612 3028 5681 apud
3052 5611 3113 5666 D.
3142 5559 3385 5668 Igaulum.

2145 5683 2170 5718 ά
2211 5681 2288 5735 Ita
2316 5687 2526 5760 veteres
2555 5678 2674 5731 libri
2704 5687 2757 5760 et
2783 5678 3062 5760 editiones,
3085 5698 3190 5737 uno
3211 5689 3437 5750 excepto
3457 5690 3646 5730 recen-

2075 5753 2213 5807 tiore
2237 5750 2408 5818 regio,
2429 5750 2481 5798 in
2506 5761 2614 5816 quo
2642 5750 2898 5820 scriptum
2926 5761 3008 5808 est
3034 5754 3262 5824 laqueus.

3211 5841 3255 5902 ’1
