4246 6270
617 266 720 324 905

1590 266 1644 319 S.
1685 264 1997 319 SALVIANI
2037 260 2494 323 MASSILIEUSlS
2533 259 2958 316 PRESBYTER]

3765 259 3868 327 30:4

618 390 698 435 est
726 386 900 449 ampla
929 379 1216 448 possessio,
1241 393 1307 431 ne
1354 385 1715 446 consequatur
1755 376 2017 445 profunda
2062 392 2187 446 per-
2216 379 2269 437 Α
2292 392 2506 433 manum
2536 386 2617 432 est
2642 378 2784 447 quod
2818 380 2884 434 ab
2930 378 3176 433 omnibus
3204 378 3379 451 vobis,
3404 395 3438 435 ο
3464 379 3656 439 divites
3684 381 3867 439 mundi

620 475 767 528 ditio.
802 472 1000 540 Asper
1028 470 1150 533 hoc,
1173 470 1287 523 sive
1324 483 1502 533 sexus,
1529 469 1641 523 sive
1680 477 1842 535 tetas,
1876 470 1988 524 sive
2033 468 2184 524 intin-

619 565 776 620 mitas
817 561 1115 616 necessaria
1157 560 1329 614 victui
1349 561 1645 628 requirant,
1678 561 2064 619 sufﬁcientibus
2093 564 2188 618 de-

620 656 757 710 bent
775 653 935 723 3&6
958 665 1078 706 esse
1105 659 1391 716 contenta;
1423 652 1495 706 ita
1526 661 1585 707 ut
1621 644 1878 724 quidquid
1917 661 2187 725 tempora—

618 746 759 801 rium
797 743 1011 799 excedit
1046 758 1238 807 usum,
1290 743 1598 811 religiosum
1638 744 1885 800 absumat
1928 745 2183 802 ofﬁcium.

568 836 581 849 ’
617 836 887 892 (laterum
928 834 974 888 si
1002 844 1061 888 tu
1083 873 1097 897 ,
1126 834 1433 904 quicunque
1479 841 1573 890 aut
1616 849 1944 905 quaecunque
1995 837 2083 891 illa
2130 852 2188 893 es

616 935 815 984 sanctae
840 925 1207 996 professionis,
1240 935 1333 981 aut
1351 929 1734 984 conservandis
1758 930 1950 999 opibus
1976 938 2069 985 aut
2095 944 2189 986 cu-

617 1020 878 1076 mulandis
906 1019 1245 1079 facultatibus
1268 1021 1457 1082 inhies,
1490 1019 1757 1089 superﬂue
1782 1021 1849 1075 de
1880 1020 2188 1076 infirmitate

615 1112 868 1165 causaris.
905 1110 1151 1179 Nunquid
1180 1110 1321 1164 enim
1345 1109 1604 1165 infirmior
1621 1128 1783 1167 sexus
1804 1112 2001 1168 ducere
2033 1113 2189 1167 aliter

616 1204 777 1258 vitam
807 1220 914 1259 non
943 1213 1139 1274 potest.
1172 1207 1272 1260 nisi
1313 1190 1483 1259 animi
1504 1207 1584 1260 sui
1620 1222 1777 1261 curas
1806 1207 1972 1261 multa
2004 1207 2190 1275 ingen—

607 1302 684 1355 'tis
702 1283 1014 1368 patrimonii
1044 1301 1504 1356 administratione
1540 1300 1893 1356 distenderit?
1939 1299 2215 1378 Nunquid.

617 1395 790 1463 puella
813 1409 964 1448 sacra
992 1401 1087 1448 aut
1113 1393 1268 1448 vidua
1305 1394 1549 1453 castitate
1583 1395 1776 1460 devota
1816 1409 2031 1450 servare
2060 1393 2190 1453 illae-

616 1474 737 1541 sum
756 1494 956 1541 sanetae
977 1485 1321 1555 professionis
1350 1486 1801 1553 perseverantiam
1842 1501 1949 1541 non
1979 1485 2182 1551 valent,

617 1577 725 1633 nisi
745 1578 948 1647 argenti
972 1585 1026 1632 et
1051 1579 1164 1631 auri
1195 1578 1523 1647 ponderibus
1553 1578 1942 1644 incohaverint,
1977 1594 2039 1632 ac
2070 1586 2189 1631 tan-

617 1678 699 1723 tas
738 1671 887 1723 intra
931 1669 1312 1725 conscientiam
1355 1663 1501 1739 opes
1529 1670 1805 1739 possidere
1847 1686 1905 1724 se
1942 1670 2186 1724 noverint

2292 471 2467 540 hujus,
2496 472 2712 541 petitur,
2752 489 2814 528 ac
2859 472 3190 531 deliciosum.
3224 469 3281 527 Si
3325 472 3602 542 impetrari
3638 473 3704 531 ab
3732 489 3867 529 uno-

2290 578 2504 633 quoque
2551 572 2783 619 vestrum
2813 581 2921 621 non
2965 572 3145 636 potest
3188 574 3251 627 ut
3288 580 3407 623 esse
3446 567 3499 625 in
3532 566 3645 631 hoc,
3672 569 3866 625 saeculo

2289 670 2493 725 pauper
2531 657 2678 720 velit,
2725 665 2941 727 pnestet
2979 656 3079 712 sibi
3114 658 3313 723 saltem.
3355 673 3423 717 ne
3470 659 3527 715 in
3569 659 3866 715 :eternitate

2292 750 2576 815 mendicet.
2631 751 2731 817 Qui
2772 760 3093 822 praesentem
3144 752 3379 822 inopiam
3415 760 3623 811 tantum
3669 752 3862 823 fugitis,

2290 858 2386 896 cur
2414 843 2468 896 in
2496 848 2817 912 perpetuum
2832 859 2940 897 non
2967 842 3327 901 reformidatis
3344 845 3368 898 ?
3384 844 3442 899 ln
3478 845 3729 905 brevibus
3752 860 3865 900 me-

2288 934 2500 999 ticulosi
2524 976 2538 997 ,
2572 935 2731 1005 longa
2760 943 2811 990 et
2840 935 3255 993 interminabilia
3290 936 3473 1001 vitate.
3516 935 3653 1005 Quid
3692 944 3867 995 tanto-

2289 1042 2421 1096 pere
2450 1027 2501 1081 in
2546 1027 2654 1081 vita
2685 1026 2785 1103 ista
2828 1035 3202 1098 paupertatem
3241 1028 3491 1094 horretis,
3540 1028 3668 1099 quid
3707 1043 3868 1099 expa-

2294 1118 2543 1179 vescitis?
2563 1116 2735 1173 Minus
2762 1118 2931 1175 multo
2970 1126 3055 1174 est
3081 1119 3226 1188 quod
3251 1119 3343 1176 hic
3366 1120 3585 1179 timetis.
3610 1118 3668 1174 Si
3697 1119 3869 1175 tenui-

2290 1217 2469 1277 tatem.
2503 1212 2883 1281 temporariam
2930 1225 3147 1280 gravem
3188 1209 3399 1276 ducitis,
3440 1210 3628 1280 qualis,
3660 1225 3865 1280 quaeso,

2291 1302 2394 1356 erit
2420 1302 2511 1357 illa
2538 1317 2657 1372 qua:
2678 1318 2946 1372 nunquam
2975 1301 3219 1367 desinet?
3238 1301 3401 1369 Quasi
3423 1302 3585 1361 vestri
3612 1303 3751 1373 apud
3774 1316 3869 1357 vos

2292 1393 2463 1451 animi.
2501 1409 2615 1448 rem
2649 1394 2856 1462 agimus
2900 1393 3172 1462 vestrique
3197 1394 3328 1453 voti.
3360 1392 3420 1451 Si
3446 1410 3545 1452 usu
3571 1401 3867 1450 vestrarum

2290 1499 2468 1540 rerum
2493 1485 2707 1554 penitus
2736 1499 2922 1540 carere
2943 1500 3052 1541 non
3076 1484 3254 1548 vultis,
3281 1484 3335 1539 id
3362 1484 3504 1554 agite
3531 1498 3600 1540 ne
3625 1484 3868 1555 aliquan-

2292 1576 2362 1632 do
2389 1577 2636 1633 careatis.
2687 1575 3006 1633 Deliciosam
3035 1593 3066 1632 a
3101 1577 3251 1635 vobis
3275 1592 3390 1632 rem
3426 1584 3482 1632 et
3516 1576 3866 1646 voluptariam

2293 1669 2583 1738 poscimus.
2611 1668 2712 1741 Qui
2735 1670 2853 1724 sine
2884 1669 3084 1726 divitiis
3117 1670 3337 1729 omnino
3368 1684 3485 1729 esse
3514 1684 3621 1724 non
3652 1668 3867 1739 acquie-

615 1775 841 1831 quamas
884 1777 1012 1815 usus
1041 1762 1430 1833 possidentium
1473 1778 1580 1815 non
1627 1762 1885 1832 requirit?
1915 1762 2020 1816 Aut
2061 1762 2195 1830 quia
2223 1750 2273 1808 Β
2291 1742 2454 1829 scitis,
2484 1759 2535 1813 id
2559 1760 2699 1829 agite
2720 1768 2780 1814 ut
2805 1760 2995 1815 divites
3028 1777 3243 1831 semper
3276 1775 3394 1817 esse
3424 1760 3661 1831 possitis,
3681 1776 3868 1817 secun-

616 1854 738 1908 huic
767 1855 990 1909 etsexui
1020 1855 1223 1924 pariter
1251 1863 1307 1907 et
1328 1855 1519 1924 pudori
1549 1853 1707 1922 quies,
1729 1856 1962 1909 maxime
2001 1869 2188 1909 neces-

585 1945 754 1997 .saria
806 1954 905 2007 est,
957 1943 1196 2011 nunquid
1238 1945 1563 2014 impossibile
1602 1946 1701 1999 sibi
1746 1946 2006 2014 quispiam
2050 1945 2188 2003 forte

615 2036 846 2089 aestimat:
870 2037 1008 2090 inter
1034 2052 1204 2106 pauca
1235 2036 1603 2091 famulantium
1632 2036 1928 2090 ministeria
1970 2035 2190 2093 inviola-

616 2133 725 2179 tum
755 2127 988 2195 quietem
1014 2143 1173 2196 posse
1203 2143 1437 2193 servare,
1488 2129 1585 2182 nisi
1623 2141 1780 2182 aures
1809 2128 1924 2197 ejus
1977 2127 2188 2183 familiae

615 2221 846 2287 ingentis
873 2221 1129 2290 strepitus
1155 2222 1457 2276 verberarit
1484 2229 1541 2275 et
1564 2222 1842 2276 turbarum
1885 2222 2185 2277 circumso-

616 2316 855 2368 nantium
885 2315 1246 2370 tumultuosus
1265 2316 1467 2370 clamor
1496 2316 1807 2371 obtuderit?
1832 2316 1960 2381 Qum
2001 2315 2185 2387 utique

615 2414 819 2462 sancte
839 2408 1026 2461 animm
1047 2415 1101 2462 et
1128 2408 1360 2477 quietem
1388 2423 1570 2465 veram
1595 2407 1920 2463 desideranti
1950 2423 2055 2463 non
2076 2409 2190 2478 pati

616 2506 821 2553 tantum
864 2499 1023 2554 nimis
1070 2513 1261 2568 magna
1310 2500 1641 2571 inquietudo,
1696 2499 1790 2555 sed
1819 2501 1981 2555 etiam
2005 2499 2189 2554 videre

615 2589 1006 2657 quodammodo
1034 2605 1163 2659 pars
1193 2598 1276 2644 est
1317 2590 1722 2660 inquietudinis,
1755 2604 1997 2658 quasque
2025 2590 2187 2659 etiam

614 2680 656 2733 si
679 2680 907 2741 subdere
948 2680 1139 2751 aliquis
1185 2682 1479 2752 disciplinae
1513 2698 1576 2738 ac
1616 2683 1831 2737 silentlo
1861 2682 2008 2747 velit,
2042 2696 2188 2737 ποιη-

614 2771 1052 2849 primerertamen
1082 2770 1269 2827 earum
1296 2772 1720 2841 inquietudinem
1745 2789 1864 2828 cum
1886 2788 1981 2828 sua
2004 2773 2189 2840 quiete

614 2876 722 2918 non
748 2863 961 2932 possit:
996 2862 1130 2919 adeo
1158 2864 1318 2919 etiam
1349 2874 1375 2903 ιι
1404 2866 1519 2936 ipsa
1559 2865 1863 2922 emendatio
1892 2866 2079 2921 aliena:
2107 2866 2190 2920 in-

614 2954 939 3023 quietudinis
966 2955 1300 3024 perturbatio
1337 2965 1417 3012 est
1446 2966 1646 3017 nostrae
1672 2958 1888 3027 quietis.
1929 2955 2055 3013 Hinc
2093 2973 2189 3013 au-

614 3054 733 3100 tem
768 3061 885 3115 quae
914 3047 981 3102 de
1008 3047 1113 3103 hoc
1154 3064 1287 3104 sexu
1314 3050 1480 3106 locuti
1508 3067 1709 3121 sumus,
1744 3050 1811 3104 ad
1840 3066 2027 3106 omnes
2068 3066 2192 3120 per.-

2290 1851 2415 1907 dum
2445 1851 2571 1906 illud
2599 1871 2610 1906 :
2638 1852 2705 1907 Si.
2726 1871 2845 1924 ergo
2869 1853 3416 1915 delectamimlsedibus
3435 1863 3486 1910 et
3503 1855 3866 1921 stemmatibus,

2291 1960 2432 2017 reges
2462 1946 2671 2017 populi,
2724 1945 2923 2017 diligite
2970 1949 3289 2020 sapientiam
3312 1991 3327 2015 ,
3379 1957 3439 2004 ut
3484 1950 3540 2003 in
3578 1958 3868 2020 perpensum

2292 2038 2511 2110 regnetis
2566 2038 2582 2107 (
2607 2036 2735 2110 Sap.
2763 2056 2838 2107 vr,
2872 2038 2992 2110 29.).
3024 2039 3186 2119 248
3213 2038 3435 2110 Alioqui
3466 2040 3561 2112 qui
3606 2055 3758 2097 error
3781 2047 3870 2109 aut

2290 2147 2410 2207 qua:
2438 2132 2643 2199 insania
2673 2142 2771 2200 est,
2805 2134 3433 2209 quemquambomintm
3456 2150 3579 2193 esse
3780 2134 3870 2209 Qui

2291 2231 2411 2279 acta
2440 2224 2494 2281 in
2521 2225 2710 2294 amplis
2741 2225 2953 2294 opibus,
2976 2224 3123 2295 quod
3140 2225 3314 2287 solum
3329 2223 3531 2280 subicit
3547 2223 3617 2280 ad
3642 2231 3868 2294 reatum,

2290 2331 2460 2386 usque
2488 2317 2556 2370 ad
2578 2315 2719 2371 diem
2744 2316 2991 2377 ultimum
3019 2317 3147 2383 vita,
3181 2331 3281 2375 nec
3309 2317 3369 2372 in
3387 2331 3638 2387 supremo
3659 2314 3870 2386 quidem

2238 2394 2241 2399 λ
2291 2406 2438 2462 exim
2463 2407 2610 2476 large
2639 2424 2701 2471 ac
2730 2408 3018 2469 salubriter
3060 2409 3145 2467 sui
3178 2423 3386 2464 memor
3431 2408 3521 2472 sit,
3552 2422 3654 2464 nec
3676 2408 3735 2463 in
3759 2407 3871 2478 ipsa

2286 2495 2396 2570 iam
2426 2499 2493 2567 de
2521 2515 2621 2565 suo
2645 2501 2859 2557 sibimet
2882 2514 3033 2569 aegra,
3051 2500 3391 2557 extremitate
3406 2507 3696 2571 succurrat
3716 2500 3870 2571 (pm-

2291 2590 2480 2647 sertim
2501 2608 2622 2647 cum
2645 2592 2699 2647 in
2723 2592 2940 2654 divitiis,
2965 2606 3062 2660 per
3088 2607 3147 2646 se
3171 2588 3457 2648 Dominum
3470 2591 3869 2655 accusantibus,

2292 2685 2583 2757 secundum
2614 2685 2762 2750 illud,
2803 2684 2895 2739 Va:
2916 2683 3056 2739 vobis
3088 2682 3267 2739 divite:
3288 2680 3436 2753 (Luc.
3460 2700 3532 2745 v1,
3564 2682 3677 2751 2t),
3707 2684 3871 2743 etiam

2292 2777 2398 2831 alia
2426 2774 2454 2814 ι’
2486 2775 2761 2846 ipsidiviti
2785 2783 3135 2845 peccatorum
3157 2788 3365 2844 genera.
3382 2788 3494 2833 non
3523 2771 3721 2837 desint,
3750 2778 3871 2841 quae

2292 2868 2346 2931 in
2375 2869 2491 2938 ipso
2519 2868 2831 2929 divitiarum
2849 2868 2973 2922 sinu
2991 2875 3152 2938 atque
3178 2865 3401 2921 matrice
3428 2865 3584 2934 quasi
3620 2865 3675 2919 in
3711 2868 3872 2939 natu—

2293 2960 2391 3013 rali
2420 2959 2653 3031 quodam
2682 2958 2867 3019 fomite
2895 2955 3246 3028 pullularunt),
3275 2964 3333 3012 et
3352 2970 3461 3013 non
3483 2954 3571 3010 vel
3596 2953 3870 3017 inuitimis

2293 3051 2403 3105 suis
2418 3051 2623 3120 idagat,
2643 3051 2695 3105 id
2711 3051 2972 3117 elaboret,
2989 3049 3044 3106 id
3064 3049 3208 3105 omni
3222 3053 3403 3107 rerum
3424 3062 3649 3103 suarum
3669 3046 3867 3107 ambitu

613 3138 801 3202 tinent,
835 3138 1085 3209 omnique
1116 3139 1319 3208 pariter
1345 3140 1518 3206 :etati,
1550 3143 1742 3206 sexui,
1778 3141 2180 3212 inﬁrmitatique
2208 3130 2252 3201 C
2282 3152 2671 3213 promereatur,
2692 3160 2758 3205 ne
2778 3159 2902 3200 reus
2923 3152 3100 3209 exeat,
3121 3159 3191 3198 ne
3218 3139 3529 3205 reusvadat,
3544 3154 3616 3195 ne
3630 3139 3865 3197 crucian-

612 3232 952 3288 conveniunt.
971 3231 1089 3288 Non
1105 3234 1377 3305 estitaqu'e
1404 3234 1549 3307 quod
1567 3242 1874 3306 competere
1901 3235 2182 3305 quisquam

611 3331 711 3379 aut'
743 3340 848 3380 non
898 3325 1087 3379 obesse
1142 3324 1356 3379 divitias
1402 3325 1648 3392 religioni
1697 3331 1851 3394 putet
1900 3343 1912 3377 :
1964 3325 2186 3395 impedid

610 3420 790 3485 menta
833 3415 945 3469 haec
986 3421 1128 3479 sunt,
1165 3429 1273 3469 non
1319 3413 1660 3485 adjumenta;
1692 3430 1877 3481 onera,
1914 3430 2021 3470 non
2050 3415 2181 3471 sub-

609 3506 762 3585 sidia.
797 3503 1142 3563 Possessione
1171 3507 1312 3563 enim
1342 3514 1397 3560 et
1422 3523 1519 3561 usu
1542 3523 1706 3577 opum
1736 3524 1845 3563 non
1881 3508 2184 3565 suﬂ’ulcitur

610 3595 828 3663 religio,
859 3597 952 3652 sed
996 3597 1341 3663 subvertitur,
1395 3597 1684 3659 secundum
1733 3598 1862 3659 illud
1891 3598 2037 3669 quod
2078 3600 2186 3659 Do—

609 3689 785 3745 minus
813 3688 929 3759 ipse
958 3689 1089 3745 dicit
1115 3708 1128 3742 :
1162 3686 1470 3747 Sollicitudo
1501 3688 1678 3745 saeculi
1698 3691 1849 3749 istius
1884 3699 1935 3747 et
1967 3693 2183 3763 fallacia

610 3775 902 3833 divitiarim
937 3780 1195 3852 suffocari;
1216 3778 1377 3859 24⁵1
1407 3778 1504 3835 Dei
1537 3779 1769 3847 verbum,
1801 3791 1849 3836 et
1877 3783 1987 3839 sine
2014 3785 2185 3853 fructu

608 3868 826 3939 efﬁcitur
865 3869 1094 3940 (Matth.
1135 3887 1248 3935 xm,
1296 3871 1420 3941 22).
1465 3870 1690 3941 Proprie
1720 3873 1902 3941 utique
1949 3889 2013 3926 ac
2052 3874 2184 3931 satis
2240 3932 2247 3939 _

607 3961 829 4037 pulchre
875 3961 1092 4016 fallaces
1137 3962 1273 4015 dixit
1299 3976 1417 4015 esse
1458 3961 1689 4016 divitias.
1737 3963 1886 4016 Bona
1933 3963 2079 4015 enim
2124 3971 2180 4017 et

607 4048 863 4120 putantur
892 4060 946 4104 et
965 4051 1333 4118 appellantur;
1377 4065 1440 4103 ac
1466 4064 1566 4118 per
1592 4051 1696 4103 hoc
1725 4049 1913 4101 fallunt
1938 4049 2184 4107 homines

607 4142 823 4196 nomine
851 4140 1196 4207 prmsentium
1241 4140 1505 4210 bonorum
1527 4180 1540 4203 ,
1578 4154 1699 4193 cum
1728 4138 1835 4194 sint
1863 4152 2038 4195 causa:
2066 4154 2181 4201 ma-

496 4299 500 4303 g
606 4229 778 4284 lbi-um
806 4237 1150 4284 aeternorum.

674 4315 809 4374 XIV.
841 4319 945 4376 Sed
977 4321 1102 4376 licet
1122 4319 1236 4376 haec
1262 4321 1336 4375 ita
1365 4321 1490 4384 sint,
1524 4329 1583 4376 ut
1602 4321 1742 4377 Deus
1772 4323 1885 4393 ipse
1913 4323 2177 4393 praedixit,

604 4413 1002 4484 acquiescamus
1029 4419 1208 4484 tamen
1248 4411 1477 4466 miseriis
1503 4414 1858 4482 quorumdam
1885 4424 2044 4484 atque
2065 4415 2179 4469 lau-

2285 3232 2408 3303 dum
2433 3241 2617 3301 postea
2629 3248 2844 3302 corpus,
2858 3224 3143 3288 cruciando
3167 3232 3326 3288 etiam
3347 3230 3415 3285 ad
3432 3245 3671 3300 placens
3690 3230 3863 3289 anima

2285 3323 2656 3393 derelinquat?
2685 3323 2818 3389 Quis
2845 3336 2973 3390 ergo
3005 3330 3090 3376 est
3109 3329 3204 3377 aut
3225 3330 3343 3379 tam
3356 3319 3595 3379 inﬁdelis
3614 3319 3864 3384 autinsa~

2287 3431 2393 3469 nus
2435 3415 2526 3487 qui
2561 3415 2677 3481 lucc
2724 3428 2831 3468 non
2868 3413 3088 3482 cogitet,
3123 3412 3241 3468 huic
3289 3426 3395 3466 non
3437 3411 3641 3479 timeat,
3670 3408 3859 3478 quide

2284 3506 2579 3571 substantia
2608 3521 2711 3560 sua
2726 3505 2844 3560 aliis
2870 3504 3042 3573 magis
3069 3519 3230 3574 quam
3251 3503 3353 3558 sibi
3374 3503 3638 3575 consulat,
3657 3509 3718 3557 et
3732 3516 3864 3558 cun—

2286 3605 2375 3653 cta
2412 3597 2629 3667 penitus
2656 3611 2752 3665 spe
2778 3596 2901 3651 vita:
2930 3592 3108 3663 hujus,
3131 3594 3341 3651 cunctis
3366 3591 3615 3647 subsidiis
3640 3590 3863 3647 destitu-

2284 3670 2394 3755 tus,
2424 3702 2586 3745 unam
2615 3685 2986 3743 tantummodo
3014 3684 3269 3750 tabulam,
3301 3682 3391 3751 cui
3414 3682 3673 3737 inhaerere
3691 3679 3864 3739 adhuc
3924 3688 3929 3695 '

2284 3780 2438 3853 quasi
2482 3779 2538 3839 in
2568 3774 2747 3837 medio
2783 3777 2920 3833 mari
2969 3774 3255 3845 naufragus
3287 3775 3478 3845 possit,
3501 3774 3733 3837 amittat,
3760 3786 3862 3827 nec

2286 3873 2496 3939 amittat
2539 3867 2926 3933 tantummodo,
2967 3866 3063 3921 sed
3090 3865 3309 3935 abjiciat
3329 3873 3491 3935 atque
3517 3882 3557 3920 a.
3573 3880 3635 3920 se
3652 3863 3861 3935 penitus

2285 3960 2538 4030 expellat,
2565 3959 2813 4013 omnibus
2848 3957 3029 4015 modis
3066 3956 3131 4013 id
3147 3958 3432 4014 elaborans
3473 3973 3542 4014 ne
3593 3956 3719 4027 quid
3758 3955 3861 4012 sibi

2284 4049 2502 4104 omnino
2531 4047 2791 4116 reliquum
2821 4062 2939 4104 esse
2958 4045 3120 4105 faciat
3145 4064 3257 4118 quo
3281 4049 3548 4118 periturus
3567 4047 3797 4103 evadat?L
3836 4084 3845 4091 κ

2352 4135 2466 4190 XV.
2502 4135 2630 4203 Qua:
2658 4152 2781 4193 cum
2822 4137 2896 4193 ita
2932 4138 3057 4203 sint,
3080 4137 3246 4197 dicite
3261 4130 3411 4201 mihi,
3442 4151 3649 4207 qum,
3671 4150 3863 4193 omnes

2284 4223 2553 4295 Christum
2582 4236 2852 4285 amantes.
2885 4229 2929 4283 si
2959 4243 3078 4285 esse
3106 4228 3200 4283 ulli
3228 4229 3446 4285 omnino
3474 4228 3719 4284 heminas
3743 4234 3855 4282 tam

2284 4317 2409 4372 szcvi
2438 4332 2502 4373 ac
2524 4325 2633 4371 tam
2652 4317 2894 4373 crudeles
2915 4318 3205 4373 adversum.
3220 4318 3471 4375 inimicos
3492 4323 3883 4396 suospossuut.~

2282 4424 2443 4480 quam
2484 4417 2610 4465 sunt
2633 4410 2721 4465 isti
2758 4409 3039 4466 :fdversum
3081 4425 3141 4466 se
3172 4428 3185 4462 :
3218 4405 3347 4465 nulli
3374 4411 3573 4480 quippe
3594 4416 3717 4465 sunt
3740 4415 3865 4464 tam.

603 4501 872 4569 guoribus,
902 4502 993 4568 qui
1022 4506 1212 4569 putant
1238 4517 1296 4555 se
1323 4501 1439 4555 sine
1485 4503 1691 4571 magnis
1727 4504 1945 4559 omnino
1990 4505 2179 4575 opibus
2209 4500 2257 4559 Ι)
2282 4499 2409 4567 feri,
2440 4509 2549 4556 tam
2570 4501 2847 4557 inhumani
2870 4541 2884 4566 ,
2913 4502 3004 4571 qui
3046 4516 3159 4556 non
3186 4500 3274 4556 Vel
3299 4500 3612 4571 desperatos
3633 4499 3749 4569 iam.
3772 4507 3856 4555 atp-

603 4590 761 4646 vitam
783 4605 941 4658 agere
964 4605 1071 4644 non
1091 4605 1268 4659 posse.
1300 4590 1430 4647 Esto
1456 4600 1535 4659 tu,
1567 4593 1869 4663 quicunque
1918 4602 2009 4657 aut
2034 4610 2178 4664 quae-

601 4692 809 4748 cunque
837 4679 926 4733 illa
975 4694 1033 4735 es
1076 4682 1246 4737 sancti
1275 4683 1509 4739 nominis
1537 4700 1599 4740 ac
1647 4684 2027 4754 professionis;
2058 4694 2175 4744 esto

600 4769 827 4838 divitias,
860 4780 975 4828 esto
997 4774 1181 4844 copias
1206 4782 1327 4832 tuas
1366 4792 1536 4846 usque
1582 4777 1649 4831 ad
1689 4779 1847 4845 ﬁnem
1877 4779 1995 4835 vitae
2025 4780 2176 4839 istius

597 4864 817 4933 habeas,
850 4865 1139 4921 dummodo
1165 4868 1355 4925 saltem
1383 4868 1437 4921 in
1470 4866 1574 4925 line
1601 4868 1697 4924 tibi
1724 4870 1987 4929 conferas.
2022 4870 2169 4939 Esto,

600 4960 757 5013 rebus
784 4975 847 5015 ac
875 4956 1219 5015 facultatibus
1250 4961 1353 5016 tui's
1380 4959 1565 5035 invita
1594 4962 1695 5017 hac
1719 4963 1794 5017 uti
1832 4964 1982 5026 velis,
2016 4964 2170 5023 dum-

600 5049 756 5103 modo
781 5052 859 5105 tui
884 5051 969 5106 vel
994 5050 1231 5106 moriens
1254 5068 1362 5107 non
1387 5052 1736 5129 obliviscaris,
1756 5061 1813 5108 et
1838 5054 1913 5113 ad‘
1926 5055 2042 5123 ejus
2059 5056 2175 5111 cul-

598 5144 707 5191 tum
732 5146 892 5211 atque
910 5138 1171 5207 honorem
1196 5140 1532 5219 referendam
1548 5143 1645 5197 tibi
1665 5144 2013 5219 substantiam
2030 5152 2185 5201 tuam»

599 5232 902 5287 memineris
930 5234 1081 5304 cujus
1104 5218 1708 5313 temunereaccepisse
1736 5218 2032 5313 cognoscis.
2068 5234 2178 5289 liu-

2283 4606 2388 4667 que
2416 4594 2707 4653 morientes
2745 4590 3079 4648 adversarios
3117 4606 3247 4647 siros
3281 4592 3531 4660 persequi
3575 4591 3865 4656 desinant;

2282 4687 2369 4747 isti
2397 4687 2602 4757 seipsos
2624 4686 2784 4741 etiam
2820 4684 2873 4739 in
2901 4691 3074 4740 morte
3098 4685 3259 4753 positi
3302 4691 3713 4755 persequuntur.
3743 4683 3865 4739 Aur

2282 4793 2391 4853 non
2419 4785 2500 4833 est
2552 4777 2657 4832 hoc
2681 4775 2983 4847 pomecutio
3007 4814 3023 4839 ,
3053 4782 3148 4830 aut
3171 4790 3288 4831 esse
3316 4774 3419 4835 alia
3446 4774 3618 4845 major
3655 4782 3855 4845 potest,
3902 4832 3906 4836 ,

2281 4864 2613 4929 exharedari
2637 4866 2915 4922 hominem
2938 4881 2968 4920 a
2989 4881 3049 4923 se
3069 4866 3213 4935 ipso,
3240 4876 3261 4904 θ
3289 4872 3561 4927 enitor-nem
3589 4866 3851 4925 bonorum

2281 4958 2519 5015 omnium
2548 4956 2683 5025 ﬁeri,
2715 4965 2773 5013 et
2796 4957 2948 5028 quasi
2976 4957 3043 5013 in-
3060 4956 3306 5013 exsilium
3336 4972 3371 5013 a
3389 4973 3451 5013 se
3476 4959 3596 5027 ipso
3622 4957 3743 5026 agi?
3765 4963 3869 5012 uti»

2280 5064 2386 5120 que
2412 5049 2518 5112 hoc
2556 5064 2668 5109 non
2691 5048 2958 5111 communi
2987 5063 3137 5105 more
3158 5056 3250 5104 aut
3268 5049 3499 5115 usitato,
3513 5048 3609 5113 sed
3639 5063 3783 5105 novo
3797 5055 3859 5103 et

2281 5141 2675 5205 crudelissimo.
2704 5140 2864 5214 ω
2889 5138 2915 5178 ά
2938 5138 3137 5199 Omnes
3158 5140 3315 5196 enim
3343 5141 3585 5206 exsulem
3603 5139 3719 5198 etsi:
3734 5148 3865 5196 cor-'

2281 5234 2503 5302 poribus
2542 5232 2886 5300 ambigantur,
2935 5231 3131 5289 animis
3172 5247 3280 5288 non
3318 5232 3705 5296 alucinantis;
3751 5228 3874 5287 οὐκ

1795 5324 2131 5385 STEPHANI
2169 5322 2451 5383 BALUZJL
2474 5321 2697 5381 NOTAE.

676 5419 704 5450 ι
738 5410 903 5467 Antea
929 5414 1410 5493 legebaturjpsum
1441 5421 1815 5493 commercium.
1840 5417 1944 5472 Sed
1959 5419 2070 5493 ista
2091 5417 2170 5493 le-

596 5480 725 5546 ctio,
742 5495 900 5557 quam
931 5480 1175 5557 et’editio
1189 5480 1405 5543 'Pi'thoei'
1425 5496 1481 5544 et
1507 5489 1639 5557 regii
1656 5488 1869 5547 codices
1889 5486 2165 5557 exhibent,

599 5550 1115 5629 mt_nc_demum__visa
1144 5557 1438 5629 est‘nlelior
1463 5550 1684 5629 propter
1708 5556 2081 5629 praecedentia.

663 5618 693 5694 ξ
730 5618 959 5694 Yeteres
974 5620 1120 5694 libri,
1144 5618 1515 5694 ipsiADomino.

666 5682 691 5712 ⁸
730 5686 790 5746 in
835 5682 1122 5747 recentiori
1166 5682 1354 5750 'codice
1402 5696 1550 5765 regio
1585 5698 1843 5768 scriptum
1882 5703 1967 5753 est
1992 5710 2173 5750 exsor-

2276 5424 2395 5559 Ὕ
2409 5481 2536 5559 Haec
2561 5498 2681 5552 sum
2704 5491 3035 5559 sequuntur.
3087 5498 3254 5559 assae
3295 5484 3609 5559 adversus

2271 5555 2472 5624 desunt
2491 5554 2541 5605 in
2572 5562 2803 5624 utroque
2822 5553 3008 5611 codice
3035 5552 3193 5624 regio;
3211 5562 3275 5610 et
3293 5555 3347 5611 in
3375 5554 3688 5615 Goibertiuo
3702 5592 3742 5624 ,_

2272 5624 2351 5679 sic
2374 5623 2567 5697 legitur
2594 5640 2604 5674 :
2641 5620 2747 5679 Sed
2779 5640 2909 5681 nam
2945 5633 2997 5680 et
3031 5620 3413 5692 crudelissima,
3454 5624 3655 5685 scilicet
3685 5621 3774 5679 ubi
3797 5622 3861 5676 il

2273 5690 2532 5750 exsilium.
2560 5699 2667 5747 etc.
3870 5730 3877 5741 .
