4246 6264
670 222 772 288 907

1626 226 1683 280 S.
1727 225 2041 281 SALVIANI
2085 170 2546 282 M'ASSILIENSIS
2585 221 3011 284 PRESBYTERI

3875 223 3985 287 ξοδ

669 345 906 406 futurum
933 337 1140 392 homini
1167 335 1426 406 quidquid
1453 334 1649 389 divina:
1687 336 1984 404 praetulerit
2004 336 2274 390 ciraritati.
2302 342 2355 399 Α
2382 345 2477 390 aut
2503 338 2621 392 sine
2650 336 2756 392 ﬁne
2786 344 3134 392 tormentum.
3165 324 3232 388 Et
3259 343 3318 390 tu
3346 336 3414 391 de
3443 337 3834 408 locupletandis
3855 342 3998 410 qui»

663 434 791 488 Ilrec
820 445 950 498 ergo
980 430 1052 482 ita
1081 436 1228 483 sunt.
1259 427 1367 482 Sed
1393 421 1532 492 esto',
1557 434 1616 500 ut
1633 426 1764 492 dixi,
1795 426 2055 494 indulgeri
2085 442 2273 496 paren-

663 523 807 577 tibus
834 521 1006 592 possit
1036 529 1243 575 naturre
1293 518 1638 582 insalubriter
1683 516 2101 584 indulgentibus.
2133 516 2272 582 Quid

660 614 808 685 quod
839 624 867 680 τι,
897 614 1141 670 nonnulli
1163 612 1300 668 ﬁlios
1327 628 1436 666 non
1466 611 1745 674 habentes,
1770 625 1800 663 a
1830 619 2080 680 respectu
2105 625 2166 665 se
2191 621 2271 664 ta-

661 724 790 763 men
820 707 1008 762 salutis
1036 722 1146 761 snze
1166 715 1220 760 et
1249 702 1486 759 remedio
1507 710 1855 772 peccatorum
1875 702 2090 771 penitus
2117 717 2272 756 avere

656 789 803 868 tunt,
849 817 913 856 ac
939 801 1065 855 licet
1093 800 1296 854 semine
1336 797 1610 866 sanguinis
1639 797 1721 851 sui
1744 804 1983 861 careant,
2023 805 2270 866 qurerunt

661 901 846 958 tamen
875 906 1225 961 quoscunque
1255 889 1389 943 alios
1415 889 1610 956 quibus
1644 887 1999 942 substantiam
2018 940 2019 943 η
2038 888 2268 958 propriae

659 987 932 1042 facultatis
959 987 1240 1048 addicant,
1274 983 1327 1039 id
1356 991 1465 1048 est,
1499 982 1694 1052 quibus
1727 982 2016 1037 umbratile
2046 981 2264 1051 aliquod

655 1078 1076 1149 propinquitatis
1105 1090 1302 1131 nomen
1333 1074 1646 1139 inscribant,
1680 1089 1818 1143 quos
1850 1073 1952 1128 sibi
1981 1073 2134 1142 quasi
2167 1071 2263 1126 ad-—

649 1172 875 1240 ,optiv'os
901 1169 1202 1237 imaginarii
1231 1174 1484 1236 parentes
1508 1163 1649 1220 ﬁlios
1671 1164 1890 1230 faciant,
1922 1171 1977 1219 et
2004 1165 2057 1219 in
2086 1166 2264 1219 locum

656 1277 845 1317 eorum
891 1275 1009 1328 qure
1049 1274 1159 1314 non
1205 1265 1332 1312 sunt
1374 1257 1679 1326 pignorum.
1708 1254 1932 1326 perﬁdia
1969 1264 2264 1323 generante

651 1349 978 1403 succedant?
999 1363 1063 1402 ac
1089 1348 1168 1403 sic
1183 1347 1471 1401 miserrimi
1492 1347 1693 1416 quique
1716 1354 1771 1400 et
1801 1346 2122 1422 impiissimi,
2141 1362 2261 1401 eum

649 1439 882 1494 vinculis
913 1437 1146 1493 ﬁliorum
1175 1454 1284 1494 non
1315 1438 1784 1506 constringantur,
1817 1437 1919 1507 ipsi
1951 1445 2129 1492 tamen
2160 1437 2262 1492 sibi

653 1532 872 1587 vincula
927 1540 1122 1602 parant
1167 1533 1363 1602 quibus
1406 1529 1641 1586 infelicia
1692 1530 1994 1585 animarum
2041 1531 2260 1584 Suarum

647 1624 790 1679 colla
820 1624 1223 1692 constringant;
1265 1638 1387 1678 cum
1428 1623 1509 1676 vis
1537 1621 1960 1677 domesticorum
1989 1621 2257 1676 discrimi-

2376 430 2689 499 buscunque
2718 430 3020 486 barredibus
3047 431 3154 485 tuis
3179 431 3406 498 cogitas,
3438 431 3506 485 de
3534 431 3730 501 opibus
3753 441 3984 502 agnato-

2375 538 2495 576 rum
2524 531 2740 577 tuorunr
2785 507 3250 591 cognatorumque
3278 522 3537 593 suspiras,
3565 536 3729 591 quem
3756 525 3981 594 potissi-

2374 629 2523 667 mum
2542 613 2795 668 ditiorem
2825 613 3152 684 patrimonio
3187 624 3282 669 tuo
3309 612 3496 678 facias,
3523 612 3609 668 cui
3630 614 3983 683 supellectilis

2375 703 2538 759 varia:
2579 715 2896 760 ornamenta
2925 705 3279 770 transcribas,
3309 703 3463 774 cujus
3491 704 3787 774 apothecas
3806 707 3981 778 copiis

2329 830 2340 834 ι
2374 797 2480 851 tuis
2510 797 2740 865 repleas,
2765 796 2854 851 cui
2893 796 3056 867 25h.
3082 795 3344 866 majorem
3385 811 3665 852 servorum
3693 812 3977 854 numerum

2329 920 2334 924 ν
2372 888 2768 957 derelinquas?
2801 887 3170 943 lnfelicrssrme
3229 889 3500 952 omnium,
3559 890 3767 958 cogitas
3813 906 3975 961 quam

2370 978 2509 1034 bene
2539 980 2628 1033 alii
2650 991 2774 1050 post
2803 988 2856 1034 te
2888 981 3086 1046 vivant,
3120 996 3227 1036 non
3264 982 3470 1049 cogitas
3495 995 3659 1050 quam
3691 983 3834 1038 male
3861 985 3976 1055 ipse

2370 1061 2647 1127 moriaris!
2681 1071 2777 1126 Die
2805 1072 2956 1137 mihi,
2987 1087 3193 1143 quieso,
3223 1089 3256 1127 ο
3295 1073 3478 1136 miser,
3504 1088 3538 1128 o
3569 1073 3819 1138 inﬁdelis,
3852 1090 3973 1130 cum

2368 1163 2552 1218 multis
2572 1163 2956 1233 patrimonium
2986 1171 3139 1218 tuum
3170 1163 3396 1228 dividas,
3424 1179 3546 1218 cum
3575 1150 3776 1220 rnultOs
3803 1165 3972 1220 facul—

2368 1256 2568 1310 tatibus
2597 1255 2702 1310 tuis
2751 1253 2911 1320 dites,
2943 1253 3185 1325 nunquid
3230 1254 3298 1309 de
3326 1255 3442 1310 solo
3492 1263 3544 1310 te
3571 1270 3633 1309 es
3677 1263 3787 1309 tam
3832 1256 3972 1310 nrale

2367 1348 2595 1402 meritus
2621 1356 2681 1402 ut
2711 1347 2805 1402 tibi
2835 1363 2936 1402 rrec
2976 1348 3116 1402 inter
3144 1355 3432 1402 extraneos
3457 1348 3633 1402 locutu
3666 1346 3836 1403 facias
3856 1348 3966 1403 ha:-

2365 1438 2546 1494 redis?
2578 1438 2716 1495 Ecce
2747 1446 3026 1510 exspectat
3055 1449 3107 1494 te
3129 1438 3240 1508 jam
3271 1452 3615 1508 egressurum
3643 1438 3711 1494 de
3739 1439 3848 1494 vita
3869 1439 3969 1494 ista

2364 1526 2602 1585 ofﬁcium
2635 1530 2916 1585 tribunalis
2964 1530 3125 1595 sacri,
3158 1526 3478 1601 exspectant
3526 1540 3763 1586 tortores
3791 1532 3970 1600 angeli

2363 1635 2419 1681 et
2459 1627 2844 1682 immortalium
2877 1635 3270 1682 tormentorum
3301 1626 3568 1681 terribiles
3605 1626 3863 1690 ministri;
3908 1636 3967 1681 et

646 1730 777 1770 num
798 1714 942 1768 nulla
972 1715 1060 1780 sit,
1085 1714 1214 1769 foris
1236 1713 1520 1768 discrimen
1552 1722 1862 1779 arcessunt;
1895 1721 1950 1767 el
1973 1713 2096 1767 licet
2121 1728 2250 1767 cau-
2283 1718 2330 1778 B
2357 1724 2414 1772 tu
2445 1717 2650 1774 futuras
2692 1726 2813 1787 post
2844 1726 2894 1772 te
2943 1716 3213 1771 haeredum
3267 1714 3616 1771 mundialium
3659 1716 3966 1786 voluptates

645 1821 721 1862 sa:
745 1805 923 1860 desint
938 1806 1320 1875 periculorum,
1342 1812 1707 1870 ruunttamen
1723 1804 1875 1874 quasi
1899 1805 1950 1858 in
1973 1803 2251 1858 interitum

643 1900 1011 1955 voluntarium
1033 1919 1044 1952 :
1070 1914 1301 1968 quorum
1324 1913 1538 1952 errores
1554 1897 1905 1952 infelicissimi
1927 1911 2036 1964 quo
2057 1896 2250 1950 all'ectu

643 1992 815 2048 animi
858 1991 1159 2061 accipiendi
1205 1991 1312 2044 sint
1339 1989 1368 2028 ιι
1400 2005 1464 2044 ac
1511 1987 1734 2053 ferendi,
1768 2003 1937 2058 prope
1990 1988 2252 2041 incertum

554 2067 560 2072 ⁷
613 2085 790 2154 apud
819 2083 1079 2154 quosdam
1109 2083 1278 2138 videri
1302 2090 1482 2152 potest
1511 2080 1848 2136 irascendunr
1881 2096 1948 2134 ne
1973 2080 2036 2134 iis
2064 2095 2130 2132 an
2153 2080 2253 2133 do-

642 2175 868 2233 lendum
896 2178 986 2232 sit.
1019 2174 1189 2235 Error
1217 2175 1360 2230 enirn
1401 2175 1592 2230 dolore
1629 2174 1823 2242 dignus
1863 2181 1974 2238 est,
2007 2171 2254 2240 impietas

641 2259 1041 2323 exsecratione.
1074 2266 1156 2321 Ad
1183 2265 1367 2322 ﬁeturn
1395 2266 1656 2320 trahimur
1685 2265 2018 2329 infelicitate,
2052 2265 2254 2336 ad‘ira-

641 2358 897 2414 eundiam
911 2357 1245 2412 inﬁdelitate.
1265 2357 1322 2413 In
1349 2373 1454 2411 una
1484 2373 1542 2411 re
1571 2367 1655 2411 est
1681 2356 1826 2425 quod
1848 2373 1946 2426 pro
1976 2356 2250 2410 hominum

637 2447 952 2522 insipientia
1001 2448 1298 2516 lugeamus,
1359 2448 1414 2500 in
1455 2446 1560 2500 alia
1591 2446 1735 2516 quod
1781 2461 1880 2516 pro
1923 2445 2018 2500 Dei
2068 2460 2251 2501 amore

637 2557 976 2608 movemur,
1023 2542 1182 2615 253
1225 2542 1394 2596 ullum
1434 2540 1654 2595 omnino
1700 2541 1979 2594 hominum
2023 2541 2251 2594 inveniri

638 2645 736 2692 aut
763 2648 884 2692 esse
912 2650 1074 2705 posse
1109 2635 1202 2704 qui
1242 2634 1470 2689 decrrrso
1500 2632 1727 2688 infelicis
1756 2633 1878 2686 vita:
1910 2633 2063 2687 istius
2101 2632 2250 2687 brevi

639 2729 845 2799 Spatia,
873 2728 928 2780 in
949 2727 1067 2798 ipsa
1098 2726 1445 2781 extremitate
1469 2725 1582 2794 jam
1613 2725 1874 2795 pendens,
1909 2725 2078 2778 iturus
2108 2724 2254 2782 illico,

636 2818 708 2874 ad
731 2817 967 2873 tribunal
995 2817 1111 2880 Dei,
1145 2814 1438 2887 quidquam
1468 2815 1613 2870 aliud
1634 2817 1836 2884 cogitet
1865 2826 2061 2886 praeter
2089 2815 2248 2871 ﬁnem

635 2923 816 2975 suum,
834 2908 1128 2978 quidquam
1152 2906 1297 2960 aliud
1324 2915 1522 2978 prteter
1536 2907 1740 2961 exitum
1761 2922 1936 2973 suum,
1958 2906 2248 2977 quidquam

635 2998 783 3053 aliud
801 3007 1001 3070 przeter
1027 2999 1326 3069 periculurn
1355 3015 1510 3054 suum
1531 3017 1544 3065 ;
1569 3007 1624 3054 et
1649 3000 1893 3068 neglecta
1921 3015 2018 3069 spe
2047 3015 2142 3054 sua
2163 3007 2247 3053 at-

2358 1809 2539 1864 anirno
2567 1809 2798 1874 volutas,
2827 1817 2884 1862 tu
2925 1807 3145 1862 delicias
3174 1807 3403 1862 aliorum
3433 1817 3614 1863 mente
3635 1817 3957 1879 pertractas,

2357 1916 2522 1970 quam
2552 1901 2691 1956 bene
2715 1901 2924 1956 scilicet
2951 1909 3076 1972 post
3125 1909 3177 1955 te
3205 1899 3376 1956 haeres
3408 1911 3531 1956 tuus
3558 1901 3627 1956 de
3657 1911 3749 1956 tuo
3795 1917 3960 1972 pran-

2357 1989 2483 2044 deat
2533 1990 2730 2058 quibus
2759 1989 2930 2060 copiis
2949 1997 3195 2044 ventrcrn
3217 1990 3454 2060 expleat,
3488 1990 3961 2067 quomodousque

2357 2080 2424 2134 ad
2451 2094 2709 2136 nauseam
2743 2079 3130 2158 redundantem
3167 2081 3380 2158 (viscera
3421 2089 3732 2136 exsaturata
3754 2080 3958 2136 disten-

2356 2173 2468 2228 dat!
2487 2173 2854 2230 Infelicissime
2869 2175 3132 2239 ornrrirrrn,
3151 2173 3280 2243 quid
3303 2175 3396 2229 tibi
3419 2183 3503 2246 est
3522 2190 3644 2228 cum
3665 2172 3748 2228 his
3762 2172 3953 2238 neniis,

2356 2264 2484 2334 quid
2517 2265 2610 2318 tibi
2633 2281 2754 2318 curn
2782 2265 2865 2319 his
2893 2265 3283 2331 deliramentis,
3308 2263 3435 2336 quid
3466 2280 3588 2320 cum
3612 2263 3839 2320 stultitia
3868 2264 3957 2317 Iru-

2349 2355 2438 2424 jus
2486 2357 2707 2420 erroris,
2739 2355 2868 2424 quid
2923 2372 3046 2410 cum
3101 2355 3407 2426 perditione
3463 2357 3618 2411 istius
3669 2355 3956 2410 vanitatis?

2353 2445 2602 2517 Nunquid
2648 2463 2967 2502 succurrere
3008 2449 3112 2504 hoc
3143 2449 3238 2504 tibi
3268 2449 3408 2503 inter
3448 2450 3709 2520 srrpplicia
3747 2464 3954 2504 srrnnrra

2353 2539 2573 2609 poterit,
2598 2539 2641 2593 si
2673 2539 2718 2593 is
2749 2540 2839 2608 qui
2876 2554 2962 2594 res
2995 2549 3115 2593 luas
3144 2539 3368 2609 prodige
3395 2541 3662 2606 comedit,
3695 2540 3872 2596 lautus
3904 2550 3956 2595 et

2354 2644 2582 2700 pransus
2612 2630 2749 2684 bene
2770 2629 3046 2695 eructarit,
3076 2640 3098 2668 ε
3132 2639 3224 2684 aut
3249 2629 3410 2684 etiam
3437 2639 3495 2684 ut
3526 2630 3638 2695 tibi,
3663 2632 3753 2699 qui
3785 2632 3958 2686 devo-

2352 2722 2518 2784 randa
2544 2729 2636 2776 tua
2659 2722 2839 2776 omnia
2864 2721 3150 2786 tradidisti,
3183 2720 3504 2777 redundzurti
3548 2721 3815 2776 cruditate
3837 2723 3959 2792 plus

2350 2823 2590 2886 praestet,
2622 2813 2666 2868 si
2688 2814 2826 2868 bene
2851 2813 3154 2868 vomuerit?

2424 2908 2510 2962 IV.
2549 2906 2654 2963 Sed
2683 2907 2855 2962 dehis
2885 2907 3026 2962 unde
3049 2922 3192 2961 nunc
3220 2905 3510 2976 loquimur,
3539 2905 3582 2959 si
3609 2919 3696 2960 res
3719 2919 3785 2959 ac
3816 2905 3955 2960 ratio

2351 3000 2766 3072 postulaverint,
2791 3000 2953 3055 etiam
2980 3009 3102 3070 post
3127 2999 3241 3054 hanc
3269 2997 3445 3067 aliqua
3464 2997 3774 3053 snbdcnnrs.
3808 2996 3950 3053 Inte-

636 3104 745 3160 que
772 3089 971 3156 anima,
1003 3090 1090 3145 cui
1134 3073 1391 3160 opitulari
1430 3091 1780 3166 aliquatenus
1808 3092 1894 3146 vel
1945 3092 1996 3146 in
2048 3091 2249 3145 ultimis
2277 3100 2323 3162 ο
2354 3093 2453 3146 rim
2513 3093 2616 3148 hoc
2669 3092 2978 3162 specialiter
3019 3089 3141 3146 dico
3188 3100 3242 3144 et
3287 3089 3545 3161 peculiari
3582 3088 3948 3145 admonitione

549 3236 554 3240 ,
633 3181 749 3251 suis
775 3181 922 3235 omni
942 3181 1142 3246 studio,
1161 3182 1306 3237 omni
1331 3181 1469 3244 nisu,
1489 3180 1636 3235 omni
1656 3195 1714 3235 re
1739 3196 1802 3235 ac
1821 3181 2118 3235 substantia
2146 3196 2240 3235 sua

635 3271 854 3336 debeat,
879 3272 984 3326 hoc
1012 3272 1188 3326 solum
1212 3273 1434 3340 cogitet,
1466 3272 1572 3327 hoc
1596 3272 1771 3326 solum
1800 3272 1980 3328 animo
2002 3288 2099 3329 suo
2128 3274 2243 3329 vol-

633 3371 746 3430 Vat,
763 3377 926 3432 quam
948 3361 1093 3416 laute
1117 3362 1287 3416 haeres
1313 3377 1442 3416 suus
1479 3378 1566 3418 res
1594 3378 1718 3419 suas
1742 3363 2021 3419 comedat!

702 3455 791 3510 III.
836 3455 1134 3510 Miserrime
1183 3454 1444 3519 omnium,
1475 3455 1607 3524 quid
1654 3455 1918 3511 sollicitus
1966 3472 2052 3519 es,
2112 3456 2241 3528 quid

632 3554 850 3615 aestuas,
883 3545 1011 3618 quid
1031 3554 1308 3602 auctorem
1336 3562 1519 3602 rerum
1549 3547 1909 3618 periturarum
1938 3537 2053 3619 ipse
2082 3557 2134 3604 te
2163 3550 2242 3604 fa-

631 3640 748 3696 cis?
777 3627 1050 3696 An‘times
1077 3638 1217 3695 forte
1259 3655 1327 3696 ne
1365 3640 1543 3697 desint
1577 3642 1689 3713 qui,
1724 3649 1776 3697 te
1817 3651 2051 3709 mortuo,
2095 3642 2240 3712 quod

631 3730 989 3801 dereliqueris
1011 3732 1241 3788 vorent?
1266 3731 1404 3788 Nolo
1425 3740 1653 3800 metuas;
1685 3733 1814 3789 nolo
1841 3734 2097 3790 verearis.
2129 3731 2240 3787 Uti-

631 3839 759 3879 nam
782 3833 892 3879 tam
912 3823 1067 3881 facile
1089 3834 1147 3880 tu
1168 3826 1348 3881 salvus
1368 3841 1517 3882 esses
1542 3841 1706 3896 quam
1731 3835 1820 3881 tua
1844 3827 2025 3881 omnia
2045 3826 2240 3896 deper-

629 3916 816 3975 ibuntl
853 3915 897 3971 Ο
931 3916 1249 3984 inﬁdelitas,
1287 3935 1321 3973 ο
1354 3917 1714 3987 perversitas!
1751 3915 1926 3970 Etiam
1963 3917 2123 3985 vulgo
2158 3917 2240 3971 di-

629 4017 780 4064 etum
804 4017 906 4075 est,
931 4025 1122 4064 omnes
1145 4009 1247 4062 sibi
1265 4009 1460 4063 melius
1480 4009 1620 4062 velle
1641 4022 1803 4076 quam
1833 4008 2010 4062 alteri.
2028 4009 2234 4062 Novum

629 4099 740 4154 hoc
758 4100 987 4153 monstri
1012 4113 1181 4167 genus
1207 4106 1308 4162 est,
1334 4097 1556 4152 cuilibet
1583 4112 1910 4165 quemquam
1940 4098 2077 4151 velle
2106 4113 2235 4153 corr-

629 4188 834 4252 sulere,
882 4195 1089 4242 tantum
1127 4203 1198 4242 ne
1225 4187 1345 4242 sibi.
1382 4187 1523 4243 Ecce
1559 4188 1734 4242 iturus
1763 4203 1840 4251 es,
1875 4186 2234 4242 infelicissime

628 4279 893 4347 omnium,
927 4279 995 4334 ad
1015 4291 1243 4336 examen
1271 4295 1506 4344 sacrum,
1538 4279 1606 4334 ad
1636 4279 1975 4335 tremendum
1999 4280 2130 4335 illud
2152 4281 2232 4334 in-

626 4372 1078 4442 tolerandumque
1095 4374 1379 4444 judicium,
1415 4374 1507 4428 ubi
1535 4373 1902 4443 peregrinanti
1929 4375 2120 4428 animm
2149 4382 2231 4428 at-

627 4452 736 4534 que
757 4464 930 4518 anxia;
959 4465 1164 4520 nullum
1206 4473 1387 4536 potest
1417 4466 1639 4520 omnino
1677 4481 1795 4520 esse
1835 4467 2087 4522 solatium
2127 4468 2228 4522 nisi
2255 4480 2309 4540 ι)

626 4554 748 4609 sola
787 4556 1162 4610 tantummodo
1191 4557 1336 4611 bona
1366 4557 1728 4624 conscientia,
1754 4559 1856 4613 nisi
1885 4559 2000 4614 sola
2020 4567 2226 4614 tantunr

627 4645 888 4719 innocens
934 4647 1043 4701 vita
1091 4657 1202 4716 aut,
1245 4649 1390 4719 quod
1420 4650 1724 4721 proximum
1761 4659 1845 4706 est
1883 4651 2040 4707 bonae
2081 4651 2223 4717 vitre,

624 4738 1026 4815 misericordia;
1069 4741 1161 4797 ubi
1197 4758 1293 4798 reo
1320 4743 1526 4811 homini
1555 4743 1760 4811 nullum
1796 4754 1878 4800 est
1900 4744 2226 4814 adjutorium

625 4829 732 4884 nisi
771 4829 887 4886 sola
933 4846 1086 4887 mens
1133 4834 1312 4902 larga,
1351 4835 1455 4890 nisi
1498 4835 1814 4906 prenitentia
1858 4836 2131 4893 fructuosa
2171 4847 2226 4893 et

625 4922 985 4995 elecmOsynte
1027 4925 1261 4997 copiosa:
1297 4928 1450 4996 quasi
1478 4944 1671 4984 manus
1708 4929 1922 4998 validm,
1951 4931 2042 4986 ubi
2067 4932 2223 4988 deni-

623 5027 731 5083 que
772 5031 873 5086 pro
901 5016 1216 5074 diversitate
1244 5020 1563 5076 meritorum
1606 5029 1699 5075 aut
1725 5037 1993 5077 summum
2021 5024 2223 5080 bonum

625 5101 868 5165 invenies
887 5118 982 5166 aut
995 5125 1265 5168 summurn
1277 5111 1501 5178 malum,
1517 5120 1612 5168 aut
1625 5113 1928 5170 immortale
1947 5109 2221 5185 praemium

2347 3199 2688 3250 commoneo,
2734 3199 2800 3238 ne
2831 3184 2996 3238 ullum
3045 3183 3268 3239 onrrrino
3308 3183 3503 3252 aliquis
3530 3182 3776 3252 quamvis
3821 3182 3947 3236 cha-

2343 3278 2612 3334 rissirmrrn
2663 3277 2852 3346 pignus
2882 3277 3075 3330 anima:
3103 3291 3213 3329 suae
3261 3275 3530 3344 praeferat.
3580 3273 3766 3343 Neque
3803 3274 3943 3330 enim

2329 3370 2589 3438 .iniquurrr
2611 3379 2694 3424 est
2725 3378 2782 3422 ut
2802 3367 3028 3438 quilibet
3050 3367 3482 3423 Christianorum
3511 3367 3674 3424 etiam
3699 3367 3946 3436 legitimis

2343 3459 2648 3516 Irteredibus
2676 3461 2728 3514 in
2757 3459 2956 3514 s.rculo
2979 3458 3156 3514 ruimrs
3183 3456 3211 3495 ἀ
3241 3469 3526 3530 congerat,
3555 3458 3846 3514 dummodo
3871 3459 3946 3514 si-

2342 3550 2511 3606 bimet
2543 3552 2593 3605 in
2626 3552 2931 3606 :ctcrnitate
2957 3560 3240 3604 succurrat
3279 3550 3464 3616 multis
3492 3551 3694 3616 modis;
3725 3551 3848 3621 quia
3891 3561 3944 3606 et

2343 3645 2554 3701 facilius
2573 3653 2655 3700 est
2686 3644 2981 3710 lricdeesse
3012 3643 3133 3699 liliis
3152 3643 3428 3713 quippiam
3457 3633 3620 3713 quam
3638 3643 3944 3714 parentibus

2342 3733 2395 3788 in
2428 3735 2626 3800 futuro,
2668 3744 2726 3789 ct
2774 3735 2943 3789 rrrulto
2991 3733 3160 3789 levior
3214 3749 3451 3804 przesens
3498 3735 3735 3805 tenuitas
3781 3750 3940 3804 quam

2340 3837 2542 3882 :ctcrna
2567 3834 2885 3896 paupertas;
2918 3825 3154 3880 maxime
3193 3825 3336 3897 quia
3369 3841 3490 3881 crrnr
3533 3826 3642 3881 illic
3676 3842 3779 3882 non
3811 3840 3941 3896 parr-

2340 3927 2522 3988 pertas
2555 3926 2784 3980 tantrrm,
2815 3912 3101 3971 scd'etiam
3133 3932 3281 3972 mors
3321 3933 3385 3973 ac
3426 3933 3584 3988 parua
3627 3919 3935 3983 tirncantnr,

2341 4009 2500 4079 255
2530 4008 2736 4064 facilius
2771 4017 2855 4064 cst
2890 4009 3076 4078 utique
3113 4009 3199 4065 hic
3240 4010 3543 4067 luercdilnrs
3569 4011 3762 4069 deesse
3783 4013 3936 4082 quid-

2341 4107 2463 4162 dam
2494 4106 2562 4162 de
2589 4107 2913 4177 patrimonio
2941 4123 3102 4178 quam
3135 4109 3243 4165 illic
3269 4111 3619 4166 testatoribus
3639 4111 3708 4167 de
3729 4112 3932 4179 salute;

2337 4208 2496 4277 idque
2525 4216 2581 4264 et
2609 4209 2707 4279 ipsi
2737 4209 2930 4278 quibus
2952 4210 3233 4266 lrzrreditas
3253 4192 3661 4282 derelinqnitur,
3693 4213 3740 4268 si
3771 4212 3933 4269 modo

2335 4308 2552 4380 pictatis
2573 4307 2772 4380 aliquid
2796 4309 2849 4363 in
2877 4323 2935 4364 se
2955 4309 3156 4364 habent
3174 4348 3188 4374 ,
3214 4310 3521 4380 specialiter
3540 4312 3675 4366 velle
3701 4311 3936 4367 debeant

2336 4427 2405 4467 ne
2435 4411 2510 4466 illi
2535 4422 2756 4482 pereant
2777 4411 2868 4480 qui
2901 4413 3226 4482 relinquunt.
3251 4413 3406 4480 Quod
3435 4414 3618 4483 utique
3644 4412 3688 4467 si
3717 4413 3934 4481 nolunt,

2334 4513 2504 4569 multo
2547 4513 2723 4567 minus
2761 4512 2905 4582 digni
2936 4523 3060 4567 sunt
3099 4513 3294 4582 quibus
3327 4513 3525 4583 aliquid
3565 4513 3930 4583 relinquatur;
3997 4489 4002 4494 ’

2334 4613 2459 4683 quia
2490 4627 2596 4667 non
2637 4611 2832 4681 injuste
2873 4620 3102 4693 testator
3130 4613 3345 4683 sapiens
3374 4630 3480 4670 non
3512 4614 3767 4684 relinquit
3785 4614 3929 4685 quod

2333 4715 2506 4768 haeres
2547 4713 2756 4788 impius
2783 4729 2890 4768 non
2918 4707 3173 4793 meretui'.
3222 4714 3409 4796 Itaque
3447 4718 3711 4790 optimum
3752 4726 3836 4773 est
3867 4726 3931 4771 ut

2334 4813 2702 4882 unusquisque
2744 4813 2846 4868 sibi
2893 4815 3157 4882 consulat,
3180 4824 3236 4871 et
3281 4817 3474 4871 anima:
3522 4833 3585 4874 ac
3612 4818 3769 4874 saluti
3816 4832 3928 4872 sua:

2329 4913 2510 4970 omnia
2555 4901 2931 4983 derelinquat.
2963 4913 3082 4970 Sint
3109 4917 3353 4986 quamvis
3381 4893 3649 4974 interdum
3697 4933 3804 4974 non
3836 4916 3927 4973 ﬁlii

2325 4993 2556 5080 tantum,
2587 5012 2780 5082 quibus
2805 5013 3018 5070 videtur
3062 5015 3380 5071 naturaliter
3423 5017 3544 5097 plus
3585 5017 3790 5084 deberi,
3831 5017 3925 5073 sed

2327 5115 2492 5172 etiam
2538 5125 2563 5154 ο
2591 5117 2819 5187 pignora
2846 5117 2950 5172 alia
2977 5118 3096 5190 ejus
3121 5118 3207 5174 vel
3233 5120 3412 5176 rneriti
3450 5121 3536 5177 vel
3571 5121 3919 5187 conditionis,

1829 5265 2164 5323 STEPHANI
2202 5267 2475 5325 BALUZII
2513 5267 2744 5325 NOTAE.

700 5406 728 5472 ξ
766 5397 901 5472 Yide
927 5414 1108 5472 supra,
1138 5417 1261 5472 pag.
1292 5402 1419 5458 202.

699 5464 744 5540 ξ
769 5467 974 5540 Desunt
994 5464 1118 5524 ’ἱειὰ
1140 5464 1238 5526 'in'
1268 5475 1574 5530 recentiore
1634 5474 1822 5531 codice
1870 5473 2020 5540 regio
2071 5481 2126 5527 et
2165 5474 2218 5527 in

627 5537 966 5595 Colbertino.
1071 5546 1073 5549 ‘

702 5622 724 5650 ε
765 5607 823 5662 In
850 5618 971 5664 utro

625 5688 720 5742 tur
745 5695 916 5752 usque
953 5697 984 5736 a

1051 5625 1080 5665 e
1101 5609 1288 5684 codice
1309 5614 1465 5684 regio
1485 5615 1690 5684 desunt
1717 5630 1782 5669 ea
1823 5629 1943 5684 qute
1983 5628 2218 5681 sequun-

1063 5696 1226 5737 voces
1265 5683 1412 5750 illas,
1465 5683 1573 5740 Sed
1619 5685 1682 5740 de
1721 5683 1968 5749 Iris,’etc.
2014 5684 2217 5738 Desunt

2329 5405 2495 5459 etiam
2528 5404 2580 5457 in
2601 5403 2932 5460 Colbertino.
3171 5449 3173 5452 .

2399 5471 2424 5510 ά
2466 5475 2639 5552 Antea
2666 5475 2946 5543 legebatur
2970 5482 3224 5552 consuler,
3256 5481 3326 5549 ut,
3355 5483 3410 5536 in
3447 5483 3686 5552 antiquis
3715 5483 3914 5549 editio-

2271 5545 2274 5548 ’
2325 5544 2501 5599 nibus.
2528 5543 2835 5600 Consensus
2871 5555 3113 5604 veterum
3155 5543 3415 5606 librorum
3451 5543 3630 5609 effecit
3661 5563 3718 5609 ut
3750 5546 3911 5609 aliain

2322 5613 2612 5684 lectionem
2650 5615 3042 5684 przeferrernus.

2396 5693 2418 5720 °
2453 5682 2591 5754 Ergo
2620 5682 2904 5757 pignorum
2933 5691 3198 5748 vocabulo
3238 5693 3328 5748 alii
3356 5694 3730 5769 intelliguntur
3765 5711 3911 5770 prte-
