4246 6264
286 462 385 520 sos

1383 446 1741 504 ADVERSUS
1781 445 2162 502 AVARITIAM
2204 448 2328 502 LIB.
2372 448 2458 503 Ill.

3469 447 3586 506 210.

285 579 345 628 ut
372 571 449 626 eis
470 569 536 625 ad
566 566 974 639 impertiendum
1001 562 1254 633 quiddam
1276 577 1340 616 ac
1359 559 1690 630 largiendum
1713 557 1869 626 justi-
1895 561 1949 622 Α
1973 560 2208 614 eoshaec
2241 559 2702 636 resmendicitate
2731 573 3054 630 oppressura
3078 560 3148 614 sit
3174 560 3317 630 quod
3344 575 3374 614 a
3396 567 3573 617 terre-

186 704 196 733 ,ν
285 665 360 719 tia
384 663 501 733 ipsa
522 677 587 715 ac
612 661 707 716 Dei
728 660 900 714 cultus
923 655 1314 728 patrocinetur,
1347 660 1401 706 et
1429 653 1622 722 quibus
1648 666 1755 704 non
1786 664 1874 704 so-

189 732 202 741 .
288 753 394 807 lum
407 732 512 821 ipie
539 748 738 820 aliquid
754 748 1106 815 relinquatur,
1127 743 1223 798 sed
1243 742 1403 798 etiam
1434 741 1739 808 inreligiose
1769 755 1876 793 non

285 843 640 914 relinquatur.
675 840 887 895 Scilicet
915 839 957 893 si
988 845 1082 892 aut
1124 845 1376 906 parentes
1423 835 1530 889 sint
1555 832 1874 897 calamitosi,

286 947 377 993 aut
402 936 643 1004 germani
673 933 874 998 ﬁdeles,
901 939 993 985 aut
1014 937 1214 985 sancta:
1234 928 1506 997 conjuges,
1532 935 1642 993 aut,
1672 934 1731 980 ut
1761 926 1879 980 lon-

287 1029 404 1097 gius
431 1027 664 1096 denique
688 1041 882 1080 munus
910 1023 1128 1094 pietatis
1147 1020 1453 1086 extendam,
1474 1020 1518 1075 si
1539 1026 1632 1074 aut
1660 1019 1879 1089 propin-

282 1123 370 1190 qui
393 1121 607 1191 inopes,
642 1129 736 1175 aut
767 1119 957 1174 afﬁnes
985 1117 1284 1188 egestuosi,
1325 1123 1425 1169 aut
1440 1114 1671 1182 denique
1700 1110 1880 1180 cujus-

282 1211 404 1268 libet
430 1211 851 1268 necessitudinis
884 1209 1204 1278 indigentes,
1241 1206 1328 1260 vel
1356 1212 1522 1270 certe,
1545 1203 1690 1272 quod
1719 1217 1881 1272 super

287 1305 455 1359 omnia
508 1312 614 1369 est,
649 1303 764 1359 Deo
807 1302 996 1358 dediti.
1027 1301 1144 1355 Hoc
1187 1301 1331 1354 enim
1359 1306 1440 1353 est
1465 1297 1790 1368 praecipuum
1819 1309 1883 1349 ac

229 1402 234 1405 ‘
288 1373 723 1474 supereminens,
756 1392 801 1445 si
845 1390 898 1444 id
924 1390 1096 1460 ipsum
1123 1387 1268 1456 quod
1313 1386 1422 1455 agit
1449 1385 1640 1456 aliquis
1668 1384 1884 1454 pietatis

291 1477 481 1546 ofﬁcio,
509 1480 791 1547 religionis
815 1477 981 1533 faciat
1008 1475 1222 1533 alfectu.
1255 1477 1452 1530 Beatus
1473 1475 1612 1529 enim
1631 1474 1720 1528 ille
1747 1484 1770 1511 ⁸
1792 1476 1882 1544 qui

297 1583 414 1627 suos
437 1573 580 1642 ipsos
609 1570 776 1625 divini
804 1569 1006 1624 amoris
1048 1567 1239 1638 spiritu
1269 1574 1442 1632 amat,
1474 1565 1625 1634 cujus
1653 1566 1884 1630 charitas

299 1661 493 1717 Christi
531 1663 704 1716 cultus
731 1668 831 1725 est,
857 1660 949 1729 qui
980 1660 1035 1713 in
1062 1665 1270 1712 natura:
1298 1657 1513 1712 vinculo
1543 1657 1710 1711 Deum
1740 1657 1884 1724 cogi-

302 1758 380 1804 tat
407 1761 708 1806 naturarum
736 1761 961 1822 patrem,
995 1759 1048 1805 et
1069 1749 1271 1804 amoris
1296 1763 1519 1802 munera
1541 1747 1595 1801 in
1623 1745 1882 1802 sacriﬁcia

300 1853 631 1911 convertens,
654 1851 859 1899 tantum
879 1843 981 1898 sibi
1009 1841 1332 1897 immortalis
1361 1840 1493 1894 lucri
1521 1848 1576 1895 et
1602 1822 1882 1894 beatorum

1979 649 2062 703 nis
2108 648 2450 703 facultatibus
2487 649 2804 703 abdicantur
2839 651 3033 705 caelum
3075 666 3171 720 spe
3209 650 3569 720 possidentes,

1977 742 2086 796 cito
2131 742 2292 795 etiam
2322 757 2381 795 re
2401 757 2762 811 possessuros,
2813 750 3033 810 regente
3057 743 3177 797 illos
3223 742 3335 797 Deo
3382 759 3480 798 suo
3511 759 3576 799 ac

1978 842 2315 904 protegente,
2345 833 2439 902 qui
2484 848 2578 888 eos
2606 848 2729 888 cum
2781 833 3070 888 immortali
3109 849 3204 903 spe
3245 841 3574 894 aeternorum

1979 928 2141 980 etiam
2164 926 2481 981 sufﬁcientia
2500 926 2874 996 temporalium
2895 934 3235 980 muneratur:
3253 925 3347 981 sed
3370 936 3570 992 tamen,

1979 1027 2238 1087 quantum
2266 1018 2334 1071 ad
2350 1019 2792 1073 inhumanitatem
2813 1026 3099 1088 parentum
3119 1019 3370 1088 pertinet,
3389 1027 3570 1086 egent,

1980 1127 2010 1164 a
2035 1111 2229 1180 quibus
2256 1111 2333 1165 sic
2372 1111 2547 1165 relicti
2591 1117 2716 1164 sunt
2745 1116 2804 1163 ut
2852 1117 3094 1177 egerent.
3123 1106 3283 1164 Certe
3331 1110 3495 1164 etiam
3524 1111 3572 1164 si

1980 1203 2072 1272 qui
2099 1219 2208 1258 non
2236 1203 2448 1272 penitus
2491 1203 2652 1257 domo
2700 1202 3074 1265 eliminantur,
3127 1209 3181 1256 et
3231 1202 3422 1270 quibus
3462 1219 3572 1258 non

1981 1296 2202 1350 omnino
2251 1295 2558 1350 extorribus
2595 1294 2748 1364 quasi
2783 1309 2923 1362 aqua
2962 1303 3017 1348 et
3065 1294 3172 1362 igni
3212 1294 3568 1360 interdicitur,

1987 1393 2009 1421 °
2031 1399 2152 1439 cum
2170 1393 2262 1437 aut
2281 1391 2470 1438 tenues
2493 1392 2584 1437 aut
2598 1390 2745 1438 certe
2766 1381 3141 1438 usufructuarii
3164 1383 3571 1452 relinquuntur;

1985 1483 2164 1530 tamen
2177 1483 2326 1528 tanto
2350 1475 2630 1529 inferiores
2653 1474 2904 1528 fratribus
2925 1475 3316 1543 relinquuntur,
3339 1473 3573 1530 utetiam

1983 1568 2028 1622 si
2058 1575 2375 1637 paupertate
2397 1583 2504 1621 non
2535 1575 2745 1635 egeant,
2775 1567 3176 1636 comparatione
3205 1574 3385 1621 tamen
3413 1580 3573 1634 egere

1984 1659 2283 1714 videantur.
2314 1658 2498 1713 Dicitis
2533 1658 2708 1724 :Quid
2755 1674 2889 1728 opus
2939 1666 3023 1713 est
3063 1658 3324 1726 religiosis
3363 1674 3573 1728 aequam

1986 1750 2230 1820 accipere
2278 1767 2399 1805 cum
2439 1749 2690 1805 fratribus
2729 1751 3036 1820 patrimonii
3073 1752 3416 1821 portionem?
3459 1751 3571 1807 Re-

1985 1842 2225 1911 spondeo
2249 1860 2260 1893 :
2289 1840 2358 1897 Ut
2382 1841 2657 1909 religionis
2679 1841 2967 1908 fungantur
2990 1839 3185 1906 ofﬁcio,
3210 1850 3269 1896 ut
3292 1843 3570 1911 religiosm

309 1934 566 1992 fructuum
597 1945 768 2006 parat,
796 1945 856 1990 ut
874 1936 998 1990 dum
1026 1935 1079 1989 id
1107 1933 1249 2004 quod
1272 1934 1586 2003 pignoribus
1609 1934 1720 1987 suis
1747 1948 1885 2002 υπε-
1911 1933 1960 1994 B
1987 1949 2107 1986 rum
2136 1935 2296 1988 rebus
2324 1933 2513 2001 religio
2541 1933 2760 1998 ditetur,
2789 1940 2847 1986 ut
2896 1933 3125 1997 donent,
3157 1939 3217 1986 ut
3257 1933 3571 2001 largiantur,

308 2032 455 2101 stans
475 2026 698 2082 Domino
717 2044 814 2082 suo
843 2027 1067 2092 fenerat,
1096 2027 1200 2082 hoc
1227 2027 1345 2096 ipso
1364 2025 1510 2096 quod
1540 2025 1651 2080 suis
1678 2022 1873 2080 libera-

312 2112 510 2170 litatem
561 2118 742 2171 tribuit
785 2118 1180 2187 temporariam,
1230 2119 1330 2172 sibi
1375 2118 1680 2173 mercedem
1704 2119 1880 2188 pariat

307 2207 700 2275 sempiternam.
724 2208 791 2262 At
807 2224 940 2263 vero
961 2224 1099 2263 nunc
1123 2207 1474 2264 diversissime
1491 2218 1547 2264 et
1567 2209 1879 2280 impiissime

302 2299 465 2353 nullis
491 2300 707 2355 omnino
736 2315 766 2354 a
813 2300 927 2355 suis
950 2301 1122 2355 minus
1157 2297 1471 2370 relinquitur
1495 2318 1657 2372 quam
1683 2302 1878 2370 quibus

300 2388 370 2442 ob
399 2389 489 2444 Dei
509 2391 865 2445 reverentiam
894 2391 1014 2461 plus
1033 2392 1272 2457 debetur,
1298 2393 1472 2448 nullos
1497 2393 1672 2463 pietas
1699 2393 1878 2447 minus

295 2479 508 2548 respicit
561 2497 721 2551 quam
778 2497 916 2550 quos
960 2484 1225 2553 praecipue
1269 2485 1460 2554 religio
1507 2484 1869 2540 commendat.

293 2570 454 2641 256
480 2571 715 2642 Denique
751 2574 796 2628 si
842 2573 935 2642 qui
965 2589 996 2628 a
1044 2576 1355 2645 parentibus
1391 2575 1419 2614 δ
1445 2576 1539 2631 ﬁlii
1580 2577 1878 2632 offeruntur

290 2659 423 2744 Deo,
450 2673 470 2701 ο
494 2665 739 2720 omnibus
761 2663 883 2721 ﬁliis
911 2676 1308 2738 postponuntur
1334 2669 1529 2734 oblati;
1561 2669 1761 2737 indigni
1785 2670 1875 2738 ju-

288 2751 528 2809 dicantur
546 2756 879 2822 haereditate,
904 2759 1032 2826 quia
1054 2758 1199 2825 digni
1224 2758 1425 2812 fuerint
1443 2761 1875 2827 consecratione;

287 2861 350 2900 ac
376 2862 474 2916 per
500 2848 604 2902 hoc
631 2865 741 2903 una
773 2858 985 2903 tantum
1005 2866 1065 2904 re
1085 2851 1400 2919 parentibus
1418 2851 1551 2906 viles
1583 2852 1731 2918 ﬁunt,
1753 2854 1877 2922 quia

284 2937 551 3006 cmperint
595 2937 708 2991 Deo
747 2953 869 2992 esse
893 2939 1137 3008 pretiosi.
1186 2938 1266 2992 Ex
1297 2954 1406 3007 quo
1451 2940 1674 3010 intelligi
1702 2951 1882 3013 potest

283 3025 439 3103 quod
460 3026 637 3080 nullus
656 3041 796 3096 pene
825 3027 967 3097 apud
988 3028 1233 3082 homines
1254 3028 1411 3084 vilior
1429 3039 1510 3084 est
1537 3046 1694 3099 quam
1716 3031 1875 3098 Deus;

283 3115 444 3185 cujus
464 3117 649 3186 utique
676 3115 734 3170 ﬁt
755 3117 1122 3187 despectione,
1145 3126 1202 3172 ut
1223 3135 1318 3174 eos
1345 3121 1610 3192 prtecipue
1629 3130 1878 3192 parentes

282 3206 429 3263 ﬁlios
457 3217 710 3279 spernant
729 3211 821 3278 qui
849 3210 916 3265 ad
948 3211 1110 3265 Deum
1136 3212 1395 3280 coeperint
1415 3213 1697 3282 pertinere.

1986 2034 2045 2080 ut
2065 2026 2166 2080 illis
2175 2025 2496 2080 habentibus
2515 2025 2693 2080 cuncti
2714 2025 2947 2079 habeant
2962 2042 3068 2080 non
3080 2025 3365 2092 habentes;
3382 2026 3570 2093 immo,
3607 2051 3610 2055 ·

1979 2118 2023 2172 si
2055 2124 2201 2170 tanta
2228 2132 2414 2171 eorum
2467 2115 2598 2170 ﬁdes
2627 2124 2790 2185 atque
2810 2115 3070 2186 perfectio
3103 2124 3164 2170 ut
3198 2117 3435 2171 habeant
3460 2118 3569 2172 cito

1980 2224 2087 2263 non
2116 2207 2368 2272 habituri,
2397 2207 2606 2261 beatius
2636 2206 2818 2276 utique
2848 2213 3129 2276 postquam
3152 2207 3435 2262 habuerint
3458 2221 3570 2263 non

1979 2297 2258 2352 habentes.
2291 2295 2399 2352 Cur
2421 2296 2518 2362 eis,
2547 2308 2750 2366 quaeso,
2773 2297 2932 2368 257
2960 2311 2993 2351 o
3021 2296 3445 2350 inhumanissimi
3473 2311 3568 2366 pa<

1979 2397 2180 2455 rentes,
2205 2389 2580 2444 necessitatem
2611 2387 2992 2458 indignissimae
3034 2391 3364 2460 paupertatis
3395 2390 3568 2460 impov

1980 2481 2139 2536 nitis‘!
2159 2480 2458 2536 Permittite
2472 2480 2577 2536 hoc
2596 2481 2842 2550 religioni
2858 2481 2976 2551 ipsi,
2991 2481 3076 2536 cui
3098 2479 3234 2535 ﬁlios
3255 2471 3564 2537 tradidistis:

1977 2574 2178 2628 rectius
2211 2571 2230 2610 ί
2253 2588 2516 2642 pauperes
2544 2588 2576 2626 a
2622 2587 2681 2628 se
2727 2573 2881 2628 ﬁunt.
2905 2572 2964 2627 Si
2987 2580 3219 2650 tantum
3247 2587 3342 2626 eos
3380 2573 3568 2641 inopes

1978 2682 2096 2722 esse
2143 2667 2365 2736 cupitis,
2391 2658 2671 2722 concedite
2691 2666 2767 2720 ~id
2797 2666 3035 2736 ipsorum
3061 2663 3352 2718 devotioni.
3383 2661 3566 2720 Liceat

1978 2761 2076 2826 eis,
2106 2775 2430 2830 quaesumus,
2471 2767 2532 2814 ut
2567 2760 2736 2815 velint
2761 2767 3025 2830 pauperes
3055 2757 3170 2812 ﬁeri
3201 2775 3214 2810 :
3255 2757 3454 2826 eligere
3481 2757 3564 2811 in-

1978 2852 2156 2922 opiam
2175 2853 2390 2924 debept,
2413 2868 2521 2906 non
2543 2852 2826 2907 sustinere.
2851 2849 3150 2915 Postremo,
3173 2851 3383 2905 etiamsi
3402 2849 3563 2904 susti-

1978 2952 2160 3010 neant,
2191 2943 2480 2999 devotione
2501 2958 2622 2997 eam
2653 2944 2903 3008 tolerent,
2936 2958 3043 2997 non
3085 2942 3428 2998 damnatione
3466 2958 3562 3013 pa-

1979 3035 2199 3089 tiantur.
2226 3035 2334 3089 Cur
2360 3049 2455 3090 eos
2474 3034 2622 3089 velut
2657 3048 2689 3088 a
2729 3041 2918 3089 natura
2960 3035 3225 3106 expellitis
3271 3043 3328 3090 et
3351 3036 3504 3108 quasi
3530 3052 3564 3096 a

1971 3127 2092 3196 jure
2132 3127 2405 3196 sanguinis
2452 3125 2744 3182 abdicatis?
2771 3125 2839 3180 Et
2886 3136 2987 3195 ego
3016 3140 3133 3182 esse
3177 3142 3272 3182 eos
3299 3141 3562 3197 pauperes
3599 3149 3601 3151 ·

1979 3221 2132 3286 volo;
2156 3219 2251 3274 sed
2280 3225 2336 3273 ut
2365 3219 2561 3274 habeat
2585 3228 2766 3275 tamen
2795 3219 3073 3290 praemium
3095 3207 3260 3274 suum.
3283 3219 3400 3289 ipsa
3424 3227 3561 3290 pau~

351 3301 417 3356 V.
453 3301 561 3356 Sed
587 3303 898 3372 praeclaram
921 3303 1172 3359 videlicet
1199 3305 1290 3373 qui
1328 3305 1442 3359 haec
1470 3305 1670 3360 faciunt
1707 3309 1874 3364 ratio-
1897 3299 1942 3360 C
1976 3322 2177 3383 pertas,
2202 3329 2267 3369 ac
2289 3314 2544 3383 prmclara
2591 3312 2957 3368 demntatione
3005 3296 3202 3381 eligant
3227 3312 3463 3382 inopiam
3492 3326 3559 3368 ex

281 3407 403 3447 nem
433 3393 645 3447 consilii
675 3393 757 3447 sui
786 3393 1017 3448 reddunt
1045 3395 1282 3450 dicentes
1315 3414 1326 3448 :
1357 3394 1494 3462 Quid
1539 3413 1675 3467 opus
1701 3407 1784 3454 est
1810 3408 1871 3455 ut

280 3481 303 3521 ἀ
334 3483 461 3538 ﬁliis
484 3483 592 3552 jam
625 3484 888 3552 religiosis
915 3499 1069 3554 :equa
1114 3487 1438 3542 ha>reditatis
1475 3491 1653 3558 portio
1699 3491 1866 3546 relin-

281 3576 509 3645 quatur?
526 3576 667 3630 Nihil
695 3590 824 3645 ergo
845 3576 1058 3646 justius,
1085 3577 1214 3631 nihil
1229 3578 1458 3646 dignius,
1474 3596 1632 3650 quam
1660 3589 1720 3636 ut
1741 3584 1865 3652 quia

280 3673 562 3737 coeperunt
578 3667 816 3735 religiosi
844 3681 982 3734 esse,
1000 3668 1332 3723 mendicent:
1360 3686 1467 3724 non
1490 3672 1704 3741 quidem
1718 3675 1866 3744 quod

1935 3405 1937 3407 ’
1977 3407 2152 3475 copia,
2198 3413 2257 3460 ut
2282 3406 2572 3478 exinopite
2599 3405 2865 3462 electiOne
2893 3406 3103 3475 copiam
3137 3392 3558 3474 consequantur.

1976 3484 2292 3564 Quanqiiam
2321 3496 2448 3564 quid
2475 3510 2576 3562 ego
2605 3512 2702 3550 vos
2736 3511 2834 3564 per
2866 3497 3038 3564 ipsum
3072 3494 3419 3548 sanctissima:
3465 3509 3556 3546 ra-

1976 3587 2136 3641 tionis
2166 3586 2401 3641 ofﬁcium
2435 3587 2649 3640 trahere
2685 3585 2751 3639 ad
2783 3586 3169 3639 humanitatem
3193 3585 3556 3652 pietatemque

1969 3677 2261 3743 contendo,
2286 3691 2408 3731 cum
2434 3675 2487 3729 id
2508 3677 2740 3729 maxime
2767 3675 3011 3737 obsistat,
3039 3682 3094 3728 et
3119 3675 3234 3728 haec
3251 3690 3340 3728 res
3358 3686 3552 3742 parem

1367 3795 1369 3797 ’
1431 3793 1769 3886 STEPHANI
1805 3831 2075 3914 BALUZH
2113 3829 2338 3885 NOTAE.

278 3947 364 3997 ter
391 3942 604 4012 liberos.
645 3940 798 4009 Quod
829 3947 1046 3997 constat
1073 3940 1236 3995 etiam
1267 3953 1333 3993 ex
1360 3941 1553 4010 pagina
1587 3946 1852 4012 sequenti,

281 4012 372 4065 ubi
405 4012 458 4064 in
483 4011 765 4078 pignorum
791 4023 1014 4070 numero
1033 4018 1314 4080 ponuntur
1337 4019 1607 4080 parentes,
1642 4011 1853 4080 fratres,

216 4118 224 4125 -
276 4081 568 4150 conjuges,
591 4081 875 4150 propinqui
910 4089 964 4134 et
988 4079 1188 4150 affines.

353 4161 392 4232 ι.
424 4150 599 4203 Antea
626 4149 900 4215 legebatur
923 4151 1049 4220 ipse.
1077 4149 1431 4204 Emendatum
1459 4158 1542 4205 est
1577 4165 1646 4204 ex
1672 4152 1859 4207 codice

273 4231 454 4273 ΓΘΠΙΟ.
989 4251 998 4257 -

281 4234 556 4359 rééloj’ide
582 4304 744 4358 supra
773 4289 827 4343 in
853 4251 998 4346 notis
1020 4289 1085 4343 ad
1104 4291 1348 4360 paginam
1374 4290 1498 4344 251.

349 4372 373 4399 ε
416 4359 850 4430 Ηίετοηγιῗηιείὶη
885 4359 1191 4430 θρξεῐοιξίαὰ
1215 4361 1606 4430 Demetriadem
1645 4361 1710 4414 de
1749 4363 1858 4414 vir-

272 4430 507 4498 ginitate
558 4428 819 4484 servanda
869 4428 1027 4495 {Qui
1065 4433 1408 4502 religiosiores
1458 4428 1854 4502 sibigvidentur,

270 4515 436 4572 parvo
467 4509 698 4572 sumptu,
725 4509 774 4553 et
801 4502 886 4572 qui
930 4504 1017 4556 vix
1050 4501 1121 4555 ad
1148 4499 1392 4554 alimenta
1421 4499 1682 4572 sulﬁciat,
1704 4503 1861 4572 virgi—

269 4567 428 4643 nibus
456 4567 1050 4643 dato,_onuteni.cerisum
1067 4573 1124 4625 in
1153 4580 1362 4643 utroque
1382 4567 1856 4643 sexustecularibus

268 4637 451 4692 liberis
475 4637 782 4710 largiuntur.
804 4637 954 4704 Quod
975 4654 1136 4709 nuper
1156 4643 1210 4694 in
1232 4637 1328 4693 hac
1348 4637 1471 4692 urbe
1492 4639 1628 4692 dives
1648 4641 1858 4710 quidam

267 4710 397 4789 fecit
436 4708 719 4789 presbyter,
757 4719 813 4789 ut
856 4711 990 4789 duas
1032 4708 1173 4781 filias
1217 4712 1272 4789 in
1307 4708 1856 4789 propositum—minati

1963 3946 2244 4000 voluntate
2286 3957 2551 4014 pauperes
2599 3941 2792 4014 fuisse,
2846 3941 2982 4014 alios
3040 3941 3337 4014 nativitate.
3395 3943 3549 4012 Quod

1965 4017 2126 4070 etiam
2154 4011 2421 4082 colligitur
2473 4029 2539 4068 ex
2573 4028 2692 4084 cap.
2731 4012 2813 4084 52
2841 4011 3187 4084 Collectionis
3234 4011 3498 4069 Africaine
3529 4033 3544 4070 :

1968 4085 2101 4140 Item
2121 4087 2313 4156 placuit
2335 4095 2388 4138 ut
2408 4082 2655 4154 episcopi,
2670 4082 2975 4206 presbyteri,
2996 4082 3220 4149 diaconi,
3238 4084 3316 4139 vel
3341 4087 3548 4157 quicun-

1970 4173 2066 4206 aue
2095 4157 2288 4206 clerici.
2322 4156 2405 4206 aui
2441 4155 2570 4206 nihil
2600 4155 2664 4206 ha
2701 4163 2841 4206 entes
2880 4153 3206 4206 ordinantur.
3249 4166 3297 4206 et
3325 4164 3547 4206 tenmora

1970 4173 2066 4227 que
2095 4153 2288 4215 clerici,
2322 4153 2842 4227 quiniliillhabentes
2877 4153 3206 4227 ordinantur,
3249 4166 3297 4209 et
3325 4153 3547 4227 tempore

1972 4225 2294 4298 episcopatus
2319 4224 2424 4298 ςυει
2473 4225 2743 4278 clericatus
2808 4224 2888 4277 sui
2927 4240 3080 4294 agros
3123 4227 3199 4278 vel
3236 4224 3544 4298 quaecunque
3579 4235 3582 4264 ῖ

1965 4295 2162 4362 prcedia
2191 4296 2396 4348 nomine
2421 4309 2513 4365 suo
2541 4301 2861 4363 comparant,
2888 4301 3135 4365 tanquam
3152 4295 3333 4365 rerum
3375 4295 3543 4350 donti—
3576 4331 3579 4335 -

1964 4365 2195 4432 nicarum
2241 4364 2525 4416 invasionis
2563 4365 2777 4417 crimine
2817 4363 3104 4416 teneantur.
3151 4363 3315 4418 Vetus
3359 4365 3538 4432 itaque

1964 4431 2201 4504 Ecclesia
2233 4433 2308 4504 in_
2332 4433 2533 4504 clerum
2572 4433 2865 4503 cooptabat
2908 4448 3002 4493 eos
3030 4434 3122 4504 qui
3171 4434 3423 4504 omnibus
3452 4431 3538 4488 ffa-

1961 4502 2250 4574 cultatibus
2280 4502 2521 4556 destituti
2551 4502 2721 4557 erant.
2748 4503 3006 4558 Nimirum
3026 4502 3180 4573 juxta
3204 4504 3374 4574 legem
3395 4502 3542 4560 Con-

1961 4572 2590 4654 stantini‘imperatorisn
2616 4574 2707 4654 qui
2755 4572 3100 4654 eos-ntantum
3129 4576 3181 4649 in
3221 4572 3540 4632 clericorum

1961 4641 2078 4697 loca
2121 4641 2673 4718 subrogarisancivit
2718 4645 2809 4714 qui
2855 4644 3073 4718 fortuna
3128 4641 3317 4718 tenues
3362 4661 3540 4718 neque

1959 4711 2268 4785 muneribus
2294 4712 2537 4785 civilibus
2567 4711 2814 4785 tenentur
2835 4714 3109 4779 obstricti,
3130 4715 3181 4769 id
3212 4724 3313 4781 est,
3343 4711 3537 4785 quibus

267 4769 451 4854 inopes
489 4769 817 4854 relinqueret,
841 4789 890 4854 et
913 4769 1143 4854 aliorum
1161 4769 1455 4854 adonme'm
1488 4769 1856 4849 copiam'ﬁliol
1882 4769 1935 4829 Β
1957 4789 2064 4854 non
2095 4781 2164 4834 sit
2207 4796 2271 4854 ea
2293 4782 2571 4854 opulentia
2620 4783 2928 4837 facultatum
2963 4769 3096 4854 qua).
3124 4769 3536 4854 publicas-furi;

267 4862 392 4920 nun
415 4848 642 4920 luxuria:
661 4859 813 4920 atque
839 4849 1037 4904 deliciis
1057 4849 1360 4920 provideret.

275 4942 295 4988 ᾳ
340 4914 471 4988 «ιω
499 4926 600 4982 est,
633 4914 1010 4988 quisaaculum
1057 4914 1424 4988 reliquerunt,
1469 4920 1582 4974 sive
1609 4920 1856 4974 monachi

267 4983 400 5058 facti
419 4987 548 5058 sint,
580 4983 693 5058 sive
721 4989 775 5042 in
805 4988 951 5044 clero
981 4983 1276 5058 constituti.
1303 4987 1435 5042 Nam
1465 4996 1720 5058 utrosque
1743 4998 1854 5043 tum

266 5057 649 5126 religiosorum
664 5057 935 5114 vocabulo
977 5057 1376 5126 intelligebant,
1408 5058 1484 5111 uti
1515 5057 1854 5113 observatum

183 5195 186 5198 Α
269 5133 362 5179 est
389 5125 673 5198 ad'librum
718 5129 951 5198 primum
995 5128 1063 5183 de
1101 5125 1497 5198 Gubernatione
1539 5128 1651 5183 Dei.
1687 5127 1855 5183 Porro

267 5195 528 5265 sequenti
555 5195 935 5254 etiam—saaculo
955 5198 1236 5265 religiosos
1261 5197 1315 5251 in
1342 5197 1513 5252 Gallia
1551 5206 1732 5252 nostra
1770 5198 1852 5251 di-

266 5273 394 5320 ctos
421 5264 586 5339 fuisse
616 5266 733 5339 illos
759 5269 852 5339 qui
885 5269 938 5322 in
974 5264 1312 5339 cleroerant
1347 5275 1497 5339 patet
1529 5283 1596 5322 ex
1641 5281 1849 5321 canone

267 5335 514 5406 secundo
539 5338 751 5393 concilii
776 5335 1172 5406 Lugdunensis
1199 5335 1418 5392 secundi
1446 5345 1502 5391 et
1547 5351 1613 5390 ex
1641 5351 1850 5391 canone

266 5403 488 5479 decimo
517 5403 930 5479 concilii'quinti
959 5406 1292 5464 Parisiensis.

265 5513 282 5550 «_
346 5483 371 5512 ⁸
411 5474 555 5550 Haec,
585 5474 852 5550 usque-ad
885 5485 1028 5550 tanto
1049 5479 1340 5550 inferiores,
1363 5477 1557 5533 desunt
1576 5477 1630 5530 in
1658 5475 1851 5532 codici-

267 5543 371 5600 bus
399 5547 560 5615 regiis
579 5557 635 5603 et
663 5543 716 5602 in
737 5547 1070 5604 Colbertino.

349 5615 368 5654 τ
397 5615 641 5674 Julianus
669 5617 951 5674 Pomerius
977 5620 1068 5673 lib.
1103 5618 1338 5674 secundo
1365 5618 1431 5673 de
1458 5618 1579 5673 Vita
1607 5625 1849 5687 contem-

305 5685 471 5741 lativa
500 5703 620 5758 cap.
643 5688 709 5752 ,l—l
750 5708 762 5742 :
796 5688 980 5743 Clerici
1000 5706 1209 5761 quoque,
1233 5704 1626 5761 quospauperes
1641 5685 1736 5761 aut
1756 5704 1849 5761 ςυστ

327 5766 448 5811 ntas
476 5767 568 5811 aut
589 5758 1142 5884 nativitasJedhcuin
1170 5758 1479 5829 perfectione
1509 5758 1705 5811 virtutis
1727 5759 1843 5822 vita:

327 5829 584 5884 ecessaria.
615 5831 721 5883 sive
746 5832 800 5883 in
868 5828 1063 5884 omibus
1087 5831 1209 5884 suis.
1241 5831 1342 5882 sive
1369 5829 1422 5880 in
1451 5827 1843 5884 conareaatione

270 5829 584 5892 necessaria,
615 5831 721 5883 sive
746 5832 800 5883 in
831 5827 1063 5884 domibus
1087 5827 1209 5892 suis,
1241 5827 1342 5882 sive
1369 5829 1422 5880 in
1451 5827 1845 5894 congregatione

271 5897 512 5965 viventes,
535 5901 813 5970 accipiunt.
837 5901 918 5955 Ex
938 5901 1041 5955 hoc
1071 5901 1188 5954 loco
1210 5905 1355 5968 patet
1374 5897 1692 5977 clericorum
1711 5894 1858 5947 alios‘

1960 4851 2165 4926 (itiones
2204 4851 2455 4926 facillime
2491 4861 2652 4926 queat
2697 4854 2928 4926 tolerare
2962 4851 3140 4926 (ng:
3175 4856 3210 4910 '5
3247 4865 3296 4909 et
3343 4856 3376 4908 6
3414 4856 3532 4909 cod.

1962 4919 2214 5007 facetias.
2247 4919 2610 5007 dcuEpiscopis.
2647 4933 2716 5007 et"
2731 4919 3000 5007 Clericis)_'.
3018 4919 3324 5007 .B'ationem
3354 4933 3533 5007 agtem

1959 4989 2113 5065 istius
2160 4989 2648 5065 constitutionisin
2689 4993 2790 5048 ﬁne
2819 4989 2992 5065 aperit
3018 4995 3101 5048 his
3129 4995 3303 5048 verbis
3337 5010 3350 5043 :
3386 4992 3531 5060 Opu-

1959 5061 2121 5129 lgntos
2143 5063 2279 5114 enim
2299 5061 2474 5114 saeculi
2501 5061 2672 5117 subire
2691 5061 3018 5118 necessitates
3040 5072 3256 5129 oportet,
3280 5066 3532 5129 pauperes

1959 5127 2307 5201 Ecclesiarum
2336 5131 2526 5186 divitiis
2555 5137 2852 5188 sustentari.
2877 5127 3195 5201 Disciplina;
3228 5127 3393 5201 istius
3409 5143 3528 5201 me-

1959 5200 2128 5272 moria
2154 5208 2332 5272 exstat
2355 5202 2517 5272 etiam
2564 5205 2617 5257 in
2646 5197 2894 5272 capitulis
2918 5197 3069 5254 Jesse
3106 5197 3349 5272 episcopi
3391 5197 3525 5272 Am-

1955 5267 2124 5342 bian.,
2154 5285 2271 5340 cap.
2296 5270 2329 5322 6
2362 5289 2373 5324 :
2408 5271 2589 5336 Sexto,
2621 5280 2676 5325 ut
2701 5267 3222 5342 diligenterresciatis
3242 5276 3358 5338 post
3381 5271 3526 5342 ordi-

1954 5338 2234 5424 nationem:
2253 5342 2656 5424 uniuscujusque
2691 5338 2980 5422 .presbg'teri
3016 5345 3273 5424 guuntum
3311 5341 3530 5424 .quisgue

1953 5410 2228 5478 profecerit
2246 5412 2304 5463 in
2329 5427 2421 5464 suo
2443 5409 2735 5465 ‘n‘aini'steri'o
2756 5425 2774 5460 :
2795 5410 2916 5478 quia
2942 5409 3028 5478 qui
3067 5419 3189 5462 ante
3226 5409 3526 5465 ordinatio-

1953 5476 2070 5550 nem
2110 5495 2356 5550 pauperes
2393 5482 2616 5550 fuerunt,
2641 5485 2762 5550 post
2783 5476 3164 5544 ordinationem
3189 5496 3304 5534 vero
3339 5482 3407 5550 de
3444 5498 3528 5536 re-

1954 5546 2063 5619 bus,
2106 5545 2222 5601 cuni
2242 5545 2790 5619 debuerant’Ecclesiis
2824 5550 3029 5614 servire,
3063 5551 3232 5619 emunt
3279 5549 3376 5604 sibi
3407 5553 3530 5604 alo—

1953 5618 2114 5683 dium,
2139 5626 2244 5672 etc.
2277 5617 2445 5672 Hodie
2479 5632 2543 5670 ea
2582 5615 2862 5684 disciplina
2885 5618 3163 5674 immutata
3190 5629 3291 5683 est,
3338 5635 3526 5674 nemo-

1953 5701 2057 5754 que
2070 5687 2156 5765 ‘ad-
2177 5686 2532 5764 sacerdotium
2551 5695 2910 5765 promovetur
2937 5691 3065 5765 quin
3086 5691 3250 5765 prius
3269 5690 3523 5765 episcopo

1952 5754 2164 5810 cons'tct
2193 5769 2313 5807 eum
2342 5769 2450 5807 non
2479 5754 2717 5822 indigere
2745 5758 2905 5813 rebus
2951 5754 3016 5813 ad
3047 5754 3213 5813 viiam
3241 5754 3524 5812 commode

1949 5823 2343 5898 transigendam
2364 5825 2705 5898 necessariis,
2739 5836 2792 5882 et
2819 5844 3081 5897 pauperes
3099 5829 3258 5898 vulgo
3285 5841 3394 5881 non
3422 5826 3525 5882 ad-

1948 5894 2227 5947 mittuntur
2253 5891 2304 5946 in
2333 5893 2497 5951 clero.
2694 5891 2698 5892 “
2819 5891 2836 5897 ’
2903 5918 2905 5920 -
