4246 6264
632 492 738 553 911

1577 495 1633 552 S.
1676 495 1995 551 SALVIANI
2034 494 2501 554 MASSILIENSIS
2540 496 2973 554 PRESBYTER!

3823 496 3936 554 218

633 624 719 674 tos
742 615 935 685 impios
964 611 1124 669 faciat
1150 627 1267 685 qua:
1316 611 1340 639 ⁸
1370 609 1540 681 magis
1586 611 1705 681 pios
1752 609 1928 667 facere
1965 588 2220 667 deberet?
2251 614 2296 671 A
2325 612 2451 680 quia
2482 612 2580 667 etsi
2612 628 2742 667 usus
2773 612 2983 666 videtur
3006 606 3207 684 aliquid
3226 610 3454 678 habere,
3482 611 3815 673 conscientia
3839 621 3928 668 ta-

634 706 767 761 Nam
796 719 919 759 cum
939 718 1035 757 vos
1058 700 1179 756 ideo
1209 703 1327 772 plus
1350 701 1654 772 relinquere
1686 717 1754 756 ex
1780 703 2109 773 patrimonio
2142 717 2233 756 ve-

633 804 747 852 stro
772 794 1039 863 religiosis
1068 791 1188 848 ﬁliis
1209 794 1503 859 deberetis,
1549 802 1608 849 ut
1631 794 1832 865 aliquid
1871 794 1937 849 ad
1969 794 2135 849 Deum
2164 810 2232 849 ex

634 887 976 947 facultatibus
1030 888 1224 945 vestris
1278 888 1469 944 saltem
1534 903 1636 957 per
1693 888 1830 945 lilios
1884 888 2229 959 perveniret;

633 980 755 1038 ideo
799 979 923 1036 ﬁliis
951 995 1057 1041 non
1083 980 1405 1053 relinquitis,
1434 996 1504 1037 ne
1552 980 1628 1035 illi
1682 981 1915 1037 habeant
1951 980 2094 1051 quod
2118 979 2231 1036 Deo

630 1074 960 1151 relinquant.
1014 1072 1287 1133 Praeclara
1332 1073 1584 1131 videlicet
1634 1074 1843 1129 ratione
1890 1082 2051 1143 atque
2105 1077 2232 1129 cau-

634 1166 739 1224 tela
769 1166 1010 1225 contenti
1038 1166 1168 1223 estis
1194 1181 1293 1231 vos
1339 1164 1477 1221 ﬁlios
1524 1181 1632 1221 non
1680 1180 1993 1235 agnoscere,
2043 1180 2110 1219 ne
2157 1164 2233 1219 illi

632 1273 693 1314 se
714 1256 855 1315 ﬁlios
876 1257 971 1315 Dei
994 1272 1113 1313 esse
1134 1264 1491 1325 cognoscant;
1512 1254 1859 1327 magniﬁcam
1880 1264 2234 1329 repensantes

603 1350 911 1411 .beneﬁciis
934 1350 1109 1409 sacris
1136 1350 1580 1416 vicissitudinem,
1609 1348 1735 1407 dum
1763 1350 1815 1407 id
1844 1349 2234 1407 studiosissime

631 1443 955 1516 procuratis,
974 1457 1048 1499 ne
1074 1442 1162 1498 vel
1200 1457 1298 1513 per
1325 1449 1534 1497 vestros
1572 1440 1773 1512 aliquid
1802 1442 1977 1497 honor
2013 1440 2107 1494 Dei
2132 1441 2231 1495 ha-

634 1534 976 1602 beitenossit,
1004 1549 1129 1591 cum
1160 1533 1339 1599 omnia
1370 1548 1468 1591 vos
1496 1546 1595 1602 per
1626 1532 1725 1589 Dei
1750 1548 1945 1589 munus
1965 1531 2228 1587 habeatis.

634 1627 744 1689 Cur
780 1640 918 1698 rogo
948 1636 1062 1683 tam
1100 1623 1415 1693 inﬁdeliter,
1444 1641 1541 1682 cur
1568 1632 1679 1683 tam
1701 1625 1867 1695 impie
1904 1625 2095 1693 agitis?
2116 1624 2233 1679 Non

639 1719 903 1795 exigimus
933 1724 992 1777 nt
1017 1724 1198 1775 vestra
1222 1717 1455 1777 Domino
1496 1717 1801 1787 largiamini
1837 1734 1850 1769 :
1882 1715 2080 1788 aliquid
2122 1716 2233 1772 Deo

634 1810 703 1866 de
726 1826 826 1869 suo
850 1809 1082 1869 reddite.
1113 1809 1222 1869 Cur
1242 1815 1556 1875 tamavare,
1580 1824 1677 1865 cur
1706 1817 1815 1865 tam
1844 1808 2012 1878 impie
2038 1808 2234 1876 agitis?

633 1900 753 1961 Non
774 1910 866 1957 est
892 1909 1130 1957 vestrum
1156 1899 1300 1971 quod
1330 1896 1632 1967 denegatis.
1662 1897 1909 1968 Iniquum
1939 1897 2102 1967 igitur
2141 1913 2226 1953 ar-

634 1995 927 2060 bitramini,
956 2000 1023 2055 ut
1045 1993 1393 2055 saecularibus
1435 1992 1559 2051 ﬁliis
1605 1991 1888 2062 religiosos
1936 1990 2233 2073 substantia
2268 1980 2311 2037 Β

635 2101 796 2157 panes
820 2100 941 2143 esse
976 2083 1227 2145 faciatis?
1266 2083 1332 2143 id
1374 2097 1503 2153 ergo
1538 2082 1789 2153 agitisnt
1833 2081 2093 2152 poeniteat
2140 2096 2237 2138 eos

640 2188 832 2252 coeptae
846 2179 1150 2251 religionis,
1172 2193 1313 2251 quos
1339 2177 1529 2250 religio
1556 2176 1699 2255 apud
1732 2192 1826 2234 vos
1852 2176 2041 2233 fecerit
2066 2175 2237 2231 viles?

636 2271 769 2335 Pius
786 2273 970 2343 itaque
992 2271 1252 2331 acbenus
1271 2270 1550 2337 Dominus,
1570 2270 1739 2345 25,8
1755 2269 1848 2345 qui
1867 2276 2051 2325 servet
2074 2268 2129 2323 in
2157 2268 2238 2326 eis

636 2365 972 2437 1)th
1002 2378 1077 2422 επ
1114 2361 1510 2435 professionem
1549 2376 1722 2421 suam.
1755 2359 2040 2427 Caeterum,
2064 2375 2237 2430 qua“-

636 2466 755 2514 tum
782 2458 843 2513 in
864 2457 1023 2515 nobis
1043 2463 1145 2523 ea.
1167 2455 1223 2513 id
1246 2454 1408 2529 agitis
1428 2461 1488 2511 ut
1524 2452 1710 2513 saeculi
1736 2467 1832 2509 eos
1856 2452 2092 2508 cultores
2111 2465 2238 2511 esse

564 2603 570 2607 .
636 2549 871 2616 faciatis,
898 2549 1096 2618 quibus
1130 2547 1421 2609 δεοιιιω-θε
1472 2544 1615 2603 ﬁlios
1663 2544 1961 2601 antelertis.
1989 2542 2128 2610 Quid
2156 2551 2239 2599 est

634 2642 781 2701 enim
808 2640 1144 2711 aliudun
1170 2638 1490 2709 religionem
1524 2636 1878 2702 interdicere,
1908 2634 1979 2691 ob
2012 2635 2236 2704 religio-

635 2751 761 2799 nem
788 2735 1065 2807 despectui
1082 2733 1324 2795 habere?

710 2828 801 2887 Vl.
835 2827 944 2889 Sed
987 2826 1179 2897 iniusti
1210 2824 1449 2883 fortasse
1487 2822 1769 2883 videamur
1786 2829 2016 2881 cunctos
2041 2834 2240 2893 paren-

640 2928 724 2978 tes
742 2920 799 2979 in
818 2921 930 2977 hec
946 2919 1168 2988 negotio
1191 2918 1473 2990 aequaliter
1499 2915 1802 2975 accusando
1818 2955 1837 2985 ,
1869 2906 1993 2973 etim
2030 2912 2242 2969 scilicet

528 3066 535 3073 .
641 3025 752 3069 non
794 3024 989 3071 mles
1046 3009 1169 3080 pari
1222 3016 1386 3080 agant
1433 3007 1721 3076 iniquitate
1756 3021 1881 3065 cum
1928 3004 2072 3061 ﬁliis.
2101 3001 2240 3061 Sunt

642 3100 809 3166 enim,
852 3100 1029 3171 inquit
1075 3098 1289 3169 aliquis,
1318 3107 1449 3155 sunt
1485 3112 1556 3153 ex
1594 3097 1911 3167 pauentibus
1948 3094 2105 3153 multi
2146 3092 2240 3162 qui

641 3192 875 3264 aequales
916 3192 1045 3247 ﬁliis
1094 3193 1213 3249 suis
1254 3190 1458 3251 faciant
1495 3190 1807 3262 portiones;
1830 3187 1937 3244 nisi
1958 3184 2103 3254 quod
2133 3199 2241 3241 una

639 3292 849 3346 tantum
874 3298 973 3339 eos
994 3282 1314 3343 conditione
1332 3282 1668 3344 discernunt,
1702 3278 1851 3353 quod
1868 3278 1930 3335 in
1958 3277 2043 3331 his
2066 3276 2240 3345 parti-

2338 719 2464 759 nien
2493 722 2601 759 non
2629 703 2809 761 habet.
2844 703 3013 759 Nemo
3042 703 3182 758 enim
3206 712 3389 776 potest
3416 720 3475 760 se
3502 706 3588 761 vel
3614 705 3765 761 brevi
3795 706 3931 763 divis

2336 804 2443 851 tem
2469 795 2709 863 credere,
2735 796 2829 867 qui
2858 796 2959 849 scit
2987 811 3046 849 se
3069 796 3349 869 proprium.
3370 794 3444 850 nil
3468 796 3688 851 habere.

2406 888 2518 944 Vll.
2551 887 2690 956 Quid
2742 883 2875 956 agis,
2920 886 3231 942 miserrima.
3249 884 3538 942 inﬁdelitas
3556 894 3611 943 et
3632 886 3930 959 paganica,
3987 948 3993 955 η

2338 990 2395 1035 ιιι
2442 982 2515 1034 ita
2557 980 2803 1045 dixerim,
2836 978 3261 1049 inreligiositatis
3306 977 3673 1034 error?ltane
3726 985 3935 1033 tantum

2337 1071 2495 1127 odisti
2524 1071 2712 1136 Deum,
2746 1078 2807 1124 ut
2844 1070 3021 1140 possis
3049 1069 3215 1123 etiam
3245 1068 3383 1124 ﬁlios
3411 1076 3530 1123 tuos
3559 1068 3629 1123 ob
3664 1068 3774 1123 hoc
3814 1079 3936 1123 tan-

2338 1173 2451 1218 tum
2495 1163 2621 1232 quia
2663 1160 2731 1216 ad
2760 1160 2930 1216 Deum
2976 1160 3249 1232 pertinent
3294 1177 3405 1217 non
3443 1162 3667 1216 amare?
3712 1159 3935 1217 Meliore

2336 1255 2482 1310 enim
2528 1253 2839 1310 conditione
2873 1253 3094 1326 quidam
3140 1254 3452 1326 relinquunt
3492 1253 3722 1310 libertos
3773 1268 3930 1319 suos,

2336 1364 2500 1418 quam
2528 1355 2587 1403 tu
2620 1346 2879 1417 relinquis
2910 1346 3049 1403 ﬁlios
3078 1354 3222 1403 tuos.
3254 1346 3312 1402 In
3344 1363 3442 1403 usu
3465 1346 3729 1416 siquidem
3756 1347 3936 1419 quoti-

2336 1439 2498 1497 diano
2529 1440 2863 1505 est'utservi,
2897 1440 2998 1515 etsi
3025 1456 3132 1495 non
3158 1440 3395 1511 optima},
3414 1447 3565 1496 certe
3592 1455 3702 1495 non
3733 1439 3935 1515 impro-

2336 1532 2420 1589 bte
2442 1531 2738 1599 servitutis,
2767 1528 3011 1588 Romana
3039 1547 3070 1586 a
3097 1530 3330 1587 dominis
3359 1531 3607 1587 libertate
3634 1530 3930 1600 donentur;

2340 1626 2392 1680 in
2421 1642 2529 1699 qua
2557 1626 2766 1683 scilicet
2786 1633 2847 1683 et
2871 1626 3262 1699 proprietatem
3290 1624 3487 1696 peculii
3514 1625 3752 1699 capiunt,
3775 1632 3831 1681 et
3844 1624 3933 1695 jus

2340 1710 2802 1775 testamentarium
2828 1726 3270 1790 consequuntur:
3298 1718 3372 1772 ita
3404 1724 3465 1773 ut
3498 1725 3554 1772 et
3586 1717 3830 1772 viventes
3846 1717 3936 1777 cui
3968 1744 3971 1747 -

2341 1811 2530 1867 volunt
2572 1824 2663 1867 res
2700 1824 2839 1867 suas
2886 1796 3133 1878 tradant,
3184 1816 3241 1866 et
3293 1808 3587 1867 morientes
3642 1809 3938 1865 donatione

2340 1903 2720 1961 transcribant.
2747 1902 2859 1961 Nec
2897 1903 3073 1959 solum
3109 1903 3247 1967 hoc,
3280 1901 3376 1958 sed
3403 1911 3458 1957 et
3478 1902 3570 1959 illa
3591 1916 3711 1973 quae
3739 1902 3792 1957 in
3818 1918 3937 1959 ser-

2340 1998 2513 2055 vitute
2535 1998 2733 2068 ~positi
2763 1997 3215 2078 .conqnisierant,
3265 2011 3333 2055 ex
3384 1993 3727 2052 dominorum
3772 1993 3939 2053 domo

2340 2091 2534 2148 tollere
2578 2106 2689 2149 non
2742 2098 3014 2147 vetantur.
3063 2089 3295 2148 Tantum
3337 2090 3418 2148 eis
3462 2087 3730 2146 interdum
3764 2086 3939 2158 gratia

2339 2185 2371 2225 ί)
2390 2194 2636 2261 patruele
2663 2186 3002 2244 liberalitatis
3027 2186 3290 2259 impertit,
3318 2193 3377 2242 ut
3402 2185 3568 2243 etiam
3587 2183 3697 2257 juri
3726 2198 3826 2239 suo
3845 2182 3937 2241 de-

2343 2279 2523 2339 trahat
2538 2278 2693 2350 quod
2718 2278 3036 2335 libertorum
3060 2276 3304 2337 dominio
3333 2277 3612 2348 largiatur.
3636 2274 3884 2342 Quanto.
3903 2290 3940 2337 o

2342 2371 2583 2443 quisquis
2601 2370 2692 2426 ille
2713 2385 2772 2425 es
2792 2367 3158 2427 inﬁdelissime
3178 2378 3371 2442 pater.
3395 2377 3601 2441 quanto
3631 2368 3837 2427 domini
3864 2368 3940 2425 illi

2341 2463 2532 2523 melius
2560 2462 2913 2519 cumlibertis
2944 2470 3112 2532 agunt
3131 2478 3302 2535 quam
3350 2470 3411 2519 tu
3446 2478 3573 2521 cum
3614 2462 3825 2521 liberis!
3856 2455 3945 2521 Illi

2341 2572 2462 2629 quae
2502 2556 2725 2625 donant,
2754 2563 3022 2627 perpetuo
3058 2558 3185 2627 δίωκε
3222 2555 3445 2618 donant,
3480 2562 3539 2610 tu
3580 2554 3947 2627 temporaria;

2343 2650 2422 2707 illi
2446 2648 2761 2707 testamenti
2787 2645 3021 2707 faciendi
3048 2645 3330 2703 arbitrium
3352 2642 3483 2715 dant
3505 2646 3731 2713 libertis,
3758 2656 3816 2701 tu
3840 2647 3950 2703 toto

2344 2742 2409 2796 lis
2430 2741 2654 2806 liberis;
2683 2740 2762 2797 illi
2792 2744 3070 2811 postremo
3098 2752 3286 2795 servos
3310 2752 3441 2795 suos
3480 2736 3615 2797 dant
3668 2737 3951 2805 libertati,

2346 2843 2403 2891 tu
2430 2834 2587 2906 quasi
2616 2831 2822 2889 addieis
2848 2830 2989 2889 ﬁlios
3016 2829 3279 2887 servituti.
3311 2826 3446 2885 Nam
3493 2827 3620 2899 Quid
3666 2841 3762 2909 est
3796 2828 3956 2888 aliud

2344 2940 2507 2995 quam
2538 2923 2794 2981 servituti
2822 2922 3070 2981 addicere
3089 2961 3103 2987 ,
3139 2935 3280 2990 quos
3306 2935 3415 2977 non
3442 2920 3524 2977 vis
3551 2918 3753 2993 aliquid
3792 2920 3951 2987 quasi

2346 3018 2605 3086 ingenuos
2660 3014 2985 3086 possidere?
3031 3011 3182 3071 More
3224 3025 3357 3082 ergo
3403 3011 3621 3070 illorum
3648 3011 3818 3069 uteris
3854 3012 3949 3083 qui

2344 3124 2530 3167 servos
2566 3124 2699 3169 suos
2748 3123 2860 3167 non
2888 3108 3030 3165 bene
3056 3107 3143 3186 .de
3192 3121 3255 3165 se
3283 3106 3538 3173 meritos,
3566 3104 3699 3176 quia
3726 3104 3949 3162 civitate

2345 3202 2589 3257 Romana
2612 3203 2865 3271 indignos
2886 3202 3152 3272 judicent,
3178 3200 3310 3271 iugo
3333 3200 3535 3257 Latina).
3560 3199 3825 3259 libertatis
3851 3198 3947 3256 ad-

2340 3293 2530 3353 dicuet
2563 3312 2575 3346 :
2602 3308 2746 3362 quas
2783 3294 2988 3353 scilicet
3026 3291 3222 3362 iubent
3242 3292 3464 3363 quidem
3503 3292 3605 3349 sub
3632 3292 3945 3349 libertorum

641 3378 744 3439 bus
764 3390 892 3447 quae
928 3373 1198 3441 religiosis
1236 3373 1492 3435 Videntur
1778 3384 1932 3429 υειιιω
1954 3366 2146 3449 iubent
2172 3366 2243 3422 ad
2269 3349 2316 3413 ς·
2348 3349 2505 3447 titulo
2762 3349 3163 3450 viventes..sed
3202 3349 3397 3443 ιιᾶιω
3420 3384 3722 3455 quidquam
3746 3384 3968 3455 habere,

644 3483 758 3533 eos,
783 3466 1170 3537 proprietatem
1214 3463 1287 3525 ad
1324 3463 1461 3521 alios
1514 3462 1809 3532 pertinere.
1858 3459 1931 3517 At
1971 3474 2103 3517 vero
2137 3458 2245 3517 hoc

643 3562 817 3621 multo
858 3567 953 3619 est
996 3556 1151 3628 pejus
1187 3565 1244 3613 ct
1600 3551 2004 3611 Tolerabilioris
2040 3550 2245 3622 quippe

644 3653 940 3726 impietatis
976 3666 1107 3714 esse
1146 3651 1359 3709 videtur
1404 3646 1891 3721 outu_proprietate
1914 3646 2151 3717 aliquem
2178 3640 2245 3697 ﬁ-

646 3745 733 3801 liis
784 3746 897 3801 suis
942 3745 1120 3806 minus
1168 3743 1508 3811 relinquere,
1541 3755 1703 3809 quam
1745 3738 2135 3808 proprietatem
2178 3735 2245 3790 iis

647 3852 829 3895 rerum
858 3838 1072 3909 penitus
1100 3835 1332 3893 auferre.
1366 3834 1553 3890 Potest
1573 3833 1719 3888 enim
1749 3832 2093 3901 aliquatenus
2114 3828 2246 3885 ferri

646 3930 752 3989 ista
774 3930 1037 3995 conditio.
1056 3929 1106 3985 si
1134 3936 1228 3982 aut
1251 3926 1457 3988 amicis,
1492 3933 1587 3980 aut
1604 3921 1876 3987 afﬁnibus,
1904 3929 2000 3975 aut
2024 3921 2245 3991 propin-

645 4021 768 4091 quis
790 4022 896 4075 hac
914 4020 1030 4086 lege
1056 4016 1258 4086 atiiquid
1279 4014 1635 4085 relinquatur.
1658 4012 1812 4065 Filiis
1830 4025 1962 4066 vero
1990 4012 2088 4079 qui
2116 4026 2244 4080 pro-

646 4112 934 4182 prietatem
966 4122 1146 4163 rerum
1171 4121 1279 4159 non
1308 4102 1523 4169 tribuit,
1552 4100 1633 4161 nil
1662 4100 1933 4170 relinquit.
1965 4099 2074 4155 Sed
2097 4101 2247 4156 inve-

649 4203 735 4259 nit
780 4200 1121 4272 iniquissima
1184 4197 1475 4255 inﬁdelitas
1538 4202 1827 4266 parentum
1884 4191 2159 4267 quomodo
2214 4209 2248 4248 a

651 4292 979 4369 patrimonio
1000 4308 1100 4348 suo
1120 4292 1292 4351 Deum
1308 4289 1536 4361 penitus
1565 4287 1879 4345 exchderet
1895 4328 1908 4352 ,
1938 4286 2247 4356 proprieta-

652 4397 763 4447 tem
792 4403 971 4445 rerum
1000 4385 1267 4455 religiosis
1287 4383 1412 4437 ﬁliis
1439 4380 1754 4437 auferendo.
1782 4378 1951 4433 ‘Usum
1977 4378 2121 4433 enim
2162 4377 2249 4432 his

649 4480 814 4543 dedit.
848 4488 906 4537 ut
950 4488 1096 4537 esset
1128 4492 1241 4548 quo
1292 4475 1397 4545 ipsi
1424 4475 1703 4539 viverent;
1744 4473 2139 4544 proprietatem
2166 4473 2251 4527 his

653 4570 795 4635 tulit,
822 4576 886 4624 ut
910 4568 1197 4637 quodDeo
1230 4567 1603 4635 relinquerent
1633 4580 1739 4619 non
1764 4564 2047 4619 haberent.
2078 4562 2125 4618 Ο
2154 4580 2253 4619 no-

653 4676 779 4723 vum
808 4660 1131 4733 inreligiosa:
1152 4656 1349 4714 mentis
1375 4656 1678 4726 ingeniuml
1712 4656 1917 4713 invenit
1956 4671 2064 4727 quo
2102 4654 2250 4711 vide-

2348 3482 2661 3539 murientes.
2675 3479 2879 3549 Regale
2895 3479 3045 3537 enim
3058 3479 3146 3537 his
3158 3479 3357 3539 tritius:
3371 3479 3668 3539 voluntatis
3700 3478 3946 3545 arbitrio,

2350 3574 2513 3637 etiam
2532 3587 2662 3644 quae
2684 3571 3014 3643 supersum
3036 3570 3263 3638 habent,
3290 3571 3588 3631 morientes
3602 3570 3810 3628 donare
3836 3585 3952 3628 non

2348 3677 2593 3740 possim.
2608 3666 3012 3738 ,ωιωετεο
3030 3672 3090 3723 et
3103 3664 3615 3734 tureligiososiilies
3632 3673 3759 3722 tuos
3778 3663 3943 3734 quasi

2351 3759 2575 3815 Latinos
2594 3757 2753 3828 jubes
2778 3772 2898 3812 esse
2927 3756 3178 3823 libertos;
3212 3762 3271 3810 ut
3315 3756 3499 3811 vivant
3541 3756 3750 3812 scilicet
3794 3756 3951 3825 quasi

2350 3852 2586 3922 ingenui,
2612 3860 2668 3907 et
2684 3850 2985 3906 moriantur
3014 3856 3073 3904 ut
3092 3850 3253 3915 servi,
3278 3858 3331 3904 et
3347 3848 3455 3918 juri
3474 3848 3699 3905 fratrum
3727 3849 3950 3906 suorum

2350 3944 2504 4014 quasi
2528 3958 2630 4012 per
2647 3942 2921 3998 vinculum
2946 3939 3153 3996 Latina
3174 3940 3438 3999 liberatis
3465 3941 3695 4008 astricti,
3716 3942 3883 4000 etiam
3898 3941 3954 4001 si

2353 4034 2604 4089 videntur
2631 4032 2839 4088 arbitrii
2885 4030 2969 4086 sui
3008 4044 3128 4086 esse
3164 4033 3291 4085 itum
3341 4032 3546 4097 vivunt,
3576 4031 3731 4100 quasi
3758 4031 3860 4087 sub
3886 4028 3955 4087 i1-

2353 4125 2530 4181 lorum
2580 4131 2759 4179 tamen
2808 4120 2969 4194 positi
3012 4128 3282 4191 potestate
3304 4121 3627 4179 moriantur.
3661 4120 3803 4190 Quid
3828 4130 3951 4176 tan-

2353 4226 2486 4282 tum,
2540 4231 2743 4287 qumso,
2795 4215 3016 4270 sceleris
3046 4216 3097 4269 in
3142 4215 3297 4270 titulo
3320 4230 3439 4270 esse
3467 4214 3742 4283 religionis
3771 4224 3954 4285 putas.

2354 4316 2415 4363 ut
2443 4308 2565 4365 ideo
2593 4323 2689 4363 eos
2715 4308 2807 4387 qui
2834 4307 3074 4376 religiosi
3096 4315 3224 4361 sunt
3244 4307 3383 4362 lilios
3406 4314 3529 4363 tuos
3552 4319 3675 4361 esse
3690 4321 3805 4362 non
3829 4320 3955 4369 cre-

2355 4401 2471 4465 das,
2496 4400 2623 4472 quia
2655 4398 2749 4455 ﬁlii
2771 4400 2864 4456 Dei
2886 4413 3004 4457 esse
3023 4391 3339 4473 coeperunt?
3363 4397 3420 4452 ln
3436 4412 3541 4471 quo
3558 4395 3651 4451 tibi
3676 4396 3840 4452 bonae
3856 4412 3958 4453 vo-

2357 4494 2579 4550 luntatis
2598 4496 2752 4565 quasi
2771 4494 2986 4563 piaculo
3002 4493 3085 4551 rei
3108 4492 3235 4549 facti
3255 4500 3399 4557 sunt,
3425 4499 3485 4547 ut
3512 4489 3711 4547 idcirco
3731 4504 3833 4546 eos
3851 4506 3958 4561 pu-

2360 4596 2439 4642 tes
2467 4585 2747 4642 habendos
2769 4600 2889 4641 esse
2917 4584 3130 4655 pejores
3149 4584 3275 4652 quia
3304 4590 3497 4654 optant
3518 4596 3643 4638 esse
3666 4580 3959 4661 meliores?

2431 4677 2564 4734 VIII.
2590 4677 2698 4734 Sed
2726 4676 2922 4742 dicitis,
2954 4691 3062 4731 non
3111 4689 3176 4730 eo
3207 4690 3237 4728 a
3289 4674 3450 4731 vobis
3470 4675 3651 4729 animo
3681 4672 3789 4729 hoc
3819 4673 3904 4743 agi
3938 4689 3955 4726 :

653 4720 805 4817 retur
1106 4751 1318 4823 majore
1344 4720 1475 4822 erga
1495 4749 1666 4808 Deum
1689 4766 1785 4807 sua
1812 4720 2095 4820 impietate
2115 4766 2244 4807 con-

2448 4720 2564 4734 η...
2591 4720 2698 4734 ην..
2727 4720 2922 4742 ...ν....,,
2955 4720 3062 4731 ..-.-
3113 4720 3174 4730 νυ
3207 4720 3237 4728 ..
3305 4720 3450 4731 .-.ην
3470 4720 3647 4729 -.-....ν
3688 4720 3789 4729 --νν
3820 4720 3903 4743 κο-
3941 4720 3954 4726 -

2357 4773 2503 4844 quod
2536 4787 2701 4829 unum
2738 4779 2823 4828 est
2860 4785 2925 4826 ac
2954 4771 3007 4826 si
3030 4769 3304 4840 quispiam
3323 4769 3469 4826 dicat
3494 4769 3667 4831 malas
3690 4784 3783 4827 res
3808 4769 3958 4825 bono

656 4848 854 4906 sulere.
882 4870 883 4873 η
908 4846 1059 4903 Fecit
1105 4847 1257 4902 enim
1305 4854 1365 4901 ut
1410 4852 1597 4900 sancta
1642 4845 1862 4919 soboles
1888 4860 2045 4900 usum
2071 4861 2252 4900 mrum

652 4941 880 5007 habens,
920 4929 1011 5010 jus
1053 4953 1235 4994 rerum
1262 4953 1371 4991 non
1410 4936 1635 5005 habens,
1668 4938 1822 5009 quasi
1861 4936 2101 5009 locuples
2129 4937 2253 5009 qui-
2312 4945 2317 4949 ’

653 5035 777 5096 dem
815 5034 1049 5102 viveret,
1102 5030 1199 5090 sed
1238 5031 1396 5103 quasi
1438 5029 1687 5091 mendica
1730 5040 2060 5098 moreretur;
2092 5046 2156 5087 ac
2174 5030 2258 5086 sic

655 5134 886 5185 testator
913 5125 1317 5181 inﬂdelissitnus
1344 5124 1502 5194 plena
1516 5123 1591 5179 de
1618 5124 1722 5179 hoc
1748 5122 1950 5177 mundo
1970 5123 2143 5192 possit
2168 5136 2257 5178 se-

658 5218 887 5274 curitate
910 5217 1209 5284 discedere,
1240 5230 1362 5272 cum
1389 5215 1556 5273 sciret
1574 5214 1642 5269 de
1669 5230 1769 5269 suo
1799 5213 1865 5267 ad
1888 5214 2058 5268 Deum
2096 5214 2250 5283 peni-

658 5314 748 5362 tus
770 5310 1060 5381 pervenire
1084 5308 1163 5367 uil
1186 5323 1371 5381 posse.
1394 5304 1661 5379 Quamvis
1707 5305 1763 5361 in
1800 5306 1908 5361 hoc
1954 5306 2071 5374 ipso
2111 5304 2255 5377 quod

659 5412 823 5469 supra
846 5398 961 5453 dixi
976 5439 991 5466 ,
1023 5416 1122 5469 per
1145 5416 1304 5456 nsum
1329 5413 1514 5456 mum
1538 5397 1778 5467 aliquam
1807 5395 1947 5452 ﬁlios
1972 5397 2256 5466 religiosos

582 5510 595 5519 ο
661 5504 827 5563 opum
848 5490 1010 5567 359
1037 5491 1323 5563 imaginem
1350 5491 1651 5569 possidere,
1678 5505 1752 5544 ne
1780 5490 1887 5545 hoc
1906 5490 1977 5545 sit
1995 5491 2211 5562 quidem
2240 5510 2252 5545 :

2360 4866 2541 4922 animo
2569 4880 2600 4918 a
2627 4880 2685 4918 se
2714 4862 2829 4917 ﬁeri
2850 4870 2906 4918 et
2932 4862 3227 4933 impietatis
3252 4861 3465 4916 facinus
3483 4861 3571 4932 pia
3596 4870 3783 4917 mente
3802 4875 3961 4916 cerno

2361 4957 2518 5014 mitti.
2552 4956 2691 5024 Quid
2728 4955 2967 5027 prodest,
2993 4970 3026 5010 ο
3046 4953 3479 5010 inhumanissimi
3508 4962 3786 5025 parentes,
3806 4951 3959 5022 quod

2361 5054 2501 5109 ﬁlios
2528 5052 2812 5120 religiosos
2838 5050 2984 5106 bono
3012 5065 3043 5103 a
3081 5040 3235 5107 vobis
3258 5047 3587 5104 dehonorari
3615 5047 3799 5107 animo
3820 5060 3960 5107 asse-

2362 5146 2596 5203 veratis?
2622 5143 2730 5200 Res
2751 5144 2864 5214 ipsa
2892 5143 3001 5197 hoc
3018 5142 3245 5212 respuit,
3277 5140 3598 5197 resrefellit.
3642 5138 3845 5195 Pan-
3877 5146 3960 5194 est

2363 5238 2509 5310 quod
2534 5237 2693 5295 nudis
2714 5233 3101 5297 assertionibus
3128 5230 3343 5289 dicitis:
3371 5232 3472 5304 ipsi
3514 5231 3725 5288 actibus
3760 5229 3959 5293 vestris

2361 5341 2551 5391 contra
2574 5348 2675 5389 vos
2701 5338 2870 5387 testes
2894 5328 3046 5384 estis.
3074 5324 3359 5395 Indignum
3388 5341 3519 5396 ergo
3539 5321 3880 5385 arbitramini
3902 5329 3960 5385 ut

2361 5432 2549 5482 sancta
2578 5439 2641 5479 ac
2661 5421 2861 5494 placita
2884 5419 2996 5474 Deo
3018 5418 3251 5491 pignora
3291 5416 3414 5473 ﬁliis
3438 5416 3644 5475 mundo
3670 5413 3967 5472 servienti-1

2362 5520 2462 5574 bus
2486 5513 2905 5586 comparentur?
2949 5510 3148 5567 Verum
3180 5518 3281 5576 est,
3323 5517 3377 5565 et
3400 5509 3545 5569 bene
3570 5507 3909 5567 arbitramini
3941 5522 3958 5560 :

1851 5625 2189 5684 STEPHANI
2227 5630 2503 5689 BALUle
2526 5602 2771 5687 noris.

740 5734 780 5807 τ’
803 5723 926 5807 Vo;
947 5723 1121 5796 magis
1144 5721 1298 5779 deest
1324 5721 1376 5776 in
1400 5722 1688 5779 recentiori
1715 5722 1900 5779 codice
1923 5721 2073 5789 regio
2108 5731 2164 5778 et
2198 5725 2255 5781 in

666 5795 999 5857 Galbertino.

737 5865 766 5903 δ
799 5867 969 5936 Antea
999 5865 1274 5936 legebatur
1317 5881 1329 5915 :
1380 5864 1621 5936 Tantum
1653 5865 1728 5936 eis
1758 5864 2021 5936 interdum
2070 5867 2256 5936 gratia

671 5939 879 6004 patroni
904 5934 1190 5990 liberalitas
1230 5936 1477 6003 impertit.
1520 5933 1626 5987 Sed
1658 5934 1797 5987 hanc
1836 5933 2124 5990 lectionem
2162 5951 2252 5993 re-

2365 5789 2422 5855 e't
2447 5796 2795 5855 Colbertinus
2838 5807 3048 5851 summo
3068 5806 3339 5847 consensu
3370 5789 3549 5846 haben

3971 5606 3985 5635 Ι

3970 5644 3981 5678 l

2366 5725 2665 5801 Spuendam
2708 5738 2856 5781 nunc
2884 5735 3005 5778 esse
3041 5720 3370 5788 censuimus,
3399 5719 3527 5788 quia
3567 5716 3783 5796 codices

2366 5806 2422 5842 ρι
2447 5796 2795 5842 ηηιιιιιιιιίιιιις
2838 5807 3048 5842 summo
3068 5806 3338 5842 consensu
3371 5789 3574 5842 habent
3602 5798 3849 5842 nati-one
3940 5813 3957 5829 ι

3551 5798 3574 5845 t
3601 5798 3849 5860 patrone
3885 5798 3927 5842 tt
3940 5813 3957 5829 ι

2366 5869 2669 5926 beralitatis.
3690 5904 3695 5909 .
3941 5931 3947 5939 Ι
