4246 6270
558 448 560 450 ν
609 367 714 424 215
1560 365 1615 419 S.
1660 360 1972 418 SALVIANI
2011 361 2468 421 MASSILIENSIS
2506 365 2928 424 PRESBYTER]
3769 379 3874 438 216

609 484 789 537 rebant
810 484 974 553 pretia
1002 482 1336 544 venditorum,
1367 488 1418 533 et
1445 479 1702 549 ponebant
1723 488 1844 533 ante
1872 479 2024 550 pedes
2062 497 2188 549 apo-
2214 480 2270 541 Α
2294 483 2431 536 terni
2471 484 2641 552 gratia
2689 486 3090 542 communicare
3139 503 3263 544 cum
3307 496 3463 560 patre
3499 499 3688 562 postea
3711 479 3870 556 "bona

605 575 854 628 stolarum
884 573 1018 643 (Act.
1053 589 1124 636 IV,
1148 570 1361 641 53-35).
1396 570 1532 642 Alibi
1562 576 1822 664 quoque":
1847 569 1919 623 Et
1945 587 2095 664 nemo
2119 587 2184 625 ea:
2288 575 2474 630 relicta
2515 578 2712 648 cupiat,
2742 595 2853 634 non
2879 580 3095 636 valebit.
3127 579 3155 619 ιι
3185 581 3428 638 Reddere
3455 584 3717 655 siquidem
3746 599 3869 660 post

603 682 662 718 eo
683 663 819 735 quod
837 662 1146 733 possidebat,
1177 679 1324 715 suum
1348 663 1614 734 proprium
1633 662 1746 716 esse
1769 662 1972 717 dicebat
1995 663 2180 736 (Ibid.,
2285 675 2513 724 mortem
2541 670 2681 740 patri
2707 671 2880 740 pietas
2909 671 3008 726 ﬁlii
3029 688 3138 728 non
3163 674 3380 744 poterit,
3412 676 3558 745 quod
3579 678 3865 750 unicuique

601 750 711 824 δί).
738 753 912 824 Atque
941 754 1044 808 hoc
1073 769 1180 808 non
1206 769 1403 823 parvus
1420 758 1423 759 ⁷
1440 753 1772 809 credentium
1800 769 2086 821 numerus;
2114 771 2183 810 ne
2284 760 2557 814 indevotio
2585 776 2681 815 sua
2708 769 2765 815 et
2793 760 3079 817 inﬁdelitas
3101 762 3396 832 denegarit.
3425 762 3676 838 Ideoque,
3711 768 3861 838 juxta

598 860 761 915 quem
784 843 1009 899 forsitan
1039 845 1214 899 minus
1241 845 1567 915 scriptorum
1615 846 2181 912 auctoritasmoveat.
2283 850 2629 921 Apostolum,
2660 852 3024 922 unusquisque
3051 853 3288 908 sarcinas
3316 869 3439 910 suas
3466 857 3693 926 cogitet,
3736 860 3860 928 quia
3951 892 3955 895 -

579 934 726 989 idum
772 941 976 1004 putant
1013 927 1263 1006 exempla
1309 951 1430 990 esse
1478 951 1791 1005 paucorum.
1849 936 1980 1003 Quae
2023 935 2182 993 fuerit
2282 943 2646 1013 unusquisque
2687 943 2966 998 hominum
3003 959 3101 998 sua
3120 943 3292 999 onera
3319 947 3574 1016 portabit.
3596 927 3858 1013 Flammae

595 1027 795 1097 quippe
817 1034 945 1081 tunc
965 1027 1252 1103 multitudo
1267 1022 1526 1083 Ecclesiai
1541 1027 1875 1125 principalis,
1889 1027 1975 1125 vel
1996 1043 2064 1082 ex
2075 1027 2180 1125 hoc
2281 1035 2572 1090 infelicium
2599 1044 2936 1092 mortuorum
2963 1035 3164 1092 divitiis
3189 1053 3298 1098 non
3339 1037 3725 1108 refrigerantur
3752 1043 3855 1099 hai-
3910 1033 3936 1125 ι

592 1119 712 1174 solo
755 1120 974 1187 agnosci
1019 1127 1216 1190 potest,
1254 1120 1398 1189 quod
1440 1121 1493 1174 in
1529 1120 1805 1189 principiis
1842 1120 2023 1174 statim
2049 1121 2179 1191 ipsis

593 1218 718 1267 octo
739 1212 1015 1268 hominum
1043 1214 1209 1267 millia
1229 1213 1393 1268 biduo
1429 1212 1681 1268 Ecclesia:
1719 1213 2177 1269 aceessisse‘refe—

591 1310 785 1357 runtur
813 1303 835 1374 (
858 1305 972 1357 Act.
997 1321 1052 1370 ιι,
1077 1303 1164 1369 41,
1191 1313 1239 1357 et
1275 1320 1347 1369 ιν,
1390 1302 1424 1355 4
1445 1302 1493 1376 )’;
1526 1293 1813 1374 pateatque
1832 1306 2176 1361 mstimationi

590 1407 712 1461 quae
739 1394 945 1448 caeteris
977 1394 1165 1449 diebus
1209 1393 1443 1448 universi
1471 1394 1683 1462 generis
1718 1395 2004 1449 multitudo
2044 1411 2176 1451 con-

579 1485 840 1548 creverit,
873 1485 965 1540 ubi
992 1485 1099 1540 duo
1120 1483 1493 1551 tantummodo
1519 1485 1653 1551 dies,
1686 1474 1882 1556 prazter
1904 1487 2173 1557 disparem

588 1580 802 1629 aetatem
831 1576 1036 1644 pariter
1074 1591 1138 1631 ac
1168 1591 1384 1642 sexum,
1428 1560 1635 1630 tantam
1674 1577 1913 1632 virorum
1962 1581 2170 1649 copiam

585 1661 956 1737 procrearunt.
1013 1667 1165 1722 Unde
1205 1665 1336 1724 cum
1381 1677 1437 1723 et
1475 1675 1584 1722 tam
1623 1658 2026 1740 innumerabilis
2049 1658 2171 1739 ‘jam

585 1766 712 1813 tunc
739 1765 793 1813 et
815 1767 923 1813 tam
952 1759 1188 1829 perfecta
1218 1761 1369 1831 plebs
1396 1759 1575 1827 fuerit,
1607 1777 1789 1832 quaero
1808 1777 1839 1817 a
1867 1748 2020 1818 vobis
2047 1779 2170 1818 cum

2281 1125 2486 1181 redum.
2527 1126 2684 1182 Dives
2711 1126 2802 1182 ille
2829 1127 2883 1182 in
2910 1126 3200 1198 Evangelio
3219 1130 3311 1200 qui
3336 1147 3573 1204 purpura
3599 1133 3856 1192 indueba-

2279 1221 2368 1269 tur
2393 1223 2449 1270 et
2487 1216 2647 1288 bysso
2678 1214 2828 1288 (Luc.
2863 1233 2949 1272 XVI
2972 1259 2987 1285 ,
3022 1217 3090 1271 I9
3116 1207 3302 1292 seqqi),
3345 1221 3548 1291 absque
3573 1223 3736 1281 dubio
3762 1227 3854 1296 qui

2279 1307 2517 1378 locuples
2544 1309 2598 1363 in
2627 1309 2952 1366 boc'szeculo
2983 1311 3143 1383 265
3174 1311 3290 1383 ipse
3315 1312 3520 1382 fuerat,
3550 1316 3710 1372 etiam
3737 1319 3854 1374 hae.

2275 1401 2432 1456 redes
2451 1417 2578 1457 suos
2597 1411 2772 1458 morte
2795 1403 3009 1458 ditarat.
3043 1403 3512 1477 Sednequaquam
3531 1408 3637 1466 hoc
3657 1410 3708 1466 ei
3733 1426 3854 1482 ιιι-οη

2275 1491 2466 1557 derat,
2495 1493 2639 1563 quod
2680 1495 2872 1564 opibus
2910 1511 2974 1550 ac
2998 1493 3357 1567 talentis'ejus
3383 1501 3622 1568 germani
3661 1502 3852 1562 divites

2274 1584 2633 1652 incubabant;
2677 1593 2735 1641 et
2759 1586 2849 1641 ille
2891 1594 3098 1656 guttam
3125 1587 3388 1658 refrigerii
3416 1589 3705 1660 impetrare
3740 1609 3849 1651 non

2273 1667 2502 1746 poterat.
2528 1676 2608 1730 Illi
2637 1683 2790 1731 erant
2809 1677 2862 1731 in
2891 1677 3233 1744 abundantia,
3261 1679 3354 1734 sed
3382 1680 3472 1735 ille
3499 1681 3552 1736 in
3581 1690 3846 1751 egestate;

2272 1767 2346 1820 illi
2375 1767 2428 1821 in
2456 1768 2832 1836 gratulatione,
2864 1769 2959 1823 sed
2991 1769 3080 1824 ille
3108 1770 3162 1824 in
3183 1770 3371 1826 dolore
3396 1788 3410 1837 ;
3442 1771 3519 1826 illi
3548 1771 3602 1827 in
3626 1773 3844 1842 divitiis,

572 1851 779 1919 quibus
803 1851 1014 1921 loquor,
1048 1852 1226 1908 cuncti
1255 1861 1526 1922 parentes,
1559 1853 1615 1907 in
1659 1853 1762 1908 illis
1793 1861 1877 1908 tot
1913 1870 1977 1910 ac
2009 1857 2169 1911 tantis
2196 1856 2245 1916 B
2271 1857 2367 1912 sed
2405 1857 2493 1912 ille
2521 1858 2575 1912 in
2602 1859 2916 1924 tormentis;
2947 1858 3022 1914 illi
3054 1859 3281 1915 fortasse
3303 1860 3502 1930 jugiter
3527 1862 3582 1917 in
3616 1863 3843 1932 luxuria,

587 1949 716 1996 tunc
745 1943 1078 1998 credentium
1103 1944 1359 2007 millibus,
1382 1950 1534 1997 tanta
1577 1943 1700 1998 ﬁdei
1728 1943 2060 2013 perfectione
2086 1947 2167 2002 vi-

572 2032 847 2098 ventibus,
865 2047 1121 2097 omnesne
1133 2043 1255 2088 cum
1267 2031 1388 2088 ﬁliis
1403 2049 1471 2087 an
1483 2047 1672 2088 omnes
1684 2033 1801 2089 sine
1814 2034 1935 2089 ﬁliis
1945 2033 2166 2091 fuerint?

580 2118 859 2189 Neutrum,
879 2124 1089 2194 opinor.
1114 2123 1268 2178 Nulla
1282 2125 1427 2178 enim
1439 2123 1694 2179 Ecclesiae
1705 2124 1861 2194 plebs
1870 2128 1953 2180 'est
1977 2143 2084 2181 non
2098 2127 2165 2182 de

568 2197 814 2282 utroque
830 2199 1115 2283 permixta.
1148 2201 1449 2284 Intelligere
1465 2206 1843 2285 ergo'possunt
1861 2208 2165 2286 quicunque

567 2317 648 2360 'ex
675 2305 991 2360 Christianis
1007 2306 1144 2362 ﬁlios
1165 2295 1273 2360 non
1289 2307 1488 2362 habent
1500 2308 1900 2378 cuirelinquere
1919 2310 2166 2366 substan-

578 2396 685 2451 tias
705 2411 830 2451 suas
853 2397 1105 2464 debeant,
1124 2415 1248 2454 cum
1267 2398 1483 2454 videant
1507 2401 1592 2455 cui
1609 2401 1925 2470 reliquerint
1948 2412 2073 2457 tunc
2088 2403 2163 2457 illi

581 2487 723 2544 ﬁlios
763 2505 870 2545 non
916 2491 1202 2546 habentes:
1228 2491 1323 2546 Sin
1352 2500 1531 2547 autem
1554 2489 1773 2561 habent,
1806 2493 2012 2549 discant
2037 2493 2164 2563 quid

564 2579 742 2660 etiam
765 2581 911 2656 ipsos
932 2590 1183 2651 oporteat
1195 2583 1391 2650 facere,
1407 2599 1528 2638 eum
1538 2583 1757 2639 videant
1771 2592 1898 2640 tunc
1910 2593 2164 2654 parentes

577 2663 818 2728 amorem
832 2660 1066 2729 filiorum
1089 2675 1182 2730 Dei
1200 2675 1322 2732 ﬁliis
1344 2677 1662 2747 praetulisse.
1689 2676 1862 2732 Habet
1878 2678 2164 2745 igiturom-

577 2764 662 2818 nis
679 2770 826 2830 aetas,
854 2765 1014 2820 habet
1037 2767 1212 2821 omnis
1227 2767 1467 2823 conditio
1482 2767 1625 2838 quod
1635 2771 1909 2838 Sequatur.
1928 2768 2166 2834 Quicum

577 2870 683 2922 que
737 2865 820 2910 est
860 2858 1128 2928 particeps
1183 2856 1306 2914 ﬁdei
1351 2860 1670 2930 participem
1715 2851 1788 2915 se
1813 2861 1955 2915 beati
2004 2860 2164 2915 faciat

559 2950 830 3018 exempli.
858 2951 1019 3022 264.
1046 2951 1103 3006 Si
1133 2952 1209 3006 illi
1237 2961 1364 3008 tunc
1403 2955 1473 3009 ob
1501 2953 1668 3008 Deum
1696 2953 1961 3010 donantes
1982 2955 2162 3010 omnia

577 3056 696 3108 sua,
735 3042 898 3096 etiam
931 3045 1138 3114 seipsos
1167 3046 1626 3102 exhtereditavere
1659 3049 1932 3111 viventes,
1973 3049 2161 3104 discite

577 3144 696 3198 vos,
728 3145 1069 3203 .quzesumus,
1099 3136 1243 3191 bona
1287 3143 1467 3191 vestra
1508 3138 1592 3192 vel
1642 3139 1742 3207 ipsi
1797 3148 1823 3175 ει
1844 3139 2162 3193 haereditare

2270 1948 2374 2020 sed
2394 1949 2482 2002 ille
2509 1964 2723 2018 semper
2767 1949 2823 2003 in
2850 1947 3082 2004 ﬂamma.
3130 1948 3175 2004 Ο
3220 1949 3408 2005 infelix
3446 1966 3510 2006 ac
3545 1952 3844 2013 miseranda

2269 2038 2542 2093 conditio!
2587 2039 2750 2094 Bonis
2776 2041 2886 2095 suis
2934 2039 3053 2094 aliis
3079 2041 3398 2110 prmparavit
3440 2041 3840 2111 beatitudinem,

2268 2130 2369 2184 sibi
2415 2128 2793 2197 alllictionem;
2844 2131 2962 2185 aliis
2989 2131 3202 2200 gaudia,
3233 2131 3335 2186 sibi
3383 2131 3682 2203 lacryrnas;
3729 2134 3846 2189 aliis

2265 2219 2601 2290 voluptatem
2627 2220 2864 2287 brevem,
2897 2221 2996 2276 sibi
3026 2221 3202 2290 ignem
3223 2231 3535 2292 perennem.
3569 2221 3671 2277 Ubi
3693 2231 3845 2278 erant

2268 2320 2395 2367 tunc
2427 2310 2633 2375 afﬁnes,
2667 2312 2756 2366 ubi
2785 2312 3093 2381 propinqui,
3125 2312 3216 2367 ubi
3244 2313 3328 2367 vel
3354 2312 3466 2378 lilii,
3515 2313 3560 2368 si
3587 2329 3724 2384 quos
3747 2315 3845 2368 ha-

2264 2407 2475 2469 buerat,
2526 2405 2613 2458 vel
2657 2404 2900 2473 germani
2946 2405 3176 2472 quorum
3223 2405 3563 2470 meminerat,
3612 2414 3668 2461 et
3709 2419 3844 2475 quos

2263 2504 2410 2552 certe
2437 2503 2589 2550 tanto
2619 2509 2803 2550 amore
2828 2494 3092 2548 dilexerat
3112 2500 3171 2548 ut
3191 2509 3376 2549 eorum
3403 2511 3473 2550 ne
3501 2497 3555 2550 in
3583 2496 3844 2567 supplicio

2253 2588 2478 2659 quidem
2505 2588 2712 2658 positus
2763 2586 3210 2642 oblivisceretur?
3252 2584 3391 2652 Quid
3427 2585 3478 2640 ei
3526 2586 3840 2656 proderant,

2263 2682 2392 2752 quid
2431 2679 2897 2749 suﬁragabantur?
2940 2678 3314 2748 Torquebatur
3360 2676 3578 2742 infelix;
3627 2685 3683 2733 et
3709 2695 3844 2749 opes

2263 2789 2388 2828 suas
2416 2772 2534 2827 aliis
2561 2771 2955 2835 devorantibus,
2982 2770 3072 2824 ille
3098 2769 3361 2837 refrigerii
3404 2775 3606 2837 guttam
3645 2769 3841 2824 ardens

2262 2864 2500 2935 petebat,
2533 2871 2588 2918 et
2624 2863 2914 2932 impetrare
2953 2877 3062 2915 non
3090 2867 3321 2930 poterat.
3363 2858 3429 2912 Et
3458 2861 3581 2924 hoc,
3625 2859 3670 2913 si
3710 2859 3844 2928 quid

2263 2958 2386 3013 addi
2415 2957 2482 3012 ad
2511 2972 2724 3028 poenam
2753 2963 2953 3026 potest,
2981 2969 3078 3024 per
3106 2953 3254 3006 illum
3283 2952 3386 3006 sibi
3415 2951 3577 3006 tribui
3605 2950 3844 3020 postula-

2263 3049 2354 3103 bat
2381 3062 2541 3117 quem
2588 3044 2874 3114 aliquando
2901 3049 3454 3112 contempseratpper
3480 3041 3630 3095 illum
3668 3040 3759 3109 qui
3788 3040 3839 3095 in

2261 3154 2396 3208 pure
2423 3153 2487 3192 ac
2513 3137 2663 3192 sanie
2690 3139 3112 3204 computruerat,
3143 3149 3240 3203 per
3269 3133 3417 3186 illum
3441 3130 3592 3198 cujus
3621 3129 3836 3201 fetorem

575 3225 887 3280 morientes.
941 3226 1069 3292 Qum
1115 3227 1330 3296 quidem
1355 3269 1368 3291 ,
1398 3235 1456 3281 ut
1492 3229 1619 3291 dixi,
1650 3229 1815 3282 etiam
1835 3246 1949 3295 vos,
1980 3247 2014 3284 ο
2044 3218 2235 3289 inﬁ-C
2265 3245 2329 3283 ac
2355 3228 2658 3297 squalorem
2689 3227 2846 3294 longe
2876 3225 3165 3292 refugerat,
3197 3224 3288 3291 qui
3318 3222 3681 3277 membrorum
3713 3238 3838 3277 suo-

557 3313 831 3370 ‘delissimi
884 3324 1154 3385 parentes,
1203 3317 1468 3371 curiosius
1504 3319 1868 3385 attentiusque
1887 3336 1986 3389 pro
2009 3321 2160 3376 vobis

578 3408 834 3462 convenit
857 3408 1114 3476 cogitare.
1145 3408 1371 3477 Oportet
1395 3409 1596 3479 quippe
1618 3426 1733 3474 vos,
1753 3419 1755 3423 '
1777 3412 1906 3464 mihi
1935 3413 2158 3479 credite,

577 3497 740 3552 etiam
790 3499 930 3552 inter
969 3495 1106 3553 filios
1154 3493 1366 3554 vestros
1391 3499 1578 3554 salutis
1621 3501 2022 3573 animarumque
2068 3519 2162 3558 ve-

576 3595 812 3643 strarum
834 3603 941 3642 non
963 3588 1225 3644 oblivisci.
1243 3588 1548 3660 Propinqua
1565 3592 1707 3646 enim
1735 3600 1913 3646 vestra
1935 3595 2160 3663 pignora

578 3695 702 3734 esse
729 3672 883 3734 vobis
911 3687 967 3735 et
996 3681 1440 3750 conjunctissima
1469 3683 1601 3738 satis
1635 3691 1840 3738 certum
1868 3691 1982 3740 est.
2017 3685 2122 3742 Sed
2141 3727 2155 3752 ,

576 3770 710 3824 mihi
736 3771 956 3838 credite,
991 3788 1150 3828 nemo
1177 3773 1332 3829 vobis
1352 3775 1722 3845 propinquior,
1738 3791 1914 3831 .nemo
1939 3777 2162 3846 conjun-

576 3861 717 3915 ctior
744 3878 903 3931 quam
932 3880 1029 3919 vos
1056 3865 1175 3934 ipsi.
1221 3863 1414 3920 Amate
1460 3867 1659 3934 itaque,
1692 3883 1800 3921 non
1829 3864 2155 3933 obsistimus,

577 3963 756 4008 amate
814 3954 952 4009 ﬁlios
999 3964 1240 4018 vestros,
1286 3957 1382 4009 sed
1428 3963 1610 4009 tamen
1653 3956 1888 4010 secundo
1927 3972 1957 4008 a
2006 3959 2159 4011 vobis

574 4047 741 4114 gradu
776 4064 788 4098 :
816 4047 889 4099 ita
917 4046 1040 4099 illos
1073 4045 1296 4113 diligite,
1328 4059 1397 4097 ne
1425 4059 1522 4098 vos
1551 4045 1729 4098 odisse
1756 4045 2062 4099 videamini.
2082 4047 2161 4100 In-

573 4135 850 4190 consultus
872 4148 1102 4202 namque
1121 4141 1177 4188 et
1204 4134 1399 4187 stultus
1413 4149 1567 4187 amor
1584 4141 1685 4199 est,
1714 4134 1932 4187 alterius
1953 4151 2160 4190 memor

575 4235 632 4281 et
656 4226 740 4281 sui
785 4226 1085 4281 immemor.
1121 4224 1247 4281 Non
1291 4228 1541 4297 accipiet,
1572 4226 1746 4296 inquit
1773 4227 2050 4297 Scriptura
2072 4245 2158 4284 sa-

572 4333 685 4384 cra,
714 4319 1040 4391 iniquitatem
1076 4318 1175 4390 ﬁlii
1218 4320 1297 4372 sui
1328 4316 1548 4390 (Ezech.
1583 4332 1727 4382 xvm,
1759 4317 1829 4372 20
1849 4317 1889 4389 ).
1915 4317 1983 4374 Et
2010 4320 2156 4391 Apo-

572 4413 762 4478 stolus,
788 4412 1161 4484 Unusquisque,
1187 4411 1378 4479 inquit,
1410 4412 1676 4481 proprium
1703 4427 1831 4465 onus
1861 4430 2007 4467 suum
2032 4433 2156 4485 por-

571 4500 720 4555 tabit.
1825 4505 1838 4516 '

2262 3337 2378 3376 rum
2428 3319 2694 3374 ulceribus
2735 3333 2896 3371 canes
2934 3322 3175 3385 paverat,
3224 3328 3386 3383 quem
3431 3321 3697 3370 scatentes
3723 3329 3838 3368 ver-

2263 3412 2424 3464 mium
2454 3409 2595 3477 globi
2624 3409 2785 3462 etiam
2811 3408 2949 3460 intra
2971 3421 3214 3467 recessus
3241 3406 3421 3475 peresi
3450 3394 3690 3475 corporis
3715 3421 3839 3459 exa-

2262 3507 2464 3554 rarant.
2493 3496 2537 3552 0
2564 3498 2740 3566 gravis
2779 3497 3000 3550 nimium
3043 3502 3098 3549 et
3125 3494 3356 3562 lugenda
3384 3493 3654 3549 condilio!
3698 3492 3862 3547 Pan--

2261 3607 2360 3661 per
2385 3589 2772 3645 beatitudinem
2798 3587 2928 3642 emit
2955 3585 3319 3648 mendicitate,
3350 3584 3498 3639 dives
3526 3584 3839 3654 supplicium

2262 3683 2535 3738 facultate.
2589 3680 2817 3751 Pauper,
2865 3694 2986 3733 cum
3032 3677 3244 3748 penitus
3292 3677 3365 3731 nil
3410 3677 3661 3744 haberet,
3712 3676 3840 3731 emit

2262 3787 2490 3833 asternas
2529 3775 2740 3830 divitias
2773 3770 3030 3841 egestate.
3066 3769 3111 3823 Ο
3145 3777 3344 3838 quanto
3372 3769 3470 3824 has
3497 3767 3702 3824 facilius
3729 3775 3836 3820 tam

2262 3866 2630 3920 multa'rerum
2662 3863 3000 3932 possessione
3039 3860 3188 3914 dives
3214 3865 3465 3929 potuerat
3501 3871 3834 3927 comparare,

2261 3954 2353 4022 qui
2381 3955 2522 4006 inter
2547 3958 2814 4005 tormenta
2860 3956 3111 4010 aestuans,
3157 3955 3213 4001 et
3241 3947 3382 4002 inter
3426 3946 3686 4016 supplicia
3712 3959 3839 4015 pro-

2262 4043 2499 4097 clamans
2529 4059 2541 4092 :
2575 4039 2755 4104 Pater,
2785 4038 2973 4108 inquit,
3025 4036 3302 4103 Abraham,
3346 4039 3587 4090 miserere
3621 4037 3739 4100 mei,
3787 4040 3838 4088 et
3870 4076 3876 4084 .

2261 4133 2404 4185 mitte
2445 4131 2722 4194 Lazarum,
2769 4138 2826 4182 ut
2868 4129 3128 4199 intinguat
3168 4136 3452 4181 extremum
3489 4126 3639 4196 digiti
3673 4125 3753 4179 sui
3785 4124 3839 4178 in

2263 4240 2416 4296 aqua,
2446 4231 2503 4276 ut
2529 4223 2795 4293 refrigeret
2815 4220 3046 4290 linguam
3077 4225 3264 4283 meam,
3288 4219 3408 4290 quia
3436 4218 3636 4271 crucior
3662 4217 3714 4269 in
3745 4215 3840 4268 hac

2262 4319 2472 4386 flamma
2502 4313 2688 4386 (Ibid,
2717 4313 2830 4384 24).
2866 4313 2981 4368 Non
3027 4311 3283 4366 horrebat
3307 4319 3436 4366 tunc
3462 4311 3663 4367 scilicet
3691 4309 3840 4364 dives
3866 4326 3878 4340 υ

2261 4408 2350 4462 ille
2378 4406 2564 4460 Lazari
2592 4402 2861 4474 quondam
2887 4401 3141 4470 pauperis
3180 4415 3416 4466 manum,
3461 4414 3563 4454 nec
3587 4397 3838 4464 deligun-

2186 4524 2188 4526 τ
2260 4499 2417 4571 batur
2445 4497 2718 4551 auxilium.
2751 4492 2910 4564 266
2936 4490 3103 4546 Inseri
3149 4491 3262 4559 ejus
3303 4489 3500 4558 digitos
3526 4489 3610 4544 ori
3655 4504 3754 4544 suo
3782 4497 3838 4544 et

642 4589 734 4644 XI.
785 4590 1007 4645 Relictze
1065 4589 1248 4660 itaque
1304 4587 1426 4644 filiis
1481 4588 1677 4644 divitize
1731 4562 1984 4661 parentes
2047 4609 2154 4649 non
2181 4585 2235 4645 D
2261 4569 2492 4656 mitigari
2534 4562 2898 4640 intolerandas
2926 4581 3158 4636 faucium
3196 4579 3437 4635 flammas
3465 4578 3606 4635 illius
3632 4579 3836 4650 pridem

570 4681 799 4736 liberant
839 4681 907 4735 de
972 4679 1320 4735 mendicitate
1363 4698 1376 4734 :
1425 4681 1593 4737 immo
1646 4683 1833 4744 relicta
1887 4685 2150 4741 immode-

567 4779 688 4826 rate
716 4767 838 4824 ﬁliis
866 4769 1126 4837 facultas,
1157 4779 1441 4841 parentum
1464 4781 1547 4828 est
1592 4775 1919 4844 sempiterna
1948 4775 2153 4830 mendi-

567 4861 704 4916 citas
737 4879 751 4914 :
782 4875 846 4917 ac
870 4863 972 4932 per
998 4861 1104 4917 hoc
1127 4863 1261 4917 nulli
1288 4864 1603 4933 parentibus
1630 4866 1801 4936 magis
1822 4867 2148 4936 noxiiquam

567 4951 662 5009 ﬁlii
695 4953 856 5008 nimis
904 4953 1087 5008 amati.
1141 4952 1277 5008 Dum
1325 4954 1467 5009 enim
1511 4954 1589 5009 illi
1637 4957 1824 5026 patriis
1861 4957 2019 5012 bonis
2072 4955 2151 5010 af-

567 5043 772 5113 ﬂuunt,‘
790 5052 1046 5117 parentes
1067 5044 1122 5099 in
1138 5044 1580 5114 _sempiternitate
1599 5048 1923 5103 cruciantur.
1949 5048 2152 5102 Etiam-

565 5136 616 5193 si
668 5124 780 5193 tam
811 5139 932 5208 pius
979 5138 1049 5193 sit
1103 5135 1243 5193 ﬁlius
1285 5142 1347 5191 ut
1393 5135 1742 5206 refrigerandi
1774 5139 2022 5208 supplicii
2049 5154 2144 5207 pa-

2260 4679 2436 4736 fetidze
2485 4693 2548 4732 ac
2595 4673 2889 4744 squalentis
2933 4686 3126 4726 manus
3170 4685 3395 4725 munere
3440 4669 3761 4739 postulabat.
3791 4667 3836 4724 0

2257 4777 2453 4840 quanta
2482 4781 2661 4821 rerum
2687 4763 2914 4818 mutatio
2960 4760 3099 4842 facta
3145 4760 3356 4816 fuerat!
3409 4759 3579 4829 Tangi
3615 4762 3744 4815 tunc
3769 4758 3836 4814 ah

2256 4878 2322 4917 eo
2350 4857 2706 4919 desiderabat,
2750 4869 2908 4924 quem
2938 4853 3102 4908 etiam
3128 4851 3311 4908 videre
3339 4859 3464 4906 ante
3492 4851 3832 4922 despexerat.

2324 4949 2438 5004 XII.
2472 4948 2597 5003 Haec
2615 4961 2750 5017 ergo
2772 4945 2965 5021 divites
2984 4945 3238 5014 cogitent,
3263 4944 3356 5013 qui
3383 4935 3652 5000 redimere
3670 4942 3836 4998 facul-

2255 5045 2453 5100 tatibus
2481 5041 2592 5098 suis
2636 5040 2827 5095 nolunt
2851 5053 2919 5092 ne
2961 5037 3064 5092 ista
3109 5032 3400 5106 patiantur.
3433 5034 3592 5091 Dives
3619 5033 3720 5088 fuit
3747 5033 3836 5088 ille

2250 5139 2317 5192 de
2376 5151 2484 5205 quo
2547 5133 2688 5187 nunc
2731 5129 3002 5200 loquimur
3055 5146 3069 5180 ε
3115 5126 3308 5182 divites
3355 5132 3482 5182 sunt
3515 5133 3572 5181 et
3627 5125 3717 5180 isti
3767 5121 3836 5178 ad

1757 5249 2091 5332 STEPHANI
2129 5248 2402 5306 BALUZII
2439 5245 2669 5303 ΝΟΤᾹΞ.

644 5376 670 5439 μ
707 5365 766 5439 In
792 5368 1074 5439 codicibus
1099 5354 1260 5439 regiis
1287 5376 1342 5424 et
1378 5368 1434 5422 in
1477 5365 1790 5439 Colbertino
1819 5365 1898 5420 sic
1926 5364 2146 5439 omnino

543 5481 545 5483 .
565 5436 838 5516 habethic
857 5438 1006 5493 locus
1021 5456 1037 5492 :
1051 5436 1678 5516 Hareditarelmorientes.
1707 5436 1922 5516 Oportet
1941 5436 2143 5516 quippe,

567 5516 674 5563 etc.
710 5507 933 5576 Reliqua
965 5523 1084 5576 quae
1113 5505 1451 5575 interiacent,
1481 5523 1591 5563 non
1621 5512 1838 5561 exstant
1865 5505 1919 5558 in
1951 5505 2149 5559 codici-

538 5577 669 5657 .hu_s
695 5577 903 5657 regiis,_
919 5593 1094 5657 neque
1121 5579 1188 5657 in_
1208 5578 1539 5657 _Colbertinp.
1576 5656 1580 5657 ν
1679 5648 1694 5657 _
1890 5646 1920 5657 η
2061 5653 2070 5657 Δ
2112 5645 2123 5657 ι

638 5648 668 5686 ιι
710 5646 864 5703 Hunc
889 5648 1282 5714 locum'avide,
1326 5656 1386 5702 ut
1411 5649 1589 5703 solent
1631 5646 1923 5703 adversarii
1955 5646 2146 5709 nostri,

567 5718 797 5788 arripuit
824 5718 1214 5775 Rittershusius
1241 5727 1302 5772 ut
1324 5719 1635 5774 ostenderet
1678 5718 1990 5772 Salvianum
2007 5731 2147 5788 sen-

563 5787 703 5845 sisse
729 5789 873 5862 quod
904 5790 1168 5847 defunctis
1207 5805 1315 5848 non
1358 5789 1566 5859 po'ssint
1607 5790 1953 5857 superstitum
1981 5787 2145 5851 _bona

2254 5379 2419 5432 opera
2442 5359 2698 5444 prodesse
2725 5356 2789 5411 ad
2818 5355 3158 5444 resarcien'da
3187 5355 3276 5437 illa
3301 5355 3359 5444 iq
3380 5355 3572 5444 quibus
3599 5354 3707 5444 ipsi
3731 5353 3832 5436 sibi
3923 5344 3926 5346 ’

2255 5424 2540 5488 defuerint.
2588 5427 2760 5493 Quam
2801 5424 3206 5497 autemri'falsusq
3237 5425 3289 5497 in
3333 5426 3596 5497 hocloco
3641 5425 3717 5497 sit
3753 5424 3834 5478 vir

2255 5503 2443 5558 doctus
2471 5506 2620 5569 patet
2654 5504 2720 5551 ex
2750 5495 3356 5569 sequentibus__Salviani
3385 5493 3607 5569 verbis:
3651 5493 3857 5551 Flam-.

2255 5589 2352 5627 ma:
2374 5579 2376 5581 ’
2401 5566 2684 5641 infelicium
2724 5566 3278 5641 mortuorum'_dieitiis
3309 5582 3422 5641 non
3457 5567 3835 5641 refrigerantur

2258 5635 2533 5701 heredum.
2569 5638 2829 5695 Luuuitur
2853 5637 2994 5692 enim
3025 5636 3110 5692 hic
3136 5635 3201 5690 de
3227 5635 3310 5689 his
3334 5635 3425 5703 qui
3453 5635 3675 5691 teternis
3700 5649 3832 5702 sup-

2256 5713 2430 5783 pliciis
2465 5708 2672 5783 addicti
2683 5715 2828 5783 sunt,
2879 5708 3073 5783 quibus
3115 5719 3301 5783 preces
3322 5705 3829 5783 _orationesque'su-

2256 5774 2542 5853 perstitum
2563 5779 2780 5838 inutiles
2805 5774 2924 5834 esse
2952 5774 3234 5834 etiam'nos
3257 5774 3508 5832 fatemur.
