4246 6264
339 365 449 438 an

1452 361 1807 420 ADVERSUS
1844 361 2224 417 AVARITIAM
2265 361 2391 416 LIB.
2433 360 2519 416 Ill.

3529 356 3636 413 218

341 499 486 552 quos
545 498 694 539 nunc
745 483 1029 554 loquimur.
1080 490 1106 519 ι
1144 481 1313 539 Unius
1361 490 1488 536 sunt
1536 481 1788 536 nominis.
1833 478 1942 534 Ca-
1969 485 2021 544 Α
2050 479 2309 535 lcthifera:
2332 477 2622 534 oblivionis
2643 474 3109 532 animadversione
3129 473 3453 541 damnetur;
3485 481 3545 529 ut
3583 474 3636 530 ei

343 583 516 630 veant
557 591 628 631 ne
667 576 776 631 sint
802 576 964 630 etiam
1008 573 1331 630 conditionis
1374 572 1699 628 unius._Non
1736 572 1938 626 libera-

343 668 485 724 bunt
529 669 675 724 enim
729 667 822 723 ﬁlii
873 667 1067 723 divites
1112 672 1366 738 parentes
1413 681 1557 729 reos,
1601 679 1704 720 nec
1738 651 1938 719 restiu-

338 767 480 829 guet
516 756 760 814 ﬂammas
805 759 986 814 miseri
1026 757 1303 814 testatoris
1340 756 1549 812 deliciis
1596 754 1940 811 afﬂuentibus

344 851 640 921 opulentus
667 851 858 906 hteres.
907 851 1110 906 Durum
1139 858 1224 906 est
1249 851 1318 906 ab
1346 850 1527 918 aliquo
1558 847 1682 904 filiis
1716 863 1782 903 ac
1814 863 1942 918 pro-

342 943 564 1013 pinquis
589 958 782 1013 parum
827 944 1079 1014 relinqui.
1119 943 1288 998 Multo
1330 950 1415 998 est
1459 941 1646 997 durius
1692 941 1748 996 in
1784 949 1943 995 atter—

339 1034 515 1090 nitate
562 1034 830 1103 torqueri.
879 1033 1086 1105 Opinor
1126 1035 1274 1090 enim
1321 1032 1544 1088 divitem
1597 1031 1768 1098 illum,
1820 1045 1942 1086 cum

337 1130 713 1194 torqueretur,
764 1141 875 1181 non
903 1133 1116 1180 tantum
1160 1124 1503 1181 delectabant
1540 1137 1674 1193 opes
1717 1121 1945 1177 hatredis

334 1214 457 1280 sui,
513 1223 795 1284 quantum
848 1216 1119 1286 angebant
1183 1222 1454 1271 tormenta
1510 1213 1755 1284 corporis
1807 1212 1940 1278 sui;

337 1321 446 1361 non
485 1313 711 1362 tantum
750 1306 1058 1364 delectabat
1084 1305 1230 1376 quod
1259 1306 1433 1360 baares
1473 1320 1605 1360 suus
1641 1303 1781 1359 bene
1807 1317 1942 1373 epu-

341 1396 571 1465 labatur,
602 1414 782 1469 quam
814 1398 1219 1476 angebat.un
1248 1398 1364 1469 ipse
1398 1397 1536 1452 male
1563 1397 1941 1463 cruciabatur;

345 1504 454 1545 non
482 1497 702 1545 tantum
743 1490 1048 1546 delectabat
1075 1489 1221 1561 quod
1248 1490 1422 1544 hazres
1457 1504 1585 1544 suus
1611 1489 1666 1542 in
1707 1488 1945 1558 exquisi-

307 1597 314 1602 τ
349 1579 418 1634 tis
443 1578 656 1636 deliciis
684 1579 958 1645 afﬂuebat,
988 1587 1252 1651 quantum
1291 1580 1523 1650 angebat
1548 1578 1692 1649 quod
1718 1579 1834 1648 ipse
1862 1579 1946 1632 in-

354 1669 648 1725 tolerandis
672 1670 887 1740 ignibus
913 1669 1224 1736 diﬂluebat;
1257 1686 1366 1725 non
1395 1676 1603 1724 tantum
1641 1669 1947 1724 delectabat

359 1761 502 1831 quod
528 1763 700 1819 hmres
725 1780 856 1822 suus
883 1764 1141 1834 pascebat
1168 1764 1436 1834 parasitos
1464 1771 1520 1818 et
1546 1763 1826 1819 helluones
1846 1779 1943 1818 co-

2044 589 2144 628 nec
2176 572 2436 628 memoria
2465 570 2680 640 quidem
2706 569 2823 634 Dei,
2847 585 2876 622 a
2899 584 3006 638 quo
3036 583 3259 639 sperare
3279 567 3502 632 debeat,
3544 582 3635 622 re-

2043 663 2332 733 linquatur.
2367 661 2492 717 Hzec
2521 675 2651 728 ergo
2683 660 2923 728 cogitent
2957 659 3049 728 qui
3086 658 3212 713 dum
3257 657 3394 713 ﬁlios
3434 657 3636 712 habere

2041 765 2165 828 post
2187 745 2416 810 mortem
2442 753 2636 809 divites
2655 751 2896 822 cupiunt,
2927 751 3226 806 futurorum
3249 749 3635 821 suppliciorum

2043 865 2144 904 nec
2171 848 2224 903 in
2254 855 2430 902 morte
2450 845 2830 900 meminerunt.
2856 842 2982 898 llaec
3008 844 3247 912 cogitent
3269 843 3359 912 qui
3382 851 3441 898 ut
3460 842 3515 898 in
3536 842 3636 899 hac

2041 941 2243 997 caduca
2271 946 2328 994 et
2352 937 2504 993 brevi
2524 937 2633 991 vita
2657 935 2901 991 haeredes
2929 935 3119 990 divites
3147 935 3402 999 habeant,
3433 942 3636 990 aeterna

2041 1032 2251 1102 seipsos
2273 1037 2446 1084 morte
2475 1027 2858 1091 condemnant,
2883 1026 2936 1080 in
2965 1042 3072 1095 quo
3096 1024 3356 1096 quidemb
3384 1043 3491 1082 non
3520 1035 3632 1083 tam

2043 1123 2343 1178 bteredibus
2397 1120 2687 1176 consulunt
2740 1133 2904 1188 quam
2943 1117 3045 1172 sibi
3093 1118 3310 1184 obsunt,
3337 1134 3445 1175 non
3473 1121 3636 1193 268

2044 1223 2152 1270 tam
2183 1215 2302 1269 Illos
2323 1223 2508 1268 amant
2535 1227 2694 1282 quam
2725 1226 2784 1266 se
2810 1211 3042 1266 oderunt
3073 1227 3088 1263 :
3122 1211 3246 1281 quia
3276 1227 3383 1265 non
3405 1219 3514 1267 tam
3543 1229 3635 1268 sa-

2043 1307 2208 1362 lubris
2230 1320 2382 1360 amor
2405 1311 2487 1358 est
2509 1303 2602 1376 qui
2629 1301 2777 1356 brevi
2806 1301 3058 1365 consulit,
3083 1315 3245 1371 quam
3273 1315 3434 1370 gravo
3453 1303 3634 1360 odium

2042 1400 2185 1471 quod
2214 1401 2268 1454 in
2296 1399 2598 1454 aeternitate
2617 1397 2896 1453 cruciabit.
2929 1395 2998 1450 Et
3027 1395 3148 1451 ideo
3185 1395 3325 1450 Deus
3352 1402 3554 1462 noster,
3575 1403 3636 1452 ut

2043 1493 2218 1565 primo
2269 1489 2469 1546 dudum
2512 1489 2693 1543 libello
2723 1487 2954 1543 diximus
2977 1528 2991 1554 ,
3023 1487 3360 1556 disciplinam
3382 1494 3634 1557 parentes

2045 1583 2411 1638 thesaurizare
2459 1580 2615 1649 jubet
2667 1577 2808 1644 ﬁliis,
2860 1595 2967 1634 non
3008 1579 3323 1650 pecuniam;
3376 1579 3635 1650 p'erennia

2044 1675 2302 1746 praecipit,
2348 1657 2461 1728 non
2508 1673 2765 1742 peritura,
2826 1670 3072 1726 conferre
3106 1688 3118 1724 :
3151 1671 3357 1726 scilicet
3396 1671 3522 1741 quia
3549 1686 3636 1729 res

2047 1764 2348 1824 istiusmodi
2375 1773 2536 1833 atque
2566 1779 2702 1834 opus
2724 1770 2967 1818 sanctum
2994 1770 3051 1817 et
3087 1762 3208 1818 ﬁliis
3236 1763 3438 1834 pariter
3457 1773 3513 1818 et
3539 1778 3636 1834 pa-

361 1852 463 1921 lliis
489 1853 620 1918 suiS.
656 1862 911 1923 Quantum
932 1854 1164 1924 angebat
1190 1853 1336 1923 Quod
1366 1854 1483 1924 ipse
1505 1854 1759 1923 pascebat
1785 1852 1941 1906 ﬂam-
1973 1854 2020 1915 B
2047 1859 2290 1914 rentibus
2310 1863 2538 1932 prosunt
2571 1873 2583 1908 :
2614 1854 2736 1910 ﬁliis
2765 1855 2947 1924 utique
2975 1870 3073 1924 per
3094 1853 3390 1925 disciplinas
3418 1854 3636 1910 institu-

365 1958 482 1998 mas
521 1945 760 2007 medullis
787 1947 912 2002 suis.
943 1945 1012 2000 Et
1047 1954 1179 2016 puto
1225 1945 1271 2000 si
1311 1945 1433 2014 quis
1465 1944 1515 2000 ei
1550 1952 1678 2000 tunc
1711 1943 1946 2014 optionis

371 2036 580 2104 copiam
603 2038 962 2106 praestitisset,
984 2033 1234 2094 utrumne
1276 2038 1458 2093 mallet
1494 2037 1686 2094 divites
1706 2037 1948 2094 haeredes

375 2140 504 2178 suos
533 2140 666 2191 esse,
691 2142 759 2181 an
786 2143 846 2182 se
880 2127 936 2182 in
964 2129 1194 2184 miseriis
1235 2130 1618 2200 tormentisque
1645 2146 1757 2186 non
1784 2145 1946 2196 esse;

373 2214 616 2268 voluerat
637 2214 877 2286 profecto
916 2217 1036 2272 illos
1067 2219 1314 2274 omnibus
1338 2219 1490 2276 bonis
1511 2221 1756 2287 alienari,
1789 2221 1947 2276 dum-

368 2305 538 2361 modo
581 2307 668 2362 ille
719 2317 902 2378 posset
951 2310 1107 2365 malis
1152 2311 1396 2370 omnibus
1423 2313 1674 2379 liberari;
1704 2313 1950 2368 voluerat

364 2395 562 2451 oﬂ'erre
604 2399 784 2453 omnia
813 2415 932 2470 qum
976 2401 1308 2471 possederat,
1351 2402 1646 2459 dummodo
1689 2404 1948 2459 evaderet

295 2513 304 2522 ι
359 2502 480 2558 quae
507 2488 836 2557 perferebat:
869 2491 1110 2547 voluerat
1137 2501 1387 2549 cunctam
1416 2495 1563 2550 illam
1589 2496 1948 2552 substantiam

356 2593 521 2648 quam
559 2579 815 2636 habuerat
841 2591 896 2638 et
917 2585 1244 2654 temporales
1263 2586 1472 2655 argenti
1500 2594 1557 2642 et
1584 2587 1699 2642 auri
1732 2588 1948 2644 thesau-

341 2684 450 2741 _ros
468 2686 567 2740 pro
593 2687 651 2727 se
679 2672 809 2730 dare
832 2713 848 2738 ,
886 2683 948 2730 ut
969 2675 1128 2745 iuges
1153 2677 1544 2748 suppliciorum
1567 2679 1948 2735 immortalium

354 2774 547 2817 cruces
571 2769 624 2817 et
650 2778 891 2834 perenne
915 2766 1049 2821 illud
1074 2767 1387 2822 incendium
1423 2769 1747 2838 superiacta,
1778 2771 1824 2825 si
1843 2788 1950 2841 quo

353 2853 522 2910 modo
564 2865 766 2924 posset,
812 2857 1126 2912 divitiarum
1161 2873 1382 2913 suarum
1405 2861 1549 2916 mole
1575 2862 1947 2932 restinguemt,

357 2945 524 3015 267
545 2953 601 3000 et
617 2946 954 3002 exundantes
977 2947 1180 3016 ignium
1193 2949 1385 3018 globos
1397 2951 1646 3020 opposita
1659 2951 1948 3019 ingentium

359 3034 683 3091 facultatum
725 3037 1091 3093 immensitate
1121 3040 1450 3110 prohiberet.
1491 3041 1560 3096 Et
1610 3043 1739 3112 quid
1778 3043 1950 3099 dicam

359 3126 605 3182 voluisse
624 3143 766 3204 eum,
786 3137 846 3183 ut
866 3130 1260 3186 interminabile
1293 3132 1417 3188 illud
1445 3134 1642 3200 malum
1664 3135 1951 3191 redimeret

2050 1951 2272 2015 tionem,
2313 1948 2628 2018 parentibus
2663 1962 2762 2016 per
2809 1945 3191 2001 muniﬁcentia:
3221 1945 3542 2014 largitatem.
3573 1945 3639 2004 Et

2050 2041 2172 2098 ﬁliis
2213 2041 2358 2096 enim
2390 2041 2495 2095 hoc
2518 2038 2801 2108 disciplina
2841 2045 3061 2108 praestat
3082 2044 3142 2092 ut
3168 2023 3396 2092 salutem
3423 2037 3638 2108 capiant

2049 2143 2385 2208 perpetuam,
2433 2140 2488 2187 et
2526 2131 2839 2203 parentibus
2866 2130 3086 2198 largitas
3123 2137 3183 2183 ut
3228 2134 3460 2184 mortem
3505 2127 3638 2184 eﬂ'u-

2049 2227 2196 2297 giant
2223 2225 2626 2296 sempiternam.

2120 2317 2256 2372 Xlll.
2298 2317 2405 2372 Sed
2433 2317 2519 2372 cui
2558 2317 2672 2372 haec
2699 2315 2942 2380 dicimus,
2985 2321 3080 2370 aut
3105 2329 3202 2371 cur
3239 2313 3506 2370 dicimus?
3535 2313 3638 2370 Ubi

2049 2419 2264 2482 apertas
2292 2424 2450 2463 aures
2495 2414 2587 2462 aut
2614 2408 2857 2464 videntes
2902 2408 3088 2464 oculos
3135 2401 3380 2463 invenire
3432 2407 3638 2478 poteri-

2049 2501 2208 2556 mus?
2239 2496 2429 2552 Omnes
2455 2499 2620 2562 enim,
2651 2506 2712 2552 ut
2734 2497 2802 2553 de
2822 2498 3000 2568 impiis
3037 2497 3282 2566 legimus,
3313 2514 3444 2568 pene
3464 2513 3640 2552 omnes

2052 2592 2454 2656 declinaverunt,
2496 2591 2648 2644 simul
2692 2590 2902 2645 inutiles
2941 2591 3069 2662 facti
3115 2599 3272 2644 sunt:
3304 2606 3408 2644 non
3436 2598 3513 2643 est
3553 2590 3640 2661 qui

2050 2685 2212 2757 faciat
2243 2683 2448 2748 bonum,
2480 2699 2582 2738 non
2609 2690 2687 2737 est
2731 2699 2859 2754 pene
2892 2698 3051 2753 usque
3097 2681 3168 2735 ad
3212 2697 3369 2734 unum
3410 2679 3638 2750 (Psalm.

2051 2793 2163 2840 xui,
2195 2775 2270 2844 5).
2301 2774 2449 2830 Nova
2489 2775 2688 2844 quippe
2735 2774 2969 2829 amentia
3017 2780 3127 2827 tam
3166 2772 3448 2827 saeculares
3480 2786 3642 2841 quam

2051 2868 2211 2922 etiam
2226 2865 2488 2935 quosdam
2512 2865 2826 2932 religionem
2842 2863 3113 2934 professos
3134 2862 3352 2919 incessit
3369 2863 3639 2919 homines.

2051 2957 2347 3028 Siquidem,
2399 2964 2458 3011 ut
2483 2955 2684 3010 dudum
2737 2954 2916 3010 dicere
2967 2970 3324 3027 coeperamus,
3369 2953 3481 3025 jam
3534 2970 3643 3013 non

2052 3047 2402 3122 tantumﬁliis
2425 3055 2519 3102 aut
2546 3047 2851 3117 nepotibus,
2890 3046 3036 3117 quod
3060 3047 3130 3102 ob
3157 3054 3368 3102 natura:
3406 3047 3644 3103 necessi-

2055 3138 2292 3193 tudinem
2322 3137 2448 3193 ferri
2469 3144 2667 3208 potest,
2700 3136 2794 3193 sed
2825 3138 2989 3192 etiam
3017 3138 3224 3210 agnatis
3262 3145 3425 3207 atque
3446 3152 3644 3208 cogna-

357 3217 704 3274 facultatibus
731 3220 882 3274 suis?
907 3218 1036 3275 Plus
1053 3221 1174 3277 dico
1203 3222 1420 3292 aliquid.
1452 3223 1708 3280 Voluerat
1734 3241 1950 3281 omnem
1975 3231 2022 3294 (ζ
2055 3228 2156 3294 tis;
2182 3244 2354 3300 neque
2391 3229 2586 3293 solum,
2615 3237 2674 3285 ut
2705 3229 2875 3296 aiunt,
2907 3244 2976 3284 ex
3015 3228 3244 3295 directo,
3275 3227 3370 3284 sed
3391 3229 3554 3284 etiam
3581 3243 3644 3284 ex

352 3312 716 3368 subsuntiam
765 3329 919 3367 suam
967 3315 1197 3381 tradere,
1246 3323 1305 3370 ut
1349 3325 1534 3387 posset
1559 3317 1679 3384 sibi,
1711 3319 1766 3373 in
1793 3317 1951 3387 ﬂam-

353 3404 459 3458 mis
486 3403 652 3470 situs,
701 3404 856 3460 unius
909 3405 1101 3460 saltem
1134 3405 1280 3462 horae
1325 3410 1568 3478 requiem
1609 3424 1947 3480 comparare.

353 3499 681 3555 Desiderans
710 3500 856 3554 enim
885 3499 956 3555 ad
992 3499 1312 3569 mitigandas
1331 3501 1566 3558 faucium
1593 3503 1836 3559 ﬂammas
1863 3505 1952 3560 vel

355 3591 583 3646 tinctum
601 3607 738 3661 aqua
752 3591 1006 3662 pauperis
1026 3591 1279 3661 digitum;
1303 3593 1576 3663 quomodo
1587 3610 1695 3650 non
1714 3603 1949 3664 quanto-

265 3727 271 3733 .
355 3681 490 3738 libet
503 3683 681 3753 pretio
692 3683 919 3738 mercari
937 3684 1179 3752 requiem
1192 3692 1603 3756 praeoptaverat,
1616 3687 1708 3756 qui
1727 3703 1951 3758 parvam

355 3773 624 3843 refrigerii
651 3781 856 3842 guttam
881 3783 990 3828 tam
1018 3789 1214 3844 magno
1243 3776 1446 3846 ambitu
1474 3778 1818 3847 postulabat?
1845 3777 1952 3834 Sed

356 3863 468 3934 iam
477 3865 578 3922 ista
598 3863 724 3933 quid
734 3865 1030 3936 proderant
1043 3873 1136 3920 aut
1146 3865 1276 3936 quid
1282 3865 1507 3935 iuvabat
1521 3867 1796 3934 miserum,
1808 3867 1954 3936 quod

361 3962 494 4008 tunc
519 3969 618 4022 pro
654 3970 714 4010 se
741 3955 937 4011 oﬂ‘erre
974 3956 1157 4010 omnia
1183 3957 1404 4012 volebat
1427 3958 1520 4028 qui
1540 3959 1681 4013 male
1702 3965 1828 4013 ante
1850 3974 1951 4013 no-

363 4042 573 4098 luerat?
603 4042 700 4097 γει
725 4045 853 4113 quid
877 4052 1006 4100 tunc
1031 4045 1290 4115 proderat
1308 4045 1454 4116 quod
1482 4046 1611 4102 dare
1626 4055 1833 4102 cuncta
1859 4063 1955 4102 cu-

364 4134 556 4204 piebat
581 4147 701 4202 quae
723 4134 835 4203 jam
864 4136 1116 4191 amiserat
1145 4178 1160 4204 ,
1191 4137 1284 4206 qui
1314 4137 1445 4191 nihil
1472 4145 1602 4192 tunc
1628 4154 1728 4208 pro
1758 4153 1818 4192 se
1859 4137 1954 4193 de-

364 4225 524 4280 derat
552 4224 767 4294 quando
788 4227 969 4281 omnia
996 4217 1343 4296 possidebat?
1371 4226 1505 4283 Sera
1535 4229 1735 4298 quippe
1752 4269 1766 4294 ,
1793 4236 1854 4283 ut
1881 4229 1958 4283 ait

362 4317 420 4373 in
453 4317 751 4388 Scripturis
779 4317 1013 4390 Spiritus
1052 4329 1302 4386 sanctus,
1350 4334 1471 4375 sera
1511 4329 1594 4375 est
1639 4322 1956 4390 pamitentia

360 4418 722 4466 mortuorum.
775 4409 1090 4477 Quomddo?
1146 4409 1271 4468 Non
1326 4419 1402 4465 est
1447 4411 1624 4474 enim,
1681 4412 1852 4478 inquit
1890 4413 1958 4468 ad

361 4500 538 4557 Deum
565 4499 778 4557 Patrem
799 4518 979 4558 sermo
1004 4501 1238 4568 divinus,
1261 4520 1364 4558 non
1386 4511 1462 4556 est
1481 4503 1534 4555 in
1558 4510 1721 4555 morte
1740 4505 1826 4574 qui
1851 4520 1957 4557 me-

2055 3321 2274 3391 obliquo
2314 3327 2369 3375 et
2396 3336 2464 3394 ex
2494 3330 2823 3389 transverso,
2873 3322 3038 3377 immo
3081 3321 3261 3393 potius
3304 3337 3373 3376 ex
3421 3321 3648 3376 adverso

2053 3428 2419 3484 perversoque
2466 3416 2824 3482 venientibus,
2875 3431 2962 3472 res
3009 3417 3239 3487 proprizc
3280 3414 3569 3478 facultatis,
3594 3414 3646 3469 id

2053 3511 2154 3569 est,
2185 3505 2415 3574 pretium
2443 3523 2552 3562 sua:
2578 3507 2962 3577 redemptionis
2988 3506 3260 3569 addicunt,
3295 3517 3318 3544 ο
3348 3506 3486 3561 sicut
3510 3506 3646 3561 scri-

2039 3586 2205 3667 ptum
2229 3605 2312 3651 est
2339 3615 2350 3648 :
2385 3595 2508 3650 Non
2532 3599 2673 3651 dedit
2696 3596 2806 3651 Deo
2831 3598 3248 3666 propitiationem
3273 3612 3440 3659 suam,
3463 3604 3512 3648 et
3533 3613 3650 3664 pre~

2055 3688 2182 3739 tium
2228 3687 2594 3754 redemptionis
2624 3688 2815 3738 animo:
2853 3701 2960 3738 sua:
2990 3685 3216 3751 (Psalm.
3253 3699 3439 3746 vaur,
3471 3682 3524 3745 8,
3569 3682 3648 3754 9).

2054 3777 2123 3832 Et
2151 3777 2311 3847 paulo
2340 3785 2464 3846 post
2489 3795 2501 3828 ε
2530 3775 2718 3840 Simul,
2744 3776 2934 3843 inquit,
2965 3776 3215 3843 insipiens
3241 3784 3291 3828 et
3319 3775 3507 3828 stultus
3532 3791 3649 3845 per-

2053 3867 2198 3924 ibunt
2223 3884 2240 3922 :
2272 3877 2322 3922 et
2352 3866 2636 3937 relinquent
2665 3865 2848 3919 alienis
2889 3864 3094 3917 divitias
3123 3880 3246 3916 suas
3279 3881 3295 3917 :
3335 3874 3384 3918 et
3413 3865 3648 3936 sepulcra

2055 3975 2230 4014 eorum
2261 3959 2442 4014 domus
2471 3973 2648 4012 eorum
2673 3957 2726 4010 in
2758 3967 3006 4011 aeternum
3035 3939 3222 4025 (Ibid.,
3256 3953 3340 4021 ll,
3368 3953 3479 4024 12).
3511 3953 3648 4020 Quid

2058 4049 2200 4104 inter
2221 4049 2442 4104 stultum
2469 4048 2540 4103 sit
2585 4054 2640 4102 et
2668 4046 3029 4117 insipientem,
3074 4060 3183 4100 non
3211 4053 3293 4100 est
3320 4061 3463 4100 nunc
3482 4044 3650 4099 disse-

2057 4143 2212 4198 rendi
2259 4143 2444 4208 locus;
2478 4156 2576 4196 nec
2627 4155 2759 4195 sane
2788 4139 3015 4194 interest
3044 4153 3164 4207 quae
3193 4138 3332 4194 inter
3369 4153 3464 4193 eos
3490 4137 3651 4193 meri-

2059 4242 2236 4288 torum
2263 4234 2334 4288 sit
2371 4231 2691 4296 diﬂ'erentia,
2723 4243 2953 4300 quorum
2980 4237 3064 4282 est
3082 4244 3186 4283 una
3213 4229 3465 4299 perditio.
3497 4227 3654 4294 Quod

2058 4341 2234 4380 causa:
2263 4325 2445 4393 itaque
2471 4322 2685 4386 sufﬁcit,
2719 4335 2840 4376 cum
2879 4320 3104 4375 dixisset
3131 4321 3290 4375 simul
3312 4321 3654 4391 insipientem

2061 4416 2221 4486 269
2249 4421 2305 4469 et
2325 4413 2547 4470 stultum
2590 4427 2710 4466 esse
2757 4411 3059 4482 perituros;
3106 4408 3384 4465 videamus
3412 4409 3541 4480 quid
3568 4411 3655 4469 vcl

2059 4505 2126 4559 ad
2148 4519 2362 4559 causam
2389 4504 2474 4559 vel
2504 4502 2573 4557 ad
2600 4503 2873 4558 cumulum
2901 4502 3217 4574 perditionis
3244 4501 3520 4573 adjecerit.
3555 4501 3658 4558 Re-

372 4609 492 4648 mor
542 4594 611 4648 sit
667 4595 768 4658 tui;
813 4596 871 4649 in
911 4596 1119 4666 inferno
1159 4605 1331 4650 autem
1362 4597 1476 4667 quis
1513 4593 1837 4665 conﬁtebitur
1866 4595 1958 4650 tibi
1986 4605 2036 4666 ι)
2062 4596 2314 4666 linquent,
2337 4594 2530 4662 inquit,
2563 4593 2747 4648 alienis
2776 4595 2982 4648 divitias
3008 4610 3150 4648 suas.
3172 4592 3374 4650 Verum
3393 4602 3494 4651 est.
3519 4592 3658 4662 Quid

361 4687 595 4761 (Psalm.
622 4703 692 4752 vl,
724 4685 814 4756 6)?
843 4684 1067 4742 Excludi
1092 4687 1306 4757 penitus
1335 4701 1365 4740 a
1390 4685 1728 4742 confessione
1749 4688 1958 4758 peccati

361 4785 709 4852 peccatorem
747 4787 1022 4834 mortuum
1073 4785 1427 4848 protestatur,
1481 4794 1581 4834 nec
1627 4794 1788 4848 posse
1841 4793 1959 4834 esse

360 4887 691 4942 quemquam
719 4877 910 4941 postea
937 4872 1036 4926 Dei
1073 4887 1389 4938 memorem,
1422 4873 1513 4942 qui
1543 4873 1596 4926 in
1621 4873 1726 4928 hac
1748 4872 1856 4927 vita
1877 4872 1959 4928 sui

362 4960 526 5016 fuerit
551 4962 770 5017 oblitus.
796 4961 946 5018 Adeo
968 4953 1145 5019 Omnis
1172 4964 1222 5018 ei
1251 4979 1376 5034 spes
1389 4964 1603 5035 penitus
1631 4966 1961 5022 abscinditur

367 5058 428 5104 et
447 5052 622 5106 omnis
649 5052 770 5106 vita:
798 5052 976 5108 aditus
1001 5053 1322 5121 obseratur;
1350 5061 1411 5110 ut
1439 5071 1562 5110 cum
1607 5073 1713 5111 una
1754 5057 1824 5112 sit
1862 5053 1959 5127 reo

369 5137 563 5194 salutis
590 5141 674 5195 via
705 5157 896 5211 preces
923 5143 992 5198 ad
1036 5143 1207 5199 Deum
1232 5143 1456 5200 fun’dere
1483 5153 1539 5201 et
1557 5148 1832 5204 ctelestem
1855 5149 1958 5203 mi-

369 5229 720 5287 sericordiam
749 5234 1137 5291 incessabiliter
1163 5252 1322 5292 orare
1339 5276 1354 5302 ,
1386 5238 1549 5293 etiam
1573 5240 1675 5297 hac
1707 5249 1964 5316 peccator.

2060 4689 2204 4743 enim
2231 4687 2344 4742 sive
2371 4694 2481 4740 tam
2509 4687 2730 4741 stultum
2785 4687 2897 4741 sive
2927 4695 3036 4740 tam
3078 4687 3370 4757 perditum,
3409 4703 3572 4759 quam
3600 4695 3660 4744 ut

2061 4780 2253 4851 aliquis
2272 4780 2340 4835 de
2367 4795 2466 4835 suo
2494 4795 2604 4834 non
2624 4779 2725 4834 sibi
2745 4772 3010 4846 consulat,
3043 4765 3341 4849 praesertim
3366 4797 3489 4837 cum
3511 4780 3660 4836 Deus

2062 4874 2206 4930 dicat
2233 4875 2363 4930 nihil
2387 4875 2646 4945 prodesse
2673 4875 2878 4930 homini
2906 4875 2952 4930 si
2997 4878 3173 4933 tutum
3211 4876 3470 4932 mundum
3499 4874 3660 4929 lucri-

2063 4966 2244 5029 faciat,
2272 4966 2465 5021 anima:
2493 4975 2674 5022 autem
2701 4982 2811 5022 suae
2840 4967 3224 5024 detrimentum
3250 4963 3522 5043 patiatur?
3557 4963 3660 5018 Aut

2065 5073 2219 5128 quam
2257 5055 2418 5126 dabit,
2450 5057 2641 5128 inquit,
2683 5059 2833 5115 homo
2862 5060 3310 5114 commutationem
3348 5070 3440 5124 pro
3480 5054 3662 5109 anima

2065 5167 2161 5204 sua
2186 5148 2398 5222 (Matth.
2423 5167 2532 5216 xvi,
2556 5151 2687 5224 26)?
2707 5151 2764 5206 Si
2784 5165 2913 5219 ergo
2934 5149 3179 5204 homines
3199 5153 3372 5200 totum
3396 5144 3658 5203 mundum

2068 5259 2324 5313 spernere
2353 5253 2569 5314 oportet
2595 5260 2663 5300 ne
2709 5244 3004 5298 animarum
3033 5238 3229 5293 damna
3255 5237 3549 5308 patiantur,
3601 5250 3658 5299 et
3735 5317 3745 5324 '

1554 5349 1888 5407 STEPHANI
1927 5351 2200 5410 BALUle
2237 5342 2466 5411 Nom.

445 5445 471 5475 ⁸
509 5436 568 5492 ln
615 5436 908 5512 recentiori
949 5438 1137 5512 codice
1183 5441 1334 5510 regio
1361 5442 1619 5512 scriptum
1643 5451 1726 5498 est
1753 5460 1765 5496 :
1797 5443 1964 5498 Unius

329 5541 336 5547 ς
367 5517 491 5580 situt
517 5525 698 5580 omnes
722 5508 1011 5580 fameltatis.
1044 5508 1299 5577 Caveant,
1322 5520 1438 5567 etc;
1469 5508 1486 5512 “
1851 5540 1856 5545 -

445 5578 472 5618 δ
514 5579 690 5634 Verba
723 5578 871 5642 'hzec,
924 5595 1029 5634 non
1076 5588 1184 5635 tam
1207 5582 1491 5637 Itwredibus
1519 5589 1791 5640 consulunt
1810 5601 1966 5642 quam

367 5649 471 5774 sibi
497 5649 704 5714 obsunt,
733 5648 930 5704 desunt
951 5650 1007 5705 in
1034 5652 1308 5708 codicibus
1334 5655 1495 5723 regiis
1540 5662 1597 5710 et
1639 5657 1695 5711 in
1741 5648 1966 5711 Colber-

398 5737 510 5778 mo.
947 5743 952 5748 λ

452 5762 642 5849 ἷἨωε
668 5799 725 5847 et
753 5793 1034 5862 sequentia
1055 5809 1226 5866 usque
1247 5795 1315 5852 ad
1335 5795 1447 5852 Nec
1465 5797 1679 5854 interest
1698 5797 1752 5854 in
1774 5797 1968 5867 pagina

2066 5447 2331 5523 sequenti,
2363 5443 2556 5523 desunt
2576 5447 2628 5499 in
2657 5440 2931 5523 codicibus
2967 5440 3129 5523 regiis
3157 5445 3296 5523 et_in
3323 5443 3600 5523 (Jolbertin

2068 5512 2170 5572 nec
2214 5518 2597 5571 minus‘tamen
2628 5512 2828 5579 absque
2853 5512 2919 5568 iis
2943 5521 3190 5572 constare
3227 5517 3512 5573 lectionem
3540 5535 3656 5572 mor

2068 5588 2187 5642 nuit
2228 5587 2485 5641 Pithaaus.
2536 5583 2668 5648 Quia
2698 5587 2878 5638 tamen
2919 5585 3034 5642 haec
3062 5601 3278 5643 sensum
3309 5588 3508 5643 bonum
3539 5587 3662 5641 red-

2069 5657 2223 5719 dunt,
2253 5653 2520 5710 noluimus
2547 5665 2875 5721 expungere.
2902 5655 3036 5712 Illud
3067 5655 3408 5713 admonuisse
3433 5655 3663 5710 sufﬁciat
3715 5653 3722 5660 ’

2070 5729 2150 5783 sic
2169 5724 2452 5798 utrobique
2480 5723 2737 5798 scriptum
2767 5739 2887 5782 esse
2917 5747 2929 5780 :
2961 5726 3196 5782 Pretium
3224 5743 3331 5781 sum
3351 5726 3661 5798 redemptio-

2072 5799 2153 5851 nis
2173 5793 2451 5861 addicimt;
2480 5810 2571 5848 uec
2596 5795 2811 5850 interest
2830 5815 2958 5868 pene
2972 5800 3087 5870 jam
3108 5797 3248 5867 apud
3271 5793 3530 5863 homines,
3551 5805 3658 5856 etc.
