4246 6264
638 400 745 459 219

1597 399 1657 454 S.
1696 392 2014 454 εΑιΝιλΜ
2050 398 2513 457 MASSILIENSIS
2548 396 2981 458 PRESBYTER!

639 526 865 592 propter
884 530 1034 573 suam
1056 516 1283 571 salutem
1313 513 1475 569 debet
1499 513 1765 583 quispiam
1785 515 1948 569 etiam
1972 530 2068 570 sua
2088 515 2237 570 lucra
2267 521 2317 578 Λ
2341 517 2498 572 vidua
2536 519 2625 574 vel
2650 519 2828 589 puella
2860 537 2874 571 :
2898 517 3058 573 illum
3085 517 3353 573 haeredem
3401 516 3578 573 scribo
3616 514 3922 586 proximum

640 622 1020 677 contemnere;
1061 626 1224 682 quam
1274 608 1502 664 infidelis
1531 616 1632 675 est,
1660 620 1822 678 quam
1852 610 2108 681 insipiens
2140 613 2232 667 ’est

639 705 750 775 qui,
776 711 835 757 ut
863 703 1025 757 alium
1056 699 1275 755 divitem
1306 699 1485 766 faciat,
1519 700 1751 754 animam
1779 708 1932 755 suam
1958 701 2073 770 ipse
2101 715 2233 757 con-

639 796 903 851 demnat?
931 793 1163 849 riiaxime
1194 808 1315 847 cum
1346 800 1401 847 et
1428 792 1520 847 ille
1560 809 1669 848 non
1713 792 1937 847 multum
1968 793 2232 863 adipisca-

640 900 724 943 tur
752 887 842 959 qui
874 900 1029 944 usum
1055 884 1437 956 temporalium
1462 878 1645 940 rerum
1690 885 1903 957 accipit,
1937 890 1992 940 et
2030 885 2119 940 ille
2142 884 2232 939 in-

637 978 971 1041 zestimabilia
1000 978 1195 1034 dam’na
1223 976 1457 1048 perferat
1486 976 1577 1047 qui
1602 975 1831 1031 fructum
1864 976 2045 1032 ‘beatm
2070 980 2230 1031 teter-

636 1071 821 1129 nitatis
850 1070 1067 1125 amittit.
1096 1068 1232 1123 Nam
1263 1079 1317 1124 et
1346 1068 1468 1123 ideo
1497 1068 1740 1137 sequitur
1767 1068 1822 1122 in
1848 1067 2054 1137 psalmo
2089 1085 2100 1120 :
2134 1065 2231 1123 Se-

634 1165 812 1239 pulcr‘a
841 1179 1036 1226 eorum,
1062 1160 1245 1215 domus
1273 1176 1448 1214 eorum
1469 1159 1523 1214 in
1545 1167 1815 1214 internum.
1839 1155 2010 1225 Quam
2030 1157 2230 1213 misera

635 1271 763 1328 ergo
783 1244 886 1311 erit
908 1250 1123 1328 perdita
1167 1268 1284 1309 sors
1315 1267 1501 1307 eorum
1542 1252 1635 1321 qui
1663 1251 1817 1321 quasi
1845 1250 2106 1321 sepulcris
2130 1265 2229 1321 pe-

634 1348 890 1405 rennibus
918 1344 1180 1417 deputati,
1230 1359 1389 1415 quam
1437 1341 1802 1399 ‘conditionem
1850 1350 1974 1412 pOSt
2000 1349 2230 1397 mortem

633 1437 925 1510 praeferunt
971 1450 1280 1507 corporum,
1310 1433 1556 1489 eamdem
1586 1432 1986 1502 quodammodo
2018 1432 2230 1503 patian-

634 1538 721 1586 tur
749 1526 1077 1589 aniinaruml
1106 1533 1161 1581 et
1181 1525 1398 1596 quidem
1419 1525 1598 1579 minus
1614 1524 1870 1579 miseram
1892 1524 1938 1578 si
1962 1522 2223 1591 eamdem,

635 1630 728 1677 aut
765 1621 811 1676 si
849 1620 916 1675 ad
939 1634 1033 1674 eos
1062 1616 1129 1672 ad
1157 1623 1183 1654 ι
1207 1615 1450 1685 jumenta
1497 1615 1804 1686 insipientia
1834 1630 1934 1670 nec
1959 1615 2227 1670 bonorum

633 1728 822 1768 sensus
869 1726 969 1767 nec
1013 1710 1278 1765 malorum
1300 1708 1333 1747 τι
1366 1708 1546 1778 passio
1574 1708 1889 1778 pertineret.
1943 1706 2050 1763 Sed
2096 1707 2228 1763 illud

632 1802 885 1859 acerbum
940 1808 1103 1871 atque
1124 1796 1470 1854 intolerabile
1519 1797 1663 1868 quod
1703 1798 1949 1853 similiter
1974 1807 2221 1869 pereunt,

2333 624 2531 665 meum.
2565 610 2640 665 Ac
2670 612 2749 665 sic
2773 608 3142 681 quidam'quos
3164 610 3223 666 in
3246 610 3395 667 omni
3424 611 3533 666 vita
3560 608 3715 679 quasi
3741 616 3924 664 extra-

2333 713 2464 755 neos
2493 701 2803 771 alienosque
2842 702 3169 769 imbuerant,
3202 703 3379 759 subito
3407 704 3461 756 in
3491 702 3749 757 extremis
3785 694 3924 771 pro-

2330 792 2560 861 pinq‘uos
2580 792 2785 848 habent
2808 801 2900 859 ;et
2926 795 3017 863 qui
3047 794 3289 849 extranei
3317 806 3533 862 semper
3554 790 3709 847 fuere
3735 792 3926 848 vivem-

2329 882 2483 948 tium,
2515 890 2767 953 parentes
2796 898 2914 939 esse
2962 883 3227 954 incipiunt
3264 891 3625 938 mortuorum.
3670 880 3923 937 Introdu—

2330 971 2629 1027 cuut'enim
2672 981 2902 1043 repente
2950 974 3004 1028 in
3028 980 3416 1028 testamentum
3464 986 3602 1041 quos
3646 984 3923 1040 nunquam

2328 1063 2679 1120 bnmduxere
2725 1065 2780 1119 in
2826 1063 3106 1130 aﬁectutn;
3151 1072 3207 1119 et
3246 1064 3354 1120 hoc
3397 1064 3650 1130 maxime,
3702 1070 3763 1117 ut
3784 1063 3920 1128 dixi,

2330 1164 2423 1212 aut
2442 1157 2758 1228 locupletes,
2788 1163 2881 1212 aut
2904 1157 3133 1224 nobiles,
3158 1164 3253 1211 aut
3271 1155 3595 1220 honoratos,
3616 1161 3673 1210 et
3698 1155 3792 1224 qui
3818 1154 3923 1211 nisi

2326 1256 2580 1320 potentes
2606 1256 2806 1315 essent,
2836 1256 3089 1319 parentes
3116 1247 3337 1304 forsitan
3367 1262 3475 1303 non
3490 1246 3739 1302 Ifuissent.
3768 1245 3918 1302 Ridi-

2329 1342 2449 1397 cula
2475 1342 2658 1397 miseri
2696 1341 2979 1396 testator-is
3007 1339 3245 1405 ambitio,
3274 1336 3414 1395 dans
3432 1352 3659 1395 censum
3686 1338 3923 1408 propria

2326 1432 2594 1489 facultatis
2623 1431 2691 1487 ad
2719 1432 3140 1502 comparandum
3174 1430 3517 1486 mendacium
3542 1429 3922 1501 propinquita-
3974 1430 3979 1431 “

2330 1525 2415 1591 tis,
2450 1538 2634 1580 emens
2661 1524 2839 1594 pretio
2882 1521 3214 1579 haereditatis
3242 1536 3441 1577 nomen
3468 1520 3715 1586 havsi-edis,
3746 1530 3803 1576 et
3829 1528 3921 1579 ton-

2330 1616 2397 1671 tis
2425 1616 2735 1686 patrimonii
2749 1616 2838 1670 sui
2860 1614 3070 1671 viribus
3088 1612 3196 1671 hoc
3218 1614 3509 1670 elaboraus
3526 1630 3598 1669 ne
3625 1629 3685 1669 se
3707 1613 3798 1668 ille
3824 1614 3918 1684 qui
3937 1608 3951 1622 ⁶

2322 1704 2500 1763 hmres
2528 1708 2781 1763 scribitur
2802 1711 3083 1778 parentem
3108 1704 3271 1781 2’71
3296 1717 3481 1777 neget,
3515 1716 3571 1763 et
3604 1715 3663 1762 ut
3691 1715 3917 1763 testator

2324 1799 2720 1855 infelicissimus
2747 1799 3057 1855 stultissima
3076 1816 3141 1856 ac
3164 1800 3465 1856 miserrima
3487 1801 3742 1865 vanitate,
3770 1799 3915 1855 facto

628 1893 726 1953 sed
750 1910 859 1948 non
883 1892 1130 1949 similiter
1144 1892 1443 1965 puniuntur
1476 1909 1487 1944 :
1512 1889 1723 1945 illorum
1751 1891 1894 1945 enim
1920 1906 2068 1946 mors
2089 1890 2225 1945 sem-
2248 1882 2298 1946 Β
2322 1891 2537 1948 haerede
2567 1892 2754 1959 nobili,
2784 1893 2908 1963 quia
2956 1893 3009 1947 in
3035 1893 3147 1947 vita
3192 1907 3291 1947 sua
3333 1891 3587 1947 humilior
3627 1907 3744 1947 esse
3770 1892 3915 1946 visus

628 1986 846 2059 piterna
875 1985 991 2039 sine
1010 1999 1170 2040 sensu
1201 1989 1297 2049 est,
1330 1982 1555 2038 istorum
1582 1982 1826 2037 omnium
1846 1997 1969 2037 cum
1992 1980 2182 2037 dolore
2208 2001 2221 2035 :

633 2095 699 2136 ac
738 2080 816 2135 sic
867 2077 1231 2133 conditionem
1277 2075 1554 2130 hominum
1601 2082 1948 2145 peccatorum
1996 2074 2225 2146 perditio

624 2170 848 2245 quidem
870 2164 1000 2227 facit
1025 2168 1321 2241 pecudibus
1349 2182 1468 2224 esse
1495 2166 1746 2232 similem,
1777 2167 1871 2222 sed
1900 2174 2080 2221 tamen
2109 2181 2225 2236 pte-

625 2280 758 2321 nam
793 2261 1115 2333 graviorem.
1149 2259 1398 2328 Cogitent
1438 2259 1601 2328 igitur
1627 2265 1821 2314 cuncta
1864 2258 1964 2313 ista
1992 2270 2112 2329 qua:
2139 2259 2223 2313 di-

632 2356 823 2421 cimus,
851 2354 1016 2408 immo
1045 2348 1285 2420 cogitent
1311 2359 1501 2406 euncta
1532 2350 1622 2406 illa
1645 2364 1763 2420 qute
1793 2350 1935 2406 Deus
1954 2350 2103 2417 dicit,
2131 2354 2225 2421 qui

632 2448 733 2505 sibi
754 2463 854 2503 nec
876 2454 1002 2501 ante
1021 2452 1252 2500 mortem
1281 2443 1500 2500 omnino
1520 2442 1827 2508 consulunt,
1852 2457 1953 2498 nec
1972 2444 2027 2498 in
2044 2452 2225 2500 morte

631 2546 971 2602 succurrunt,
1023 2536 1164 2608 apud
1192 2550 1331 2605 quos
1372 2536 1573 2591 oblivio
1624 2520 1705 2590 est
1742 2536 1957 2606 penitus
2005 2551 2223 2591 suarum

630 2633 949 2688 animarum.
972 2628 1323 2685 Necinterest
1343 2642 1481 2698 pene
1497 2626 1607 2695 jam
1630 2626 1773 2696 apud
1793 2625 2040 2685 homines
2061 2626 2224 2709 27o

627 2725 821 2798 quibus
849 2720 1151 2787 consulant,
1183 2719 1474 2775 dummodo
1503 2719 1604 2774 sibi
1632 2719 1995 2775 omninonon
2026 2735 2223 2776 consu-

627 2816 758 2872 lant.
792 2815 847 2872 Si
876 2817 969 2887 qui
999 2816 1145 2871 enim
1174 2829 1241 2869 ex
1269 2813 1385 2869 istis
1412 2812 1479 2867 de
1501 2813 1696 2883 quibus
1723 2813 2013 2882 loquimur,
2045 2822 2223 2870 morte

625 2909 1092 2980 appropinquante
1121 2904 1257 2980 ﬁlios
1284 2923 1393 2961 non
1423 2905 1642 2972 habent,
1680 2914 1927 2978 quierunt
1951 2907 2211 2963 inﬁdelis-

625 2998 761 3053 sime
790 3012 928 3071 quos
970 3005 1064 3052 aut
1088 2976 1423 3068 propinquos
1473 3005 1564 3051 aut
1619 2976 1808 3052 affines
1838 3013 1965 3053 suos
2006 2998 2218 3065 dicant;

626 3095 718 3139 aut
739 3085 785 3140 si
808 3084 858 3140 id
880 3085 1018 3141 forte
1046 3084 1216 3149 deest,
1249 3092 1495 3156 qumrunt
1533 3085 1721 3141 saltem
1752 3087 1929 3157 aliqua
1958 3102 2221 3142 novarum

626 3175 1234 3237 necessitudinumlicta
1280 3176 1517 3230 nomina.
1550 3176 1660 3232 Nec
1690 3178 1948 3243 interest,
2000 3184 2059 3231 ut
2087 3177 2218 3243 dixi,

2330 1995 2430 2051 est,
2457 1983 2481 2022 θ
2526 1986 2843 2041 honoratior
2862 1985 2925 2041 in
2954 1993 3128 2041 morte
3154 1998 3276 2041 esse
3310 1983 3655 2040 videatut-.0
3682 1984 3913 2050 accitas,
3961 2034 3971 2043 .

2330 2090 2362 2131 0
2390 2076 2630 2131 insania!
2656 2085 2858 2147 quanto
2880 2076 3081 2133 studio.
3102 2073 3450 2130 infelicissimi
3474 2075 3746 2139 homines,
3764 2074 3816 2128 id
3839 2072 3914 2129 ef-

2318 2168 2485 2224 ﬁcitis
2524 2178 2587 2223 ut
2612 2168 2794 2223 miseri
2825 2169 2877 2222 in
2924 2168 3225 2222 aeternitate
3268 2164 3661 2233 sitis?Quanto
3708 2165 3913 2222 minore
3980 2165 3989 2173 ’

2327 2276 2473 2328 cura,
2502 2262 2712 2316 minore
2742 2260 2944 2314 ambitu
2968 2260 3023 2313 id
3048 2260 3201 2314 vobis
3244 2266 3503 2329 praestare
3554 2256 3805 2329 potuistis
3856 2256 3911 2313 u't

2326 2366 2540 2423 semper
2567 2352 2708 2406 beati
2739 2364 2857 2405 esse
2878 2350 3140 2420 possitis?
3160 2346 3331 2419 Cujus
3358 2348 3573 2418 quidem
3600 2349 3678 2403 rei
3700 2360 3911 2403 causam

2326 2441 2483 2499 aliam
2513 2444 2734 2499 omnino
2758 2443 3001 2496 invenire
3042 2426 3155 2495 non
3202 2455 3442 2511 possum,
3473 2440 3577 2495 nisi
3605 2440 3775 2493 solam
3797 2446 3913 2493 tan-

2325 2532 2600 2587 tummodo
2644 2531 3077 2586 incredulitatem
3125 2537 3287 2599 atque
3333 2528 3646 2600 perﬁdiam,
3698 2529 3749 2585 id
3794 2536 3912 2593 est,

2325 2626 2470 2697 quod
2497 2633 2589 2681 aut
2606 2623 2920 2693 iudicandos
2944 2637 3006 2677 se
3043 2636 3073 2675 a
3096 2620 3216 2676 Deo
3242 2620 3491 2676 homines
3533 2636 3651 2676 esse
3678 2638 3785 2677 non
3813 2636 3913 2691 pu-

2322 2726 2461 2784 tant,
2493 2725 2583 2773 aut
2628 2714 3024 2772 resurrecturus
3069 2708 3289 2768 omnino
3337 2726 3456 2768 esse
3504 2728 3616 2767 non
3665 2711 3912 2767 credunt.

2325 2808 2494 2864 Nemo
2523 2815 2605 2863 est
2633 2806 2776 2862 enim
2805 2805 2897 2876 qui
2920 2812 3346 2859 resurrecturum
3396 2817 3460 2858 se
3488 2808 3543 2857 et
3564 2799 3914 2871 judicauthun

2325 2914 2354 2954 a
2384 2900 2498 2955 Deo
2526 2898 2593 2954 de
2623 2898 2874 2969 operibus
2902 2895 3066 2951 bonis
3094 2908 3158 2949 ac
3172 2893 3331 2949 maiis
3359 2903 3539 2950 certus
3562 2893 3654 2958 sit,
3684 2892 3775 2962 qui
3802 2880 3915 2949 non

2322 2990 2411 3043 vel
2440 2990 2555 3060 Spei
2574 3002 2637 3043 ac
2658 2986 2977 3042 beatitudini
3006 2999 3117 3040 sua:
3136 2986 3357 3054 praestet
3382 2991 3443 3038 ut
3464 2994 3567 3054 pro
3590 2983 3751 3038 bonis
3778 2996 3912 3053 ope-

2320 3082 2470 3137 ribus
2499 3082 2755 3153 perennia
2787 3081 2926 3135 bona
2948 3078 3151 3148 capiat,
3182 3077 3268 3132 vel
3308 3076 3495 3132 tirnori
3541 3084 3704 3146 atque
3722 3074 3911 3131 discri-

2298 3172 2455 3230 mini
2479 3190 2550 3230 ne
2580 3190 2679 3245 pro
2708 3174 2864 3228 malis
2890 3174 3032 3227 mala
3075 3179 3278 3227 aeterna
3302 3171 3560 3242 patiatur.

626 3265 769 3339 apud
796 3282 892 3322 eos
936 3282 1166 3336 quorum
1196 3265 1559 3331 meminerint,
1591 3265 1883 3321 dummodo
1913 3267 1994 3320 sui
2025 3267 2219 3321 oblivi-
2246 3264 2292 3329 C
2394 3264 2507 3325 XV.
2541 3265 2647 3320 Sed
2677 3266 2969 3319 abhorrere
2997 3266 3102 3319 hoc
3146 3263 3396 3319 videlicet
3423 3278 3453 3317 a
3480 3261 3786 3318 Christiano
3812 3277 3909 3317 no-
3990 3288 3997 3291 ~

623 3364 874 3423 scantur;
906 3372 1015 3412 non
1062 3356 1289 3430 interest
1335 3369 1472 3424 quos
1520 3370 1701 3411 amare
1748 3371 1805 3411 se
1834 3357 2033 3423 dicant,
2065 3358 2217 3412 (lum-

623 3446 784 3505 modo
813 3448 1018 3503 animas
1039 3462 1162 3502 suas
1193 3446 1432 3513 oderint;
1468 3463 1575 3502 non
1599 3448 1819 3505 interest
1858 3442 1996 3519 quos
2024 3449 2218 3505 divites

623 3538 839 3619 faciant,
872 3538 1166 3619 dummodo
1196 3553 1254 3594 se
1283 3545 1483 3593 :eterna
1505 3539 1851 3596 mendicitate
1873 3550 2212 3598 consumant.

690 3613 830 3686 XIV.
852 3627 897 3685 Ο
926 3613 1229 3697 infelicitas,
1255 3647 1288 3685 ο
1314 3630 1553 3707 insania!
1589 3630 1727 3698 Quid
1756 3638 1985 3699 tantum,
2010 3649 2211 3705 qumso,

620 3725 688 3780 de
716 3741 775 3780 se
803 3723 1092 3779 miserrimi
1123 3724 1363 3779 omnium
1383 3722 1523 3778 male
1542 3732 1977 3794 promeruerunt,
2004 3733 2061 3779 ut
2088 3726 2215 3780 dum

619 3817 847 3871 aliorum
904 3815 1267 3886 voluptatibus
1319 3814 1577 3881 serviunt,
1628 3829 1686 3870 se
1740 3824 2001 3886 perpetuo
2032 3829 2216 3886 perse.

618 3908 877 3980 quantur!
912 3908 1106 3964 Videas
1135 3910 1277 3963 enim
1307 3925 1336 3962 a
1367 3908 1685 3977 quibusdam
1727 3907 2090 3964 infelicissima
2119 3926 2215 3963 va-

619 4000 785 4053 nitate
816 3999 1122 4066 investigari
1153 3997 1414 4066 quosdam
1445 4013 1616 4052 novos
1646 4013 1709 4051 ac
1738 3998 1966 4068 nobiles
1995 4000 2214 4068 propin-

616 4106 773 4159 quos,
804 4089 987 4143 videas
1017 4087 1409 4155 incognitarum
1456 4086 1804 4153 agnationum
1835 4065 2080 4156 pudenda
2112 4104 2212 4142 no-

616 4181 759 4235 mina
789 4186 844 4232 et
871 4179 1167 4232 recentium
1200 4192 1263 4233 ac
1291 4178 1705 4255 przepotentium
1740 4177 2061 4233 aliinita‘tum
2091 4181 2214 4235 ridi-

617 4269 736 4324 cula
783 4277 1111 4333 commenta,
1144 4284 1264 4324 cum
1294 4267 1436 4323 dicat
1464 4268 1586 4338 quis
1626 4267 1693 4323 de
1722 4269 1901 4339 aliquo
1955 4270 2210 4342 adoptivo

614 4376 677 4417 ac
707 4345 988 4418 subitan'eo
1015 4361 1320 4434 propinquo
1360 4379 1371 4414 :
1401 4358 1557 4416 Illum
1582 4347 1856 4418 hteredem
1883 4362 2021 4420 facio
2055 4375 2076 4404 ο
2109 4382 2208 4437 pa-

614 4463 823 4512 rentem
866 4470 1063 4511 meum.
1097 4452 1204 4509 Aut
1240 4469 1572 4526 quaecunque
1612 4463 1813 4511 sanctae
1861 4458 2210 4529 professionis

2308 3358 2467 3411 -mine
2493 3357 2723 3420 videtur,
2754 3363 2816 3410 ut
2846 3363 2871 3393 ε
2900 3356 3110 3418 dicatur
3150 3355 3325 3409 futura
3354 3368 3463 3409 non
3504 3350 3745 3409 credere.
3772 3352 3909 3421 Quid

2321 3461 2447 3519 ergo
2477 3464 2650 3505 causa:
2679 3458 2779 3511 est,
2813 3458 2870 3503 ut
2896 3449 2939 3502 si
2970 3447 3140 3503 credit
3167 3460 3286 3518 quae
3328 3448 3463 3503 dixit
3504 3447 3669 3511 Deus,
3700 3461 3811 3502 non
3836 3446 3908 3500 ti-

2322 3550 2465 3598 meat
2493 3556 2610 3612 qute
2648 3541 2883 3595 minatur
2909 3540 3091 3596 Deus?
3124 3536 3188 3595 Si
3212 3556 3324 3595 non
3356 3539 3530 3595 credit
3572 3538 3749 3595 verbis
3788 3552 3910 3607 qum

2316 3634 2450 3690 dixit
2472 3628 2640 3697 Deus,
2676 3649 2780 3688 non
2811 3632 2996 3689 credat
3020 3632 3260 3703 praemiis
3289 3646 3407 3702 quae
3428 3633 3700 3703 promittit
3726 3630 3905 3686 Deus!

2318 3726 2504 3797 Neque
2531 3727 2672 3781 enim
2702 3738 2761 3781 se
2794 3724 2994 3795 probat
3034 3720 3481 3793 promissionibus
3528 3722 3627 3777 Dei
3667 3720 3905 3786 credere,

2320 3822 2409 3892 qui
2436 3830 2546 3875 non
2575 3820 2651 3873 sic
2678 3820 2786 3888 agit
2811 3824 2871 3871 ιη
2896 3816 3069 3887 possit
3097 3815 3162 3869 ad
3191 3814 3455 3885 promissa
3488 3830 3516 3868 a
3544 3814 3659 3869 Deo
3686 3812 3905 3884 praemia

2318 3912 2617 3981 pervenire.
2652 3908 2707 3962 ln
2756 3909 2870 3977 ipsa
2910 3905 3113 3976 quippe
3137 3906 3245 3961 hac
3272 3904 3382 3959 vita
3408 3904 3710 3969 hominum,
3747 3903 3795 3958 si
3819 3902 3907 3971 ju-

2316 4000 2599 4055 dicandum
2629 4012 2687 4053 se
2714 3998 2906 4067 aliquis
2936 3998 3003 4051 ab
3030 3997 3263 4051 humana
3295 3998 3396 4052 hac
3414 4004 3688 4067 potestate
3731 4006 3787 4051 et
3810 3994 3903 4049 r'a-

2318 4090 2571 4162 picndum
2622 4105 2680 4144 se
2710 4088 2774 4142 ad
2803 4088 3036 4143 tribunal
3092 4094 3368 4143 terrenum
3418 4102 3537 4143 esse
3565 4086 3903 4157 cognoverit,

2315 4183 2605 4238 advocatos
2655 4179 2899 4250 requirit,
2952 4188 3213 4251 patronos
3242 4178 3478 4244 adhibet,
3531 4179 3546 4216 ῖ
3593 4175 3904 4234 ofﬁcialimn

2314 4276 2541 4347 gratiam
2580 4274 2925 4344 favoremque
2971 4282 3268 4338 mercatur;
3302 4282 3356 4328 et
3385 4272 3499 4328 hmo
3537 4272 3715 4327 omnia
3752 4279 3904 4326 metu

2304 4367 2492 4438 judicii
2522 4365 2682 4422 futuri
2721 4367 2849 4435 agit,
2882 4378 3003 4421 cum
3034 4374 3212 4419 tamen
3260 4374 3508 4419 eventum
3532 4362 3716 4432 judicii
3744 4378 3901 4417 com-

2310 4474 2500 4531 parare
2529 4473 2635 4511 non
2665 4456 2833 4527 possit
2868 4475 2879 4509 :
2914 4455 3048 4510 adeo
3077 4456 3177 4509 etsi
3206 4455 3484 4509 victoriam
3515 4466 3694 4510 emere
3718 4452 3899 4522 ipsam

1800 4569 2143 4644 STEPHANI
2181 4564 2454 4627 BALUle
2492 4569 2721 4625 Nom.

683 4665 710 4695 ⁸
932 4654 1145 4711 monuit
1166 4653 1406 4735 Pithtens
1427 4656 1658 4735 fortasse
1678 4660 1877 4715 rectius
1898 4661 1970 4735 ita
2013 4664 2195 4735 legen-
2226 4672 2277 4730 D
2302 4681 2499 4719 versum
2526 4680 2636 4718 esse
2648 4663 2839 4733 jactat,
2864 4662 3012 4735 homo
3035 4664 3232 4735 quinae
3258 4674 3457 4735 patrem
3486 4660 3638 4716 habet
3666 4679 3757 4716 nec
3780 4678 3899 4735 pna-

610 4729 734 4786 dum
762 4728 868 4783 hoc
894 4724 1018 4782 loco
1046 4740 1166 4782 esse
1193 4727 1237 4781 si
1265 4726 1336 4781 ad
1360 4744 1449 4783 eos
1472 4739 1527 4781 ut
1547 4728 1805 4800 jumenta,
1838 4731 1921 4787 vel
1958 4743 2012 4786 ut
2040 4724 2195 4806 a'dju-

610 4809 806 4855 menta.

676 4869 705 4910 δ
745 4869 845 4925 llic
884 4867 1236 4925 describenda
1262 4875 1390 4923 sunt
1415 4884 1479 4924 ea
1511 4884 1633 4939 quae
1661 4870 1743 4925 vir
1767 4872 1973 4929 clariss.
2006 4872 2197 4931 Petrus

602 4940 848 5013 lfithaaus
873 4940 1151 5013 annotavit
1197 4938 1265 4994 ad
1290 4939 1435 5013 hunc
1460 4938 1667 5013 locum;
1698 4957 1817 5013 qua:
1849 4944 1928 4999 sic
1954 4945 2156 5001 habent
2182 4965 2193 4999 :

607 5009 885 5083 Corruptus
906 5018 983 5064 est
1011 5009 1093 5064 hic
1121 5013 1264 5064 locus
1283 5009 1338 5063 in
1357 5011 1555 5083 ueteris
1586 5011 1702 5066 aliis
1714 5009 2055 5081 ‘editionibus,
2087 5014 2193 5070 Ba-

605 5082 801 5138 siliensi
829 5083 1000 5154 prima
1020 5089 1247 5154 excepta,
1278 5096 1344 5154 ea:
1370 5082 1936 5154 qua_ita_pesﬂtaeadas
1965 5094 2062 5150 est,
2097 5102 2197 5141 nec

600 5149 867 5209 malorum
894 5152 1083 5224 passio
1101 5149 1431 5224 perveniret.
1456 5149 1525 5204 At
1558 5152 1691 5224 illud
1736 5155 1990 5210 acerbum
2032 5164 2194 5224 atque

604 5220 961 5288 intolerabile,
988 5220 1167 5278 eodem
1186 5222 1347 5292 plane
1381 5238 1557 5277 mnu.
1603 5220 1718 5279 Nos
1748 5241 1864 5280 vero
1893 5242 2010 5279 cum
2038 5220 2196 5281 deiti-

606 5300 862 5345 tueremur
891 5292 985 5345 hoc
1031 5294 1144 5348 loco
1172 5294 1355 5347 veteris
1398 5292 1588 5346 codicis
1637 5294 1862 5360 auxilia,
1912 5312 2005 5349 nec
2053 5297 2192 5352 illius

828 5361 1067 5415 editionis
1118 5363 1439 5438 pandentis
1458 5364 1611 5433 capia
1637 5373 1939 5438 suppeteret,
1970 5366 2046 5420 ita
2071 5382 2194 5438 sap-

992 5430 1632 5505 oumg'noAproediongsas
1650 5430 2052 5505 conjeceramus.
2077 5430 2195 5493 Huc

602 5499 775 5570 usque
802 5499 1063 5572 Pin-caus-
1112 5501 1171 5555 In
1198 5499 1474 5560 codicibus
1498 5499 1662 5570 regiis
1704 5499 1904 5572 legitur
1946 5513 2006 5559 ut
2029 5508 2083 5561 in
2106 5507 2192 5565 Pi-

502 5645 515 5655 .
600 5569 821 5655 MPF."

677 5652 701 5684 ε
720 5641 781 5717 1d
799 5649 909 5717 est,
927 5642 1286 5717 propinquum
1308 5660 1411 5699 non
1434 5652 1636 5715 parent.
1659 5640 1887 5715 Proprie
1908 5657 2191 5717 parentum

602 5713 880 5790 vocabulo
896 5712 1241 5790 intelligimus
1269 5712 1478 5790 patrem
1503 5730 1585 5790 ae
1621 5712 1869 5790 matrem.
1886 5712 2187 5790 :Hierony-

598 5801 718 5840 mus
746 5785 801 5839 in
828 5784 966 5841 libro
993 5784 1233 5841 secundo
1254 5784 1509 5840 adversus
1548 5784 1799 5842 Ruﬁnum
1828 5807 1840 5841 :
1874 5787 2018 5843 Illud
2069 5784 2186 5846 vero

599 5854 872 5910 ridiculum
899 5854 1034 5930 quod
1060 5862 1174 5927 post
1223 5857 1437 5927 triginta
1468 5870 1631 5910 annos
1657 5855 1726 5909 ad
1749 5869 1988 5930 parentes
2017 5878 2071 5916 se
2100 5880 2182 5918 re-

2303 4744 2461 4816 trem;
2483 4732 2683 4816 etquae
2699 4736 2919 4787 viventes
2941 4732 3154 4816 juvenis
3165 4732 3453 4816 dereliquit,
3494 4743 3726 4816 mortuos
3754 4732 3895 4786 desi-

2305 4805 2469 4858 derat.
2506 4803 2627 4857 Nisi
2656 4806 2789 4876 forte
2812 4803 3055 4873 parentes
3082 4803 3299 4876 militari
3335 4803 3636 4876 tmtgarique
3660 4818 3898 4860 aermnae

2300 4885 2549 4945 cognatas
2580 4883 2635 4927 et
2658 4872 2839 4945 anim:
2866 4876 3121 4929 «enim.
3168 4872 3351 4931 Euhie
3394 4872 3632 4945 Salviani
3687 4884 3896 4930 certum

2302 4954 2385 4999 est
2411 4954 2692 5015 parentum
2736 4945 2997 5000 vocabulo
3053 4945 3473 5015 comprehensos
3519 4944 3683 5001 fuisse
3729 4945 3893 5001 etiam

2303 5024 2559 5067 cognatos
2587 5024 2642 5067 et
2661 5014 2866 5067 amnes.

2372 5030 2402 5052 σ

2303 5024 2559 5082 cognatos
2587 5024 2642 5069 et
2661 5024 2866 5070 atllnes.

2300 5126 2305 5131 .
2350 5085 2398 5122 ’ἀ
2438 5084 2695 5140 Erasmus
2734 5087 2789 5140 in
2813 5085 3081 5155 exsequiis
3122 5084 3436 5156 Seraphicis
3464 5104 3478 5140 :
3511 5086 3637 5142 Non
3660 5087 3895 5141 sentiunt

2298 5159 2582 5211 exanimes.
2632 5157 2743 5211 Sed
2788 5158 2963 5229 tamen
3009 5158 3226 5229 virentes
3264 5158 3643 5228 imaginatione
3667 5157 3892 5229 quidam

2299 5229 2489 5309 futura:
2514 5244 2719 5299 pompa:
2758 5227 3067 5299 voluptatem
3098 5227 3330 5300 aliquam
3356 5227 3419 5282 ac
3444 5227 3891 5301 fructum'praxi-

2334 5307 2462 5352 lunt.

2295 5314 2493 5423 paulo
2540 5368 2660 5423 aliis
2687 5366 3014 5422 editionibus
3061 5368 3276 5436 legitur,
3303 5369 3506 5423 dicatur
3531 5368 3666 5425 bona
3695 5376 3892 5423 (eterna

2297 5440 2490 5510 (narra.
2517 5437 2625 5494 Sed
2647 5438 2781 5510 bona
2800 5447 2997 5493 «eterna
3018 5454 3125 5510 uon
3151 5447 3367 5495 exstant
3386 5440 3441 5494 in
3462 5440 3697 5510 antiquis
3716 5454 3893 5510 exem-

2297 5505 2535 5590 plaribus
2588 5508 2797 5590 calamo
2839 5509 3094 5573 exaratis,
3125 5518 3183 5566 et
3210 5505 3613 5581 supervacanea
3640 5525 3762 5567 esse
3786 5505 3890 5565 do-

2288 5588 2420 5635 cent
2439 5586 2738 5647 sequam“.

2371 5649 2391 5687 ί
2433 5648 2712 5726 Editiones
2759 5650 2969 5726 habent
3003 5653 3300 5726 aﬂiaialium
3330 5663 3488 5726 atque
3510 5653 3884 5725 apparitorum.

2295 5721 2491 5796 Verum
2522 5721 2734 5775 codices
2768 5723 2975 5791 antiqui
2994 5721 3107 5778 non
3130 5724 3332 5796 habent
3358 5721 3519 5781 voces
3541 5721 3694 5796 atoue
3722 5737 3887 5793 appa-

2290 5794 2525 5858 ritorum,
2554 5807 2678 5861 qua:
2706 5801 2852 5848 certe
2880 5803 3003 5849 sunt
3040 5794 3340 5864 superﬂue.
