4246 6270
1470 408 1526 463 s.
1569 357 2384 463 SALVIANI'MASSILIENSIS
2421 357 2852 463 pausarium

3686 388 3791 459 2‘31

508 523 772 588 videatur,
796 529 852 576 et
870 522 1004 576 velis
1028 521 1262 589 aliquam
1282 521 1351 576 ad
1379 528 1433 576 te
1458 521 1803 591 peculiariter
1820 520 2096 591 pertinen-
2125 521 2176 580 Α
2202 521 2452 576 omnibus
2479 522 2653 576 modis
2681 521 2767 576 vel
2797 521 2936 575 mala
2966 519 3157 589 fugias,
3179 521 3266 575 vel
3285 521 3428 577 bona
3457 519 3671 591 assequi
3701 536 3795 576 ve-

512 621 624 668 tem
666 611 1011 682 sponsionem
1042 620 1067 646 λ
1099 625 1264 682 sacra:
1290 611 1724 681 repromissionis
1752 611 1956 666 audire.
1988 610 2100 664 lla-

513 705 608 760 bes
626 703 856 773 primum
879 701 1010 755 illud
1029 701 1173 770 quod
1195 702 1264 756 ad
1285 701 1505 758 divitem
1526 703 1672 758 illum
1695 704 1837 758 Deus
1857 704 1908 757 in
1931 702 2102 758 Evan-

508 793 652 862 gelio
671 790 908 861 loquitur
939 808 953 843 :
994 790 1158 857 Vade,
1190 793 1350 848 vende
1375 796 1552 849 omnia
1578 794 1712 850 bona
1741 805 1848 860 tua,
1871 805 1919 848 et
1948 793 2104 848 habe-

511 881 588 935 bis
619 881 911 935 thesaurum
952 882 1009 935 in
1051 882 1176 937 caelo
1208 882 1423 955 (Matth.
1455 902 1566 951 xix,
1596 885 1708 956 2i).
1743 885 1943 941 Deinde
1972 885 2102 941 illud

511 972 656 1042 quod
701 977 974 1044 prtec'epto
1005 975 1387 1032 interdictorio‘
1404 979 1726 1046 generaliter
1753 977 1908 1046 jubet
1939 997 1952 1031 :
1986 977 2103 1033 No-

509 1063 600 1117 lite
627 1057 978 1138 thesaurizare
1004 1065 1144 1120 vobis
1169 1065 1437 1123 thesauros
1473 1070 1528 1123 in
1558 1077 1726 1133 terra;
1760 1069 2104 1122 thesaurizate

512 1163 684 1210 autem
712 1153 849 1210 vobis
871 1157 1222 1213 thesauros'in
1247 1161 1375 1215 caelo
1401 1159 1616 1232 (Matth.
1641 1177 1715 1225 vt,
1743 1161 1826 1225 l9,
1851 1158 1965 1233 20).
1999 1159 2103 1216 Po-

510 1255 712 1302 stremo
735 1248 824 1303 illa
853 1251 1047 1318 quibus
1077 1267 1266 1308 omnes
1298 1270 1476 1309 rerum
1495 1255 1857 1310 mundialium
1889 1272 2104 1326 posses-

405 1411 422 1424 τ
510 1354 663 1394 sores
687 1339 754 1394 ad
781 1355 916 1411 opus
946 1340 972 1378 δ
1003 1341 1226 1412 profluas
1254 1344 1515 1412 largitatis
1543 1362 1638 1416 spe
1676 1345 1896 1400 infinitae
1919 1362 2102 1401 remu-

512 1429 807 1486 nerationis
834 1432 1043 1498 invitat,
1066 1433 1250 1490 dicens
1275 1436 1420 1503 quod
1441 1438 1616 1491 omnis
1643 1439 1735 1507 qui
1761 1445 1984 1508 propter
2005 1439 2104 1492 bo-

512 1535 702 1576 norem
732 1530 896 1593 atque
933 1540 1174 1580 amorem
1203 1541 1358 1580 suum
1388 1536 1482 1582 aut
1507 1528 1745 1595 domum,
1777 1538 1869 1584 aut
1894 1545 2100 1600 agrum,

511 1621 993 1685 autquamcunque
1015 1613 1176 1672 aliam
1191 1618 1350 1688 275
1368 1617 1677 1673 facultatem
1698 1620 1750 1674 in
1781 1637 1910 1676 usus
1939 1622 2104 1676 mise-

511 1705 757 1761 ricordia:
795 1710 1126 1778 prorogarit,
1171 1711 1482 1781 centuplum
1528 1712 1757 1782 accipiat
1803 1713 1855 1766 in
1901 1712 2100 1768 futuro.

512 1797 735 1869 Insuper
774 1809 964 1865 autem,
1011 1801 1202 1870 inquit,
1241 1812 1291 1856 et
1335 1804 1491 1857 vitam
1531 1813 1778 1858 aeternam
1825 1805 2105 1874 possidebit

2203 614 2306 668 lis?
2333 615 2461 685 quid
2489 629 2666 670 causas
2695 623 2779 670 est
2820 615 2964 685 quod
2995 616 3109 670 haec
3135 631 3244 670 non
3273 614 3426 684 agis?
3463 613 3591 684 quid
3619 629 3792 670 causa:

2203 713 2285 759 est
2307 711 2366 759 ut
2384 705 2528 760 bona
2547 714 2747 760 aeterna
2774 721 2882 760 non
2904 708 3086 760 emas?
3115 705 3242 776 quid
3262 719 3437 761 causa:
3455 714 3541 760 est
3567 712 3626 758 ut
3652 704 3794 758 mala

2203 803 2404 851 mterna
2424 811 2534 851 non
2557 797 2786 852 timeas?
2816 796 2956 863 Quid
2979 798 3164 866 utique
3191 797 3294 852 nisi
3321 796 3454 852 illud
3479 797 3625 866 quod
3652 811 3793 867 pra:-

2204 887 2413 942 locutus
2432 903 2572 952 sum,
2601 887 2746 957 quod
2775 895 2870 942 aut
2891 887 3238 958 judicandum
3266 903 3297 943 a
3317 887 3430 943 Deo
3458 897 3511 942 te
3540 903 3659 943 esse
3688 903 3796 944 non

2203 988 2381 1051 putas,
2415 988 2508 1035 aut
2523 987 2954 1036 reSurrecturum
2979 983 3204 1038 omnino
3222 987 3278 1038 te
3297 997 3417 1038 esse
3445 997 3554 1037 non
3583 980 3796 1038 credis?

2205 1071 2262 1127 Si
2291 1072 2436 1127 enim
2469 1072 2738 1139 crederes,
2763 1072 3038 1143 quomodo
3068 1087 3176 1126 non
3204 1071 3366 1127 futuri
3390 1071 3576 1142 judicii
3598 1071 3793 1128 inaasti;

2203 1163 2402 1218 mabile
2426 1162 2629 1217 malum
2667 1160 2881 1231 fugeres
2909 1170 2964 1217 et
2999 1163 3382 1218 immortalium
3409 1162 3794 1233 suppliciorum

2204 1261 2474 1310 tormenta
2498 1254 2732 1310 vitares?
2756 1251 2862 1309 Sed
2890 1269 2999 1309 non
3028 1253 3204 1310 credis
3229 1255 3433 1324 utique,
3459 1269 3565 1310 non
3588 1253 3790 1322 credis;

2205 1362 2269 1402 ac
2297 1346 2424 1401 licet
2450 1345 2594 1400 aliud
2618 1353 2674 1401 et
2693 1361 2944 1402 sermone
2973 1361 3202 1411 asseras,
3221 1354 3276 1402 et
3301 1345 3660 1417 professione,
3684 1362 3793 1402 non

2205 1434 2378 1490 credis
2412 1453 2424 1488 :
2457 1451 2635 1491 sermo
2664 1437 2808 1492 enim
2845 1444 2900 1492 et
2926 1436 3189 1507 professio
3219 1444 3309 1491 tua
3333 1435 3584 1506 jactitant
3611 1435 3792 1504 ﬁdem,

2205 1525 2300 1582 sed
2322 1526 2428 1580 vita
2451 1534 2613 1595 atque
2633 1526 2814 1581 obitus
2838 1527 3114 1597 publicant
3135 1525 3523 1582 infidelitatem.
3545 1527 3792 1599 Alioquin

2205 1619 2360 1674 vince
2392 1633 2510 1684 me;
2552 1619 2694 1674 vinci
2724 1619 2867 1674 volo.
2901 1618 3018 1674 Non
3047 1633 3230 1689 quzero
3262 1626 3324 1673 ut
3345 1618 3476 1672 mihi
3503 1617 3794 1673 eredulita~

2206 1717 2316 1764 tem
2345 1717 2491 1763 tuam
2519 1709 2813 1779 superioris
2841 1709 2965 1764 vitm
3004 1709 3214 1764 actibus
3248 1708 3477 1779 probes;
3507 1723 3618 1763 uno
3667 1724 3796 1764 eon-

2207 1808 2388 1855 tentus
2433 1815 2550 1854 sum
2593 1800 2902 1855 testimonio
2943 1815 3319 1870 supremorum
3367 1805 3602 1855 tuorum.
3657 1798 3798 1857 Ecce

513 1888 730 1960 (Matth.
764 1906 875 1956 nx,
917 1891 1030 1962 29).
1064 1892 1204 1959 Quid
1244 1895 1512 1963 spondere
1551 1894 1724 1964 majus
1761 1895 2104 1952 credentibus
2131 1890 2182 1954 l
2203 1889 2334 1960 iam.
2366 1907 2493 1946 ecce
2518 1891 2786 1954 morieris.
2810 1906 3125 1960 egressurus
3151 1890 3219 1946 de
3239 1891 3404 1946 domo
3433 1891 3676 1961 corporis
3696 1892 3794 1958 tui.

509 1983 612 2038 sibi
633 1984 828 2053 potuit,
849 1985 943 2054 qui
966 1995 990 2024 ο
1014 1986 1220 2054 magnis
1248 1986 1637 2042 feneratoribus
1657 1988 1767 2041 suis
1791 1988 2103 2057 centuplum

511 2091 572 2130 se
594 2074 927 2130 redditurum
956 2091 1073 2132 esse
1102 2077 1386 2146 promisit?
1420 2077 1529 2133 Nec
1554 2078 1730 2133 solum
1760 2079 1882 2144 hoc,
1912 2077 2006 2134 sed
2028 2080 2103 2132 vi-

511 2175 638 2231 tam,
665 2167 854 2244 inquit,
881 2175 1133 2222 wternam
1171 2167 1473 2238 possidebit.
1509 2167 1624 2223 Hoc
1661 2169 1830 2223 multo
1860 2169 1980 2238 plus
2019 2177 2104 2223 est

453 2259 456 2261 ’
509 2254 672 2329 quam
703 2258 818 2328 ipsa
856 2258 1097 2328 centupli
1136 2259 1418 2313 retributio
1463 2276 1476 2310 :
1519 2258 1646 2327 quia
1679 2258 1732 2313 id
1753 2259 1926 2329 ipsum
1958 2257 2102 2329 quod

509 2348 630 2418 quis
669 2349 724 2402 in
769 2347 1024 2418 centuplo
1069 2349 1358 2428 acceperit,
1387 2349 1440 2402 in
1483 2356 1746 2419 perpetuo
1785 2349 2098 2419 possidebit.

509 2441 628 2498 Non
666 2441 772 2496 erit
796 2455 927 2511 ergo
962 2448 1093 2496 tunc
1119 2439 1321 2510 fragilis
1349 2448 1405 2496 et
1431 2440 1633 2496 caduca
1680 2441 1969 2511 possessio,
2001 2455 2104 2496 nec

510 2535 564 2590 in
584 2534 986 2590 similitudinem
1008 2542 1345 2590 terrenarum
1377 2532 1702 2598 divitiarum,
1735 2533 1936 2587 umbrze
1965 2547 2102 2602 prae-

509 2627 774 2684 tereuntis
793 2635 885 2683 aut
910 2627 1105 2683 somnii
1124 2626 1464 2682 vanescentis
1483 2641 1636 2682 more
1655 2626 1911 2701 peritura.
1936 2625 2102 2692 Quid-

508 2720 636 2790 quid
664 2720 849 2776 datum
877 2736 907 2775 a
939 2720 1051 2775 Deo
1088 2719 1268 2785 fuerit,
1314 2719 1620 2774 immortale
1657 2718 1760 2772 erit
1798 2737 1810 2770 ε
1842 2716 2102 2788 quidquid

508 2819 793 2883 acceptum
832 2811 1012 2877 fuerit,
1053 2812 1170 2868 sine
1209 2811 1450 2866 termino
1481 2810 1838 2881 permanebit.
1883 2810 1959 2864 Ac
2005 2824 2104 2880 per

507 2904 632 2970 hoc,
663 2913 723 2959 ut
749 2905 879 2972 dixi,
900 2905 1019 2975 plus
1047 2919 1207 2974 quam
1235 2904 1547 2975 centuplum
1577 2903 1775 2974 accipit
1801 2903 1890 2974 qui
1913 2904 1993 2958 sic
2012 2918 2102 2958 ac-

507 2993 640 3065 cipit
687 3010 700 3047 :
751 2995 878 3064 quia
921 2995 1089 3050 vincit
1115 2995 1353 3065 centupli
1381 2995 1634 3066 pretium,
1678 2988 1946 3066 id'ipsum
1983 3010 2102 3050 esse

467 3079 478 3088 ’
509 3083 821 3154 centuplum
849 3085 1256 3156 sempiternum.

581 3174 768 3231 XVIII.
794 3172 922 3242 Qua:
951 3192 1072 3232 cum
1100 3176 1175 3232 ita
1201 3179 1328 3242 sint,
1361 3186 1417 3232 et
1447 3194 1572 3233 cum
1601 3185 1747 3232 tanta
1776 3179 1979 3249 absque
2001 3178 2099 3234 du-

2208 1983 2451 2038 nesciens
2489 1998 2597 2052 quo
2639 1983 2829 2045 iturus,
2861 1997 2971 2051 quo
3000 1981 3366 2047 abducendus,
3397 1980 3466 2036 ad
3493 1997 3654 2052 quam
3681 1997 3798 2053 po:-

2207 2076 2350 2129 nalia
2379 2083 2434 2130 et
2461 2091 2624 2146 quam
2654 2083 2793 2129 tetra
2822 2073 3130 2145 rapiendus,
3162 2074 3248 2129 cui
3271 2089 3436 2130 unum
3463 2080 3795 2135 tantummo-

2205 2166 2277 2220 do
2301 2173 2548 2236 superest
2568 2166 2711 2221 iuter
2738 2181 2990 2238 suprema
3017 2165 3341 2236 perfugium,
3373 2181 3481 2220 una
3509 2163 3796 2233 effugiendi

2205 2258 2395 2313 aeterni
2437 2257 2572 2326 ignis
2605 2259 2812 2328 spicula
2853 2258 3031 2324 datur,
3063 2266 3124 2312 ut
3151 2274 3250 2328 pro
3279 2266 3333 2313 te
3370 2256 3566 2313 offeras
3606 2257 3794 2311 saltem

2206 2349 2350 2420 quod
2379 2350 2432 2403 in
2461 2349 2762 2404 substantia
2791 2351 2976 2414 habes,
3009 2349 3135 2420 quia
3155 2349 3299 2404 aliud
3320 2347 3466 2418 quod
3490 2349 3667 2420 possis
3685 2348 3798 2404 Deo

2207 2439 2402 2496 offerre
2439 2439 2553 2509 jam
2596 2456 2703 2495 non
2743 2441 2936 2507 babes;
2965 2447 3020 2495 et
3060 2448 3118 2494 tu
3158 2440 3442 2495 immemor
3469 2440 3568 2506 tui,
3599 2441 3798 2496 oblitus

2205 2533 2396 2587 salutis
2421 2540 2543 2597 tute,
2569 2532 2636 2586 de
2657 2533 2929 2600 legatariis
2951 2531 3104 2586 novis
3126 2531 3352 2599 cogitas,
3376 2530 3445 2585 de
3464 2530 3799 2602 locupletan-
3845 2526 3848 2527 ⁷

2205 2623 2275 2678 (10
2304 2623 2516 2678 haerede
2545 2623 2822 2692 suspiras?
2842 2621 2908 2676 Et
2936 2622 3052 2677 haec
3079 2621 3300 2687 faciens,
3330 2621 3554 2677 credere
3582 2629 3637 2676 te
3653 2621 3800 2690 judi-
3895 2618 3904 2627 '

2207 2716 2349 2770 cium
2388 2715 2484 2770 Dei
2512 2715 2666 2779 dicis,
2696 2714 2788 2785 qui
2816 2714 2933 2781 tibi,
2963 2729 3085 2769 cum
3128 2712 3449 2782 judicandus
3475 2713 3566 2778 sis,
3599 2712 3688 2766 vel
3713 2713 3798 2766 in-

2207 2816 2291 2861 ter
2319 2815 2570 2877 suprema
2599 2821 2708 2860 non
2735 2804 3010 2860 consulis!
3058 2812 3114 2860 et
3153 2803 3376 2860 credere
3414 2801 3472 2859 te
3497 2801 3699 2872 aliquid
3725 2802 3796 2858 de

2205 2898 2379 2953 salute
2403 2898 2595 2952 anima:
2636 2905 2741 2952 tuae
2778 2897 3036 2968 loqueris,
3067 2897 3156 2952 cui
3183 2896 3363 2952 nullus
3381 2903 3475 2951 est
3501 2895 3682 2950 anima
3703 2901 3798 2950 tua

2204 2990 2382 3055 vilior,
2427 2989 2571 3059 apud
2615 3005 2775 3060 quem
2822 3004 2994 3060 prope
3041 3004 3151 3044 non
3193 2989 3423 3043 interest
3467 2987 3553 3042 cui
3598 2988 3796 3057 prosis,

2204 3081 2496 3137 dummodo
2516 3088 2577 3135 ut
2603 3082 2698 3136 tibi
2724 3080 2951 3137 noceas!
2979 3080 3137 3151 277
3165 3087 3221 3134 et
3248 3078 3470 3134 credere
3491 3085 3543 3132 te
3562 3069 3799 3132 futurum

2200 3171 2436 3242 judicem
2465 3172 2619 3236 dicis,
2645 3171 2784 3242 apud
2807 3186 2969 3240 quem
2995 3171 3174 3224 nullus
3203 3177 3287 3224 est
3326 3169 3504 3224 minor
3525 3177 3687 3239 atque
3706 3167 3802 3223 de-

507 3270 597 3326 bio
626 3261 942 3340 recepturus
977 3272 1048 3326 sit
1085 3272 1178 3340 qui
1221 3272 1332 3326 Deo
1371 3271 1562 3335 credit,
1605 3271 1879 3339 quomodo
1916 3279 1976 3324 ιιι
2018 3271 2102 3326 his
2127 3267 2176 3331 α
2208 3263 2446 3333 speetior
2473 3277 2635 3332 quam
2660 3263 2776 3332 ipse
2797 3260 2994 3329 judex!
3028 3258 3162 3313 Nam
3191 3260 3246 3313 in
3267 3267 3481 3314 tantum
3503 3275 3627 3315 eum
3648 3274 3800 3329 sper-

507 3361 670 3417 rebus
687 3376 824 3430 quas
845 3362 956 3417 Deo
979 3362 1214 3428 dederis,
1237 3377 1455 3417 usurum
1487 3371 1540 3417 te
1565 3377 1685 3417 esse
1716 3371 1838 3431 post
1866 3372 2097 3418 mortem

507 3468 616 3508 non
645 3461 820 3524 putas,
854 3467 1081 3523 quarum
1122 3455 1217 3508 tibi
1256 3470 1364 3510 non
1394 3470 1550 3508 usum
1593 3455 1964 3510 tantummodo
1994 3455 2100 3511 Do-

507 3545 702 3610 minus,
751 3544 846 3599 sed
893 3553 1239 3614 augmentum
1280 3545 1441 3599 etiam
1483 3553 1537 3599 et
1583 3545 2098 3614 superexcellentem

507 3636 780 3692 cumulum
820 3635 1138 3708 pollicetur?
1186 3637 1292 3690 Aut
1337 3635 1476 3692 forte
1505 3638 1751 3708 accipere
1794 3638 1908 3694 haec
1949 3647 2097 3694 tanta

508 3743 618 3784 non
661 3728 781 3782 vis?
808 3726 918 3795 Sed,
943 3728 1046 3784 hoc
1079 3729 1220 3785 ratio
1268 3743 1376 3784 non
1416 3729 1620 3799 patitur
1648 3737 1708 3784 ut
1746 3730 1902 3800 nolis.
1930 3730 2099 3787 Nemo

509 3818 652 3873 enim
682 3826 766 3873 est
793 3818 933 3872 inter
970 3819 1217 3874 homines
1244 3819 1338 3890 qui
1367 3834 1488 3875 cum
1526 3819 1717 3875 beatus
1745 3835 1864 3876 esse
1900 3821 2097 3887 valeat,

509 3909 673 3963 miser
713 3923 834 3964 esse
873 3909 1053 3975 malit;
1087 3925 1248 3966 nemo
1289 3919 1372 3965 est
1410 3910 1503 3978 qui
1542 3926 1666 3965 cum
1704 3911 1904 3965 habere
1933 3913 2101 3979 possit

509 3999 727 4056 delicias
772 4000 965 4056 summi
1015 4001 1163 4065 boni,
1207 4002 1319 4070 pati
1366 4001 1496 4053 velit
1539 3999 1860 4067 supplicium
1903 4001 2098 4054 summi

509 4091 636 4148 mali
662 4110 673 4144 :
698 4091 876 4146 nullus
897 4088 1160 4158 profecto,
1185 4088 1394 4151 nullus;
1419 4095 1473 4140 et
1495 4085 1618 4139 ideo
1640 4101 1739 4139 nec
1762 4094 1819 4138 tu
1841 4084 2055 4153 quidem
2084 4105 2095 4138 :

510 4183 613 4237 nisi
639 4181 778 4236 forte
805 4185 1147 4233 monstruosa
1185 4178 1256 4232 sit
1295 4177 1348 4230 in
1386 4183 1440 4229 te
1482 4175 1660 4243 aliqua
1700 4182 1754 4229 et
1789 4175 2102 4245 discrepans

510 4275 578 4329 ab
607 4275 842 4328 humano
870 4284 1068 4341 genere
1099 4279 1312 4336 natura,
1345 4275 1404 4323 ut
1425 4267 1570 4323 solus
1599 4267 1692 4323 tibi
1719 4262 1935 4337 penitus
1963 4268 2100 4324 bene

511 4379 631 4420 esse
654 4354 812 4431 nolis,
839 4363 987 4420 solus
1012 4361 1400 4417 beatitudinem
1429 4359 1617 4426 fugias,
1649 4359 1796 4414 solus
1827 4361 2100 4436 suppliciis

509 4455 812 4512 delecteris.
844 4453 997 4520 Quod
1038 4453 1082 4508 si
1111 4439 1297 4521 utique
1337 4466 1445 4505 non
1476 4461 1576 4514 est,
1607 4449 1734 4520 quid
1763 4465 1892 4520 ergo
1926 4468 2101 4508 causa:

509 4555 593 4603 est
630 4555 690 4600 ut
716 4563 824 4601 non
851 4545 937 4598 vel
966 4543 1203 4597 moriens
1227 4550 1283 4598 et
1322 4543 1375 4596 in
1402 4541 1600 4597 ultimis
1628 4542 1780 4608 situs,
1822 4543 1875 4597 id
1908 4545 2097 4599 saltem

2209 3355 2309 3417 nis,
2334 3355 2388 3407 in
2410 3361 2618 3407 tantum
2647 3351 2899 3421 despicis,
2931 3358 2990 3404 ut
3028 3364 3130 3405 nec
3154 3349 3366 3405 tibimet
3394 3350 3497 3420 ipsi
3525 3350 3794 3416 consulas,

2205 3444 2496 3499 dummodo
2527 3443 2644 3512 ejus
2679 3441 2824 3511 jussa
2867 3450 3203 3496 contemnas.
3237 3441 3345 3495 Aut
3381 3440 3568 3497 refelle
3604 3458 3709 3507 me,
3739 3451 3797 3497 et

2179 3526 2482 3608 'convince,
2514 3537 2560 3590 si
2588 3536 2840 3590 mentior.
2873 3532 3086 3588 Clamat
3113 3533 3209 3587 tibi
3238 3549 3366 3589 ecce
3402 3535 3655 3590 morienti
3685 3535 3799 3606 ipse

2204 3630 2298 3702 qui
2329 3637 2381 3684 te
2415 3628 2756 3698 judicaturus
2800 3634 2884 3681 est
2907 3626 3074 3695 judex
3104 3635 3247 3691 tuus,
3271 3641 3342 3680 ne
3371 3625 3537 3680 ullum
3578 3627 3797 3683 omnino

2204 3721 2486 3776 hominum
2523 3721 2576 3774 in
2611 3717 2968 3789 prorogandis
3005 3718 3165 3772 rebus
3205 3732 3269 3772 ac
3307 3718 3651 3773 facultatibus
3692 3719 3801 3775 tuis

2205 3814 2326 3883 plus
2354 3828 2518 3883 quam
2539 3819 2592 3866 te
2613 3826 2778 3873 ames,
2807 3825 2876 3863 ne
2902 3809 2996 3862 ulli
3023 3809 3092 3863 de
3121 3810 3423 3864 substantia
3444 3819 3538 3865 tua
3563 3811 3797 3866 moriens

2205 3905 2376 3971 magis
2395 3917 2554 3972 quam
2579 3902 2674 3954 tibi
2702 3900 2967 3964 consulas,
2994 3900 3201 3954 nullum
3230 3901 3330 3956 tibi
3356 3903 3532 3956 anima
3562 3911 3652 3957 tua
3671 3918 3800 3975 pro-

2203 3993 2562 4063 pinquiorem,
2613 3990 2819 4044 nullum
2858 3989 3068 4058 judices
3113 3991 3439 4047 chariorem.
3489 3991 3626 4058 Quid
3661 3995 3800 4047 enim

2204 4084 2453 4155 proderit,
2485 4083 2658 4151 inquit
2687 4081 2955 4146 Salvator,
2989 4083 3185 4137 homini
3215 4087 3261 4138 si
3302 4085 3526 4140 lucretur
3551 4086 3806 4140 mundum

2205 4181 2388 4241 totum,
2419 4185 2468 4230 et
2505 4175 2868 4230 detrimentum
2912 4179 3074 4249 faciat
3111 4180 3304 4232 anima:
3345 4181 3488 4235 suae?
3523 4191 3614 4235 aut
3648 4199 3802 4254 quam

2205 4267 2349 4322 dabit
2398 4267 2550 4320 homo
2597 4269 3054 4321 commutationem
3093 4286 3187 4339 pro
3229 4271 3409 4324 anima
3450 4289 3545 4324 sua
3584 4272 3797 4344 (Matth.

2204 4379 2312 4427 xiv,
2344 4359 2478 4432 26)?
2507 4359 2622 4414 Hoc
2650 4368 2734 4415 est
2761 4359 2942 4414 dicere
2977 4378 2988 4411 :
3022 4359 3159 4426 Quid
3198 4361 3316 4425 tibi,
3363 4378 3397 4417 o
3434 4363 3800 4420 infelicissime

2204 4456 2388 4519 homo,
2419 4452 2662 4524 proderit
2689 4453 2734 4507 si
2764 4458 2981 4507 omnem
3010 4451 3267 4507 mundum
3297 4461 3392 4508 aut
3420 4454 3534 4524 ipse
3574 4456 3798 4524 habeas,

2205 4557 2299 4604 aut
2325 4549 2431 4604 tuis
2476 4547 2737 4618 proximis
2775 4545 3070 4615 relinquas,
3109 4545 3156 4599 si
3187 4545 3376 4600 salutis
3404 4553 3569 4616 atque
3611 4548 3803 4603 anima:

509 4651 772 4710 supremae
793 4633 1082 4690 oblationis
1096 4633 1276 4690 ollicio
1295 4641 1352 4689 et
1370 4633 1518 4689 omni
1539 4650 1720 4690 rerum
1749 4641 1958 4692 tuarum
1989 4654 2106 4694 am-
2131 4642 2187 4703 D
2211 4639 2534 4696 detrimenta
2562 4623 2821 4708 patiarig?
2837 4635 3044 4689 Damna
3072 4635 3217 4690 enim
3240 4636 3434 4691 animae
3455 4644 3629 4692 totum
3659 4639 3805 4709 peni-

513 4727 628 4785 bitu
654 4741 782 4796 agas
806 4732 883 4788 ut,
905 4725 952 4780 si
972 4725 1166 4780 mereri
1191 4741 1222 4780 a
1243 4725 1356 4782 Deo
1381 4733 1557 4798 potes,
1582 4725 1822 4798 locuples
1849 4730 2012 4802 276
2039 4747 2103 4788 ac

512 4820 704 4877 beatus
727 4817 832 4884 sis;
865 4817 948 4872 sin
964 4825 1147 4872 autem
1168 4817 1221 4873 id
1251 4833 1357 4873 non
1373 4825 1548 4889 potes,
1572 4828 1719 4874 certe
1734 4818 1760 4856 ά
1779 4821 1862 4876 vel
1881 4837 1980 4892 pro
2001 4823 2106 4881 hoc

512 4909 772 4966 merearis
794 4917 852 4966 ut
872 4908 1037 4964 miser
1056 4924 1162 4964 non
1191 4910 1286 4976 sis,
1303 4917 1451 4966 certe
1479 4924 1588 4964 non
1608 4911 1804 4975 uraris,
1821 4921 1977 4988 certe
1997 4929 2105 4970 non

2213 4740 2300 4787 tus
2341 4743 2524 4786 secum
2576 4728 2856 4792 auferunt;
2898 4742 2998 4782 nec
3033 4725 3326 4798 quidquam
3369 4728 3536 4784 homo
3581 4731 3802 4785 omnino

2213 4823 2413 4878 habere
2450 4819 2652 4891 poterit
2691 4818 2784 4889 qui
2823 4818 3057 4888 seipsum
3082 4817 3278 4874 damno
3307 4819 3500 4874 anima:
3527 4823 3804 4891 pereuntis

2213 4915 2444 4972 amittat.
2487 4911 2589 4965 Aut
2615 4927 2788 4982 quam,
2820 4910 3014 4981 inquit,
3045 4909 3196 4964 homo
3225 4913 3678 4966 commutationem
3709 4912 3806 4966 da-

514 5004 838 5074 torquearis,
861 5009 1008 5060 certe
1029 5003 1268 5058 tenebris
1287 5002 1646 5058 exterioribus
1659 5018 1768 5058 non
1789 5013 1811 5041 θ
1827 5004 2104 5074 injiciaris,
2214 5009 2287 5063 bit
2314 5025 2406 5080 pro
2436 5005 2613 5059 anima
2639 5005 2770 5059 sua?
2797 5003 2914 5059 Hoc
2942 5010 3026 5058 est
3053 5003 3234 5059 dicere
3267 5021 3280 5056 :
3314 5003 3434 5060 Non
3460 5005 3738 5076 respicias,
3777 5024 3812 5064 o

514 5103 570 5151 et
596 5095 908 5152 ardentibus
931 5095 1048 5151 sine
1071 5093 1177 5149 line
1201 5092 1431 5150 flammis
1458 5111 1568 5150 non
1591 5094 1951 5165 decoquaris?
1979 5100 2109 5167 Quae
2216 5103 2401 5167 homo,
2441 5097 2744 5171 pecuniam,
2794 5112 2903 5152 non
2944 5097 3374 5167 possessionem;
3421 5113 3524 5154 nec
3567 5098 3809 5164 dubites,

516 5203 640 5248 cum
668 5187 743 5243 ita
769 5189 899 5254 sint,
938 5186 1066 5260 quid
1092 5200 1242 5256 ergo,
1273 5194 1334 5242 ut
1359 5186 1489 5254 dixi,
1531 5203 1709 5244 causas
1735 5197 1837 5257 est,
1867 5190 1887 5230 ι
1914 5201 1974 5246 ut
2001 5211 2108 5250 non
2217 5195 2409 5250 saltem
2437 5191 2694 5258 moriens,
2719 5205 2818 5262 pro
2847 5204 2943 5261 spe
2969 5196 3084 5254 tua,
3114 5197 3374 5260 quantum
3395 5199 3570 5263 potes,
3601 5192 3682 5249 rei
3712 5201 3813 5250 tua:

1715 5301 2056 5375 STEBHANI
2095 5280 2369 5362 BALUZII
2407 5303 2638 5360 NOTAE.

593 5428 619 5456 ι
652 5417 734 5492 ita
762 5417 884 5473 libri
902 5421 1134 5473 veteres.
1157 5415 1218 5471 In
1239 5415 1566 5473 editionibus
1595 5418 1725 5473 vero
1747 5417 2005 5487 scriptum
2028 5429 2112 5476 est
2211 5421 2475 5492 judicium
2496 5393 2599 5475 viri
2621 5418 2936 5492 doctissimi.

523 5489 812 5560 dominicis.
955 5555 1009 5560 __
1039 5558 1049 5560 4
1219 5558 1232 5560 _
1395 5559 1404 5560 ί
2214 5489 2228 5492 ⁷
2288 5491 2314 5530 ά
2356 5492 2480 5547 Haec
2512 5491 2706 5545 desunt
2732 5491 2787 5544 in
2813 5490 3048 5560 antiquis
3067 5491 3363 5549 codicibus.

596 5561 620 5599 b
662 5558 928 5614 Admonet
955 5555 1192 5613 Pithmus
1218 5558 1504 5628 legendum
1544 5576 1664 5620 esse
1701 5561 1975 5631 superflua:
2003 5562 2110 5616 lar~
2294 5573 2316 5600 ε
2358 5563 2582 5617 Veteres
2603 5561 2742 5626 libri,
2774 5555 3015 5616 eneceris.

526 5631 720 5708 gitatis.
859 5699 873 5708 -
978 5699 992 5708 _
1284 5702 1294 5708 _
1463 5703 1475 5708 _
1691 5704 1702 5708 Δ
1809 5701 1842 5708 __
2038 5702 2048 5708 _
2296 5632 2314 5670 τ
2348 5631 2475 5708 llazc
2494 5631 2674 5708 verba,
2706 5648 2877 5708 usque
2896 5633 2968 5708 ad
2992 5635 3100 5702 illa,
3129 5635 3265 5708 quod
3285 5635 3393 5692 hare
3417 5653 3526 5693 non
3551 5638 3685 5708 agis,
3712 5637 3807 5694 de-

600 5717 621 5740 c
663 5702 835 5772 Antea
859 5699 1138 5772 legebatur
1157 5702 1343 5769 magis,
1376 5711 1434 5756 ut
1462 5703 1514 5758 in
1537 5704 1704 5758 veleri
1726 5701 1910 5772 codice
1939 5702 2106 5772 regio.

528 5772 636 5844 Sed
681 5772 804 5844 quia
826 5771 880 5844 in
900 5770 1122 5844 reliquis
1149 5773 1406 5844 scriptum
1434 5781 1517 5828 est
1540 5775 1762 5844 magnis,
1787 5780 1842 5826 et
1860 5770 2111 5844 Pithoeus

529 5841 808 5900 admonuit
849 5842 969 5899 istic
1012 5842 1086 5898 ita
1126 5842 1497 5914 reponendum
1538 5841 1677 5907 esse,
1721 5843 1873 5914 sequi
1911 5844 2113 5914 placuit

2220 5703 2426 5776 s_unt_in
2458 5703 2693 5776 antiquis
2737 5703 3032 5769 codicibus,
3076 5703 3169 5776 qui
3214 5707 3292 5762 sic
3337 5709 3560 5764 omnino
3585 5703 3805 5776 babent,

2222 5773 2360 5840 Quid
2379 5791 2521 5846 ergo,
2550 5782 2607 5828 ut
2635 5774 2766 5840 dixi,
2789 5791 2959 5832 causes
2986 5788 3062 5832 est
3093 5773 3233 5850 quod
3262 5778 3371 5833 hac
3411 5795 3516 5836 non
3544 5781 3694 5851 agis?
