4246 6264
411 249 523 342 es

1527 286 1886 345 snvnnsus
1924 279 2305 347 ΑνΑιιιτιΑιι
2344 291 2470 348 un.
2495 292 2600 368 ,ιιι

3607 292 3713 358 ἥδ

404 417 474 457 ac
500 399 777 456 facultatis
803 398 1018 456 otl‘erre.
1050 397 1454 470 Quidquidlibet
1479 401 1622 456 enim
1656 401 1873 457 dederis
1911 417 2011 472 pro
2038 409 2090 467 Α
2119 412 2206 456 tur
2234 419 2492 460 numerus
2528 403 2985 475 propinquorum!
3021 400 3122 462 nisi
3161 406 3308 477 quod
3337 409 3450 464 scio
3478 426 3540 467 ac
3581 417 3714 471 satis
3765 391 3778 403 ⁸

405 501 488 558 te,
519 491 630 546 vile
671 500 789 559 est;
818 491 1075 562 quidquid
1116 507 1215 562 pro
1246 501 1299 547 te
1337 491 1620 558 obtuleris,
1666 493 1820 562 parvi
1849 493 2010 564 pretii

409 593 503 639 est
527 602 539 637 :
573 585 701 654 quia
727 585 904 640 anima
926 592 1016 638 tua
1037 584 1093 638 in
1123 584 1364 638 omnium
1395 598 1576 638 rerum
1597 585 2008 654 comparatione

409 679 727 751 pretiosior.
757 677 825 733 Et
847 677 979 733 ideo
997 677 1132 732 nihil
1165 677 1380 733 dubites
1407 693 1506 748 pro
1533 686 1587 732 te
1607 677 1739 733 dare
1770 696 1783 732 :
1809 679 1936 747 quia
1965 679 2012 733 si

409 780 472 828 te
503 772 766 839 amiseris,
796 772 976 828 omnia
1004 771 1058 826 in
1079 779 1135 827 te
1162 770 1347 842 perdis
1377 789 1392 824 :
1424 771 1469 826 si
1490 779 1673 827 autem
1713 780 1768 827 te
1795 771 2012 827 lucrife-

409 865 582 931 eeris,
613 873 787 922 tecum
814 871 868 920 et
895 865 952 918 in
982 873 1035 919 te
1064 863 1246 919 omnia
1267 864 1589 934 possidebis.

490 954 631 1009 XIX.
664 954 798 1009 Cum
844 954 960 1010 haec
1007 940 1138 1024 ergo
1179 956 1275 1010 tibi
1313 955 1427 1025 jam
1468 955 1744 1021 morienti,
1786 970 1821 1011 ο
1847 955 2013 1012 homo

403 1046 663 1118 quisquis
691 1062 770 1110 es,
803 1045 1068 1102 Dominus
1088 1054 1215 1103 tuus
1243 1046 1459 1113 clamet,
1491 1055 1550 1101 tu
1578 1054 1819 1102 mentem
1846 1046 2015 1102 obdu-

405 1155 522 1205 ras,
550 1147 606 1194 tu
637 1154 823 1194 aurem
873 1139 1142 1206 obstruis;
1186 1149 1242 1195 et
1269 1140 1428 1195 nudis
1468 1140 1810 1196 sermonibus
1855 1124 2014 1195 ﬁdem

405 1248 679 1300 asserens,
714 1233 968 1290 su'flicere
996 1235 1094 1289 tibi
1122 1243 1282 1305 putas
1307 1235 1472 1290 verba
1498 1250 1602 1305 pro
1631 1234 1809 1299 rebus,
1836 1249 1900 1288 ac
1929 1249 2016 1288 sa-

406 1325 484 1380 tis
507 1333 560 1379 te
588 1323 807 1381 firmum
845 1328 1012 1398 278
1037 1327 1275 1382 aestimas
1300 1325 1636 1380 credulitatis
1664 1326 1864 1381 habere
1890 1325 2016 1380 sub-

409 1417 630 1480 sidium,
659 1417 708 1471 si
730 1415 921 1484 Deum,
945 1432 1109 1488 quem
1131 1418 1294 1472 rebus
1317 1423 1480 1488 atque
1502 1415 1757 1487 operibus
1786 1415 1891 1470 tuis
1917 1414 2014 1469 de-

413 1510 599 1581 spicis,
619 1510 802 1566 verbis
821 1511 1177 1566 mendacibus
1197 1511 1465 1565 honorare
1485 1508 1737 1564 videaris.
1776 1506 1905 1573 Fili,
1932 1507 2014 1561 in-

416 1611 534 1674 qmt
553 1611 829 1674 Scriptura
861 1611 1072 1667 sancta,
1101 1604 1147 1657 si
1170 1601 1346 1666 habes,
1373 1600 1590 1672 benefac
1612 1609 1795 1664 tecum,
1827 1608 1876 1652 et
1903 1597 2015 1652 Deo

424 1693 580 1752 bonas
609 1697 892 1753 oblationes
905 1696 1038 1766 offer
1067 1693 1256 1766 (Eccli.
1283 1710 1392 1757 xlv,
1427 1692 1538 1762 ll).
1566 1691 1634 1744 Et
1663 1691 1787 1746 alibi
1818 1709 1830 1743 :
1856 1689 2017 1744 Mise-

2113 505 2292 552 certus
2312 514 2450 562 sum,
2471 496 2603 550 nihil
2625 498 2847 553 omnino
2869 493 3012 570 apud
3035 498 3203 554 Deum
3226 509 3352 555 vota
3374 501 3558 558 talium
3581 520 3713 575 pra:-

2111 587 2313 642 valere.
2339 587 2472 641 Nam
2501 588 2685 642 mirari
2713 604 2928 658 possem
2954 590 3094 645 forte
3117 590 3262 661 quod
3290 593 3519 660 viveres,
3548 609 3711 664 quem

2113 679 2251 734 mori
2278 688 2388 746 tam
2417 680 2572 735 multi
2613 681 2798 736 velint.
2839 680 2907 736 Et
2933 691 3158 754 propter
3181 685 3300 750 hos,
3342 685 3584 755 quisquis
3621 687 3712 742 ille
3749 673 3762 702 ⁸

2115 787 2194 836 es,
2227 781 2450 843 propter
2490 773 2591 828 bos
2621 773 2758 828 tales
2799 774 3034 828 animam
3076 783 3222 830 tuam
3251 775 3477 843 deseris,
3509 786 3564 832 et
3592 793 3712 834 cre-

2113 863 2243 920 dere
2273 873 2325 919 te
2342 863 2604 933 judicium
2625 863 2721 919 Dei
2745 863 2898 929 dicis,
2923 881 3044 920 cum
3074 865 3142 920 ad
3172 867 3276 922 hoc
3303 867 3420 936 ejus
3438 867 3588 937 jussa
3617 869 3714 925 de-

2114 957 2312 1026 spicias
2336 965 2392 1011 ut
2411 957 2790 1027 patrimonium
2819 965 2967 1012 tuum
2992 957 3188 1014 talibus
3214 958 3590 1029 derelinquas?
3614 959 3712 1015 Di-

2113 1049 2321 1119 spersit,
2350 1047 2522 1117 inquit
2558 1047 2824 1117 propheta
2861 1048 2928 1103 de
2961 1064 3028 1103 eo
3056 1049 3156 1118 qui
3192 1049 3360 1115 Deum
3389 1051 3589 1118 credit,
3622 1052 3708 1105 di-

2115 1140 2321 1208 spersit,
2351 1138 2492 1191 dedit
2511 1135 2820 1208 pauperibus
2852 1154 2869 1191 :
2894 1138 3104 1208 justitia
3133 1140 3244 1210 ejus
3277 1150 3449 1195 manet
3471 1143 3526 1195 in
3553 1151 3707 1196 aster-

2117 1219 2240 1282 num
2272 1227 2442 1297 (Psal.
2486 1244 2592 1292 cxi,
2625 1228 2701 1297 9).
2743 1227 2850 1283 Sed
2891 1238 2946 1283 et
2991 1227 3242 1285 Salvator
3269 1230 3383 1301 ipse
3411 1231 3479 1287 ad
3520 1247 3710 1288 omnes

2116 1321 2312 1375 divites
2357 1340 2368 1373 :
2412 1320 2647 1387 Vendite,
2682 1322 2873 1390 inquit,
2904 1337 3020 1392 qua:
3045 1323 3339 1393 possidetis,
3363 1334 3412 1378 et
3432 1325 3552 1380 date
3577 1326 3712 1380 elee-

2115 1428 2387 1482 mosynam
2421 1410 2573 1482 (Luc.
2597 1427 2688 1475 xu,
2708 1412 2819 1482 33).
2845 1410 2910 1465 Et
2933 1412 3060 1467 alibi
3087 1430 3098 1465 :
3129 1412 3306 1467 Vende
3327 1430 3443 1486 quia
3463 1413 3636 1482 habes,
3661 1425 3711 1470 et

2118 1500 2188 1554 da
2207 1501 2519 1571 pauperibus
2543 1500 2760 1573 (Matth.
2781 1518 2892 1567 xix,
2908 1501 3024 1573 2i).
3055 1502 3308 1573 Nunquid
3335 1505 3484 1570 dicit,
3503 1508 3711 1575 agnatis

2118 1592 2205 1655 da,
2239 1593 2479 1662 nunquid
2517 1592 2798 1650 afﬁnibus?
2840 1595 2958 1651 Non
2987 1597 3200 1666 utique;
3240 1599 3334 1654 sed
3359 1601 3704 1670 pauperibus,

2118 1685 2213 1740 sed
2261 1687 2464 1754 egenis.
2497 1685 2746 1756 Nunquid
2797 1689 3101 1759 propinquo
3130 1691 3302 1757 diviti,
3347 1694 3586 1763 nunquid
3615 1694 3710 1751 ulli

421 1805 553 1853 rere,
588 1789 784 1858 inquit,
815 1789 1006 1842 anima:
1037 1794 1140 1841 tua:
1178 1783 1288 1856 (Id.
1323 1800 1453 1849 xxx,
1496 1781 1612 1853 24).
1665 1791 1690 1818 ⁸
1720 1780 1854 1835 Vide
1895 1780 2012 1850 pie-
2043 1780 2092 1839 Β
2120 1777 2344 1831 omnino
2369 1776 2574 1831 homini
2602 1781 2958 1848 prmpotenti?
2995 1781 3113 1837 Non
3144 1784 3358 1852 utique;
3404 1785 3500 1841 sed
3542 1802 3708 1857 egen-

422 1890 592 1938 tatem
615 1896 737 1950 erga
765 1889 816 1936 te
843 1880 1053 1936 Domini
1075 1879 1264 1943 nostri,
1290 1877 1413 1932 vide
1433 1891 1598 1946 quam
1617 1874 1924 1930 misericors
1945 1871 2014 1926 sit

313 2032 324 2043 ,
424 1970 683 2026 Dominus
709 1971 850 2026 Deus
878 1978 1080 2035 noster,
1111 1969 1202 2040 qui
1230 1984 1328 2023 nos
1358 1969 1508 2038 ipsos
1536 1982 1638 2036 pro
1670 1965 1825 2020 nobis
1845 1965 2012 2020 mise-

429 2060 717 2118 ricordiam
759 2070 931 2130 rogat.
965 2061 1230 2125 Miserere,
1281 2060 1472 2128 inquit,
1523 2060 1715 2114 anima:
1746 2058 1866 2112 tua}.
1900 2055 2015 2111 lloc

434 2157 520 2205 est
546 2149 723 2204 dicere
748 2168 761 2203 :
783 2149 1039 2206 Miserere
1060 2151 1220 2204 etiam
1249 2158 1306 2204 tu
1335 2150 1475 2218 illius
1503 2149 1656 2219 cujus
1680 2147 1833 2202 vides
1855 2147 2016 2202 mise-

432 2241 648 2295 ratione
675 2256 761 2296 me
801 2240 1005 2310 frangi;
1029 2241 1281 2296 miserere
1309 2241 1447 2296 illius
1476 2241 1694 2295 tandem
1719 2240 1874 2308 cujus
1915 2240 2014 2293 mi-

427 2347 619 2388 sereor
642 2347 740 2402 ego
778 2348 1030 2404 semper;
1074 2334 1324 2388 miserere
1351 2342 1408 2388 tu
1437 2333 1630 2388 animae
1657 2332 1849 2387 saltem
1889 2339 2014 2394 ture,

425 2439 549 2480 cum
579 2425 822 2481 misereri
864 2440 951 2479 me
975 2440 1165 2480 cernas
1190 2425 1398 2480 alienae.
1435 2424 1502 2479 Et
1539 2423 1669 2494 quid
1710 2431 1836 2494 post
1877 2423 2015 2487 hsce,

421 2530 458 2571 o
481 2516 782 2571 miserrime
819 2515 1021 2572 homo?
1061 2532 1180 2571 cum
1212 2516 1354 2572 Deus
1394 2517 1473 2571 sic
1509 2523 1687 2571 tecum
1725 2523 1870 2584 agat,
1906 2529 2014 2568 non

420 2608 742 2679 acquiescis!
762 2618 918 2679 rogat
945 2619 997 2665 te
1024 2620 1082 2664 ut
1113 2611 1186 2663 tui
1208 2609 1536 2674 miserearis,
1551 2617 1608 2663 et
1629 2625 1736 2662 non
1759 2607 1865 2662 vis!
1885 2622 2016 2662 cau-

419 2720 533 2762 sam
564 2713 708 2758 tuam
737 2701 881 2773 apud
913 2711 966 2756 te
997 2703 1127 2770 agit,
1158 2711 1214 2756 et
1235 2700 1264 2740 δ
1297 2717 1327 2755 a
1350 2710 1404 2755 te
1429 2716 1536 2754 non
1567 2699 1896 2754 admittitur!
1930 2699 2014 2753 di-

417 2805 610 2868 gnatur
632 2806 686 2852 te
711 2810 811 2866 pro
835 2804 888 2849 te
915 2801 1125 2865 petere,
1149 2803 1205 2846 et
1228 2808 1258 2846 a
1283 2802 1337 2846 te
1360 2808 1468 2847 non
1489 2800 1674 2861 potest
1693 2791 2010 2862 impetrare!

419 2889 491 2946 Et
510 2891 808 2962 quomodo,
833 2890 1080 2960 quisquis
1101 2904 1182 2954 es,
1202 2904 1237 2943 ο
1256 2888 1558 2944 miserrime
1577 2888 1761 2953 homo,
1793 2901 2018 2954 quomo-

424 2983 498 3038 do
524 2992 579 3037 te
606 2991 798 3052 postea
826 2981 1223 3052 supplicantem
1253 2979 1343 3033 ille
1372 2979 1426 3032 in
1447 2977 1650 3048 judicio
1689 2992 1789 3032 suo
1819 2975 2016 3043 audiet,

427 3089 554 3130 cum
583 3082 641 3129 tu
671 3075 758 3130 hic
786 3088 910 3130 cum
939 3087 1038 3143 pro
1075 3081 1125 3127 te
1159 3079 1437 3142 rogantem
1462 3070 1648 3126 audire
1683 3071 1800 3141 ipse
1825 3069 2014 3124 nolue-

2120 1870 2178 1935 ti,
2204 1869 2299 1924 sed
2329 1870 2497 1940 inopi,
2513 1871 2608 1925 sed
2638 1883 2944 1940 egestuoso.
2967 1885 2991 1910 ο
3010 1874 3076 1929 Et
3104 1885 3268 1932 recte.
3292 1877 3541 1949 Nunquid
3565 1882 3708 1939 enim

2117 1977 2238 2016 cum
2266 1961 2625 2031 locupletibus
2653 1966 2898 2032 cognatis
2923 1967 3026 2022 tuis
3057 1968 3410 2026 substantiam
3433 1981 3578 2028 tuam
3612 1977 3708 2030 dc~

2117 2051 2278 2117 deris,
2306 2052 2515 2120 justitia
2547 2061 2637 2108 tua
2670 2067 2852 2110 manet
2875 2057 2926 2111 in
2957 2062 3260 2115 aeternum?
3289 2071 3383 2116 aut
3409 2079 3532 2118 cum
3569 2065 3708 2120 divi-

2117 2144 2221 2198 tias
2244 2159 2433 2198 eorum
2462 2145 2660 2200 divitiis
2686 2148 2793 2204 tuis
2816 2151 3049 2214 auxeris,
3077 2151 3386 2207 thesaurum
3414 2154 3635 2211 habebis
3656 2158 3708 2212 in

2117 2234 2294 2289 οωιοῖ
2326 2233 2436 2298 V03,
2463 2235 2634 2306 inquit
2657 2239 2940 2310 propheta,
2965 2242 3046 2295 his
3073 2245 3160 2314 qui
3190 2244 3367 2298 dicunt
3393 2245 3541 2300 dulce
3560 2264 3710 2302 ansa-

2116 2344 2253 2393 rum,
2285 2338 2334 2382 et
2363 2346 2598 2383 amarum
2629 2331 2775 2386 dulce
2810 2332 2946 2402 (Isa.
2979 2352 3030 2400 v,
3070 2335 3183 2404 20).
3229 2335 3403 2392 Etiam
3445 2338 3650 2395 laudari
3679 2356 3710 2396 a

2119 2425 2174 2472 te
2203 2418 2337 2472 tales
2365 2419 2465 2473 hos
2495 2419 2634 2475 Deus
2663 2423 2933 2491 prohibet,
2965 2432 3020 2479 et
3044 2433 3098 2480 tu
3126 2426 3301 2483 ditare
3333 2443 3441 2484 non
3472 2430 3668 2484 metuis
3693 2431 3706 2483 !

2119 2509 2235 2564 dari
2265 2509 2346 2564 his
2376 2511 2747 2579 prmdicatoria
2777 2515 2940 2568 verba
2975 2532 3081 2570 non
3113 2517 3244 2582 vult,
3271 2525 3327 2572 et
3349 2523 3408 2572 tu
3436 2519 3599 2574 etiam
3631 2529 3710 2575 ta-

2119 2601 2266 2657 lenta
2307 2603 2548 2672 largiris!
2583 2605 2838 2661 honorari
2869 2606 3035 2663 vitam
3063 2624 3252 2664 eorum
3281 2608 3419 2666 fictis
3446 2614 3710 2668 semani-

2118 2694 2221 2748 bus
2248 2701 2414 2757 vetat,
2462 2703 2516 2750 et
2544 2710 2586 2749 a
2624 2704 2677 2750 te
2699 2697 2958 2752 thesauri
2987 2700 3150 2769 280
3190 2715 3378 2754 eorum
3404 2699 3711 2770 diviti;on

2118 2787 2459 2841 cunulantur
2483 2788 2494 2839 !
2575 2859 2579 2862 ι

2192 2875 2308 2930 XX.
2351 2877 2458 2932 Sed
2487 2879 2690 2935 vereris
2713 2880 2962 2936 videlicet
2998 2884 3176 2940 vultus
3212 2884 3705 2944 circumsidentium

2119 2970 2544 3040 propinquorum
2561 3012 2577 3036 ,
2605 2981 2660 3027 et
2686 2982 2982 3044 praesentes
3007 2986 3170 3048 atque
3196 2979 3504 3036 obsidentes
3533 2981 3708 3038 lectu-

2120 3063 2230 3118 lum
2260 3072 2408 3118 tuum
2437 3067 2634 3121 metuis
2673 3066 2964 3124 oll‘endere.
2999 3068 3085 3125 Ne
3111 3073 3351 3126 metueris
3378 3090 3496 3140 eos,
3539 3074 3712 3144 inquit

426 3166 537 3223 ris?
564 3165 669 3222 Sed
693 3165 944 3222 videlicet
967 3179 1130 3221 causa
1150 3163 1364 3233 grandis
1386 3170 1487 3229 est,
1512 3179 1617 3234 qua
1640 3163 1808 3219 Deum
1829 3163 2016 3219 audire
2043 3153 2090 3216 C
2120 3155 2380 3212 Dominus
2408 3173 2505 3228 per
2524 3160 2865 3230 prophetam,
2896 3177 3057 3234 neque
3076 3180 3263 3234 paveas
3290 3180 3322 3217 a
3351 3166 3487 3236 facie
3511 3177 3708 3235 eorum,

425 3272 536 3314 non
559 3256 750 3328 possis.
772 3254 1138 3313 Circumstant
1163 3255 1306 3310 enim
1339 3263 1390 3310 te
1415 3263 1770 3324 aegrotantem
1799 3256 2012 3324 cognati

421 3358 586 3427 atque
618 3349 795 3419 agnati
821 3349 918 3415 tui,
950 3348 1304 3404 circumstant
1326 3347 1625 3418 locupletes
1651 3345 2014 3402 matresfami-

419 3441 526 3509 li:c,
555 3441 910 3498 circumstant
938 3439 1147 3495 nobiles
1173 3439 1294 3503 viri,
1327 3437 1538 3493 obsidet
1565 3437 1764 3493 lectum
1790 3435 2015 3491 infirmi-

421 3535 547 3592 tatis
593 3542 696 3615 tuze
733 3532 920 3589 sericis
960 3540 1121 3602 atque
1166 3531 1368 3586 auratis
1411 3530 1653 3586 vestibus
1691 3529 2014 3586 circumfusa

419 3626 800 3685 numerositas.
842 3625 888 3680 0
920 3635 1153 3695 quantus
1177 3624 1379 3680 fructus
1406 3624 1725 3680 :eternitatis
1752 3631 1854 3685 est,
1887 3623 2029 3677 tali-.

418 3719 522 3775 bus
551 3719 694 3776 bona
723 3717 941 3789 propria
980 3731 1206 3785 erogare
1235 3715 1521 3771 mendicis!
1553 3714 1720 3784 Digna
1763 3713 2016 3769 videlicet

419 3825 580 3867 causa
601 3820 656 3865 et
681 3808 812 3865 satis
833 3807 981 3876 justa
1002 3815 1106 3874 est,
1131 3814 1188 3860 ut
1211 3815 1266 3860 tu
1288 3806 1480 3860 anima:
1505 3815 1611 3860 tua:
1641 3804 1853 3860 auferas
1869 3803 2014 3873 quod

422 3901 607 3971 egenis
635 3899 833 3954 talibus
860 3897 1224 3967 derelinquas.
1267 3895 1374 3951 Sed
1413 3897 1664 3950 nimirum
1702 3895 2012 3950 misericor-

425 3990 513 4047 dia
543 3991 819 4060 frangcris,
846 3999 903 4044 ct
930 3989 1339 4044 lamentantium
1365 3988 1788 4059 propinquorum
1812 3987 2015 4058 pietate

423 4081 715 4152 superaris.
750 4079 846 4135 Est
873 4089 1020 4135 certa
1048 4081 1206 4136 ratio.
1235 4079 1398 4136 Vides
1422 4081 1621 4151 quippe
1667 4079 2014 4150 opulentissi-

423 4173 498 4228 mi
529 4165 593 4228 ac
631 4170 1045 4243 splendidissimi
1081 4172 1256 4226 cultus
1298 4172 1566 4237 homines,
1603 4183 1624 4210 ο
1658 4171 1754 4225 tibi
1799 4171 2011 4236 anxios,

421 4264 520 4319 tibi
551 4263 762 4330 ﬂentes,
791 4263 929 4318 tristi
949 4263 1095 4317 vultu
1119 4270 1172 4318 ct
1202 4262 1338 4318 festo
1361 4263 1566 4326 habitu,
1588 4263 1920 4332 compositas
1946 4261 2015 4316 ad

417 4353 843 4410 maestitudinem
887 4353 1050 4410 facies
1094 4353 1186 4408 tibi
1226 4361 1582 4414 ostentantes,
1617 4367 1716 4422 per
1755 4351 2014 4418 imagina-

418 4447 555 4501 riam
576 4445 993 4502 sollicitudinem
1015 4460 1165 4499 suam
1187 4453 1429 4500 ementes
1458 4445 1618 4514 279
1642 4441 2012 4496 haereditatem

2118 3251 2362 3319 quoniam
2390 3252 2570 3307 domus
2595 3271 2912 3325 exasperans
2938 3265 3015 3310 est
3045 3254 3260 3327 (Ezech.
3285 3274 3343 3325 ll,
3373 3257 3451 3329 6).
3482 3259 3553 3316 Et
3590 3262 3711 3317 ideo

2119 3351 2176 3397 tu
2199 3343 2360 3398 etiam
2390 3354 2507 3401 esto
2537 3347 2836 3418 intrepidus
2881 3359 2937 3404 et
2984 3361 3258 3408 constans.
3291 3351 3409 3408 Non
3456 3353 3711 3411 formides

2117 3435 2297 3490 vultus
2343 3453 2562 3504 eorum,
2605 3455 2780 3510 neque
2824 3429 3088 3512 frangaris
3135 3445 3340 3500 ambitu
3367 3461 3576 3502 eorum.
3608 3448 3710 3503 De-

2117 3527 2265 3596 spice
2290 3530 2733 3599 concupiscentes
2761 3532 3130 3588 hereditatem
3153 3542 3300 3588 tuam
3332 3544 3386 3589 et
3413 3537 3712 3593 dividentes
3767 3549 3776 3558 '

2113 3616 2226 3686 jam
2254 3619 2394 3672 inter
2421 3635 2479 3674 se
2509 3621 2864 3675 substantiam
2894 3630 3077 3686 tuam;
3109 3623 3202 3690 qui
3232 3638 3339 3676 non
3385 3631 3458 3686 te,
3490 3627 3585 3679 sed
3611 3641 3710 3695 pa-

2119 3708 2430 3762 trimonium
2461 3717 2610 3762 tuum
2658 3709 2917 3774 diligunt,
2963 3711 3128 3764 immo
3168 3712 3261 3779 qui
3298 3713 3594 3781 cupiditate
3623 3732 3710 3770 re-

2117 3813 2237 3852 rum
2265 3805 2477 3854 tuarum
2507 3807 2561 3852 te
2588 3807 2954 3852 exsecrantur.
2989 3799 3122 3852 Nam
3151 3799 3278 3854 dum
3308 3807 3399 3856 tua
3423 3803 3711 3874 impatien~

2120 3899 2203 3944 ter
2225 3889 2438 3954 sitiunt,
2471 3897 2524 3944 te
2563 3887 2826 3954 oderunt;
2872 3888 3320 3959 praesentiamque
3365 3900 3515 3953 tuam
3553 3899 3708 3963 quasi

2118 3983 2366 4038 aemulam
2387 3983 2488 4039 sibi
2508 3993 2564 4038 et
2583 3981 2944 4036 adversariam
2960 3981 3283 4052 judicantes,
3312 3985 3522 4039 obicem
3547 3995 3710 4056 atque

2120 4078 2456 4134 obstaculum
2499 4061 2690 4149 putant
2728 4077 3036 4148 cupiditatis
3073 4093 3182 4133 sum
3220 4094 3338 4136 esse
3377 4080 3523 4150 quod
3550 4082 3707 4138 vivis.

2120 4170 2343 4241 Despice
2362 4185 2492 4239 ergo
2513 4171 2612 4226 hos
2631 4170 2764 4225 tales
2787 4184 2850 4224 ac
2873 4170 3024 4225 nihili
3045 4169 3228 4227 facito.
3244 4171 3360 4228 Non
3383 4180 3437 4227 te
3455 4173 3710 4230 moveant

2123 4261 2144 4300 ί
2173 4263 2536 4316 blandimenta
2563 4278 2750 4317 eorum
2777 4280 2790 4314 :
2816 4278 3021 4317 venena
3064 4264 3160 4318 tibi
3201 4274 3346 4320 sunt.
3377 4266 3496 4322 Non
3539 4269 3710 4338 respi-

2119 4354 2229 4408 cias
2254 4351 2590 4409 adulationes
2638 4367 2824 4408 eorum
2851 4371 2863 4406 :
2889 4353 3052 4421 gladii
3081 4362 3206 4408 sunt
3246 4355 3583 4424 jugulatores
3611 4359 3706 4425 tui,

2063 4468 2080 4477 -
2119 4452 2174 4498 et
2200 4443 2416 4512 quidem
2446 4443 2632 4499 ferreis
2679 4432 2854 4512 atque
2882 4443 3166 4500 hostilibus
3211 4445 3403 4514 gladiis
3441 4447 3708 4503 tetriores.

375 4607 378 4612 ι
420 4545 589 4591 tuam.
614 4533 784 4602 Quem
805 4551 912 4591 non
936 4538 1162 4592 moveat
1191 4543 1340 4591 tanta
1366 4534 1558 4605 pietas,
1581 4548 1742 4602 quem
1765 4549 1870 4588 non
1893 4549 2013 4588 mo-
2042 4536 2243 4599 D-lllos
2271 4537 2414 4592 enim
2442 4537 2688 4592 homines
2732 4528 2912 4592 cuncti
2940 4536 3163 4603 vident;
3194 4537 3328 4594 istos
3358 4538 3554 4594 incauti
3602 4555 3709 4595 non

418 4637 543 4696 veat
569 4627 690 4682 talis
712 4627 898 4695 dolor;
931 4637 1032 4683 aut
1051 4627 1342 4698 quomodo,
1376 4635 1496 4680 cum
1519 4625 1634 4680 haec
1655 4625 1779 4679 talia
1806 4626 2020 4692 videas,
2039 4686 2066 4702 ,ι

2015 4709 2068 4746 ν

413 4735 524 4777 ιιοιι
552 4719 889 4775 obliviscaris
915 4720 1031 4774 tui?
1070 4717 1236 4774 Vides
1265 4719 1408 4773 enim
1452 4726 1693 4772 extortas
1722 4718 2006 4790 lacrymas,

410 4812 665 4868 simulata
693 4812 946 4882 suspiria,
979 4809 1159 4867 fictam
1206 4811 1558 4876 anxietatem,
1590 4827 1698 4877 non
1730 4819 2009 4881 optantem

410 4915 471 4959 ut
500 4905 870 4971 convalescas,
900 4904 996 4961 sed
1039 4912 1442 4975 exspectantem
1484 4904 1699 4973 quando
1737 4905 2007 4960 moriaris.

409 4996 576 5051 Vides
601 4995 809 5052 defixos
836 4996 892 5051 in
919 5005 993 5063 te,
1025 4996 1178 5067 quasi
1201 5003 1513 5052 accusantes
1536 4995 1612 5050 tui
1640 4995 1818 5052 obitus
1839 4995 2007 5050 tardi-

412 5097 602 5154 tatem,
625 5089 870 5170 omnium
894 5089 1094 5145 vultus.
1119 5085 1164 5143 Ο
1190 5087 1458 5144 infelicem
1481 5097 1532 5143 te
1557 5104 1621 5144 ac
1647 5089 2007 5144 miserrimum

411 5180 568 5249 cujus
594 5196 904 5253 supremum
935 5181 1140 5238 exitum
1166 5189 1347 5238 tantus
1373 5180 1644 5237 desiderat
1670 5178 1699 5219 ἀ
1728 5196 1792 5237 ac
1817 5196 2008 5252 preca-

2113 4630 2319 4684 vident.
2354 4629 2452 4694 Illi,
2483 4631 2608 4698 quia
2638 4636 2824 4698 aperte
2844 4629 3091 4695 saeviunt,
3119 4629 3431 4697 evitantur;
3451 4630 3560 4696 isti,
3585 4632 3711 4700 quia

2116 4720 2325 4777 occulte
2355 4719 2693 4783 insidiantur,
2727 4718 2979 4774 occidunt
3004 4737 3015 4772 :
3045 4727 3103 4774 et
3143 4719 3247 4774 hoc
3295 4720 3710 4790 periculosiores

2116 4822 2242 4869 sunt
2268 4829 2333 4868 ac
2356 4828 2497 4868 novo
2530 4809 2758 4867 nocendi
2784 4825 2983 4879 genere
3005 4810 3237 4880 pejores,
3269 4811 3415 4880 quod
3462 4811 3564 4864 illis
3598 4813 3706 4864 fer—
3767 4845 3772 4848 -

2117 4908 2232 4962 reis
2252 4906 2442 4974 gladiis
2468 4921 2629 4960 nemo
2673 4912 2770 4959 est.
2798 4903 3012 4974 penitus
3035 4904 3129 4973 qui
3176 4893 3235 4957 se
3265 4902 3384 4956 laedi
3411 4901 3561 4961 velit,
3594 4901 3709 4954 istis

2117 4999 2276 5057 multi
2295 5015 2354 5054 se
2380 4999 2542 5053 etiam
2572 4996 2744 5054 occidi
2769 4998 2976 5053 volunt.
3007 4997 3152 5051 Nova
3176 5003 3338 5061 atque
3365 4990 3710 5045 inaestimabi-

2117 5088 2183 5145 lis
2229 5087 2356 5143 mali
2406 5087 2620 5144 lethalis
2670 5087 2958 5144 inlecebra.
3008 5084 3117 5138 lllis
3164 5078 3354 5147 gladiis
3400 5078 3709 5148 quicunque

2116 5182 2434 5254 percutitur,
2467 5189 2522 5237 et
2557 5182 2751 5237 timore
2797 5181 3000 5249 pariter
3039 5183 3095 5229 et
3146 5151 3335 5226 dolore
3359 5225 3361 5228 ,
3387 5179 3705 5242 torquetur;

1612 5290 1947 5347 STEPHANI
1986 5292 2259 5349 BALUZH
2298 5293 2527 5348 NOTAE.

485 5394 511 5422 ι
547 5383 674 5442 Ηωο
693 5386 889 5444 absunt
908 5401 940 5442 a
969 5386 1199 5443 vetustis
1225 5385 1524 5442 codicibus.

403 5453 411 5462 ’
481 5453 510 5494 δ
546 5454 615 5528 ξι
642 5457 760 5512 haec
784 5473 1003 5528 quoque
1024 5459 1223 5512 absunt
1251 5473 1280 5511 a
1313 5458 1539 5513 vetustis
1563 5457 1858 5512 codicibus.

463 5537 506 5610 ἐξ
545 5523 943 5610 ltursum'hzec
991 5544 1100 5585 non
1149 5537 1366 5584 exstant
1413 5528 1465 5582 in
1508 5528 1785 5583 codicibus
1811 5543 2004 5582 manu-

405 5605 762 5753 Ἵρὲἒξιιηι
788 5685 1007 5740 quoque
1036 5671 1138 5753 ista
1163 5671 1216 5753 in
1246 5670 1451 5753 eisdem
1479 5670 1774 5753 codicibus.

477 5747 502 5781 ε
544 5736 616 5796 Et
641 5741 759 5798 lucc
777 5736 996 5816 quoque
1017 5743 1215 5798 absunt
1243 5742 1310 5798 ab
1339 5741 1543 5797 eisdem
1571 5741 1864 5796 codicibus.

2194 5385 2210 5424 ῐ
2256 5385 2476 5441 Tacitus
2497 5386 2549 5439 in
2572 5385 2708 5438 libro
2731 5382 2905 5450 primo
2941 5377 3298 5450 Historiarum
3333 5397 3346 5432 :
3400 5377 3703 5448 Blanditic,

2203 5460 2388 5512 simum
2419 5457 2522 5509 veri
2543 5446 2764 5521 affectus
2788 5464 3054 5521 venenum.
3079 5446 3388 5521 Arnulphus
3419 5446 3705 5521 episcopus

2159 5464 2388 5512 ess-imum
2419 5464 2521 5509 veri
2543 5464 2758 5521 affectus
2788 5464 3054 5503 venenum.
3079 5464 3246 5504 amnt
3290 5464 3388 5506 nus
3419 5467 3601 5520 episco
3642 5468 3702 5507 us

2159 5526 2463 5583 exoviensis
2492 5525 2543 5576 in
2574 5519 2801 5592 epistola
2831 5518 2901 5592 ad
2927 5518 3217 5592 llenricum
3251 5464 3298 5576 ῗῐ
3339 5536 3524 5592 regem
3560 5469 3702 5592 etfita

2112 5598 2166 5676 in
2195 5609 2342 5653 tonio
2363 5588 2900 5676 specundo'ns‘picrilegii
2926 5591 3387 5676 Dacherianilpag.
3405 5588 3526 5643 '497
3540 5608 3562 5676 ἑ
3591 5588 3704 5676 ρξε-

2111 5670 2244 5721 liora
2274 5675 2393 5719 sunt
2439 5677 2554 5716 vere
2595 5661 2858 5730 diligentis
2885 5679 3059 5718 severa
3089 5659 3306 5718 consilia
3344 5659 3506 5731 quam
3532 5659 3701 5730 fallas.~

2113 5736 2394 5790 assentatio
2423 5730 2756 5786 blandientis.
3477 5734 3481 5737 ’
