4246 6264
656 276 754 334 315i

1580 274 1638 332 S.
1673 274 1987 333 SALVIANI
2026 271 2490 329 MASSILIENSIS
2526 269 2952 329 PRESBYTER!

3771 279 3810 306 ”
3829 277 3936 339 2Ξῖ

655 397 782 452 licet
806 389 1174 448 muniﬁcentia
1222 391 1475 449 hominis‘
1501 407 1611 448 non
1647 407 1839 462 egere;
1888 402 1944 447 et
1970 391 2091 448 ideo
2116 387 2246 459 quid
2271 393 2328 450 Α
2348 402 2574 444 numero
2612 404 2721 444 non
2768 397 2853 445 est
2899 388 3273 444 universorum
3312 399 3421 444 una
3459 397 3764 486 paupertas.
3797 390 3938 449 Sunt
3988 439 4001 486 .'

652 499 874 542 necesse
901 493 1006 553 est,
1037 485 1234 555 inquit,
1262 486 1330 540 ab
1357 485 1576 541 homine
1629 485 1680 540 ei
1719 486 1996 555 quippiam
2045 484 2240 552 tribui,

651 576 746 647 qui
774 577 890 647 ipse
916 585 1111 633 cuncta
1143 577 1393 633 omnibus
1419 576 1602 632 dedit?
1630 574 1820 632 Utrum
1851 584 2008 645 egeat
2033 575 2254 631 muniti-

651 670 831 724 centia
873 679 1060 726 nostra
1106 657 1365 726 Dominus
1389 685 1460 724 an
1485 683 1594 724 non
1623 676 1797 735 egeat,
1845 675 1938 722 aut
1973 667 2246 737 quomodo

652 759 738 815 vel
767 768 924 828 egeat
941 760 1030 816 vel
1051 775 1160 815 non
1189 768 1362 828 egeat,
1374 758 1487 828 jam
1513 756 1834 814 videbimus.
1859 757 2096 824 Interim,
2118 759 2243 830 quia

577 888 580 890 η
651 850 720 905 ab
747 846 1050 906 eo‘cunctis
1079 851 1273 906 cuncta
1318 851 1562 919 praestari
1589 850 1754 905 etiam
1803 859 1863 906 tu
1910 865 2107 919 negare
2135 867 2243 906 non

653 954 820 996 ausus
847 957 924 1008 es,
957 942 1062 997 hoc
1090 925 1300 1008 dignior
1327 949 1410 996 est
1446 941 1648 1011 absque
1675 942 1840 998 dubio
1867 942 2118 1011 largitate
2146 959 2244 999 no—

655 1040 769 1088 stra
798 1034 926 1104 quia
957 1033 1114 1089 nobis
1140 1033 1256 1102 ipse
1284 1041 1410 1088 ante
1436 1034 1662 1102 largitus
1701 1043 1814 1102 est;
1839 1035 1945 1091 hoc
1966 1035 2165 1104 justius
2191 1037 2242 1091 ei

649 1124 842 1181 ofﬁciis
870 1124 1195 1194 respondere
1221 1133 1509 1192 tentamus,
1531 1141 1641 1196 quo
1669 1126 1944 1183 beneﬂciis
1970 1128 2112 1184 illius
2128 1143 2242 1183 ma-

647 1216 731 1286 gis
780 1216 1012 1286 impares
1041 1231 1242 1272 sumus.
1275 1217 1409 1271 Nam
1455 1225 1510 1272 et
1553 1226 1746 1274 natura
1799 1219 1916 1290 ipsa
1961 1220 2240 1276 hominum

647 1306 1092 1375 consuetudoque
1112 1309 1413 1363 communis
1441 1309 1544 1364 hac
1568 1311 1723 1378 quasi
1745 1310 1986 1379 generali
2013 1320 2240 1368 cunctos

643 1393 766 1463 lege
785 1396 1124 1466 constringit,
1153 1407 1214 1453 ut
1241 1415 1272 1454 a
1318 1400 1513 1471 quibus
1540 1400 1745 1472 aliquid
1780 1402 2118 1459 liberalitatis
2144 1395 2239 1460 acl-

533 1523 540 1536 .
644 1487 905 1556 cepimus,
949 1489 1070 1559 plus
1115 1490 1194 1546 eis
1221 1492 1407 1561 gratia:
1451 1492 1744 1548 debeamus
1776 1511 1791 1548 :
1822 1503 2000 1550 arctat
2039 1497 2238 1568 quippe

643 1592 746 1634 nos
765 1581 924 1651 287
951 1579 1018 1634 ad
1031 1581 1443 1637 retributionem
1462 1581 1574 1638 dati
1598 1591 1820 1654 accepta
1841 1584 2071 1668 largitio.
2098 1585 2238 1642 Ante

598 1701 600 1704 ν
642 1672 970 1726 ωυωθιιίω
990 1687 1055 1727 ac
1073 1673 1497 1729 muniﬁcentiam
1525 1675 1863 1732 liberalitatis
1887 1677 2075 1732 aliena:
2101 1678 2237 1734 liber

2348 483 2493 538 enim
2521 482 2738 552 quidam
2765 483 2960 552 quibus
2985 483 3149 538 etiam
3176 483 3223 538 si
3243 484 3566 539 vestimenta
3585 482 3801 552 desunt,
3833 486 3936 541 ali-

2347 582 2530 628 menta
2555 589 2663 629 non
2683 573 2902 640 desunt;
2925 572 3080 628 multi
3097 580 3223 628 sunt
3242 573 3476 646 hospitio
3498 581 3736 644 egentes,
3769 578 3937 633 vesti-
3998 648 4002 652 ~

2345 664 2448 719 bus
2477 679 2584 720 non
2606 672 2854 734 egentes;
2885 664 3040 719 multi
3065 663 3227 719 domo
3254 671 3519 731 carentes,
3547 664 3643 720 sed
3674 680 3781 720 non
3809 667 3939 722 sub-
3972 673 3994 732 ,⁸

2307 811 2334 840 ο
2346 757 2562 822 stantia;
2582 764 2706 812 sunt
2721 756 2952 825 denique
2966 756 3160 825 quibus
3169 755 3283 839 'etsi
3305 755 3484 811 desint
3505 756 3696 821 multa,
3717 771 3828 812 non
3847 757 3937 814 de-

2304 894 2312 898 .
2346 855 2472 902 sunt
2485 845 2933 903 omnia.Christus
2943 846 3314 924 tantummodo
3328 846 3477 902 solus
3489 855 3592 912 est,
3604 847 3692 910 cui
3706 847 3839 902 nihil
3853 852 3935 904 est

2345 939 2493 1009 quod
2515 940 2571 994 in
2597 940 2744 994 omni
2766 941 3003 996 humano
3028 954 3226 1009 genere
3253 955 3363 994 non
3389 938 3771 999 desit..Nullus
3806 958 3936 998 suo~

2343 1046 2465 1086 rum
2484 1031 2713 1096 exsulat,
2737 1031 2910 1086 nullus
2929 1029 3126 1099 frigore
3145 1045 3209 1086 ac
3227 1030 3468 1085 nuditate
3488 1039 3785 1101 torquetur,
3808 1049 3932 1120 cum
3969 1093 3988 1118 ,

2343 1136 2454 1192 quo
2483 1122 2574 1177 ille
2615 1137 2723 1178 non
2751 1122 2947 1191 algeat.
2981 1119 3139 1176 Solus
3167 1137 3291 1176 cum
3337 1121 3694 1186 esurientibus
3740 1123 3927 1191 esurit,

2343 1215 2492 1270 solus
2519 1229 2643 1271 cum
2669 1213 2976 1270 sitientibus
3003 1213 3133 1268 sitit.
3157 1211 3226 1266 Et
3253 1213 3394 1278 ideo,
3425 1221 3682 1282 quantum
3723 1213 3790 1269 ad
3816 1216 3931 1285 pie-

2342 1313 2510 1361 tatem
2538 1307 2680 1361 illius
2709 1305 2958 1376 pertinet,
2988 1305 3108 1375 plus
3135 1319 3296 1373 qnam
3338 1304 3516 1359 caeteri
3545 1313 3668 1374 eget
3704 1324 3718 1359 :
3755 1308 3930 1363 omnis

2342 1399 2487 1454 enim
2513 1407 2828 1468 egestuosus
2855 1413 2953 1468 pro
2982 1413 3042 1452 se
3069 1405 3278 1451 tantum
3306 1407 3362 1452 et
3387 1396 3442 1450 in
3485 1411 3544 1451 se
3591 1406 3714 1467 eget
3739 1416 3751 1451 :
3782 1399 3930 1455 solus

2340 1490 2711 1546 tantummodo
2739 1487 2985 1545 Christus
3029 1496 3114 1544 est
3138 1488 3232 1558 qui
3258 1489 3312 1543 in
3357 1489 3926 1561 omnium.pauperum

2340 1581 2692 1647 universitate
2718 1581 3004 1636 mendicet.
3029 1579 3098 1634 Et
3127 1597 3249 1636 cum
3277 1581 3394 1637 haec
3420 1582 3494 1636 ita
3520 1585 3646 1648 sint,
3671 1582 3801 1653 quid
3826 1583 3923 1648 ais,

2338 1687 2374 1728 o
2395 1672 2587 1739 homo,
2609 1672 2701 1742 qui
2721 1670 3084 1728 Christianum
3114 1679 3168 1727 te
3188 1687 3307 1728 esse
3324 1672 3477 1739 dicis,
3501 1687 3623 1727 cum
3652 1671 3923 1728 Christum

641 1771 728 1819 est
778 1764 1080 1834 quispiam,
1131 1766 1520 1823 beneﬁciorum
1567 1768 1752 1824 fenore
1797 1786 1908 1826 non
1959 1783 2232 1839 gravatus.
2267 1767 2316 1828 B
2343 1778 2503 1833 egere
2549 1762 2750 1827 videas,
2786 1772 2844 1818 tu
2890 1761 3172 1818 facultates
3199 1770 3319 1818 tuas
3359 1763 3768 1833 quibuscunque
3817 1781 3930 1833 non

641 1851 925 1923 Coguntur
951 1864 1132 1912 autem
1175 1873 1367 1928 omnes
1395 1859 1511 1929 ipsa
1545 1861 1878 1928 conscientia
1923 1878 2018 1916 sua
2047 1862 2114 1916 ad
2143 1879 2231 1919 re-

639 1948 1013 2017 pensationem
1041 1949 1425 2006 vicissitudinis
1446 1992 1462 2017 ,
1511 1961 1796 2023 postquam
1823 1967 1945 2009 esse
1971 1956 2233 2024 coeperint

639 2037 933 2095 debitores.
951 2040 1031 2095 Ita
1051 2055 1182 2111 ergo
1209 2050 1266 2098 et
1289 2043 1401 2099 Deo
1420 2044 1527 2099 hoc
1552 2045 1759 2117 majora
1780 2046 2062 2114 debemus,
2076 2036 2230 2116 quod

641 2129 712 2185 ab
739 2145 807 2186 eo
834 2141 1028 2187 cuncta
1057 2135 1427 2205 percepimus;
1459 2144 1516 2190 et
1540 2135 1646 2191 hoc
1674 2136 2004 2207 respondere
2029 2138 2231 2195 beneﬁ-

637 2219 738 2276 ciis
764 2221 909 2276 illius
959 2224 1140 2279 minus
1166 2239 1474 2295 possumus,
1526 2226 1672 2295 quod
1701 2227 1752 2282 ei
1806 2228 1970 2282 etiam
1998 2229 2043 2284 si
2084 2230 2228 2299 quod

638 2309 897 2371 debemus
911 2313 1191 2370 redhibere
1211 2318 1509 2386 cupiamus,
1527 2324 1711 2373 tamen
1725 2318 1794 2374 de
1809 2336 1908 2375 suo
1932 2319 2222 2377 reddimus.

637 2401 718 2459 Ac
727 2418 826 2472 per
833 2405 936 2460 hoc
948 2413 1054 2463 non
1067 2407 1303 2476 estquod
1313 2408 1529 2478 placere
1539 2410 1639 2466 sibi
1649 2412 1932 2482 quisquam
1945 2413 2228 2482 largitione

634 2508 731 2550 sua
752 2495 965 2551 debeat.
993 2496 1144 2553 Sicut
1170 2513 1264 2554 sua
1293 2515 1402 2554 non
1429 2508 1557 2556 sunt
1575 2511 1767 2557 cuncta
1795 2518 1915 2572 quae
1941 2520 1973 2559 a
1999 2505 2226 2562 Domino

614 2600 735 2647 ,suo
762 2587 974 2658 accipit,
1007 2589 1086 2644 sic
1111 2605 1208 2644 sua
1256 2606 1364 2646 non
1399 2601 1526 2646 sunt
1554 2602 1747 2650 cuncta
1785 2611 1905 2665 quae
1931 2595 2123 2650 reddit.
2157 2596 2226 2651 Et

631 2672 758 2731 ideo
795 2676 1031 2747 perﬁdiae
1060 2680 1279 2751 quidem
1306 2697 1467 2752 poma
1495 2683 1721 2739 debetur
1749 2685 1798 2740 ei
1826 2687 1918 2756 qui
1947 2689 2225 2754 negaverit

630 2766 748 2837 Deo
773 2785 894 2840 quae
923 2779 1051 2826 sunt
1076 2767 1178 2827 sibi
1207 2773 1275 2828 ab
1315 2774 1507 2829 eodem
1553 2777 1926 2844 commodata;
1959 2780 2223 2849 imputare

628 2865 810 2913 autem
838 2860 1177 2929 largitionem
1203 2865 1312 2918 nbn
1331 2871 1513 2934 potest
1539 2866 1631 2936 qui
1653 2867 1944 2923 reddiderit
1971 2877 2217 2941 accepta.

698 2947 788 3004 IV.
820 2950 928 3006 Sed
954 2953 1127 3020 Deus,
1153 2955 1356 3025 inquis,
1388 2973 1498 3012 non
1522 2965 1645 3027 eget
1670 2961 2047 3018 retributione.
2078 2963 2218 3018 Nihil

616 3040 808 3096 minus
833 3055 996 3110 quam
1027 3052 1089 3099 ut
1114 3061 1223 3102 non
1251 3055 1424 3116 egeat.
1458 3047 1577 3104 Non
1608 3058 1732 3120 eget
1759 3052 1904 3107 enim
1924 3051 2077 3121 juxta
2114 3070 2216 3124 po-

2337 1854 2696 1925 indigentibus
2733 1854 3097 1924 derelinquis?
3126 1854 3368 1911 Christus
3395 1872 3602 1927 pauper
3640 1866 3752 1924 est,
3784 1865 3839 1913 et
3867 1865 3923 1918 tu

2335 1961 2469 2015 opes
2495 1945 2718 2000 divitum
2753 1946 3028 2002 cumulas?
3055 1944 3301 2002 Christus
3323 1941 3509 2014 esurit,
3540 1957 3597 2004 et
3625 1957 3678 2003 tu
3708 1948 3923 2004 delicias

2333 2034 2676 2092 afﬂuentibus
2699 2038 2890 2106 paras?
2918 2035 3164 2093 Christus
3190 2039 3352 2093 etiam
3389 2054 3580 2109 aquam
3608 2040 3710 2095 sibi
3737 2039 3924 2114 deesse

2331 2128 2589 2197 queritur,
2615 2139 2670 2182 et
2690 2144 2720 2182 a
2744 2137 2798 2184 te
2817 2130 3094 2200 apothecae
3114 2131 3450 2186 ebriosorum
3472 2131 3593 2186 vino
3614 2132 3920 2208 replentur?

2332 2217 2577 2274 Christus
2607 2234 2788 2274 rerum
2826 2221 3065 2276 omnium
3106 2231 3346 2292 egestate
3384 2222 3684 2290 coniicitur,
3717 2233 3772 2279 et
3798 2240 3829 2279 a
3869 2235 3920 2280 te

2331 2309 2618 2367 luxuriosis
2637 2312 2806 2382 copia:
2825 2316 3289 2382 coaggregantur‘!
3306 2311 3550 2370 Christus
3568 2315 3666 2371 tibi
3687 2331 3786 2386 pro
3810 2333 3919 2371 mu-

2328 2401 2546 2456 neribus
2570 2418 2600 2456 a
2630 2410 2684 2456 te
2703 2402 2844 2456 datis
2864 2403 3085 2472 praemia
3114 2405 3443 2476 sempiterna
3465 2405 3750 2476 promittit,
3782 2415 3839 2462 et
3862 2417 3917 2463 tu

2328 2493 2403 2546 nil
2430 2492 2763 2563 praestaturis
2791 2485 2994 2548 cuncta.
3023 2493 3270 2562 largiris?
3309 2492 3557 2551 Christus
3586 2496 3682 2551 tibi
3720 2506 3777 2552 et
3819 2514 3916 2568 pro

2325 2585 2482 2641 bonis
2500 2586 2642 2641 bona
2663 2587 2987 2641 immortalia
3007 2589 3170 2660 289
3181 2596 3239 2643 et
3257 2604 3354 2658 pro
3374 2590 3532 2645 malis
3551 2592 3693 2646 mala
3713 2598 3917 2647 aeterna

2325 2675 2607 2747 proponit;
2637 2685 2693 2731 et
2719 2685 2778 2731 tu
2822 2691 2923 2732 nec
2968 2677 3122 2732 bonis
3167 2677 3475 2734 ccelestibus
3519 2679 3770 2744 ﬂecteris,
3817 2696 3918 2736 nec

2325 2767 2481 2822 malis
2509 2769 2832 2838 perennibus
2858 2769 3248 2824 commoveris?
3277 2777 3330 2824 et
3349 2771 3572 2826 credere
3600 2780 3653 2826 te
3681 2772 3918 2828 Domino

2322 2865 2418 2914 tuo
2438 2859 2785 2929 'dicis,‘cujus
2810 2874 2912 2916 nec
2942 2861 3428 2936 remunerationem
3477 2862 3781 2930 desideras,
3813 2879 3918 2921 nec

2321 2951 2654 3007 iracundiam
2679 2951 3082 3007 contremiscis?

2393 3039 2458 3097 ν.
2489 3042 2608 3098 Non
2629 3043 2806 3099 credis
2830 3043 3011 3112 igitur,
3034 3044 3173 3100 sicut
3187 3044 3301 3114 jam
3322 3043 3555 3100 diximus
3579 3045 3718 3101 libro
3746 3062 3910 3118 supe-

627 3133 856 3190 tentiam
869 3150 1041 3202 suam,
1059 3137 1461 3208 sedegetjuxta
1475 3143 1890 3212 praeceptionem
1907 3159 2086 3211 suam;
2107 3161 2213 3200 non
2241 3128 2289 3193 C
2319 3133 2486 3200 riore,
2513 3150 2622 3190 non
2651 3134 2854 3202 credis;
2887 3150 2951 3190 ac
2973 3145 2997 3175 ο
3021 3136 3149 3192 licet
3181 3136 3249 3192 de
3277 3151 3663 3193 conversorum
3683 3153 3908 3196 venera-

553 3234 556 3236 ‘
626 3233 751 3294 eget
775 3227 1068 3282 secundum
1087 3229 1427 3298 maiestatem
1447 3237 1620 3298 suam,
1650 3235 1746 3290 sed
1773 3243 1895 3303 eget
1918 3236 2212 3291 secundum

625 3313 800 3384 legem
827 3331 1007 3386 suam;
1039 3327 1095 3374 et
1121 3320 1176 3375 in
1217 3322 1398 3392 seipso
1427 3322 1644 3392 quidem
1671 3341 1781 3380 non
1827 3334 1978 3394 eget,
2020 3326 2114 3381 sed
2157 3329 2213 3383 in

623 3407 807 3462 multis
834 3417 987 3477 eget;
1019 3426 1128 3466 non
1154 3412 1347 3481 quaerit
1383 3414 1440 3468 in
1467 3429 1527 3470 se
1555 3415 1996 3485 munificentiam,
2023 3419 2118 3474 sed
2159 3421 2213 3474 in

621 3500 735 3557 suis
760 3501 980 3569 quierit;
1011 3509 1067 3557 et
1093 3503 1216 3560 ideo
1244 3521 1353 3561 non
1374 3515 1498 3576 eget
1535 3507 1750 3577 quidem
1775 3509 1929 3580 juxta
1959 3512 2210 3584 omnipo-

621 3590 867 3658 tentiam,
899 3591 994 3648 sed
1015 3602 1139 3662 eget
1153 3593 1308 3664 juxta
1338 3597 1792 3694 misericordiam;
1818 3618 1926 3658 non
1948 3611 2071 3674 eget
2098 3605 2213 3661 dei-

621 3688 735 3737 tate
764 3697 862 3752 pro
890 3685 1202 3757 semetipso,
1225 3686 1321 3742 sed
1350 3696 1472 3757 eget
1501 3685 1703 3760 pietate
1728 3708 1829 3764 pro
1872 3695 2046 3751 nobis.
2073 3696 2211 3765 Quid

606 3773 769 3839 enim
797 3774 927 3830 dicit
953 3776 1022 3832 ad
1051 3777 1170 3847 pios
1191 3794 1256 3834 ac
1275 3779 1455 3849 largos
1481 3781 1880 3853 dispensatores
1900 3785 2076 3842 Deus?
2107 3787 2210 3841 Ve-

617 3866 742 3932 nite,
765 3867 1017 3927 benedicti
1046 3868 1225 3926 Patris
1247 3873 1647 3949 mei,.possidete
1667 3892 1880 3945 regnum
1907 3877 2044 3948 quod
2075 3878 2210 3932 vobis

617 3965 856 4028 paratum
876 3968 952 4012 est
976 3977 1009 4011 a
1030 3963 1396 4014 constitutione
1414 3963 1610 4016 mundi.
1639 3963 1842 4017 Esurivi
1871 3967 2028 4030 enim,
2051 3974 2100 4020 et
2123 3967 2212 4021 de-

616 4044 766 4099 distis
804 4047 928 4100 mihi
957 4048 1302 4112 manducare;
1343 4049 1478 4102 sitiui
1498 4089 1513 4113 ,
1557 4058 1607 4103 et
1645 4049 1858 4104 dedistis
1887 4053 2014 4106 mihi
2044 4053 2212 4109 bibere

616 4131 832 4204 (Matth.
852 4151 977 4200 xxv,
1006 4135 1104 4201 54,
1137 4135 1228 4206 55)
1257 4155 1269 4213 ς
1295 4145 1350 4191 et
1387 4138 1574 4213 aliain
1606 4139 1746 4195 hunc
1783 4140 2021 4196 modum.
2048 4142 2113 4198 Et
2141 4134 2236 4200 ne.

615 4221 934 4289 hoccausae
977 4226 1046 4281 de
1089 4241 1194 4296 qua
1239 4244 1383 4284 nunc
1428 4229 1715 4298 loquimur,
1748 4247 1936 4302 parum
1984 4233 2206 4290 forsitan

597 4313 906 4383 videretur,
938 4316 1135 4387 adjecit
1162 4334 1340 4375 rerum
1379 4321 1762 4389 diversitatem,
1798 4325 1974 4381 avaris
2000 4335 2056 4382 et
2085 4327 2205 4383 inti-

613 4405 820 4462 delibus
844 4408 1060 4464 dicens:
1088 4409 1188 4474 Ite,
1215 4411 1496 4477 maledicti,
1520 4415 1576 4467 in
1603 4416 1772 4486 ignem
1782 4426 2035 4494 ueternum
2055 4439 2202 4494 quem

2306 3224 2412 3283 bili
2452 3225 2785 3281 choro‘esse
2831 3225 3068 3282 videaris
3090 3267 3106 3292 ,
3135 3227 3261 3284 licet
3310 3227 3625 3298 religionem
3673 3231 3907 3286 vestibus

2316 3317 2539 3373 simules
2560 3325 2586 3383 ,'
2620 3317 2748 3373 licet
2773 3315 2942 3398 ﬁdem,
2980 3319 3196 3389 cingulo
3226 3335 3440 3377 asseras
3461 3363 3477 3388 ,
3508 3322 3637 3378 licet
3661 3323 3907 3378 sanctita-

2316 3416 2425 3464 tem
2456 3409 2621 3480 pallio
2641 3410 2938 3477 mentiaris,
2972 3425 3080 3466 non
3108 3412 3283 3468 credis
3306 3414 3549 3482 omnino,
3581 3430 3690 3470 non
3710 3415 3902 3472 credis.

2315 3498 2384 3554 Et
2410 3501 2515 3556 hoc
2545 3509 2655 3554 tam
2683 3500 2812 3557 viris
2840 3501 3144 3557 istiusmodi
3177 3503 3350 3573 quam
3378 3503 3592 3560 feminis
3617 3504 3728 3560 dixi
3752 3524 3768 3560 :
3797 3521 3907 3565 non

2314 3593 2561 3648 credunt.
2600 3592 2790 3670 Induat
2815 3593 2917 3652 sibi
2939 3595 3185 3665 quamvis
3211 3595 3437 3665 quilibet
3463 3593 3491 3634 ά
3520 3597 3760 3653 habitum
3789 3613 3906 3653 san-

2313 3687 2389 3742 cti
2417 3685 2650 3743 nominis
2695 3695 2752 3742 et
2794 3686 3008 3742 titulum
3046 3702 3214 3744 sacrae
3240 3688 3518 3758 religionis
3545 3674 3827 3765 inscribatl;
3857 3692 3904 3746 si

2313 3777 2381 3834 de
2427 3777 2726 3833 substantia
2773 3793 2870 3832 sua
2917 3779 3034 3832 aliis
3079 3779 3250 3849 magis
3291 3794 3453 3849 quam
3501 3781 3603 3837 sibi
3631 3775 3901 3849 consulit,

2312 3868 2556 3939 profecto
2585 3885 2692 3924 non
2721 3869 2910 3924 credit.
2953 3867 3123 3925 Nemo
3151 3879 3235 3925 est
3270 3872 3412 3926 enim
3452 3873 3678 3929 credens
3704 3875 3796 3944 qui
3824 3873 3903 3928 fa-

2312 3960 2540 4015 cultates
2585 3973 2710 4014 suas
2755 3960 2875 4014 aliis
2919 3953 3177 4030 prodesse
3212 3963 3364 4017 malit
3389 3977 3551 4032 quam
3579 3965 3710 4031 sibi;
3742 3980 3902 4020 nemo

2311 4059 2395 4106 est
2433 4053 2526 4121 qui
2570 4051 2961 4108 beatitudinem
3006 4053 3126 4108 aliis
3170 4053 3384 4110 miseria
3431 4070 3527 4110 sua
3556 4071 3739 4112 emere
3766 4071 3900 4112 con-

2311 4150 2493 4198 tentus
2521 4145 2622 4211 sit;
2666 4159 2827 4201 nemo
2856 4153 2940 4200 est
2965 4145 3059 4215 qui
3089 4153 3150 4200 ut
3182 4146 3302 4202 aliis
3327 4157 3484 4217 paret
3511 4147 3732 4206 delicias
3754 4157 3894 4205 tem-

2309 4235 2552 4307 porarias
2575 4276 2590 4302 ,
2639 4220 2820 4291 subire
2861 4244 3131 4306 egestates
3180 4237 3365 4308 cupiat
3407 4239 3786 4308 sempiternas.
3824 4237 3896 4294 Et

2308 4327 2432 4384 ideo
2477 4328 2570 4398 qui
2615 4329 2939 4400 patrimonio
2979 4343 3079 4385 suo
3106 4329 3225 4385 aliis
3252 4331 3424 4400 magis
3449 4344 3619 4407 quam
3636 4332 3737 4386 sibi
3766 4346 3898 4388 con-

2307 4421 2470 4489 sulit,
2516 4414 2794 4492 profutura
2841 4423 2943 4478 sibi
2970 4437 3092 4493 quae
3115 4423 3250 4479 ‘Deo
3295 4422 3504 4479 dederit
3527 4425 3746 4480 omnino
3777 4440 3898 4484 esse

613 4499 816 4567 paravit
834 4497 996 4553 Pater
1014 4517 1157 4564 meus
1182 4501 1390 4580 diabolo
1410 4513 1458 4557 et
1483 4505 1682 4576 angelis
1709 4509 1840 4580 ejus.
1869 4513 2029 4583 233
2058 4512 2197 4569 Esu-
2223 4495 2278 4587 Ρ
2302 4530 2411 4571 non
2457 4515 2646 4571 credit.
2691 4516 2845 4572 Dicat
2891 4517 3036 4572 enim
3081 4517 3212 4572 mihi
3259 4518 3484 4588 quilibet
3529 4518 3754 4588 horum,
3800 4523 3897 4576 cu'r

592 4587 708 4658 rivi
731 4590 899 4654 enim,
929 4598 980 4644 et
1007 4608 1113 4646 non
1133 4592 1354 4672 dedistis
1383 4595 1509 4650 mihi
1533 4594 1732 4665 bibere;
1765 4608 1791 4637 ⁸
1820 4601 1990 4656 nudus
2024 4605 2119 4675 fui,
2151 4616 2200 4659 et

609 4696 717 4735 non
740 4683 1019 4752 oper-uiuis
1041 4701 1124 4740 me
1154 4683 1339 4757 (Ibid.,
1364 4686 1575 4763 41545).
1607 4689 1636 4730 δ
1663 4689 1761 4748 Ubi
1789 4707 1918 4764 ergo
1953 4705 2079 4750 sunt
2105 4699 2197 4767 qui

607 4770 796 4828 dicunt
834 4773 1120 4854 Dominum
1146 4777 1326 4834 Iesum
1350 4778 1624 4838 Christum
1665 4783 1844 4841 ollicio
1891 4774 2196 4844 nostrorum

607 4877 894 4920 munerum
934 4883 1044 4924 non
1073 4872 1267 4939 egere?
1297 4871 1435 4930 Ecce
1463 4883 1520 4929 et
1563 4876 1769 4932 esurire
1817 4893 1876 4933 se
1915 4881 2116 4950 pariter
2143 4891 2199 4937 et

606 4955 757 5010 sitire
799 4965 857 5012 et
901 4958 1080 5030 algere
1124 4974 1533 5040 commemorat.
1584 4965 1927 5038 Respondeat
1970 4973 2195 5042 quilibet

603 5043 828 5116 horum,
855 5049 903 5106 si
929 5065 1039 5107 non
1080 5061 1203 5122 eget
1242 5055 1336 5124 qui
1374 5057 1580 5112 esurire
1617 5073 1678 5113 se
1716 5062 1978 5128 queritur,
2009 5064 2056 5123 si
2085 5079 2193 5119 non

604 5134 727 5206 eget
751 5140 846 5208 qui
872 5156 933 5197 se
969 5144 1123 5200 sitire
1168 5153 1413 5202 testatur.
1463 5147 1578 5218 Ego
1619 5151 1739 5220 plus
1782 5152 1923 5208 addo
1951 5154 2153 5225 aliquid
2175 5197 2189 5222 ,

603 5226 876 5286 Christum
913 5249 1021 5291 non
1061 5237 1236 5294 solum
1255 5300 1264 5304 _
1283 5254 1442 5310 egere
1469 5257 1603 5315 [cum
1641 5247 1850 5303 caateris
1872 5288 1888 5312 ,
1938 5247 2057 5302 sed-'-
2075 5250 2195 5319 plus

603 5320 776 5398 multo
801 5335 964 5393 egere
988 5341 1150 5406 quam
1177 5338 1436 5388 caeteros:
1468 5333 1522 5388 in
1551 5334 1698 5389 omni
1719 5337 1864 5390 enim
1893 5351 2191 5407 pauperum
2214 5322 2219 5327 ’

2301 4607 2583 4664 facultates
2629 4622 2758 4662 suas
2805 4606 2924 4662 aliis
2967 4606 3312 4679 derelinquit.
3353 4607 3602 4678 Nunquid
3631 4623 3740 4664 non
3770 4608 3891 4665 ideo

2300 4703 2426 4772 quia
2475 4699 2780 4772 profuturas
2825 4699 2912 4754 cui
2957 4699 3236 4770 reliquerit
3273 4705 3401 4757 esse
3457 4716 3565 4758 non
3616 4702 3886 4772 ambigit?

2299 4794 2426 4850 Ideo
2466 4795 2672 4863 absque
2721 4793 2905 4849 dubio.
2955 4792 3143 4864 Igitur,
3175 4795 3482 4866 quicunque
3510 4795 3600 4851 ille
3627 4812 3719 4863 es,
3750 4797 3797 4852 si
3825 4813 3889 4852 ea

2299 4901 2420 4956 qua:
2449 4884 2538 4939 alii
2565 4884 2826 4956 relinquis
2847 4925 2862 4950 ,
2916 4884 3038 4944 ideo
3085 4886 3345 4958 relinquis
3371 4888 3498 4957 quia
3526 4887 3810 4959 profutura
3839 4891 3888 4945 ei

2304 4978 2390 5032 cui
2418 4976 2700 5047 reliqueris
2746 4985 2926 5033 certus
2959 4993 3049 5044 es;
3095 4979 3176 5034 sic
3208 4980 3453 5049 profecto
3481 4980 3527 5035 si
3555 4995 3890 5050 quaecunque

2298 5068 2562 5137 religiosis
2589 5068 2900 5124 muneribus
2934 5083 3280 5141 prorogasses
3318 5070 3596 5142 profutura
3639 5087 3760 5127 esse
3795 5071 3887 5125 tibi

2299 5159 2567 5227 crederes,
2616 5161 2713 5216 tibi
2755 5160 2958 5228 absque
2997 5159 3161 5216 dubio
3181 5161 3527 5232 peculiariter
3553 5161 3882 5232 deputares:

2298 5253 2424 5322 quia
2451 5259 2654 5323 quanto
2685 5258 2738 5305 te
2764 5249 2885 5320 plus
2911 5263 3058 5303 amas
3081 5265 3243 5319 quam
3272 5266 3368 5306 eos
3389 5251 3587 5320 quibus
3606 5251 3883 5321 relinquis,

2299 5352 2451 5398 tanto
2477 5342 2646 5410 magis
2673 5341 2771 5397 tibi
2797 5339 3130 5408 relinqueres
3171 5341 3218 5396 si
3255 5341 3538 5412 profutura
3574 5356 3641 5397 ea
3677 5341 3884 5398 tibimet

1708 5473 1712 5484 ν
1789 5450 2128 5509 STEPHANI
2166 5455 2441 5541 BALUZII
2478 5448 2736 5512 NOTAE.

675 5543 704 5614 ξ
743 5533 883 5614 Haec
896 5541 1016 5614 non
1033 5549 1246 5614 exstant
1259 5544 1326 5614 in
1356 5545 1590 5614 antiquis
1612 5543 1905 5600 codicibus.

674 5602 921 5689 {Edixin
960 5607 1324 5689 Pithtni_:_Ubi
1372 5602 1503 5689 sunt.
1545 5632 1667 5689 ergo
1693 5615 1772 5671 illi
1801 5615 1931 5689 qui?
1963 5617 2186 5680 Veteres

603 5675 728 5750 ωιτί
753 5695 766 5732 :
801 5677 901 5735 Ubi
928 5693 1047 5737 sunt
1073 5687 1158 5744 qui
1187 5685 1403 5741 dicunt?
1425 5695 1541 5759 etc.

2369 5563 2394 5624 ς
2433 5549 2640 5624 {absunt
2659 5549 2774 5604 haec
2795 5532 2837 5624 'a_
2861 5549 3137 5624 codicibus
3159 5553 3412 5624 antiquis.

2364 5618 2390 5659 ἀ
2433 5619 2565 5677 Vide
2589 5628 2746 5678 notas
2774 5621 2842 5678 ad
2859 5635 2984 5694 pag.
3009 5621 3076 5678 70
3099 5631 3157 5680 et
3179 5618 3304 5679 2812
