4246 6264
1437 311 1797 366 ADVERSUS
1837 313 2213 366 AVAlilTIAM
2257 311 2381 366 LIB.
2426 312 2510 366 ιγ.

3517 315 3624 372 3M

327 423 417 478 vel
449 423 606 479 tenui
640 425 986 495 opiniuncula
1011 423 1299 492 judicarcs.
1343 424 1458 480 Non
1489 427 1632 479 enim
1664 435 1716 479 te
1747 426 1925 484 odisti.
1961 437 2004 491 Α
2035 442 2247 494 quoque
2280 428 2360 480 his
2397 427 2727 495 voluptatum
2768 428 3007 480 omnium
3049 429 3342 496 pl'ufpul‘avi
3369 445 3382 480 :
3413 428 3618 482 disten-

326 524 392 572 ut
443 518 713 586 prodesse
765 519 857 572 tibi
907 518 1068 582 nolis;
1108 517 1202 572 sed
1232 533 1351 586 qua:
1381 519 1706 588 pauperibus
1735 519 1931 573 dereli-

326 609 554 679 queris,
608 609 886 681 profutura
935 611 1028 664 tibi
1072 626 1189 665 esse
1238 627 1343 664 non
1386 613 1586 676 credis;
1619 623 1673 669 et
1701 613 1824 668 inde
1853 623 1936 667 est

325 699 482 768 quod
515 701 640 754 aliis
671 703 842 769 magis
888 718 1047 769 quam
1097 702 1190 755 tibi
1237 703 1504 766 consulis,
1535 704 1660 771 quia
1692 701 1934 773 profutu-

326 805 454 844 rum
489 790 585 844 tibi
617 806 760 861 Opus
789 793 1095 860 religiosum
1126 808 1245 848 esse
1274 795 1436 865 290
1464 810 1571 848 non
1601 797 1793 849 credis.
1823 795 1935 850 Sic-

325 889 388 936 ut
429 883 612 938 credis
653 885 870 953 itaque,
915 885 992 939 sic
1033 886 1278 955 recipies.
1324 885 1404 938 Tu
1442 884 1776 941 Salvatorem
1807 903 1932 956 per-

320 975 726 1044 parvipendis,
789 985 843 1030 et
892 985 944 1031 te
1006 977 1256 1032 Salvator
1303 978 1473 1031 nihili:
1533 978 1612 1032 Tu
1659 979 1932 1034 Christum

321 1069 612 1136 postponis
642 1069 791 1133 aliis,
815 1078 870 1123 et
900 1078 951 1124 te
981 1070 1233 1123 omnibus
1260 1067 1520 1124 Christus.
1547 1060 1681 1124 'Tibi
1703 1071 1753 1123 in
1784 1087 1933 1125 com-

327 1160 614 1231 paratione
669 1161 840 1215 etiam
892 1161 1172 1215 hominum
1203 1160 1534 1230 perditorum
1565 1161 1684 1215 vilis
1712 1168 1795 1215 est
1823 1161 1931 1215 Do-

287 1293 306 1305 .
324 1253 503 1307 minus
527 1291 542 1316 ,
599 1261 660 1307 et
716 1261 775 1307 tu
816 1253 925 1307 eris
954 1253 1097 1306 inter
1125 1251 1486 1322 periturorum
1519 1252 1735 1306 ultimos
1763 1252 1930 1322 depu-

328 1342 542 1397 tandus.

397 1435 485 1490 VI.
530 1434 642 1491 Sed
695 1437 959 1492 blandiris
1009 1437 1106 1491 tibi
1134 1435 1356 1491 forsitan
1379 1477 1396 1502 ,
1425 1444 1485 1491 ut
1507 1437 1617 1506 jam
1649 1446 1773 1491 ante
1800 1437 1930 1503 dixi,

333 1527 512 1597 aliquo
551 1530 828 1598 religiosa:
871 1530 1225 1600 professionis
1255 1531 1467 1585 intuitu.
1509 1530 1675 1599 Magis
1699 1547 1757 1586 es
1784 1530 1934 1585 debi-

333 1627 451 1686 tor,
481 1611 610 1690 quia
652 1624 937 1694 proposito
967 1623 1266 1678 sanctitatis
1300 1623 1504 1692 majora
1553 1623 1848 1693 promittis;
1879 1631 1934 1678 et

340 1709 461 1764 ideo
505 1713 627 1782 plus
676 1714 933 1770 tolerabis
981 1714 1258 1784 supplicii,
1313 1716 1435 1784 quia
1484 1715 1659 1769 minus
1707 1715 1933 1769 solveris

2039 517 2238 570 duntur
2289 517 2492 571 deliciis
2538 533 2566 570 a
2619 533 2702 570 me
2733 517 2953 572 relictis.
3012 516 3154 586 Ergo
3182 518 3273 572 diu
3302 518 3534 573 abstinui
3559 527 3621 574 ut

2038 622 2181 661 nunc
2209 607 2282 660 illi
2314 607 2671 660 ebriarentur.
2713 606 2941 678 Crapula
2978 618 3059 663 est
3095 609 3308 664 illorum
3337 607 3616 677 frugalitas

2039 713 2178 752 mea.
2219 697 2418 752 Natant
2455 699 2803 754 tricliniorum
2854 700 3261 755 redundantium
3309 701 3616 771 pavimenta

2036 789 2191 853 vino;
2226 787 2427 843 falerno
2459 790 2622 844 nobili
2654 790 2820 843 lutum
2850 789 3075 857 faciunt;
3115 807 3310 846 mensa:
3338 807 3525 846 eorum
3555 807 3618 848 ac

2039 887 2338 934 toremnata
2365 898 2531 937 .mero
2566 881 2765 950 jugiter
2805 883 3039 948 madent,
3090 899 3304 953 semper
3332 883 3434 938 uda
3463 892 3610 938 sunt.

2037 969 2334 1025 Luxuriant
2350 972 2398 1025 in
2417 973 2804 1042 peristromatis
2820 988 2938 1041 qum
2956 988 3054 1041 ego
3072 973 3193 1038 feci,
3218 973 3547 1028 fornicamur
3563 975 3616 1028 in

2035 1063 2222 1117 sericis
2248 1079 2366 1134 qua:
2397 1064 2607 1132 reliqui.
2649 1062 2716 1116 Et
2743 1078 2864 1117 cum
2905 1064 3017 1118 haec
3053 1065 3230 1118 omnia
3260 1080 3358 1134 pro
3389 1075 3443 1120 te
3470 1066 3618 1120 dixe-

2035 1153 2130 1226 ris,
2161 1155 2434 1223 quomodo
2464 1171 2570 1209 non
2615 1162 2870 1209 aeternam
2909 1172 2938 1208 a
2981 1153 3192 1209 Christo
3229 1156 3618 1210 remuneratio-

2036 1261 2159 1300 nem
2191 1249 2384 1302 mereri
2413 1250 2646 1318 poteris,
2687 1248 2773 1303 cui
2816 1249 2868 1302 in
2901 1249 3094 1302 talibus
3124 1251 3321 1303 sanctis
3350 1259 3618 1305 tantarum

2037 1338 2347 1394 deliciarum
2377 1341 2587 1408 copiam
2617 1340 2967 1410 prmpararis?

2108 1430 2217 1485 VII.
2260 1429 2304 1485 Ο
2331 1440 2533 1499 quanto
2567 1431 2787 1496 melius,
2829 1446 3161 1500 quiecunque
3190 1431 3276 1485 illa
3309 1447 3384 1497 es,
3413 1439 3617 1500 quanto

2035 1521 2228 1576 melius
2257 1530 2310 1575 et
2338 1521 2604 1575 salubrius
2632 1537 2834 1592 pauper
2863 1520 3039 1577 fueras
3068 1531 3122 1577 et
3147 1531 3428 1591 egestuosa
3455 1537 3614 1590 quam

2037 1611 2215 1666 dives!
2269 1609 2564 1682 Paupertas
2605 1613 2746 1666 enim
2789 1622 2842 1668 te
2870 1613 2982 1667 Deo
3010 1615 3284 1668 insinuare
3314 1615 3613 1682 potuisset;

2035 1701 2232 1756 divitize
2276 1720 2424 1758 ream
2474 1720 2592 1759 esse
2632 1704 2890 1760 fecerunt.
2953 1705 3168 1760 Rectius
3197 1721 3326 1775 ergo
3354 1722 3450 1776 per
3479 1707 3616 1762 indi-

342 1804 667 1871 sponsionis.
713 1815 737 1842 λ
769 1805 960 1860 Servus
981 1807 1138 1870 enim,
1173 1805 1346 1874 inquit
1375 1822 1552 1860 sermo
1582 1806 1812 1884 divinus,
1844 1806 1931 1873 qui
1966 1813 2010 1872 Β
2037 1797 2273 1863 gentiam
2321 1796 2466 1849 salva
2515 1796 2722 1862 meras,
2773 1812 2930 1865 quam
2974 1814 3070 1866 ρετ
3098 1813 3228 1867 Opes
3259 1806 3375 1851 W35
3401 1805 3456 1852 ει
3484 1805 3537 1852 ιθ
3565 1806 3616 1853 εί

349 1895 512 1946 nescit
539 1895 841 1950 voluntatem
869 1898 1071 1950 domini
1095 1897 1195 1962 sui,
1241 1907 1290 1950 et
1318 1914 1421 1950 non
1443 1895 1570 1968 faeit
1607 1914 1740 1959 eum,
1769 1914 1931 1967 vapu-

352 1979 478 2034 labit
504 1987 710 2052 paucis;
740 1989 821 2056 qui
843 1997 1010 2041 autem
1031 1989 1154 2052 scil,
1187 1997 1236 2040 et
1265 2005 1366 2040 non
1398 1990 1524 2059 facit
1560 2005 1692 2053 eam,
1718 1988 1932 2058 rapula-

355 2068 425 2122 bit
458 2074 630 2127 multis
653 2073 809 2144 (Luc.
837 2093 924 2140 xu,
957 2076 1042 2141 Η,
1075 2077 1198 2148 48).
1242 2075 1308 2129 Et
1342 2087 1398 2131 tu
1428 2079 1609 2147 specie
1638 2078 1931 2148 professio-

351 2160 458 2227 nis,
483 2167 703 2232 grandia
724 2168 897 2236 specie
916 2170 1198 2238 polliceris,
1235 2182 1289 2224 et
1309 2170 1470 2224 rebus
1498 2171 1641 2224 nulla
1672 2171 1927 2226 restituis.

347 2251 580 2309 Falsarii
611 2257 845 2312 criminis
869 2274 991 2313 reus
1021 2275 1110 2324 es,
1158 2260 1264 2316 Deo
1304 2271 1495 2316 cuncta
1526 2262 1789 2316 mentiris.
1823 2261 1933 2318 Nec

342 2346 622 2404 immerito
651 2366 804 2406 sacer
829 2367 1006 2406 sermo
1030 2352 1281 2421 judicium
1324 2354 1391 2410 de
1435 2355 1636 2424 templo
1670 2353 1763 2408 Dei
1793 2355 1930 2408 inci-

339 2439 599 2510 piendum
649 2459 766 2500 esse
816 2453 1057 2500 testatur.
1108 2444 1370 2501 Iudicium
1417 2448 1589 2510 enim,
1642 2447 1834 2517 inquit,
1866 2447 1933 2500 de

335 2529 493 2584 domo
537 2529 744 2587 Domini
769 2534 810 2605 (ι
840 2535 983 2589 Petr.
1017 2553 1088 2602 iv,
1135 2537 1246 2605 l7).
1289 2538 1427 2592 Alibi
1451 2553 1701 2607 quoque:
1733 2539 1777 2590 Δ
1805 2555 1931 2592 san-

334 2622 454 2680 ctis.
492 2621 683 2691 inquit,
713 2627 838 2680 meis
867 2628 1083 2697 incipite
1109 2627 1324 2698 (Ezech.
1360 2646 1432 2692 ix,
1466 2628 1540 2700 6).
1603 2628 1711 2682 Sed
1753 2630 1819 2682 ad
1847 2647 1933 2684 su-

334 2715 553 2785 periora
583 2719 884 2774 redeamus.
921 2718 1021 2783 Ite,
1050 2721 1224 2790 inquit
1254 2722 1430 2774 avaris
1460 2731 1620 2789 atque
1643 2722 1930 2776 incredulis

331 2805 500 2870 Deus,
532 2809 599 2862 ite
622 2812 676 2862 in
700 2811 873 2880 ignem
904 2820 1154 2865 wternum
1204 2829 1352 2882 quem
1392 2813 1591 2881 paravit
1615 2810 1772 2864 Pater
1791 2829 1932 2867 meus
1962 2803 1964 2808 ’

331 2897 548 2952 diabolo
569 2911 614 2952 et
636 2903 836 2970 angelis
865 2903 997 2972 ejus.
1034 2902 1113 2955 Ad
1137 2902 1470 2956 liberandum
1492 2910 1544 2956 te
1566 2903 1632 2956 ab
1661 2905 1764 2958 hoc
1791 2905 1932 2960 malo

333 2988 665 3056 quibusdam
695 2988 918 3044 forsitan
957 2991 1113 3046 bonis
1151 2992 1518 3060 corporalibus
1547 2995 1738 3062 putas?
1768 2992 1928 3048 Pudi-

335 3080 534 3136 citiam
580 3082 776 3152 quippe
812 3098 1024 3137 amasse
1063 3091 1115 3138 te
1138 3083 1331 3152 jactas.
1373 3083 1477 3139 Sed
1507 3095 1775 3140 memento
1802 3088 1928 3155 quia

2038 1887 2172 1941 alios
2218 1902 2606 1956 przegravasses
2649 1909 2659 1941 :
2705 1898 2757 1944 te
2804 1890 3033 1955 scilicet,
3066 1889 3191 1944 dum
3222 1891 3359 1945 male
3388 1890 3506 1944 aliis
3534 1906 3616 1944 re-

2037 1979 2265 2048 linquis;
2303 1982 2436 2036 alios
2483 1982 2608 2035 dum
2657 1999 2686 2036 a
2733 1992 2788 2038 te
2813 1984 2997 2039 relicta
3028 1992 3083 2039 et
3113 1985 3212 2055 ipsi
3241 2001 3342 2040 usu
3369 1985 3615 2039 inhuma-

2037 2071 2259 2124 nissimo
2307 2073 2446 2127 male
2488 2074 2802 2143 possident,
2833 2085 2887 2131 et
2913 2084 3034 2145 post
3063 2092 3121 2131 se
3149 2077 3289 2130 male
3319 2074 3436 2131 aliis
3464 2076 3615 2130 dere-

2037 2161 2302 2232 linquunt.
2345 2163 2401 2217 Si
2429 2165 2510 2218 vis
2539 2180 2699 2232 ergo,
2731 2182 3063 2236 quacunque
3094 2168 3181 2222 illa
3211 2184 3296 2232 es,
3341 2169 3385 2222 si
3411 2168 3492 2222 vis
3521 2169 3614 2222 tibi

2036 2267 2155 2306 esse
2184 2255 2508 2321 consultum,
2540 2258 2584 2310 si
2613 2258 2691 2312 vis
2717 2268 2973 2313 aeternam
3004 2260 3163 2332 292
3198 2261 3399 2316 habere
3427 2261 3612 2324 vitam,
3659 2255 3663 2262 “

2037 2349 2091 2396 et
2133 2343 2286 2411 cupis
2331 2345 2510 2400 videre
2559 2348 2672 2402 dies
2711 2348 2921 2415 bonos,
2974 2352 3219 2422 relinque
3260 2352 3614 2412 substantiam

2036 2443 2183 2488 tuam
2212 2437 2571 2504 indigentibus
2600 2441 2818 2507 sanctis,
2849 2443 3090 2512 relinque
3120 2445 3342 2512 claudis,
3374 2446 3614 2514 relinque

2034 2528 2224 2593 uncis,
2277 2529 2519 2598 relinque
2567 2530 2968 2600 languentibus,
3032 2537 3139 2590 sint
3183 2537 3463 2591 facultates
3510 2544 3612 2590 tua:

2033 2621 2287 2674 alimenta
2340 2623 2694 2689 miserorum,
2745 2626 2814 2680 sit
2867 2629 3140 2696 opulentia
3189 2636 3277 2682 tua
3316 2643 3610 2697 pauperum

2033 2711 2171 2778 vita;
2207 2721 2263 2766 ut
2292 2713 2504 2767 illorum
2551 2715 2821 2783 refrigeria
2869 2720 3084 2787 praemia
3137 2728 3224 2772 tua
3255 2720 3376 2782 sint,
3410 2727 3467 2772 ut
3495 2720 3610 2775 illo-

2031 2821 2147 2858 rum
2178 2804 2400 2860 refectio
2429 2814 2482 2860 te
2513 2805 2733 2862 reficiat.
2776 2808 2831 2864 Si
2861 2811 3001 2864 enim
3032 2811 3107 2863 illi
3130 2811 3196 2864 de
3225 2819 3317 2865 tuo
3337 2811 3517 2877 edent,
3552 2821 3609 2866 tu

2029 2899 2392 2963 saturaberis;
2423 2899 2470 2953 si
2498 2899 2572 2952 illi
2598 2899 2664 2953 de
2687 2909 2778 2954 tuo
2796 2900 3046 2967 biberint,
3072 2912 3131 2956 tu
3151 2902 3266 2957 sitis
3287 2910 3391 2958 tua:
3417 2911 3606 2958 aestum

2032 2990 2387 3058 ardoremque
2416 2992 2713 3060 restingues
2744 3009 2757 3044 :
2808 3000 2862 3047 te
2899 2993 3110 3048 illorum
3141 2995 3367 3050 vestitus
3392 2994 3604 3060 vestiet,

2032 3089 2084 3135 te
2131 3083 2339 3136 illorum
2389 3085 2639 3154 apricitas
2681 3085 2986 3142 delectabit.
3051 3088 3169 3144 Non
3207 3104 3335 3159 ergo
3381 3089 3487 3145 vile
3543 3107 3609 3146 ac

335 3182 396 3230 et
429 3175 552 3230 illos
579 3191 715 3246 quos
752 3178 806 3232 in
853 3176 1145 3247 Evangelio
1183 3178 1569 3233 immortalibus
1609 3180 1780 3249 pannis
1807 3180 1926 3234 Sal-
1957 3181 2002 3242 ο
2031 3171 2355 3242 despicabile
2386 3184 2555 3244 putes,
2587 3177 2630 3230 si
2661 3177 3010 3233 substantiam
3039 3188 3184 3234 tuam
3211 3181 3420 3236 miseris
3447 3189 3608 3252 atque

333 3275 502 3322 vator
531 3267 772 3334 tradidit,
807 3270 1150 3339 impudicitia:
1171 3285 1280 3323 non
1301 3271 1522 3323 notavit.
1566 3269 1925 3326 Sobrietatem

332 3357 559 3412 tibimet
601 3359 865 3429 placuisse
913 3361 1340 3414 commemoras?
1386 3359 1494 3416 Nec
1534 3362 1609 3415 illi
1639 3362 1705 3416 de
1734 3364 1926 3432 quibus

333 3446 618 3519 Scriptura
685 3449 942 3519 loquitur,
1006 3451 1282 3506 ebrietatis
1329 3452 1552 3506 crimine
1607 3453 1923 3523 puniuntur.

331 3535 621 3611 Jejunasse
651 3550 702 3596 te
729 3542 902 3596 dicis?
939 3541 1047 3597 Nec
1077 3543 1196 3598 illos
1226 3543 1446 3612 prandia
1477 3560 1600 3599 reos
1630 3561 1748 3600 esse
1777 3544 1921 3601 fece-

335 3639 483 3686 runt.
528 3630 634 3686 Sed
682 3632 924 3686 videlicet
970 3644 1160 3701 magna
1199 3647 1362 3687 causa
1393 3642 1474 3686 est
1501 3649 1605 3704 qua
1637 3635 1732 3689 tibi
1761 3635 1926 3688 absti-

334 3724 524 3779 nentia
554 3739 618 3778 ac
639 3724 846 3793 jejunio
881 3733 970 3778 tuo
1000 3724 1214 3793 placeas
1237 3763 1251 3788 ,
1283 3724 1372 3794 qui
1415 3725 1482 3779 ad
1523 3726 1625 3781 hoc
1648 3725 1922 3795 jejunasti,

335 3816 403 3870 ad
433 3817 542 3871 hoc
586 3832 748 3888 parce
796 3817 1116 3885 exiliterque
1157 3817 1367 3897 vixisti,
1410 3834 1516 3872 non
1542 3827 1603 3872 ut
1628 3827 1750 3888 post
1777 3835 1925 3874 mor-

337 3917 450 3964 tem
497 3917 643 3964 tuam
693 3925 891 3979 egenos
938 3909 1277 3965 facultatibus
1305 3912 1410 3966 tuis
1439 3927 1712 3981 pasceres,
1746 3913 1838 3966 sed
1869 3920 1928 3966 ut

340 4017 568 4057 censum
598 4001 957 4070 cujuscunque
986 4003 1213 4056 lncredis
1254 4003 1455 4057 divitiis
1483 4004 1789 4072 ampliares.
1823 4003 1928 4057 Ma-

337 4106 483 4161 gnos
513 4092 759 4147 videlicet
783 4092 1112 4147 abstinentia:
1140 4093 1342 4148 fructus
1371 4095 1535 4163 capis.
1567 4096 1726 4165 291
1755 4093 1928 4148 Minus

340 4185 491 4240 enim
525 4185 676 4253 panis
706 4193 760 4238 tu
793 4185 1148 4252 manducasti,
1200 4195 1258 4240 ut
1303 4187 1420 4240 auri
1451 4187 1588 4240 alius
1616 4187 1734 4256 plus
1761 4187 1928 4241 habe-

338 4285 444 4332 ret.
491 4275 611 4330 Tibi
643 4285 830 4330 venter
857 4276 1157 4346 frugalitate
1185 4277 1443 4342 decrevit,
1477 4286 1536 4331 ut
1564 4279 1928 4346 cujuscunque

337 4367 580 4422 hominis
628 4365 856 4423 fortasse
902 4369 1078 4423 vitiosi
1131 4369 1414 4423 thesaurus
1465 4375 1753 4436 cresceret.
1793 4367 1927 4422 Cum

337 4472 469 4528 ergo
499 4458 566 4512 ad
590 4457 848 4526 judicium
889 4459 984 4514 Dei
1012 4460 1241 4522 veneris,
1261 4458 1383 4527 jure
1425 4457 1687 4526 imputare
1716 4457 1764 4511 ei
1788 4455 1929 4527 jejus

2033 3266 2310 3332 egentibus
2357 3268 2731 3338 derelinquas:
2781 3268 3054 3326 Christum
3095 3272 3149 3327 in
3174 3272 3278 3328 illis
3306 3272 3468 3329 facies
3495 3274 3607 3328 hie-

2032 3358 2234 3412 redem.
2278 3358 2342 3412 Et
2371 3361 2498 3428 quid
2536 3361 2706 3416 dicam
2738 3363 2805 3418 de
2833 3361 3030 3419 Christi
3061 3366 3312 3421 nomine?
3338 3364 3610 3421 Christum

2031 3450 2247 3517 quidem
2297 3452 2560 3506 literedem
2606 3453 2800 3521 facies,
2845 3455 2939 3510 sed
2970 3464 3028 3510 tu
3055 3456 3379 3512 hzereditatis
3407 3457 3610 3512 emolu-

2032 3551 2211 3595 menta
2243 3544 2519 3612 percipies.
2547 3543 2886 3614 Qurecunque
2907 3547 3048 3599 enim
3073 3545 3286 3600 Christo
3308 3547 3608 3614 reliqueris,

2033 3649 2130 3702 per
2156 3632 2424 3698 Christum
2463 3635 2640 3686 omnia
2670 3636 2984 3702 possidebis.
3009 3634 3114 3688 Sed
3139 3636 3255 3689 haec
3282 3645 3356 3698 tu,
3387 3642 3447 3689 ut
3465 3650 3608 3701 reor,

2033 3723 2220 3777 frivola
2265 3739 2383 3776 esse
2428 3724 2674 3791 judicas,
2723 3732 2779 3778 et
2816 3726 2969 3792 quasi
3017 3726 3224 3778 somnia
3273 3725 3515 3793 qumdam
3545 3742 3608 3782 ac

2031 3815 2382 3870 deliramenta
2433 3815 2751 3868 contemnis.
2814 3813 2931 3868 Non
2959 3814 3102 3867 enim
3131 3814 3304 3869 credis
3339 3813 3609 3872 Christum

2030 3922 2156 3961 vera
2206 3907 2421 3962 dixisse.
2482 3905 2551 3960 Et
2595 3921 2681 3960 res
2709 3907 2901 3977 probat
2923 3948 2936 3968 ,
2969 3921 3304 3976 nequaquam
3333 3915 3387 3962 te
3415 3909 3463 3963 ei
3492 3924 3610 3964 cre-

2031 3999 2176 4054 dere.
2223 3999 2352 4054 Nam
2381 4001 2472 4069 qui
2510 3999 2759 4054 mandata
2795 3999 2910 4070 ejus
2937 4013 3036 4054 nec
3065 4000 3116 4054 in
3148 4000 3431 4069 postremis
3455 3999 3606 4068 facis,

2033 4102 2124 4146 aut
2154 4093 2302 4147 nulla
2331 4107 2448 4147 esse
2479 4093 2699 4146 omnino
2738 4092 3001 4156 mstimas,
3051 4099 3144 4146 aut
3173 4090 3302 4146 falsa
3332 4106 3448 4148 esse
3476 4107 3608 4148 con-

2031 4183 2271 4240 demnas.
2332 4185 2389 4238 In
2439 4201 2547 4254 quo
2591 4185 2807 4254 quidem
2859 4186 3041 4253 lugere
3091 4201 3278 4240 omnes
3305 4195 3522 4243 sanctos
3548 4201 3612 4242 ac

2031 4274 2161 4334 ﬂere
2189 4279 2471 4341 convenit,
2506 4278 2635 4332 nulli
2666 4286 2718 4332 te
2746 4286 2801 4331 et
2829 4277 2962 4330 alios
2991 4277 3066 4331 tui
3095 4277 3320 4339 similes,
3354 4278 3484 4332 nulli
3511 4279 3612 4332 mi-

2032 4363 2138 4425 nus
2182 4386 2342 4439 quam
2388 4369 2602 4424 Christo
2649 4369 2888 4424 credere.
2949 4367 3005 4423 Si
3054 4369 3146 4423 tibi
3192 4368 3498 4437 quicunque
3547 4385 3613 4424 ex
3685 4389 3702 4400 κ

2036 4461 2368 4531 cauponibus
2396 4461 2524 4530 quid
2556 4461 2922 4531 promitteret,
2956 4457 3112 4514 fidem
3140 4459 3476 4529 promittenti
3506 4475 3614 4514 non

339 4550 493 4604 nium
537 4557 684 4603 tuum
734 4551 939 4620 poteris
978 4551 1199 4606 dicens:
1249 4549 1514 4619 Jejunavi,
1569 4547 1824 4616 Domine,
1875 4557 1932 4604 et
1958 4555 2328 4624 Dabnegares
2365 4573 2377 4606 :
2422 4555 2468 4607 si
2514 4563 2759 4608 mutuum
2807 4568 2838 4606 a
2885 4561 2939 4608 te
2966 4553 3238 4623 quippiam
3268 4552 3494 4623 propola
3525 4558 3616 4606 aut

335 4645 613 4710 abstinui,
661 4661 724 4700 ac
770 4645 861 4700 diu
906 4663 992 4702 me
1041 4648 1107 4702 ab
1153 4649 1392 4702 omnium
1437 4633 1748 4702 deliciarum
1777 4647 1928 4718 fruge

332 4737 612 4807 suspendi.
655 4735 723 4790 Et
749 4754 836 4792 res
866 4738 969 4794 hoc
995 4739 1206 4810 probat.
1249 4737 1388 4794 Ecce
1417 4739 1560 4792 enim
1588 4755 1729 4794 nunc
1759 4740 1928 4795 haere-

330 4831 434 4886 ‘les
461 4831 567 4885 mei
617 4830 683 4885 de
736 4845 858 4886 meo
906 4830 1159 4908 allluunt,
1190 4831 1572 4886 immensarum
1620 4830 1926 4886 divitiarum

373 4925 512 4994 apiis
556 4925 922 4980 exabundant.
986 4923 1053 4979 Et
1079 4932 1138 4979 ut
1169 4924 1369 4993 aliquid
1408 4925 1571 4979 etiam
1601 4923 1668 4980 de
1697 4939 1928 4994 evange-

353 5015 445 5072 .'ca
473 5017 704 5072 lectione
755 5033 1076 5089 prmsumas,
1110 5017 1215 5072 hoc
1251 5016 1396 5086 quod
1423 5016 1670 5071 Salvator
1697 5017 1830 5070 dixit
1859 5017 1926 5071 de

341 5106 706 5178 perditissimo
754 5109 845 5163 illo
889 5107 1055 5163 divite
1079 5148 1093 5172 ,
1142 5115 1301 5178 potes
1349 5115 1404 5162 et
1443 5116 1500 5161 tu
1537 5107 1605 5162 de
1629 5107 1928 5162 hazredibus

343 5197 453 5251 tuis
481 5197 659 5254 dicere
691 5218 704 5252 ε
736 5199 1033 5254 lnduuntur
1059 5215 1294 5270 purpura
1325 5207 1380 5254 et
1404 5199 1594 5270 bysso,
1628 5207 1682 5252 et
1708 5199 1929 5268 epulan-

342 5299 432 5344 tur
451 5291 692 5359 quotidie
714 5292 1009 5363 splendide,
1027 5293 1280 5348 incubant
1298 5291 1522 5347 defossis
1542 5307 1573 5346 a
1590 5308 1675 5346 me
1693 5291 1925 5356 talentis,

339 5393 594 5452 premunt
625 5387 834 5454 argenti
864 5395 920 5442 et
947 5385 1064 5442 auri
1099 5393 1385 5455 congestas
1415 5393 1618 5451 strues,
1651 5384 1927 5439 materiam
1967 5459 1970 5462 ἢ

2034 4648 2062 4688 δ
2104 4648 2550 4717 salgamentarius
2597 4647 2931 4717 postularet,
2986 4646 3312 4700 redditurum
3354 4660 3476 4701 eum
3507 4660 3616 4700 non

2031 4738 2298 4794 diftideres
2320 4753 2439 4806 quae
2459 4738 2714 4793 dedisses.
2737 4736 3078 4792 Mendacibus
3094 4737 3325 4805 denique
3347 4735 3616 4792 interdum

2033 4843 2193 4905 atque
2218 4831 2466 4903 perjuris,
2497 4831 2744 4887 cautione
2774 4829 2911 4885 facta
2941 4838 2995 4885 et
3021 4829 3146 4885 dato
3168 4829 3498 4898 lidejussore,
3527 4841 3614 4880 res

2033 4925 2284 4980 creditur.
2310 4922 2551 4978 Christus
2574 4922 2666 4976 tibi
2687 4931 2741 4976 et
2767 4919 3126 4976 fidelissimam
3145 4920 3444 4974 cautionem
3465 4921 3523 4969 et
3547 4913 3616 4968 il-

2031 5017 2337 5084 dejussores
2364 5014 2596 5084 optimos
2631 5013 2794 5078 dedit,
2813 5014 3116 5068 cautionem
3144 5009 3347 5064 scilicet
3361 5007 3413 5059 in
3441 5003 3617 5060 Evan-

2033 5109 2193 5176 gelio,
2226 5106 2562 5176 lidejussores
2584 5106 2860 5178 apostolos
2887 5120 3029 5166 suOs,
3054 5109 3125 5160 et,
3159 5099 3202 5152 si
3233 5097 3284 5150 id
3312 5110 3500 5165 parum
3536 5105 3618 5152 est

2034 5200 2385 5269 patriarchas,
2414 5199 2998 5270 prophetas,martyres
3027 5203 3170 5251 suos,
3190 5194 3354 5240 totam
3375 5185 3612 5258 denique

2033 5292 2333 5347 divinarum
2381 5293 2574 5348 seriem
2618 5290 2943 5345 litterarum;
2987 5287 3041 5334 et
3072 5294 3177 5331 non
3207 5277 3381 5333 credis
3408 5277 3477 5343 ei,
3514 5295 3611 5334 nec

2037 5383 2193 5439 ﬁdem
2235 5383 2578 5438 commodas?
2625 5378 2792 5460 Quem
2844 5385 2973 5438 rogo
3015 5378 3125 5424 tam
3163 5369 3442 5439 prodigum
3476 5371 3612 5425 inter

1539 5523 1872 5581 STEPHANI
1910 5523 2177 5581 BALUZII
2216 5524 2440 5581 ΝΟΤΛΕ.

416 5643 442 5672 ⁸
476 5633 607 5711 Ilaec
633 5637 819 5711 verba,
843 5637 1115 5711 usquead
1144 5640 1366 5711 grandia
1411 5638 1594 5711 specie.
1627 5638 1819 5692 desunt
1874 5637 1929 5691 in

343 5705 595 5779 omnibus
647 5708 883 5779 antiquis
931 5705 1221 5775 codicibus,
1280 5709 1372 5779 qui
1413 5705 1490 5765 sic
1519 5709 1699 5778 legunt
1733 5725 1932 5777 :spon-

341 5777 506 5832 sionis
529 5795 546 5830 :
578 5778 798 5849 grandia
820 5780 1006 5848 specie,
1040 5787 1144 5834 etc.

673 5873 944 5932 ΡΑτιοι..
993 5871 1146 5931 LIII.

2104 5639 2131 5677 ι’
2170 5637 2354 5692 Codex
2402 5629 2600 5700 Regius
2654 5628 2923 5684 recentior
2976 5640 3031 5686 et
3069 5628 3307 5688 Colben.
3349 5628 3608 5697 satgama.

2035 5726 2162 5764 ηαδ.
