4246 6264
595 311 700 412 235

997 358 1051 413 S.
1095 357 1406 413 SALVIANI
1446 357 1908 412 MASSILIENSIS
1948 357 2371 415 PRESBYTER!
2412 362 2773 420 ADVERSUS
2811 363 3182 419 AVl‘tlil'I‘lAll
3225 365 3348 419 LIB.
3392 365 3475 420 IV.

3766 361 3871 419 236

589 475 837 532 homines
1046 489 1108 527 ac
1155 480 1263 527 tam
1312 469 1563 527 miserum
1612 470 1853 528 invenire
1893 472 2065 541 possis
2092 473 2179 527 cui
2207 483 2252 537 Α
2282 474 2480 544 spolias
2498 514 2512 539 ,
2557 476 2829 545 quomodo
2869 477 2920 531 in
2964 474 3139 533 futuro
3168 477 3319 555 quasi
3347 474 3562 535 condita
3591 490 3654 530 ac
3682 486 3870 547 parata

591 566 753 625 fidem
782 568 878 623 sub
925 575 1003 620 tot
1042 563 1443 633 tidejussoribus
1480 564 1815 633 denegares?
1864 564 1968 620 Das
1996 566 2176 639 itaque

590 678 678 719 res
708 670 825 721 tuas
871 658 1121 717 divitibus
1144 700 1158 724 ,
1212 666 1267 713 et
1295 659 1478 727 egenis
1514 672 1711 731 negas;
1744 659 1839 714 das
1865 657 2171 725 luxuriosis,
2210 648 2217 659 ”

589 763 645 811 et
673 769 836 825 negas
861 752 1091 817 sanctis;
1129 750 1227 807 das
1254 751 1559 821 cuicunque
1597 748 1824 808 fortasse
1855 753 2092 825 perdito,
2122 759 2177 806 et

583 861 751 916 negas
778 843 1009 901 Christo.
1055 842 1221 899 Prout
1248 856 1376 912 ergo
1403 841 1684 912 judicasti,
1717 843 1794 899 sic
1817 843 2173 916 judicaberis;

585 938 722 993 sicut
751 935 997 1007 elegeris,
1029 935 1107 991 sic
1135 932 1380 1005 recipies.
1424 932 1540 990 Non
1563 931 1786 993 habebis
1811 924 1933 993 cuin
1960 933 2174 1003 Christo

581 1035 792 1097 partem
838 1039 999 1096 quem
1039 1023 1367 1096 despexisti:
1401 1039 1525 1081 cum
1571 1025 1656 1081 his
1692 1024 1915 1084 habebis
1957 1042 2094 1100 quos
2123 1024 2175 1087 ei

582 1115 886 1188 praetulisti.
1494 1138 1499 1142 ι

652 1207 788 1265 Vlll.
830 1206 938 1262 Sed
985 1206 1113 1263 dicit
1156 1206 1383 1265 fortasse
1431 1207 1625 1279 aliquis
1654 1223 1723 1263 ex
1748 1206 2041 1263 infidelium
2071 1223 2172 1262 nu-

578 1313 730 1353 mero
759 1313 870 1353 non
899 1297 1113 1366 dignam
1161 1314 1280 1354 esse
1332 1314 1549 1355 causam
1594 1314 1713 1370 quae
1742 1297 1828 1353 vel
1859 1297 2024 1352 Deum
2053 1312 2172 1353 mo-

577 1398 722 1459 veat,
755 1392 843 1451 vel
870 1392 1118 1449 homines
1142 1392 1193 1451 in
1209 1400 1471 1450 aeternum
1493 1392 1792 1465 periculum
1815 1392 2012 1447 trahat.
2045 1388 2170 1447 Scio

578 1484 797 1552 quidem
832 1484 976 1555 quod
1006 1492 1031 1520 ⁸
1061 1499 1249 1540 omnes
1289 1486 1369 1540 rei
1409 1485 1702 1541 veniabiles
1740 1491 1931 1556 putant
1956 1497 2172 1553 semper

578 1584 761 1647 reatus
789 1593 936 1633 suos.
977 1577 1111 1633 Nam
1137 1585 1193 1634 et
1240 1577 1380 1635 furta
1410 1578 1615 1634 furibus
1642 1579 1789 1635 leves
1826 1577 1997 1648 culpa:
2022 1586 2165 1643 sunt,

578 1677 636 1724 et
663 1670 917 1726 innocua
941 1669 1167 1725 ebriosis
1209 1669 1417 1727 videtur
1445 1670 1710 1735 ebrietas,
1743 1676 1797 1724 et
1826 1666 1967 1738 apud
1994 1667 2168 1737 impu-

578 1761 728 1818 dicos
758 1760 1040 1817 fornicatio
1069 1761 1242 1817 scelus
1270 1776 1377 1815 non
1410 1769 1491 1817 est
1516 1757 1687 1832 {quia
1716 1759 1916 1815 nullum
1947 1757 2167 1814 omnino

2281 565 2517 634 reperies
2565 581 2683 637 qua:
2733 566 2819 622 hic
2867 573 2959 623 aut
3005 585 3114 625 non
3161 567 3521 638 indigentibus
3565 575 3659 621 aut
3704 568 3869 627 etiam

2280 655 2674 712 abundantibus
2717 657 3028 728 deputaris?
3074 658 3355 731 Quomodo
3397 657 3667 713 reddenda
3710 660 3867 717 tibia

2279 747 2390 803 Deo
2439 750 2613 805 credis
2658 765 2777 820 quae
2826 751 2936 806 Deo
2986 752 3100 825 ipse
3130 768 3235 807 non
3264 751 3478 808 credis?
3508 761 3531 791 ο
3563 749 3865 823 Postremo,

2279 839 2551 908 quomodo
2568 841 2718 895 reddi
2743 841 2821 897 vis
2844 856 2964 912 quae
2992 842 3213 897 credere
3244 858 3349 897 non
3379 842 3495 898 vis?
3522 839 3692 903 Nemo
3720 844 3865 902 enim

2276 929 2376 986 sibi
2406 932 2541 986 solvi
2568 933 2681 988 vult
2709 948 2828 1003 qua:
2869 950 2977 990 non
3014 934 3353 1005 commodat;
3397 949 3492 990 nec
3534 941 3642 993 tam
3670 936 3863 991 stultus

2276 1033 2360 1081 est
2385 1036 2443 1081 ut
2470 1043 2589 1096 quae
2618 1044 2726 1087 non
2754 1028 3106 1093 teneraverit,
3138 1037 3290 1101 putet
3317 1044 3436 1085 esse
3462 1029 3753 1087 reddenda.
3800 1028 3864 1083 Et

2276 1117 2397 1173 ideo
2427 1125 2485 1174 tu
2515 1135 2852 1191 nequaquam
2891 1137 2924 1177 a
2950 1119 3061 1176 Deo
3096 1122 3248 1193 quasi
3290 1121 3618 1179 reddendum
3646 1136 3864 1197 sperare

2274 1214 2481 1281 poteris
2525 1214 2670 1282 quod
2720 1212 2832 1268 Deo
2874 1214 3057 1287 utique
3104 1231 3210 1269 non
3240 1214 3480 1279 credens,
3513 1213 3739 1268 reddere
3767 1214 3861 1267 tibi

2275 1302 2445 1358 Deum
2473 1305 2589 1375 ipse
2620 1305 2873 1360 nolueris.
2943 1304 3090 1361 Unde
3130 1307 3464 1377 compleatur
3497 1306 3696 1362 dictum
3726 1306 3778 1359 in
3809 1311 3863 1359 te
3928 1310 3947 1321 '

2254 1394 2513 1463 ,divinum
2542 1394 2571 1432 ἀ
2603 1396 2733 1453 illud
2781 1413 3001 1452 necesse
3029 1407 3111 1456 est
3135 1438 3150 1463 ,
3181 1398 3306 1468 quia
3338 1398 3601 1469 reliquisti
3630 1397 3748 1455 aliis
3776 1396 3861 1454 vel

2273 1486 2462 1545 alienis
2490 1487 2705 1545 divitias
2734 1497 2871 1553 tuas,
2904 1489 3210 1560 sepulcrum
3239 1495 3389 1544 tuum
3417 1489 3521 1543 erit
3548 1487 3741 1549 domus
3770 1494 3859 1541 tua

2274 1577 2327 1631 in
2374 1586 2633 1634 aeternum
2674 1572 2898 1651 (Psalm.
2936 1597 3115 1645 vam,
3152 1579 3238 1645 1-1,
3270 1579 3379 1650 12).
3440 1579 3509 1633 Et
3547 1578 3676 1633 illud
3717 1578 3860 1647 quod

2272 1667 2521 1731 Salvator
2548 1670 2616 1725 ad
2643 1671 2873 1727 similem
2903 1672 2979 1725 tui
3008 1671 3244 1741 loquitur
3269 1690 3281 1724 :
3316 1669 3449 1735 Quia
3481 1670 3683 1745 tepidus
3708 1688 3783 1733 es,
3810 1678 3857 1722 et

2272 1777 2434 1832 neque
2482 1764 2681 1834 fervens
2719 1779 2881 1833 neque
2909 1763 3151 1834 frigidus,
3200 1764 3447 1834 incipiam
3476 1770 3523 1815 te
3551 1778 3779 1815 evomere
3799 1777 3861 1814 ea:

578 1861 689 1908 tam
716 1853 918 1923 grande
946 1853 1150 1910 crimen
1179 1860 1262 1907 est
1288 1853 1432 1922 quod
1456 1868 1561 1908 non
1584 1852 1736 1925 cujus
1756 1850 1997 1907 facinore
2018 1865 2163 1904 como
2201 1863 2245 1922 Β
2271 1869 2360 1906 ore
2381 1867 2492 1906 meo
2516 1853 2698 1924 (Apoc.
2731 1870 2806 1919 ιιι,
2841 1852 2928 1919 16,
2952 1853 3061 1923 17).
3090 1854 3249 1927 295
3272 1852 3339 1907 Et
3358 1852 3486 1907 illud
3505 1853 3637 1907 dicis
3663 1870 3674 1904 :
3707 1851 3863 1906 Dives

578 1946 825 2014 mittitur,
858 1943 973 2014 ejus
1001 1942 1271 2001 sententia
1311 1945 1640 2003 sublevetur.
1694 1942 1801 1998 Sed
1830 1942 1875 1997 si
1904 1941 2025 2011 quis
2052 1938 2165 1994 vult

577 2054 645 2094 ex
672 2038 1046 2110 peccatoribus
1066 2038 1226 2104 scire,
1256 2052 1418 2107 quam
1439 2038 1675 2107 graviter
1696 2033 1964 2093 censenda
1994 2049 2025 2088 a
2055 2031 2166 2087 Deo

577 2131 683 2187 siut
728 2144 921 2199 magna
969 2130 1195 2186 crimina
1218 2170 1234 2198 ,
1282 2129 1454 2187 discat
1494 2129 1727 2201 qualiter
1754 2128 1807 2184 in
1836 2132 2009 2182 semet
2038 2125 2166 2195 ipsis

577 2223 802 2293 puniant
846 2222 1019 2281 sancti
1066 2222 1230 2279 etiam
1276 2220 1413 2279 levia
1456 2227 1703 2292 peccata,
1735 2216 1935 2275 conscii
1963 2212 2169 2272 scilicet

576 2315 683 2386 jam
711 2331 775 2372 ex
808 2315 971 2389 ipsius
998 2313 1098 2373 Dei
1124 2312 1281 2375 dictis
1308 2312 1475 2372 futuri
1502 2311 1765 2368 examinis
1782 2349 1796 2375 ,
1842 2325 1905 2367 ac
1932 2322 2031 2378 per
2059 2307 2167 2360 Do-

577 2407 708 2463 mini
735 2407 818 2467 sui
844 2406 1009 2464 verba
1050 2406 1216 2465 etiam
1238 2404 1441 2475 judicia
1470 2405 1756 2471 rimantes;
1787 2410 1845 2461 et
1871 2401 1994 2457 ideo
2023 2414 2167 2456 sem-

577 2512 671 2566 per
718 2498 769 2552 in
803 2498 896 2558 Dei
924 2512 1089 2568 opere
1110 2538 1126 2565 ,
1158 2512 1371 2567 semper
1400 2497 1453 2553 in
1483 2494 1927 2567 compunctione,
1957 2506 2171 2563 semper

576 2587 627 2641 in
659 2604 818 2644 cruce
865 2588 1047 2658 positi.
1108 2587 1261 2646 Beati
1288 2588 1416 2659 qui,
1449 2604 1571 2643 cum
1601 2586 1842 2645 omnium
1871 2584 2169 2639 miserean-

578 2687 682 2742 tur,
734 2679 837 2734 sibi
885 2693 1159 2751 nunquam
1207 2678 1424 2751 penitus
1452 2678 1779 2748 ignoscunt,
1812 2676 1865 2730 in
1895 2672 2041 2733 nullo
2069 2670 2172 2727 sibi

578 2782 862 2844 parcentes
886 2814 900 2839 ,
933 2774 1027 2830 sed
1056 2781 1201 2829 totos
1228 2789 1288 2829 se
1317 2772 1605 2833 admodum
1634 2771 1746 2828 Deo
1776 2769 2168 2842 impendentes,

578 2872 630 2919 et
659 2865 778 2919 ideo
808 2864 862 2921 in
893 2862 1071 2923 futuro
1094 2863 1299 2933 judicio
1329 2864 1475 2935 digni
1503 2863 1743 2936 praemio,
1767 2862 1893 2937 quia
1918 2860 2005 2917 hic
2031 2859 2173 2933 apud

578 2970 633 3011 se
658 2954 858 3023 jugiter
886 2955 941 3010 in
984 2962 1159 3013 reatu.
1216 2955 1352 3015 Nam
1394 2955 1461 3013 de
1491 2954 1861 3013 misericordia
1892 2942 2079 3010 eorum
2110 2968 2175 3008 ac

578 3046 823 3116 largitate
850 3046 978 3114 quid
1005 3046 1210 3111 dicam,
1241 3062 1362 3118 quae
1389 3048 1561 3107 virtus
1589 3047 1731 3119 apud
1760 3062 1856 3103 eos
1883 3045 2037 3118 quasi
2068 3045 2173 3099 vir-

578 3146 751 3196 tutum
798 3138 1040 3197 omnium
1079 3138 1340 3197 initiatrix
1381 3142 1500 3195 est?
1529 3138 1784 3208 Plerique
1812 3139 1955 3193 enim
1984 3152 2175 3193 eorum

2264 1961 2398 2011 sum,
2417 1952 2469 1999 et
2496 1944 2702 2000 divitias
2722 1945 2906 2012 habeo,
2928 1953 2977 2000 et
3006 1948 3197 2003 nullius
3217 1963 3373 2020 egeo;
3403 1953 3452 2000 et
3476 1947 3643 1999 nescis
3663 1946 3782 2018 quia
3806 1952 3862 2000 tu

2264 2055 2319 2092 es
2340 2039 2513 2103 miser,
2542 2042 2602 2093 et‘
2629 2056 2842 2109 pauper,
2876 2049 2925 2094 et
2947 2056 3134 2108 ctecus,
3173 2049 3222 2096 et
3262 2039 3448 2095 nudus.
3486 2039 3654 2097 Nemo
3684 2040 3860 2111 itaque

2265 2130 2371 2186 sibi
2402 2140 2425 2169 ε
2457 2128 2513 2186 in
2541 2133 2653 2189 vita
2676 2172 2693 2199 ,
2722 2132 2775 2186 in
2803 2141 3010 2203 morte,
3044 2133 3097 2188 in
3126 2140 3247 2188 actu
3267 2172 3281 2197 ,
3325 2133 3378 2187 in
3408 2132 3583 2199 dono,
3618 2135 3670 2187 in
3701 2140 3861 2187 testa-

2267 2228 2451 2285 mento
2480 2237 2579 2277 suo
2607 2221 2881 2278 hominem
2910 2224 3021 2278 Deo
3048 2222 3369 2295 praeferens,
3402 2224 3469 2281 de
3498 2224 3620 2281 vita:
3649 2239 3712 2281 ac
3739 2238 3860 2295 pro-

2269 2311 2516 2368 fessionis
2544 2315 2901 2384 praerogativa
2930 2314 3131 2384 aliquid
3160 2315 3483 2370 blandiatur.
3529 2314 3759 2370 Pmnalis
3782 2323 3862 2369 est

2270 2401 2501 2459 hominis
2544 2419 2608 2459 ac
2667 2404 2969 2473 perniciosa
3018 2404 3122 2461 ista
3166 2406 3426 2459 securitas
3468 2424 3480 2457 :
3528 2413 3863 2476 praesumpta

2270 2508 2394 2564 spes
2416 2535 2430 2560 ,
2462 2494 2687 2549 sarcina:
2731 2502 2858 2551 sunt
2902 2503 3122 2555 reatus:
3153 2504 3411 2567 usurpata
3459 2497 3725 2554 absolutio
3765 2497 3863 2551 da-

2272 2589 2599 2644 mnationem
2628 2590 2787 2659 parit.
2829 2588 3149 2663 Quicunque
3186 2590 3288 2645 sibi
3328 2606 3388 2645 se
3415 2599 3674 2657 excusat,
3706 2607 3863 2649 accu-

2271 2689 2357 2735 sat
2384 2679 2514 2745 Deo,
2547 2680 2841 2735 secundum
2871 2679 3039 2738 illud:
3072 2678 3216 2737 Nam
3254 2680 3342 2754 qui
3378 2697 3435 2733 se
3461 2681 3727 2735 existimat
3756 2697 3864 2736 esse

2274 2771 2489 2845 aliquid,
2514 2788 2629 2826 cum
2652 2771 2784 2826 nihil
2805 2772 2892 2839 sit,
2915 2772 3137 2843 seipsum
3157 2770 3353 2826 seducit
3375 2769 3515 2847 (Gal.
3547 2788 3617 2838 vr,
3642 2772 3718 2841 ὅ).
3758 2771 3863 2825 Ne-

2273 2865 2405 2921 mini
2452 2866 2632 2941 itaque
2686 2864 2855 2921 facilis
2901 2881 2997 2921 sua
3038 2881 3198 2921 causa
3244 2865 3333 2921 sit.
3385 2864 3574 2922 Nullus
3599 2863 3865 2925 dilticilius

2274 2956 2473 3027 evadit,
2503 2976 2664 3031 quam
2693 2960 2784 3030 qui
2814 2976 2870 3017 se
2899 2958 3183 3016 evasurum
3212 2975 3331 3019 esse
3359 2958 3779 3037 prtesumpserit.

2345 3046 2435 3103 IX.
2481 3050 2620 3104 Dura
2668 3050 2783 3106 hzec
2830 3048 3055 3107 forsitan
3102 3060 3262 3121 atque
3307 3058 3525 3106 austera
3560 3049 3860 3104 videantur.

2275 3140 2510 3207 Quidni?
2540 3141 2722 3195 Omnis
2751 3142 2887 3199 enim
2916 3142 3213 3216 disciplina,
3242 3150 3300 3197 ut
3332 3142 3408 3203 ait
3428 3156 3605 3196 sermo
3633 3140 3863 3206 divinus,

578 3231 692 3284 hinc
718 3228 921 3287 habent
947 3230 1101 3299 quasi
1130 3229 1372 3296 exordia,
1404 3238 1459 3287 et
1478 3230 1631 3297 quasi
1655 3229 1976 3284 incunabula
1997 3227 2024 3265 ‘3
2052 3243 2175 3282 con-
2198 3230 2245 3294 C
2277 3248 2382 3284 non
2420 3242 2497 3285 est
2526 3231 2743 3305 gaudii,
2794 3233 2886 3286 sed
2930 3235 3166 3289 maeroris
3209 3231 3392 3305 (Hebr.
3426 3249 3519 3300 xu,
3555 3230 3660 3303 11).
3724 3229 3862 3284 Dura
3906 3270 3907 3273 η

578 3318 840 3376 versionis
868 3333 995 3387 suae,
1028 3326 1089 3374 ut
1117 3319 1264 3389 prius
1287 3333 1451 3389 quam
1472 3320 1635 3373 limen
1658 3327 1861 3375 sanctae
1883 3318 2173 3389 professio-

578 3412 659 3466 nis
688 3410 993 3474 introeant,
1025 3409 1093 3471 de
1121 3410 1352 3483 prOpriis
1382 3409 1484 3467 sibi
1514 3407 1855 3467 facultatibus
1902 3410 1976 3463 nil
2008 3408 2173 3463 relin-

577 3512 765 3573 quant,
797 3501 1092 3563 secundum
1120 3501 1252 3559 illud
1291 3502 1500 3563 scilicet
1524 3501 1738 3560 Domini
1758 3504 1931 3558 nostri
1970 3502 2172 3559 dictum

576 3614 683 3668 quo
712 3597 787 3657 ait
814 3615 826 3650 :
868 3595 1044 3655 Vende
1074 3596 1250 3655 omnia
1288 3596 1423 3653 bona
1451 3606 1560 3674 tua,
1590 3605 1640 3655 et
1668 3597 1737 3651 da
1769 3594 2097 3669 pauperibus,
2124 3604 2174 3649 et

576 3690 686 3744 veni
715 3687 879 3765 Μ
904 3704 1112 3758 sequere
1139 3705 1219 3743 me
1243 3687 1477 3763 (Matt/1..
1501 3705 1620 3753 xix,
1653 3687 1764 3758 21).
1793 3686 1860 3742 Et
1888 3688 1962 3744 illi
1992 3685 2174 3761 itaque

576 3779 809 3837 secuturi
831 3787 1115 3839 vocantem
1137 3778 1329 3847 Deum,
1357 3780 1506 3855 prius
1526 3780 1767 3837 vendunt
1796 3781 1978 3835 omnia
2007 3795 2172 3850 quam

575 3877 887 3940 sequantur.
920 3869 1141 3927 Divitias
1169 3871 1313 3929 enim
1343 3886 1569 3928 onerum
1611 3880 1774 3942 atque
1815 3871 2171 3947 impedimen-

576 3969 754 4023 torum
781 3962 902 4019 loco
942 3977 1063 4019 esse
1090 3963 1367 4029 ducentes,
1399 3962 1682 4032 expeditos
1721 3976 1797 4017 se‘
1824 3979 1931 4016 non
1980 3970 2174 4032 putant

575 4054 642 4110 ad
690 4054 1019 4125 sequendum
1070 4054 1268 4120 Deum,
1315 4055 1416 4111 nisi
1456 4056 1637 4111 omnia
1682 4055 1829 4127 prius
1876 4056 2171 4113 carnalium

576 4148 907 4205 sarcinarum
937 4146 1319 4217 impedimenta
1344 4146 1671 4218 projecerint
1690 4191 1704 4216 ,
1729 4147 1907 4214 simul,
1936 4155 1992 4203 ut
2018 4162 2175 4204 more

578 4237 857 4295 hominum
885 4235 1373 4306 commigrantium,
1397 4236 1546 4307 prius
1574 4237 1644 4295 ad
1670 4237 1847 4294 locum
1875 4237 2171 4295 habitaculi

576 4327 829 4384 destinati
862 4344 950 4386 res
979 4344 1103 4385 suas
1131 4329 1460 4387 transferant
1496 4345 1657 4401 quam
1686 4330 1894 4400 seipsos
1922 4349 1933 4381 :
1966 4331 2171 4388 scilicet

577 4428 633 4474 ut
654 4436 777 4474 cum
798 4435 862 4477 ea
889 4435 1009 4489 qua:
1029 4420 1095 4475 ad
1116 4434 1175 4475 se
1197 4421 1470 4492 pertinent
1497 4422 1747 4479 universa
1779 4421 2165 4487 transtulerint,

498 4500 507 4509 ’
577 4517 707 4564 tunc
736 4510 837 4593 ipsi
874 4511 927 4581 iu
955 4510 1171 4579 plenam
1197 4526 1261 4565 ac
1288 4509 1544 4566 refertam
1584 4510 1741 4567 bonis
1779 4512 2169 4568 immortalibus

2274 3323 2390 3376 haec
2416 3331 2472 3377 et
2516 3330 2732 3379 austera
2781 3331 2925 3379 sunt.
2978 3323 3086 3378 Sed
3131 3323 3261 3395 quid
3305 3323 3566 3378 facimus?
3595 3320 3711 3376 Non
3740 3320 3861 3375 licet

2271 3428 2453 3468 rerum
2501 3420 2712 3468 mutare
2761 3420 3017 3481 naturas;
3068 3422 3123 3468 et
3167 3398 3438 3471 enuntiari
3485 3413 3642 3472 aliter
3668 3412 3862 3467 veritas

2274 3520 2383 3559 non
2404 3512 2583 3581 potest
2609 3520 2772 3575 quam
2809 3504 2891 3560 vis
2922 3505 3037 3579 ipsa
3076 3504 3241 3575 exigit
3276 3505 3537 3566 veritatis.
3589 3504 3727 3558 Dura
3750 3503 3863 3560 haec

2271 3595 2489 3666 quidam
2518 3604 2755 3668 putant,
2792 3595 2924 3662 scio,
2967 3603 3021 3649 et
3055 3594 3185 3650 satis
3214 3603 3394 3650 certus
3422 3611 3557 3650 sum.
3604 3595 3707 3652 Sed
3735 3595 3861 3664 quid

2271 3690 2528 3747 facimus?
2558 3688 2669 3744 Nisi
2694 3689 2841 3746 duris
2872 3704 2978 3742 non
3008 3688 3113 3741 itur
3142 3688 3209 3745 ad
3236 3701 3481 3759 regnum.
3520 3687 3676 3741 Arcta
3703 3672 3865 3749 enim;

2273 3783 2445 3853 inquit
2475 3780 2764 3848 Dominus,
2797 3789 2848 3835 et
2877 3786 3100 3851 angusta
3132 3779 3214 3832 via
3242 3787 3317 3833 est
3344 3795 3459 3851 qua:
3497 3779 3636 3832 ducit
3675 3778 3744 3830 ad
3783 3778 3857 3830 vi-

2274 3885 2378 3933 tam
2409 3872 2621 3947 (Matth.
2651 3891 2742 3936 vn,
2769 3870 2879 3943 14).
2912 3870 2981 3926 Ει
3002 3871 3289 3943 Apostolus
3314 3892 3325 3924 :
3361 3870 3642 3936 Existimo,
3667 3869 3854 3939 inquit,

2272 3969 2408 4040 quod
2434 3984 2536 4021 non
2570 3975 2691 4020 sunt
2719 3965 2991 4039 condignae
3023 3966 3289 4037 passiones
3332 3964 3486 4039 hujus
3516 3964 3758 4035 temporis
3792 3960 3862 4015 ad

2274 4062 2501 4131 futuram
2531 4058 2751 4128 gloriam
2791 4073 2907 4129 qua;
2948 4055 3253 4113 revelabitur
3284 4056 3335 4109 in
3366 4054 3512 4113 nobis
3537 4053 3713 4129 (Rom.
3746 4069 3855 4119 vui,

2273 4145 2384 4220 18).
2424 4144 2703 4217 Indignum
2731 4162 2850 4201 esse
2879 4147 2946 4200 ad
2973 4145 3162 4202 futura:
3191 4145 3374 4214 glorite
3402 4144 3859 4215 comparationem

2272 4253 2432 4293 omne
2458 4253 2593 4309 opus
2622 4236 2750 4291 dicit
2790 4237 3103 4291 humanum.
3144 4234 3212 4289 Et
3236 4235 3359 4290 ideo
3389 4234 3518 4288 nihil
3547 4233 3739 4287 durum
3768 4238 3861 4287 aut

2272 4337 2546 4387 austerum
2592 4328 2916 4383 Christianis
2942 4327 3110 4382 videri
3139 4327 3299 4382 debet
3325 4345 3336 4379 :
3368 4326 3495 4395 quia
3527 4324 3859 4394 quantalibet

2270 4438 2372 4493 pro
2404 4421 2728 4491 sempiterna
2756 4418 3089 4493 beatitudine
3113 4416 3327 4472 Christo
3356 4416 3611 4480 offerant,
3643 4414 3749 4469 vile
3776 4421 3860 4468 est

2271 4492 2415 4583 quod
2442 4511 2626 4599 datur,
2661 4511 2746 4565 ubi
2780 4492 2887 4564 tam
2918 4508 3118 4579 grande
3146 4515 3229 4562 est
3266 4507 3411 4576 quod
3438 4504 3716 4575 accipitur.
3768 4503 3860 4559 Ni-

577 4599 814 4666 domum,
847 4600 1123 4675 prtentissa
1146 4616 1325 4657 rerum
1355 4601 1627 4669 facultate,
1661 4604 2046 4672 commigrent;
2079 4620 2166 4660 se-
2197 4600 2246 4660 D
2272 4603 2346 4657 hil
2393 4593 2642 4672 magnum
2691 4603 2744 4655 in
2793 4602 2948 4655 terris
2995 4600 3062 4652 ab
3092 4598 3309 4652 homine
3353 4597 3462 4652 Deo
3492 4596 3739 4661 solvitur,
3767 4593 3858 4649 ubi

576 4691 691 4751 curi
718 4691 923 4763 absque
960 4691 1122 4749 dubio
1165 4693 1296 4747 nihil
1323 4693 1425 4749 sibi
1464 4702 1652 4765 postea
1700 4694 2007 4751 defuturum
2033 4738 2047 4762 ,
2076 4696 2172 4769 qui

576 4783 771 4843 exituri
791 4783 858 4839 de
878 4782 1181 4843 habitacula
1203 4785 1292 4841 vili
1314 4792 1368 4841 et
1389 4785 1776 4856 contemptibili
1801 4801 1863 4840 ac
1888 4786 1998 4854 jam
2023 4784 2166 4856 jam-

574 4891 680 4945 que
703 4876 929 4941 ruituro.
956 4876 1088 4931 nihil
1109 4876 1217 4933 illic
1238 4877 1305 4933 de
1325 4892 1424 4934 suo
1446 4877 1659 4947 penitus
1680 4877 1997 4949 reliquerint
2022 4877 2165 4949 quod

573 4969 793 5039 periret.
826 4968 952 5027 Haec
980 4982 1109 5041 ergo
1134 4977 1439 5027 sanctorum
1488 4985 1629 5041 spes,
1678 4969 1793 5027 hmo
1840 4969 2032 5025 ﬁducia
2061 4977 2159 5026 est.

575 5062 667 5122 Sic
690 5061 792 5119 sibi
832 5060 1085 5133 opulenta
1132 5076 1313 5119 rerum
1358 5060 1761 5117 transmissione
1809 5058 2159 5132 prospiciunt,

576 5159 633 5204 ut
660 5154 876 5213 internis
902 5153 1289 5211 immortalium
1336 5152 1651 5212 facultatum
1680 5152 1849 5223 copiis
1876 5150 2161 5224 perfruan-

577 5247 681 5296 tur.
723 5242 1089 5311 Cmterumtu,
1120 5245 1427 5317 quicunque
1474 5243 1562 5299 ille
1602 5258 1663 5297 es
1692 5253 1785 5296 aut
1812 5256 2161 5311 quascunque,

576 5348 694 5402 quae
721 5335 912 5395 animae
938 5344 1045 5397 tuae
1071 5353 1135 5396 ac
1158 5338 1346 5396 salutis
1374 5336 1539 5393 oblita
1557 5378 1570 5402 ,
1603 5336 1713 5405 ipsa
1744 5343 1798 5389 te
1819 5334 2042 5389 resculis
2062 5334 2169 5391 tuis

2272 4694 2417 4764 quod
2446 4703 2527 4749 est
2557 4693 2609 4747 in
2638 4693 2776 4747 coelo
2816 4690 3110 4745 maximum
3141 4695 3505 4759 comparatur.
3550 4689 3746 4742 Durum
3776 4692 3859 4741 est

2272 4785 2446 4839 avaris
2470 4785 2833 4853 utlargiantur
2861 4796 2972 4837 sua.
2998 4780 3136 4851 Quid
3162 4781 3390 4835 mirum?
3412 4783 3430 4818 τ
3446 4779 3641 4835 Totum
3665 4778 3856 4833 durum

2269 4884 2353 4932 est
2398 4875 2655 4944 quidquid
2703 4875 2999 4944 imperatur
3045 4872 3243 4927 invitis.
3306 4871 3463 4937 Quod
3488 4884 3685 4940 genera
3715 4883 3857 4938 prae-

2267 4973 2549 5036 ceptorum
2595 4971 2753 5027 sunt,
2806 4971 2887 5018 tot
2934 4961 3383 5017 adversariorum.
3444 4960 3502 5015 Si
3553 4959 3854 5026 largitatem

2266 5074 2385 5114 esse
2414 5057 2576 5131 296
2611 5055 2665 5110 in
2688 5054 2996 5110 hominibus
3019 5052 3170 5121 jubet
3209 5051 3499 5118 Dominus,
3532 5065 3725 5105 avarus
3752 5049 3859 5103 ira-

2268 5151 2465 5217 scitur;
2497 5150 2542 5204 si
2569 5148 2955 5221 parcimoniam
2983 5146 3184 5214 exigit,
3233 5145 3490 5216 prodigus
3516 5151 3855 5205 exsecratur;

2270 5256 2550 5298 sermones
2575 5254 2759 5296 sacros
2788 5234 3016 5308 improbi
3047 5235 3231 5291 hostes
3250 5251 3376 5292 suos
3395 5235 3615 5301 ducunt,
3640 5235 3862 5289 horrent

2272 5341 2520 5406 raptores
2560 5330 2817 5404 quidquid
2861 5329 2929 5386 de
2972 5328 3176 5398 iustitia
3218 5329 3489 5396 scribitur,
3518 5329 3745 5384 horrent
3769 5341 3862 5381 su-

1770 5445 2102 5501 STEPHANI
2140 5444 2414 5502 BALUZII
2451 5445 2678 5502 NOTAE.

648 5548 676 5577 ι
714 5537 866 5593 'l‘itus
892 5536 1074 5612 Livius
1092 5539 1186 5612 lib.
1218 5556 1384 5612 xxvul
1416 5558 1428 5593 :
1463 5538 1687 5612 Ingenia
1707 5538 1940 5612 humana
1956 5544 2077 5591 sunt
2097 5536 2167 5612 ad

576 5626 726 5681 gum
765 5612 945 5681 caulae
986 5608 1484 5681 leuandamiculpam
1536 5608 1694 5681 nimio
1744 5608 1857 5681 plus
1914 5608 2160 5681 facunda.

513 5718 518 5726 .
576 5679 812 5765 Velleius
858 5677 1177 5765 gaterculus
1220 5677 1372 5765 libro
1406 5679 1679 5736 secundo:
1731 5677 1873 5733 Adeo
1903 5677 2166 5751 familiare

576 5749 963 5861 uqhominibus
991 5751 1168 5807 omnia
1195 5748 1293 5834 sibi
1316 5751 1598 5833 ignoscere.
1837 5791 1857 5811 .
1903 5748 1912 5751 ⁷

711 5812 770 5878 tu
799 5819 1087 5889 recentiori
1134 5821 1321 5878 codice
1361 5829 1511 5890 regio
1548 5816 1809 5890 scriptum
1836 5824 1921 5877 est
1946 5833 2161 5875 conseia

2275 5546 2512 5593 sationis.
2736 5589 2743 5596 .

2347 5620 2369 5690 ξ
2410 5608 2537 5690 ἓως
2557 5604 2737 5690 addita
2757 5614 2880 5690 sunt
2907 5622 2975 5663 ex
3002 5606 3152 5690 libris
3171 5608 3385 5690 nostris.
3630 5674 3671 5690 L

2344 5674 2373 5717 ἀ
2410 5677 2537 5735 Haec
2583 5676 2778 5737 desunt
2822 5677 2875 5732 in
2905 5674 3152 5735 omnibus
3176 5678 3407 5747 antiquis
3434 5672 3855 5747 exemplaribus.

2347 5758 2370 5821 ξ’
2408 5748 2539 5821 Hinc
2563 5762 2777 5818 quoque
2792 5747 2991 5821 desunt
3003 5748 3065 5821 in
3085 5746 3318 5821 antiquis
3346 5746 3638 5821 codicibus:

2347 5818 2367 5857 τ
2408 5815 2542 5874 Vide
2574 5811 2755 5887 Supra.
2791 5815 2885 5873 lib.
2916 5833 2953 5883 ι,
2987 5815 3055 5873 de
3080 5811 3401 5887 Gubernan
3428 5829 3550 5890 pag.
3584 5811 3672 5874 ﬂ.
