4246 6264
241 374 349 431 2⁸57

1234 370 1574 427 ARNOBIUS
1608 369 1868 427 JUNIOR.
1909 403 1980 414 —
2016 372 2539 429 PROLEGOMENA.

244 486 403 558 perbi
426 484 692 559 quidquid
718 485 786 541 de
813 484 1109 540 humilitate
1145 484 1447 551 mandatur,
1489 485 1838 541 adversantur
1861 482 1916 543 Α
1938 486 1984 541 si
2012 487 2255 555 accipere
2283 502 2389 540 non
2416 492 2690 551 recusant,
2722 485 3171 553 quemadmodum
3200 488 3412 558 placere
3440 490 3519 546 eis

224 577 455 634 ebriosi
483 576 578 633 ubi
612 576 875 635 sobrietas
906 575 1177 641 indicitur,
1216 574 1549 631 detestantur
1586 575 1839 647 impudici

245 669 347 723 ubi
374 669 597 724 castitas
624 668 931 739 imperatur.
974 666 1082 723 Aut
1107 667 1240 721 nihil
1267 681 1398 736 ergo
1423 666 1707 723 dicendum
1734 675 1841 735 eet,

244 767 350 814 aut
376 759 635 830 quidquid
661 759 860 815 dictum
887 756 1065 825 fuerit,
1088 758 1387 827 cuicunque
1408 759 1839 829 supradictorum

246 854 536 909 hominum
577 862 604 891 ι
650 852 967 924 displicebit.
1042 849 1244 906 Mavult
1298 849 1521 920 quilibet
1568 848 1846 919 improbus

246 945 531 1003 exsecrari
574 945 747 1014 legem
793 959 957 1015 quam
1002 942 1291 999 emendare
1334 948 1598 1009 mentem;
1641 943 1845 997 mavult

248 1046 529 1111 praecepta
566 1037 744 1094 odisse
779 1051 942 1107 quam
983 1036 1134 1091 vitis.
1175 1033 1319 1088 inter
1358 1033 1499 1099 hmo,
1527 1033 1654 1102 quid
1683 1042 1842 1102 agant

247 1133 453 1204 quibus
492 1130 744 1201 loquendi
791 1145 825 1185 a
868 1127 1085 1185 Christo
1131 1124 1309 1183 cilicia
1348 1125 1702 1183 mandantur?
1730 1125 1843 1181 Deo

248 1224 561 1294 displicent,
589 1222 638 1280 si
657 1229 870 1289 tacent;
900 1220 929 1260 δ
957 1218 1283 1282 hominibus,
1315 1217 1363 1271 si
1380 1216 1687 1286 loquuntur.
1716 1214 1847 1283 Sed,

251 1322 318 1369 ut
344 1312 541 1370 Judasis
568 1312 804 1385 apostoli
827 1310 1260 1383 responderunt:
1291 1305 1519 1377 Expedit
1546 1308 1712 1379 magis
1737 1306 1849 1365 Deo

255 1402 463 1461 obedire
495 1421 652 1478 quam
676 1403 970 1462 hausistibus
999 1401 1138 1476 (Act.
1171 1416 1227 1467 v,
1255 1397 1367 1469 29).
1407 1398 1488 1455 Do
1516 1406 1696 1455 tamen
1722 1413 1845 1456 con-

259 1497 442 1553 silium
467 1496 721 1555 omnibus
747 1494 943 1566 quibus
967 1492 1149 1564 gravis
1178 1498 1235 1547 et
1260 1504 1489 1546 onerosa
1511 1494 1593 1545 est
1619 1488 1706 1544 lex
1734 1488 1848 1555 Dei,

1943 575 2148 646 possint
2174 589 2293 644 qum
2320 574 2460 633 Deus
2487 574 2745 645 praecipit.
2784 573 2974 631 Cuncti
3002 575 3145 632 enim
3172 578 3263 649 qui
3292 578 3524 635 oderunt

1944 668 2252 723 mandatum
2280 682 2493 722 sacrum
2517 710 2531 734 ,
2578 682 2793 722 causam
2840 668 2947 723 odii
2988 669 3041 722 in
3086 670 3274 739 seipsis
3302 671 3518 728 habent.

1944 759 2117 816 Omne
2156 760 2426 816 fastidium
2473 760 2581 813 neu
2628 760 2682 814 in
2728 761 3007 830 praeceptis
3047 769 3129 815 est
3157 762 3316 831 legis,
3344 764 3436 817 sed
3468 765 3522 819 in

1944 852 2183 907 moribus
2202 851 2332 906 suis.
2374 849 2484 904 Lex
2511 850 2709 923 quippe
2736 850 2875 907 bona
2903 858 3016 919 est,
3047 851 3141 907 sed
3167 867 3345 908 mores
3372 854 3521 910 mali.

1949 945 2027 1000 Ac
2051 960 2151 1015 per
2173 944 2279 1000 hoc
2305 951 2513 998 mutent
2541 940 2785 998 homines
2822 945 3154 1014 propositum
3191 953 3244 1000 et
3273 944 3521 1003 allectum

1947 1051 2122 1090 suum.
2164 1034 2221 1090 Si
2257 1048 2436 1089 mores
2476 1048 2603 1089 suos
2630 1033 2934 1103 probabiles
2961 1051 3079 1091 esse
3107 1035 3360 1105 fecerint,
3393 1040 3525 1095 nihil

1945 1125 2025 1181 eis
2047 1138 2119 1179 ex
2147 1139 2214 1178 eo
2241 1122 2385 1192 quod
2412 1122 2499 1176 lex
2526 1122 2668 1177 bona
2696 1123 2935 1193 praecipit
2954 1166 2968 1190 ,
3000 1124 3320 1195 displicebit.
3347 1126 3527 1194 Quan-

1946 1216 2018 1272 do
2061 1214 2204 1271 enim
2250 1215 2422 1271 bonus
2465 1214 2586 1283 quis
2629 1229 2748 1269 esse
2794 1216 3046 1286 coeperit,
3076 1233 3185 1272 non
3212 1228 3390 1288 potest
3418 1237 3525 1275 non

1949 1307 2176 1376 diligere
2213 1306 2387 1375 legem
2426 1304 2520 1359 Dei
2546 1322 2558 1356 :
2590 1305 2714 1373 quia
2747 1304 2851 1360 boc
2880 1306 3017 1361 intra
3046 1322 3104 1361 se
3132 1308 3293 1364 habet
3321 1310 3405 1364 lex
3434 1310 3528 1366 Dei

1952 1409 2158 1466 sancta,
2188 1397 2332 1468 quod
2360 1397 2533 1451 sancti
2560 1396 2804 1452 homines
2831 1397 2884 1451 in
2910 1398 3169 1454 moribus.
3208 1396 3392 1455 Gratia
3421 1400 3528 1456 Do-

1952 1476 2087 1545 mini
2113 1489 2284 1545 nostri
2310 1486 2437 1542 Jesu
2464 1485 2662 1541 Christi
2688 1502 2807 1541 cum
2837 1487 3025 1557 spiritu
3055 1497 3166 1544 tuo.
3196 1488 3386 1544 Amen.

1461 1598 1795 1656 STEPHANI
1833 1598 2100 1657 BALUle
2138 1589 2364 1655 ΝΟΤᾸΕ.

344 1728 370 1755 ι
408 1718 654 1790 Beperias
689 1717 857 1790 enim,
915 1722 977 1790 ut
1016 1712 1234 1790 Tacitus
1261 1713 1338 1766 ait
1365 1712 1421 1767 in
1448 1720 1640 1790 quarto
1669 1712 1851 1790 Anna-

274 1790 403 1846 lium
429 1783 584 1855 libro,
613 1788 699 1855 qui
727 1786 790 1843 ob
808 1784 1201 1855 similitudinem
1223 1799 1426 1855 morum
1472 1783 1648 1837 aliena
1692 1785 1855 1838 male-

280 1804 403 1846 num
430 1804 584 1855 ituro,
613 1804 699 1912 zu:
727 1804 790 1843 ω
808 1804 1201 1842 statutum
1223 1804 1426 1838 monuit
1472 1804 1648 1837 attenti
1692 1804 1855 1838 mate-

280 1861 420 1930 facta
452 1857 616 1930 sibio
643 1858 829 1930 Jectari
860 1863 1055 1930 putent.
1099 1852 1278 1930 Etiam
1305 1853 1475 1930 gloria
1500 1870 1561 1906 ac
1590 1854 1745 1907 virtus
1773 1855 1855 1908 in-

302 1932 450 1982 ensos
484 1924 658 1992 habet,
688 1935 743 1981 ut
774 1924 924 1980 nimis
963 1941 1029 1980 ea:
1058 1924 1350 1996 propinquo
1380 1924 1583 1996 diversa
1612 1940 1853 1996 arguens.

329 1999 632 2069 ieronymus
656 1998 713 2051 in
738 1996 962 2069 epistola
990 1992 1068 2050 ad
1087 1992 1408 2069 Rusticum:
1442 1992 1568 2069 Scio
1590 1992 1859 2069 meto/[en-

286 2083 458 2125 surum
483 2063 607 2123 esse
629 2063 1023 2138 quamplurimas
1055 2066 1142 2136 qui
1170 2064 1463 2136 generalem
1491 2063 1556 2117 de
1580 2065 1716 2118 vitiis
1745 2065 1848 2117 dis-

1880 1721 1928 1782 B
1954 1714 2267 1784 putationem
2295 1714 2349 1784 in
2395 1728 2543 1767 suam
2588 1714 2817 1784 referunt
2854 1714 3231 1784 contumeliam.
3276 1714 3531 1783 Sulpitius

1957 1780 2191 1837 Severus
2212 1782 2433 1853 in_libro
2459 1780 2696 1837 secundo
2724 1780 2901 1839 Sacra:
2921 1782 3166 1837 Historia:
3214 1780 3438 1853 loquens
3464 1786 3530 1839 de

1958 1854 2170 1907 Nerone
2204 1870 2216 1904 :
2252 1851 2450 1921 Quippe
2485 1868 2683 1921 semper
2708 1853 2918 1906 inimica
2958 1853 3221 1908 virtutibus
3252 1851 3372 1908 vitia
3394 1868 3529 1921 sunt,

1959 1931 2009 2005 et
2031 1924 2213 2005 optimi
2240 1925 2421 1994 quique
2443 1922 2508 1976 ab
2535 1921 2776 1993 improbis
2813 1925 2960 1994 quasi
3002 1926 3367 1995 exprobrantes
3395 1926 3530 1997 aspi-

1961 2002 2233 2117 cmbmi‘lide
2260 2077 2423 2135 supra
2444 2062 2496 2115 in
2527 2062 2672 2119 notis
2697 2062 2765 2119 ad
2790 2075 2914 2135 pag.
2949 2063 3037 2119 98.

303 2219 3534 2268 Μ

413 2357 1987 2587 ARN-OBIUS
2157 2361 3379 2691 JUNIOB.

1311 2857 2145 2965 PROIJEGOM
2162 2859 2351 2967 EN
2368 2862 2515 2966 Α.

402 3191 487 3246 Ea:
520 3191 837 3246 Bellannino
866 3192 928 3245 de
968 3192 1314 3263 Scriptoribus
1342 3192 1734 3249 Ecclesiasticis.

358 3326 646 3392 Arnobius,
677 3342 785 3382 non
831 3325 919 3382 ille
960 3326 1053 3395 qui
1097 3325 1312 3395 scripsit
1350 3337 1535 3383 contra
1571 3325 1771 3385 Gentes
1809 3333 1866 3382 et

286 3417 386 3472 sub
413 3417 746 3472 Diocletiano
793 3415 991 3483 ﬂoruit,
1032 3417 1126 3474 sed
1171 3419 1307 3475 alius
1345 3418 1554 3486 Junior,
1581 3421 1673 3490 qui
1702 3419 1864 3491 paulo

250 3544 257 3547 ι
288 3516 407 3579 post
435 3518 675 3565 sanctum
697 3508 931 3566 Leonem
958 3526 1151 3581 papam
1177 3512 1374 3568 vixisse
1403 3513 1627 3580 videtur,
1651 3512 1867 3583 scripsit

291 3598 472 3654 librum
516 3601 660 3654 titulo
709 3600 988 3671 Conﬂictus
1032 3604 1272 3657 catholici
1311 3622 1424 3660 cum
1471 3604 1758 3678 Serapione
1801 3603 1867 3661 de

291 3687 402 3743 Deo
431 3691 566 3745 trino
601 3701 651 3745 et
677 3707 814 3757 uno;
846 3693 973 3747 item
1003 3693 1065 3750 de
1090 3694 1291 3751 duabus
1313 3696 1370 3753 iu
1396 3681 1599 3755 Christo
1611 3695 1867 3753 Substitit-

300 3781 382 3833 tiis
407 3782 462 3834 in
486 3782 683 3835 unitate
709 3799 975 3854 pet-some;
1006 3784 1133 3840 item
1161 3786 1225 3840 de
1251 3783 1433 3842 Gratia
1459 3798 1508 3842 et
1544 3787 1688 3843 liberi
1715 3788 1867 3845 Arbi-

297 3872 382 3923 trii
410 3872 682 3926 concordia
704 3890 722 3928 .·
752 3875 843 3942 qui
873 3875 994 3929 libri
1023 3876 1147 3931 editi
1171 3884 1313 3932 sunt.
1346 3878 1527 3948 Neque
1554 3888 1635 3934 est
1662 3880 1864 3950 impro-

292 3961 471 4016 babile
496 3962 652 4032 hujus
679 3964 899 4020 Arnobii
924 3965 1163 4022 iunioris
1201 3983 1320 4024 esse
1343 3968 1771 4027 Commentarios
1810 3970 1863 4025 in

294 4052 560 4121 Psalmos,
600 4058 690 4126 qui
726 4058 824 4112 sub
851 4057 1070 4114 Arnobii
1118 4062 1336 4116 nomine
1377 4062 1862 4120 circumferuntur:

295 4148 364 4203 de
392 4146 589 4218 quibus
613 4147 732 4207 vide
751 4163 870 4220 qua:
887 4149 1113 4207 diximus
1137 4168 1297 4222 supra
1323 4153 1374 4207 in
1398 4154 1653 4220 Arnobio,
1674 4153 1867 4209 sacculo

294 4240 483 4297 tertio.

1053 4311 1118 4367 ll.

453 4418 688 4477 Candida
731 4422 984 4489 Lucrum,
1024 4423 1085 4478 F.
1126 4421 1224 4481 Fu.
1266 4422 1720 4481 Fsu-Aansrt'rtus.

370 4534 504 4589 Cum
550 4552 691 4593 anno
739 4538 950 4595 Domini
999 4541 1137 4596 1595
1180 4526 1534 4598 incommoda
1579 4537 1872 4598 valetudini

296 4626 660 4694 consulturus,
690 4643 751 4682 ex
781 4627 952 4684 Gallia
980 4634 1262 4699 secedens,
1293 4630 1664 4703 Spadanorum
1693 4629 1874 4686 acidos

296 4717 474 4771 fontes
520 4733 614 4786 per
658 4717 922 4775 Leodinm
962 4723 1340 4793 amplissimam
1388 4723 1554 4795 Belgii
1600 4723 1873 4781 civitatem

294 4817 557 4877 peterem,
589 4824 617 4863 a
644 4818 812 4866 veteri
837 4811 1118 4883 discipulo,
1151 4815 1489 4885 sodalitiiquc
1532 4814 1875 4873 Franciscani

296 4901 497 4955 ibidem
541 4901 742 4957 lectore
784 4903 835 4956 in
884 4906 1265 4961 monasterium
1308 4906 1365 4962 S.
1390 4905 1574 4967 Jacobi
1603 4910 1877 4966 memoria:

297 5006 509 5045 sacrum
535 4993 841 5062 perductus,
882 5004 1223 5067 veteremque
1251 4994 1628 5054 bibliothecam
1658 5003 1872 5075 perqui-

299 5099 451 5148 rens,
481 5084 537 5137 in
574 5087 1005 5157 manuscriptum’
1021 5089 1263 5143 codicem
1305 5090 1484 5154 incidi,
1514 5092 1667 5162 cujus
1692 5094 1881 5151 titulus

298 5184 445 5239 crat,
482 5174 673 5246 Incipit
706 5178 986 5250 Conﬂictus
1028 5180 1244 5240 Arnobii
1281 5183 1522 5238 catholici
1558 5201 1674 5241 cum
1712 5186 1874 5241 Sera-

298 5267 455 5336 pione
472 5262 744 5338 Egi/ptio,
768 5261 872 5324 etc.
895 5265 1148 5337 Quasdam
1168 5270 1288 5341 ejus
1303 5271 1513 5338 evolvo,
1535 5271 1877 5344 deprehendo

301 5355 627 5412 Conﬂictum
658 5357 726 5413 de
769 5374 829 5414 re
857 5360 1093 5418 omnium
1123 5362 1266 5417 inter
1288 5359 1620 5418 Christianos
1645 5363 1877 5418 maxima

300 5445 633 5511 institutum,
690 5455 747 5501 et
812 5463 1085 5517 nunquam
1144 5458 1302 5507 antea
1359 5453 1500 5523 typis
1550 5452 1870 5525 evulgatum.

299 5535 454 5605 Rogo
482 5539 800 5599 veneranda:
844 5540 1059 5611 pietatis
1098 5543 1331 5610 priorem
1350 5582 1368 5609 ,
1401 5551 1460 5598 ut
1501 5558 1598 5612 per
1642 5543 1873 5615 aliquem

298 5623 527 5682 fratrum
555 5637 859 5685 nostrorum
886 5639 1071 5701 posset
1096 5634 1358 5700 exscribi;
1388 5634 1644 5698 admittit,
1673 5636 1872 5691 exscri-

469 5719 729 5790 Spadium
751 5722 818 5776 ad
846 5738 931 5779 me
951 5726 1347 5793 transmittunt;
1378 5726 1451 5782 ibi
1472 5727 1726 5783 attentius
1750 5739 1875 5798 per-

425 5846 439 5865 .
472 5806 659 5868 Placet
684 5810 949 5879 brevitas,
981 5828 1105 5872 acre
1143 5816 1379 5874 auctoris
1415 5817 1705 5887 ingenium,
1735 5827 1873 5887 opus

1890 3082 1937 3146 C
1964 3081 2185 3150 dignum
2213 3080 2333 3141 luce
2360 3081 2587 3139 videtur.
2623 3082 2745 3140 Hau:
2774 3092 2981 3141 tantum
3007 3085 3372 3154 morabantur,
3401 3090 3541 3157 quod

1954 3175 2233 3243 nescirem
2260 3174 2380 3246 quis
2405 3173 2527 3244 ille,
2560 3183 2652 3231 aut
2696 3175 2911 3249 quando
2948 3176 3169 3249 vixisset
3207 3186 3368 3248 atque
3410 3182 3541 3236 scri-

1966 3263 2181 3333 psisset.

2036 3355 2095 3411 in
2123 3356 2309 3427 primis
2337 3358 2481 3413 enim
2507 3358 2883 3427 certissimum,
2905 3376 3014 3417 non
3041 3360 3206 3421 fuisse
3230 3379 3351 3421 eum
3372 3365 3542 3423 Arno-

1965 3446 2111 3501 bium
2151 3449 2245 3517 qui
2286 3448 2619 3506 Diocletiano
2654 3453 2977 3526 imperatore
3017 3462 3225 3524 septem
3253 3456 3420 3512 libros
3449 3456 3541 3510 ad-

1966 3553 2154 3594 versus
2181 3536 2382 3597 Gentes
2409 3541 2595 3608 edidit,
2616 3544 2869 3611 quoniam
2898 3543 3067 3598 forma
3091 3545 3301 3599 dicendi
3326 3546 3541 3600 omnino

1965 3628 2211 3696 diversa;
2237 3638 2315 3697 et,
2360 3633 2506 3702 quod
2551 3632 2741 3703 majus,
2772 3634 3083 3702 reprehensi
3112 3632 3324 3698 Ariani,
3356 3633 3540 3687 Photi-

1965 3721 2133 3785 niani,
2164 3719 2484 3785 Nestoriani,
2515 3720 2715 3774 laudati
2752 3736 2880 3775 vero
2909 3721 3207 3787 Augustini,
3253 3721 3537 3786 AmbrOsii,

1966 3808 2149 3883 Cyrilli
2179 3808 2546 3874 Alexandrini,
2577 3809 2806 3873 Damasi,
2837 3818 2891 3862 et
2919 3808 3143 3873 Leones,
3174 3810 3335 3864 alium
3359 3821 3541 3865 aucto-

1966 3917 2082 3957 rem
2110 3901 2362 3971 produnt.
2395 3900 2578 3969 Itaque
2607 3901 2651 3954 si
2680 3900 2747 3955 de
2773 3916 2833 3955 re
2873 3900 3097 3955 obscura
3141 3910 3193 3955 ct
3222 3901 3381 3955 dubia
3411 3900 3536 3954 indi-

1967 4008 2110 4061 care,
2143 4008 2471 4064 cognoscere
2499 4003 2554 4051 et
2591 4002 2825 4049 statuere
2863 4010 3097 4064 possum,
3127 3995 3169 4049 is
3192 4002 3274 4049 est
3300 3996 3391 4065 qui
3419 3996 3542 4050 bre-

1968 4099 2063 4139 ves
2110 4086 2165 4139 in
2221 4083 2463 4140 Psalmos
2511 4082 2939 4140 Commentarios
2995 4085 3246 4153 reliquit,
3293 4086 3540 4153 quoniam

1970 4176 2160 4234 eadem
2204 4178 2458 4242 brevitas,
2498 4178 2642 4234 amics
2681 4179 2864 4241 anitui,
2896 4179 3063 4247 stylus
3109 4179 3398 4248 neglectus,
3431 4181 3542 4233 loca

1970 4265 2159 4325 eodem
2181 4282 2343 4324 sensu
2363 4282 2427 4322 ac
2462 4282 2599 4337 pene
2619 4269 2796 4324 verbis
2818 4268 3043 4331 reddita,
3085 4270 3390 4337 eaedemque
3418 4286 3545 4323 cou-

1971 4355 2154 4411 futata:
2183 4358 2431 4423 hmreses,
2459 4359 2714 4428 temporis
2758 4358 2988 4426 denique
3035 4359 3173 4414 ratio
3219 4360 3543 4413 convenien-

1893 4449 1948 4509 D
1969 4448 2197 4514 tissima,
2228 4449 2475 4503 nimirum
2506 4448 2701 4505 Leonis
2728 4452 2917 4505 summi
2950 4451 3215 4519 pontiﬁcis
3258 4460 3407 4517 tetas,
3440 4469 3545 4523 qua

1970 4538 2183 4595 initium
2229 4538 2392 4595 fuisse
2434 4555 2549 4595 non
2588 4540 2802 4594 diflicile
2848 4540 3280 4609 deprehenditur.
3328 4541 3547 4597 Accedit

1972 4628 2201 4697 Alcuini,
2218 4629 2395 4684 Caroli
2414 4629 2587 4698 Magni
2602 4631 2962 4700 praeceptoris,
2982 4632 3282 4701 hujusmodi
3305 4635 3546 4688 testium—

1975 4720 2121 4776 nium
2152 4717 2353 4791 (Epist.
2373 4720 2440 4773 ad
2470 4717 2708 4775 Flavium
2730 4719 2974 4787 Marium)
3003 4739 3015 4773 :
3043 4723 3315 4787 Arnobius,
3340 4725 3391 4775 in
3414 4723 3547 4776 Con-

1974 4812 2120 4883 ﬂictu
2148 4827 2296 4884 quem
2322 4810 2499 4865 habuit
2520 4827 2636 4866 cum
2660 4811 2977 4881 Serapione,
3006 4812 3187 4866 rubum
3216 4815 3383 4883 posuit
3410 4829 3547 4864 mas-

1976 4886 2131 4960 culini
2170 4904 2389 4975 generis,
2419 4911 2547 4967 etc.;
2578 4916 2697 4971 qua:
2724 4902 2814 4957 hic
2843 4903 2909 4956 ad
2940 4904 3159 4959 verbum
3190 4905 3541 4974 reperiuntur.

1981 4996 2046 5051 Et
2076 4997 2217 5052 idem
2242 5011 2425 5051 rursus
2454 4994 2589 5050 libro
2618 5004 2794 5059 sexto,
2824 5004 3011 5052 contra
3035 4996 3261 5052 Felicem
3286 4994 3546 5059 Ui-gclita-

1978 5103 2139 5152 num:
2179 5085 2348 5141 υοὸιτί
2392 5084 2550 5153 huius
2588 5085 2809 5144 Aruobii
2850 5088 2924 5140 ita
2964 5084 3208 5141 meminit
3250 5079 3547 5133 :Arnobius

1980 5180 2057 5234 vis
2110 5179 2246 5233 acris
2283 5179 2503 5249 ingenii,
2538 5179 2594 5231 in
2636 5176 2889 5247 Conﬂata
2927 5192 3073 5246 quem
3110 5187 3226 5225 cum
3267 5168 3549 5239 Serapione

1985 5269 2179 5335 habuit,
2206 5276 2306 5323 etc.
2337 5268 2475 5337 Quin
2504 5278 2558 5325 et
2585 5277 2709 5324 ante
2734 5268 3014 5323 Alcuinum
3053 5264 3191 5317 idem
3225 5275 3255 5314 a
3284 5262 3551 5320 nonnullis

1984 5363 2057 5417 ita
2072 5360 2325 5417 adversus
2352 5360 2579 5417 Arianos
2597 5361 2790 5416 citatur
2808 5355 2981 5412 sancti
2993 5352 3273 5422 Augustini
3292 5354 3509 5411 nomine
3534 5374 3545 5409 :

1979 5453 2294 5524 Augustinus
2321 5454 2378 5507 in
2396 5452 2743 5515 Altercatione
2766 5446 2981 5501 Αντιοὸἰὲ
3002 5454 3052 5499 et
3086 5444 3406 5519 Serapionis,
3438 5456 3545 5503 etc.

1979 5545 2182 5612 Quibus
2202 5544 2539 5605 manifest
2567 5548 2650 5595 est
2676 5539 2741 5593 ad
2768 5537 2898 5595 illud
2938 5540 3085 5609 quod
3111 5540 3339 5597 diximus
3384 5555 3551 5596 saecu-

1979 5637 2086 5691 lum
2114 5638 2402 5709 pertinere.

2047 5725 2210 5783 Multa
2238 5726 2294 5782 in
2330 5725 2434 5783 hoc
2476 5720 2651 5777 adhuc
2690 5718 2867 5776 hiulca
2909 5730 2965 5779 et
3006 5723 3193 5779 mutila
3234 5721 3549 5790 comperies,

1978 5839 2092 5891 quur
2123 5814 2355 5872 nonnisi
2381 5809 2832 5869 emendatioribus
2861 5813 3254 5884 exemplaribus
3296 5810 3550 5880 poterunt

3413 380 3518 438 ω
3632 358 3639 365 .
