4246 6264
654 450 757 508 ἳῖρθ

2022 438 2299 495 ARNOBII
2335 437 2638 494 JUNIORIS

3736 462 3748 473 ο
3821 430 3931 487 240

651 567 830 625 sanari
864 583 877 618 :
908 561 1149 632 qumdam
1179 558 1410 628 purioris
1459 556 1597 610 Latii
1645 555 1891 609 Patribus
1919 553 2095 608 minus
2126 553 2237 607 usi-
2270 562 2318 616 Α
2346 550 2661 607 ιιιειιιιιιὶοεμ
2689 562 2809 603 esse
2847 547 3014 603 fetum
3053 546 3212 615 hujus
3251 542 3463 599 Amobii
3486 539 3741 596 Junioris.
3776 537 3845 593 Ut
3875 547 3933 593 ut

654 666 782 722 tata,
807 654 1013 711 auctori
1036 650 1389 707 condonanda
1410 668 1422 703 :
1442 650 1621 705 omnia
1641 663 1772 703 vero
1794 649 1901 719 pia,
1919 646 2239 712 orthodoxa,

652 759 707 805 et
733 748 988 802 adversus
1030 760 1200 798 novos
1231 742 1478 807 Arianos,
1524 740 1893 803 Nestorianos,
1924 737 2243 807 Pelagianos

654 835 1110 895 commodissima.
1153 832 1300 904 Opus
1326 849 1426 903 per
1447 832 1739 903 particulas
1766 830 2156 894 distribuimus,
2185 837 2244 884 ut

655 929 799 984 uotis
825 925 1022 981 nostris
1051 921 1404 996 quarumdam
1430 923 1868 978 emendationum
1917 929 1973 975 et
2009 921 2245 975 illustra-

654 1020 863 1074 tionum
890 1018 1254 1073 iudicaremus
1282 1017 1521 1071 rationes
1547 1034 1559 1068 :
1590 1015 1779 1070 lrenmi
1810 1015 2064 1085 operibus
2102 1012 2246 1069 Con-

656 1110 856 1166 flictum
880 1109 1238 1179 adjunximus,
1268 1108 1413 1177 quod
1442 1108 1607 1163 etiam
1637 1107 1737 1162 iste
1765 1107 2023 1176 plurimas
2056 1115 2245 1161 contra

658 1205 824 1258 Deum
872 1204 1104 1259 bmreses
1150 1200 1397 1257 refellat:
1423 1209 1479 1255 et
1522 1200 1667 1269 quod
1711 1200 1853 1254 illius
1895 1198 2090 1254 edendi
2133 1208 2244 1253 tum

656 1293 992 1349 commodior
1016 1299 1161 1347 esset
1204 1290 1360 1345 ratio.
1396 1288 1510 1344 Hoc
1549 1289 1732 1360 itaque
1777 1289 1915 1344 bene
1964 1286 2162 1353 fruere,
2191 1296 2248 1343 et

658 1388 858 1441 nostris
903 1401 1002 1456 pro
1042 1382 1343 1439 Christiana
1393 1383 1595 1453 pietate
1645 1383 1837 1438 studiis
1880 1390 1935 1437 et
1976 1382 2247 1438 laboribus

658 1473 965 1530 Ch.istiano
1020 1474 1201 1528 animo
1251 1471 1391 1527 fave.
1441 1471 1682 1527 Colonia:
1729 1472 2034 1543 Agrippina}
2076 1468 2242 1538 1595,

660 1566 997 1639 Septembris
1027 1565 1113 1619 16.

698 1668 707 1681 '
1415 1655 1500 1710 III.

584 1760 590 1768 ‘
660 1752 748 1808 Ea:
775 1752 1007 1807 Autberti
1036 1750 1209 1806 Μὶν-(εί
1236 1748 1623 1871 Auctuaripiflie
1659 1748 2013 1820 Scriptoribus
2043 1747 2242 1804 Eccles.

1336 1836 1451 1871 can.
1594 1859 1607 1871 .

1336 1836 1451 1890 cap.
1486 1836 1547 1871 ιι
1567 1836 1607 1872 ι.

2346 643 2434 708 sit,
2465 642 2684 712 sapiunt
2711 639 3178 708 Pelagianismum.

2987 795 3180 866 .qw.

2348 913 2434 968 Ea:
2461 913 2723 967 Guliielmi
2760 912 2892 967 Cave
2939 910 3176 966 Historia
3204 870 3458 964 litterario
3483 908 3547 961 de
3576 905 3935 977 Scriptoribus

2882 981 3107 1046 Eccles.,
3131 998 3250 1052 pag.
3281 979 3405 1033 289.

2419 1117 2725 1183 Arnobius,
2771 1114 2963 1169 Iunior
3016 1114 3177 1182 vulgo
3222 1113 3412 1176 dictus,
3464 1119 3525 1165 ut
3574 1110 3641 1164 ab
3695 1108 3927 1165 Arnobic

2347 1209 2477 1280 Afro
2523 1207 2902 1275 distinguatur,
2946 1213 3135 1275 gente,
3165 1213 3224 1260 ut
3251 1203 3479 1266 videtur,
3510 1200 3714 1265 Gallus,
3745 1198 3939 1255 claruit

2352 1302 2497 1357 circa
2526 1316 2653 1356 ann.
2687 1298 2809 1366 460,
2843 1308 2901 1355 ut
2943 1314 3011 1354 ex
3056 1297 3407 1368 inscriptione
3447 1292 3833 1350 Commentarii
3885 1290 3939 1344 in

2350 1392 2596 1450 Psalmos
2641 1393 2868 1449 Leontio
2914 1390 3216 1465 Arelatensi
3262 1397 3317 1444 et
3346 1387 3566 1443 Rustico
3604 1382 3942 1440 Narbonensi

2350 1488 2618 1559 episcopis
2639 1487 2934 1557 nuncupati
2972 1483 3277 1553 colligitur:
3320 1481 3501 1536 Leone
3527 1487 3673 1534 certe
3701 1476 3943 1547 aliquan-

2352 1588 2527 1633 tu.um
2557 1578 2844 1649 posterior,
2893 1587 3054 1646 quem
3102 1574 3303 1646 passim
3352 1569 3553 1626 laudat.
3581 1566 3811 1624 Exstant
3844 1565 3943 1622 sub

2350 1666 2493 1721 illius
2521 1668 2740 1722 nomine
2773 1685 2784 1719 :

2425 1755 2833 1815 Commentarius
2894 1758 2950 1810 in
3000 1754 3244 1809 Psaimos
3291 1751 3507 1806 Davidis
3554 1765 3651 1815 CL,
3704 1736 3943 1803 Arnobio

2354 1848 2482 1903 Atro
2530 1848 2672 1902 male
2716 1848 2997 1917 ascriptus.
3046 1844 3253 1900 Prodiit
3297 1842 3523 1898 seorsim
3574 1837 3944 1906 Basil.1522;

736 1933 955 1988 Arnobii
986 1933 1237 1989 catholici
1266 1939 1321 1986 et
1359 1930 1669 2001 Serapionis
1701 1930 1940 2002 Egyptii
1969 1930 2249 2001 Couﬂictus
2284 1938 2290 1997 1

2370 1941 2548 1997 leinde
2569 1942 2636 1996 ab
2658 1939 2884 1995 Erasmo
2914 1940 3089 1993 editus
3117 1938 3300 1993 Colon.
3335 1935 3493 1999 1552,
3522 1933 3691 1999 in-8';
3715 1932 3950 1999 denique

665 2024 727 2079 de
748 2023 855 2078 Deo
881 2025 1014 2078 trino
1035 2032 1083 2077 et
1110 2039 1233 2086 uno,
1263 2021 1325 2075 de
1345 2018 1541 2074 duabus
1569 2022 1623 2074 in
1645 2018 1850 2075 Christo
1877 2021 2178 2075 substantiis
2200 2022 2255 2074 in

665 2116 862 2169 unitate
888 2130 1140 2185 personae,
1171 2113 1236 2167 de
1263 2113 1448 2184 gratia:
1473 2121 1525 2166 et
1545 2110 1690 2166 liberi
1725 2112 1928 2166 arbitrii
1957 2112 2253 2179 concordia,

668 2208 720 2262 in
751 2207 886 2262 duos
914 2207 1080 2261 libros
1099 2206 1446 2269 distributus,
1470 2220 1502 2259 a
1539 2203 1827 2260 Francisco
1857 2203 2258 2259 Feu—Ardentio

669 2295 826 2361 1595,
863 2296 1098 2362 Lcodici,
1140 2297 1193 2350 in
1224 2296 1555 2351 monasterio
1587 2293 1645 2349 S.
1675 2294 1860 2350 Jacobi
1892 2303 2171 2366 repertus,
2205 2303 2261 2350 et

669 2391 738 2445 ab
758 2389 948 2445 eodem
976 2388 1115 2443 1595
1142 2388 1381 2444 Colonia:
1417 2404 1541 2444 cum
1572 2388 1715 2443 uotis
1744 2396 1829 2443 est
1857 2388 2050 2443 editus.
2092 2386 2259 2442 Eum—

671 2481 792 2537 dem
819 2480 1140 2537 Conﬂictum
1163 2491 1288 2552 post
1304 2497 1367 2537 ea
1394 2479 1745 2537 Colonienses
1767 2480 1903 2535 1618
1924 2482 1977 2537 in
1999 2481 2261 2538 tomumV

673 2573 1020 2629 Bibliotheca:
1042 2572 1262 2629 Patrum
1292 2574 1611 2629 retulerunt.
1637 2573 1806 2644 Hujus
1826 2590 1990 2645 porro
2019 2575 2267 2630 lucubra-

676 2668 835 2723 tionis
861 2682 1056 2738 parcus
1075 2667 1233 2735 vulgo
1264 2674 1488 2722 vocatur
1512 2665 1767 2721 Arnobius
1794 2666 2000 2733 Junior,
2029 2674 2085 2721 et
2112 2674 2270 2738 puta-

677 2768 765 2815 tur
790 2767 949 2814 mtate
969 2757 1033 2819 .S.
1054 2757 1268 2823 Leonis
1304 2757 1513 2827 Magni,
1547 2766 1639 2812 aut
1670 2759 1833 2829 paulo
1861 2767 1985 2831 post
2014 2760 2229 2814 vixisse.

744 2850 1011 2907 Caeterum
1034 2867 1101 2907 eo
1130 2851 1242 2907 fere
1278 2859 1521 2922 tempore
1548 2867 1657 2922 quo
1685 2850 1990 2908 Hadrianus
2017 2852 2087 2909 Vl
2109 2868 2266 2908 crea-

678 2954 764 3001 tus
806 2954 888 3002 est
938 2946 1202 3016 pontifex,
1248 2947 1301 3001 in
1348 2940 1768 3002 Francodalensi
1807 2948 2077 3014 cmnobio,
2130 2947 2273 3002 inter

679 3037 1030 3093 Wormatiam
1059 3046 1115 3093 et
1153 3038 1364 3109 Spiram
1387 3078 1404 3105 ,
1434 3039 1636 3095 inventi
1662 3047 1786 3094 sunt
1816 3037 2181 3095 Commentarii
2219 3042 2275 3094 in

682 3150 853 3188 omnes
882 3133 1120 3188 Psalmos
1168 3134 1413 3197 Davidis;
1456 3147 1591 3201 quos
1620 3131 1965 3199 Trithemius,
1999 3132 2273 3199 Erasmus,

683 3223 897 3277 Baneus
925 3232 980 3277 et
1008 3224 1095 3276 alii
1124 3221 1351 3277 Αγηοὸἱο
1390 3220 1598 3276 Seniori
1652 3220 1753 3291 (de
1780 3238 1889 3292 quo
1919 3222 2278 3294 Hieronymus

2359 2052 2389 2090 a
2421 2034 2714 2091 Laurentio
2742 2032 2809 2088 de
2838 2033 2887 2086 la
2912 2032 3077 2086 Barre
3099 2030 3418 2086 emendatus
3446 2027 3624 2081 Paris.
3650 2022 3807 2079 1639.
3841 2022 3951 2076 Ex-

2357 2135 2464 2184 stat
2492 2136 2547 2181 et
2572 2126 2626 2181 in
2656 2125 2988 2179 Bibliotheca
3015 2122 3163 2200 Patr.
3188 2132 3318 2176 tom.
3348 2118 3483 2183 VIII,
3506 2134 3561 2188 p.
3585 2116 3708 2170 205.

2432 2216 2821 2272 Annotationes
2850 2216 2916 2269 ad
2936 2214 3179 2285 qurcdam
3202 2214 3319 2269 loca
3340 2209 3808 2278 evangelistarum,
3830 2218 3952 2275 qua:

2360 2309 2629 2364 habentur
2659 2306 2816 2361 edita:
2839 2305 3003 2359 Basil.
3058 2303 3216 2367 1545,
3265 2301 3436 2369 ίη-ὃο,
3469 2308 3525 2355 et
3551 2315 3584 2354 a
3610 2297 3815 2360 Scotto,
3859 2309 3952 2351 re-

2361 2401 2591 2469 cognita:
2618 2397 2796 2451 Paris.
2823 2394 2980 2449 1659.

2431 2490 2709 2544 Altercatio
2735 2504 2823 2541 seu
2840 2485 3122 2555 Couﬂictus
3154 2502 3269 2539 cum
3304 2484 3592 2554 Serapione
3614 2478 3870 2552 Egyptio
3892 2476 3956 2531 de

2363 2582 2474 2636 Deo
2497 2583 2632 2635 trino
2658 2589 2709 2634 et
2737 2596 2871 2642 uno;
2910 2578 2973 2631 de
2998 2577 3196 2630 duabus
3236 2578 3290 2630 in
3334 2574 3540 2629 Christo
3573 2572 3879 2628 substantiis
3905 2580 3959 2623 et

2364 2674 2520 2728 unica
2547 2688 2786 2743 persona,
2806 2680 2853 2724 et
2883 2669 2945 2722 de
2964 2670 3150 2741 gratia:
3170 2684 3230 2721 ac
3256 2666 3401 2721 liberi
3424 2666 3629 2719 arbitrii
3651 2663 3957 2730 concordia,

2369 2764 2422 2818 in
2471 2763 2608 2818 duos
2654 2762 2819 2817 libros
2864 2751 3051 2814 divisa.
3084 2757 3409 2829 Opusculum
3439 2755 3609 2821 istud,
3634 2753 3821 2809 nescio
3851 2769 3966 2823 qua

2368 2857 2692 2912 auctoritate
2728 2854 2937 2916 ductus,
2971 2852 3110 2906 inter
3143 2850 3319 2918 Vigilii
3340 2847 3628 2917 Tapsensis
3655 2846 3834 2915 Opera
3874 2859 3968 2900 re-

2373 2950 2524 3022 ponit
2568 2946 2865 3003 Casimirus
2903 2943 3094 3000 Oudin.
3135 2944 3296 3009 Certe
3334 2949 3525 3012 praeter
3552 2939 3801 2995 codicum
3829 2952 3959 2992 mss.

2376 3041 2555 3105 tidem,
2611 3040 2741 3095 illud
2786 3040 2886 3094 sub
2934 3037 3153 3091 Arnobii
3182 3035 3400 3090 nomine
3425 3041 3550 3087 ante
3575 3046 3747 3085 annos
3779 3029 3962 3085 octin-

2376 3141 2568 3201 gentos
2622 3132 2805 3186 citavit
2853 3130 3128 3185 Alcuinus.
3180 3126 3394 3182 Primus
3435 3124 3605 3180 edidit
3648 3122 3964 3177 Franciscus

2379 3224 2814 3281 Feu-Ar‘dentius
2831 3223 2896 3278 ad
2913 3224 3113 3278 calcem
3135 3222 3321 3277 lrenmi
3345 3219 3523 3276 Colon.
3546 3219 3571 3271 1
3583 3217 3702 3274 596.
3730 3216 3967 3273 [labetur

684 3313 737 3367 in
764 3311 1022 3379 Catalogo
1043 3328 1090 3367 c.
1128 3310 1227 3383 79)
1254 3327 1362 3367 non
1393 3319 1541 3365 recte
1570 3310 1886 3364 attribuunt.
1918 3311 2276 3367 Bellarminus
2301 3303 2345 3363 C
2382 3316 2434 3369 in
2481 3315 2827 3383 sequentibus
2854 3313 3102 3368 omnibus
3131 3312 3315 3368 lrenmi
3338 3311 3689 3377 editionibus,
3714 3317 3768 3364 et
3796 3308 3849 3362 in
3874 3305 3967 3361 Bi—

686 3402 779 3461 lib.
829 3402 900 3459 de
950 3402 1315 3473 Scriptoribus
1362 3399 1571 3457 Eccles.
1622 3401 1930 3471 suspicatur
1960 3402 2094 3458 istos
2113 3400 2273 3458 Com-

2379 3405 2568 3459 blioth.
2600 3403 2746 3458 Patr.
2780 3412 2909 3459 tom.
2939 3402 3073 3467 Vlll,
3106 3418 3228 3473 pag.
3273 3402 3398 3458 236.

1382 3628 2182 3741 ARNOBII
2261 3588 3270 3745 annona:

2004 3824 2107 3885 ET
2153 3790 2618 3889 SEBAPIONIS

1672 3998 1698 4025 “
1737 3985 2986 4132 CONFLICTUS

812 4215 900 4271 DE
926 4164 1070 4271 ’DEO
1107 4213 1313 4270 ΤΗΙΝο
1351 4212 1438 4269 ΕΤ
1480 4210 1645 4279 UNO;
1688 4212 1777 4274 DE
1816 4178 2099 4270 DUABUS
2131 4215 2199 4269 IN
2238 4213 2533 4270 CHRISTO
2571 4214 3020 4271 SUBS'I‘ANTIIS
3057 4215 3129 4270 IN
3165 4214 3463 4275 UNI'I‘ATE
3503 4212 3875 4287 PERSONE;

1667 4303 1948 4359 GRATUE
1989 4305 2079 4360 ET
2119 4304 2341 4361 LIBERI
2382 4306 2683 4361 ARBITRII
2722 4305 3129 4362 CONCORDIA.
3578 4302 3601 4377 ’

1714 4548 2191 4655 LIBER
2270 4505 2912 4656 PRIMUS.

774 4740 817 4796 Ι.
840 4771 912 4782 ——
933 4736 958 4776 ιι
980 4734 1432 4806 Supervenieutes
1451 4733 1710 4805 :Egyptii,
1733 4734 1844 4803 qui,
1868 4742 1927 4787 ut
1955 4733 2303 4806 ostenderent
2330 4743 2381 4802 ι)
2407 4734 2507 4797 los,
2530 4733 2728 4786 Jannes
2750 4732 2998 4788 videlicet
3019 4742 3074 4788 et
3102 4733 3384 4802 Mambres,
3413 4751 3550 4804 quos
3570 4745 3836 4793 memorat
3853 4708 3997 4810 Apes

707 4850 765 4892 se
791 4833 1134 4901 antiquorum
1164 4827 1453 4897 provinciae
1500 4842 1610 4882 suae
1638 4827 2019 4896 magistrorum
2059 4826 2295 4897 discipu-

2404 4824 2573 4878 stolus
2605 4822 2645 4893 (Ι
2691 4821 2823 4877 Tim.
2872 4840 2955 4888 ιιι,
2989 4823 3044 4894 8)
3096 4823 3293 4881 famulo
3322 4824 3417 4880 Dei
3464 4825 3647 4885 Moseo
3674 4829 3996 4898 quibusdam

1891 4939 2001 4994 FB.
2043 4937 2535 4994 FEU-ARDENTII
2574 4936 2801 4994 NOTAE.

783 5052 808 5078 ι
845 5038 1006 5097 Infra,
1038 5032 1287 5089 secunda:
1335 5031 1729 5101 congressionis
1756 5031 1911 5086 initio
1958 5029 2169 5101 libellus
2198 5030 2299 5101 iste

711 5117 935 5167 vocatur
960 5105 1275 5168 Altercatio,
1305 5119 1413 5174 quo
1447 5099 1674 5174 nomine
1710 5110 1768 5174 et
1804 5117 1835 5174 ἓ
1874 5100 2193 5174 quibusdam
2223 5099 2301 5174 ci-

2406 5029 2809 5108 obstrepebant.
2840 5029 3001 5108 Certe
3043 5041 3258 5089 constat
3299 5035 3442 5108 hunc
3481 5035 3716 5108 Leonem
3760 5009 3996 5108 primum

2408 5115 2526 5174 cum
2549 5101 2726 5174 adhuc
2753 5110 2896 5174 esset
2920 5101 3198 5170 diaconus,
3230 5106 3514 5174 quemdam
3540 5101 3811 5163 Iulianum
3843 5106 4000 5163 Pela-

715 5191 857 5235 tatur
881 5199 892 5231 :
923 5175 1017 5232 sed
1036 5192 1159 5231 cmn
1182 5182 1307 5247 ante
1324 5169 1554 5247 plurima
1576 5172 1770 5247 saecula
1791 5170 2101 5247 Conﬂictum
2120 5169 2303 5247 A_|_cui-
2405 5171 2576 5247 gianaa
2596 5171 2814 5247 hmresis
2842 5180 3075 5247 saturem
3092 5169 3455 5247 repressisse;
3481 5178 3831 5232 constitutum
3861 5194 3999 5247 quo-

716 5266 815 5304 uus
843 5246 1269 5316 nuncupaverit;
1301 5240 1656 5316 eamdemque
1683 5242 1897 5296 titulum
1940 5240 2301 5316 auctorlibro
2328 5302 2329 5305 η

715 5335 817 5373 suo
842 5307 1162 5386 praetixerit;
1196 5307 1429 5386 insuper,
1458 5313 1535 5368 sic
1563 5307 1875 5386 frequenter
1898 5307 2302 5386 pbste_a__nomi-

722 5379 897 5447 netu'r,
946 5386 1088 5466 hanc
1134 5379 1549 5466 appellationem
1598 5379 1938 5466 retinuimus.
1980 5379 2303 5466 ‘Addidimus

721 5471 904 5526 porro,
930 5454 996 5507 de
1016 5454 1128 5526 Deo
1150 5450 1291 5526 trino
1320 5463 1374 5510 et
1402 5468 1531 5526 uno,
1561 5460 1682 5516 etc.,
1705 5450 1850 5526 quod
1869 5450 1955 5505 bis
1978 5451 2146 5504 tribus
2168 5466 2305 5526 prag-
2332 5486 2335 5490 -

723 5521 907 5580 sertim
934 5523 1195 5591 capitibus
1217 5525 1269 5577 in
1300 5540 1367 5580 eo
1393 5524 1703 5578 disseratur.
1725 5521 1991 5591 Primum
2018 5522 2304 5591 contrariis

722 5597 849 5652 licet
876 5589 1166 5649 hmresibus
1204 5594 1509 5648 convellere
1553 5593 1861 5647 nitebantur
1906 5589 2197 5645 Sabelliani
2251 5599 2307 5645 et

725 5664 936 5725 Ariani;
968 5663 1259 5717 secundum
1284 5663 1612 5733 Eutychiani
1641 5671 1697 5717 et
1726 5660 2064 5733 Nestorianii;
2094 5670 2305 5733 postre-

725 5752 870 5792 mum
904 5733 1175 5788 Manichzei
1206 5741 1260 5787 et
1283 5730 1555 5853 Pelagiani
1582 5751 1594 5784 :
1618 5747 1844 5801 quorum
1875 5732 2092 5787 assecla:
2115 5732 2307 5787 etiam-
2334 5784 2341 5789 .

729 5822 853 5853 nnm
887 5803 1082 5853 Leonis
1101 5802 1275 5853 Maani
1306 5802 1368 5853 R.
1450 5839 1466 5853 .
1496 5811 1737 5853 tempore
1777 5819 1886 5853 uno
1923 5802 2111 5853 initum
2145 5798 2308 5853 fuisse

1450 5839 1466 5856 .
1496 5798 1886 5873 tempbrcquo
1923 5802 2111 5867 initum
2145 5798 2308 5856 fuisse
2415 5810 2643 5861 temex
2687 5804 2907 5859 hi<toria
2961 5804 3101 5858 illius
3148 5805 3345 5869 sicculi,
3387 5815 3442 5860 et
3470 5809 3604 5864 actis
3645 5808 3896 5864 secundm
3942 5824 4009 5864 ac

728 5822 856 5862 num
887 5803 1082 5859 Leonis
1101 5802 1275 5870 Magni
1306 5802 1368 5855 R.

2406 5256 2513 5310 que
2541 5242 2594 5296 in
2624 5239 2935 5316 pontificatu
2965 5239 3287 5316 Maniclimos
3308 5261 3675 5316 expugnasse;
3719 5239 3997 5316 Eutychen

2408 5327 2538 5368 vero
2568 5312 2837 5388 perdoctis
2876 5312 3094 5388 scriptis
3130 5310 3648 5388 confutassegatque
3689 5310 3996 5381 damnasse,

2409 5390 2469 5436 ut
2492 5397 2559 5437 ex
2589 5381 2841 5459 Epistolis
2888 5382 3008 5459 ejus
3032 5382 3097 5437 ad
3134 5384 3380 5459 eumdem
3423 5381 3737 5459 Eutychen,
3784 5388 4001 5443 Flavia-

2410 5468 2569 5528 num,
2623 5460 2679 5506 et
2729 5451 3399 5528 Constantinopolitanps,
3442 5451 3585 5528 etcf,
3616 5451 3859 5528 pervium
3917 5465 4004 5512 est

2412 5520 2666 5644 (Ρνοὶρει-
2687 5522 2756 5604 ad
2784 5539 2977 5577 annum
3006 5520 3148 5578 16'et
3176 5524 3247 5580 20
3275 5524 3593 5598 Theodosii).
3617 5520 3634 5528 ’
3678 5528 3683 5535 ’

2482 5591 2509 5630 ιι
2599 5592 2786 5644 xordio
2811 5608 3071 5644 summam
3101 5597 3265 5644 totius
3287 5595 3583 5644 Οοηίὶιιοιιις
3613 5608 3683 5644 rat

2482 5591 2509 5630 δ
2526 5591 2786 5673 .I'Iitordio
2811 5608 3071 5673 summam
3101 5597 3265 5650 totius
3287 5591 3594 5673 conﬂictus
3613 5600 4006 5673 rationem?!-

2451 5662 2582 5743 οιιίιέ
2618 5662 2668 5744 id
2693 5670 2805 5727 est,
2849 5679 2953 5744 qua
2983 5663 3050 5744 de
3081 5681 3184 5744 re,
3204 5681 3240 5744 _a
3267 5667 3788 5744 quibusquibusque
3804 5668 4008 5737 judici-

2450 5748 2530 5794 ns,
2564 5735 2727 5786 initus
2753 5748 2816 5787 ac
2846 5736 3158 5789 terminatus
3182 5735 3376 5789 fuerit.
3425 5735 3755 5794 Manilestum
3788 5735 3873 5792 est
3904 5753 4007 5792 an-

728 5875 871 5931 hunc
916 5874 1231 5929 Conllictum
1279 5873 1681 5935 existimamus,
1729 5872 1985 5928 doetrinae
2031 5873 2309 5929 catholica:
2419 5873 2629 5928 infamis
2682 5873 2966 5943 Ephesium
3021 5874 3246 5951 synodi,
3306 5892 3413 5933 non
3465 5879 3626 5935 modo
3681 5879 4007 5936 Dioscorum
