4246 6264
322 303 429 359 ΞΜ

1121 300 1543 356 ΟΟΝΗᾸΕΤΙΪΒ
1586 301 1667 353 Ι)Ιοῖ
1713 300 1839 353 [tl-20
1880 299 2084 354 TRINO
2123 301 2209 355 ΕΤ
2253 300 2407 367 UNO,
2451 299 2602 355 ETC.
2647 299 2771 356 LIB.
2816 301 2855 355 1.

318 400 618 494 ρτὲιιςιιὶεδὶἰε
662 421 926 477 restitisse
964 438 976 474 :
1012 420 1083 474 ita
1130 428 1184 475 et
1224 420 1279 474 hi
1329 421 1541 475 veritati
1589 418 1922 485 resistentes,
1952 429 1996 481 Α
2027 422 2111 476 his
2137 422 2289 486 locis,
2321 424 2374 477 in
2414 422 2607 492 quibus
2627 420 2922 478 concordat
2964 420 3095 477 ﬁdes
3131 434 3333 487 nostra.
3360 429 3605 478 transea-

319 512 646 568 cum.hanc
696 512 848 566 nobis
896 511 1215 565 calumniam
1275 511 1552 581 imponere
1601 511 1916 575 niterentur,

321 604 479 670 quod
530 603 662 655 lides
693 609 869 655 nostra
897 600 964 655 dc
1014 601 1381 656 incarnatione
1425 600 1703 656 Dominica
1728 615 1759 655 a
1786 601 1920 655 recti

326 691 549 745 itineris
578 691 790 746 tramite
818 691 1088 756 deviaret;
1119 691 1223 746 hoc
1268 692 1337 745 ab
1385 692 1464 747 eis
1488 689 1704 746 tandem
1752 692 1921 761 impe-

324 782 622 846 traximus,
654 790 712 835 ut
751 788 993 836 cessante
1038 781 1306 836 seditione
1344 783 1634 837 verborum
1656 821 1671 845 ,
1701 782 1924 850 singulis

325 889 405 928 ex
435 882 667 942 utraque
714 883 862 943 parte
908 874 1311 939 altercantibus,
1343 875 1527 929 ceteri
1571 873 1921 944 Cognitorum

327 963 461 1018 loco
489 963 754 1027 sedentes,
785 964 1024 1032 singulos
1048 973 1254 1018 tantum
1275 980 1395 1019 esse
1413 964 1618 1032 judices
1646 965 1924 1035 permitte-

325 1068 481 1119 rent,
514 1058 708 1129 quibus
746 1058 934 1113 liceret
978 1073 1078 1129 pro
1117 1059 1315 1112 merito
1361 1058 1765 1113 conclusionum
1794 1057 1925 1112 dare

326 1152 661 1206 sententiam
688 1169 700 1203 :
732 1148 1044 1219 factumque
1070 1158 1154 1205 est
1174 1158 1235 1204 ut
1258 1150 1528 1204 Arnobius
1552 1165 1580 1202 a
1609 1157 1763 1219 parte
1785 1148 1927 1203 sedis

329 1241 648 1312 apostolica:
693 1240 951 1295 defensor
996 1239 1177 1302 fleret,
1221 1247 1277 1293 et
1316 1237 1579 1307 Serapion
1620 1253 1649 1291 a
1678 1237 1927 1309 synedrio

336 1332 720 1405 Egyptiorum
770 1333 925 1386 alteri
941 1341 1060 1385 ator
1100 1332 1357 1385 existeret
1393 1348 1407 1382 :
1452 1328 1659 1397 judices
1682 1345 1813 1384 vero
1840 1344 1926 1383 es-

336 1431 464 1477 sent
491 1438 522 1476 a
546 1432 703 1492 parte
731 1422 996 1475 catholica
1028 1421 1223 1475 Decius
1248 1416 1620 1484 Constantius,
1649 1426 1701 1473 et
1723 1433 1753 1471 a
1778 1414 1932 1488 parte

345 1512 725 1584 [Egyptiorum
756 1512 1092 1566 Ammonius.

415 1602 563 1658 ll.--
585 1604 699 1657 Hoc
718 1611 899 1657 autem
929 1602 1120 1657 ordine
1148 1608 1388 1671 coeptum
1409 1609 1493 1655 est
1518 1584 1810 1669 negotium.
1838 1599 1935 1653 Se-

352 1695 537 1764 rapion
566 1694 699 1748 dixit
723 1712 736 1746 :
762 1693 1062 1765 Antequam
1084 1693 1153 1746 ad
1174 1694 1278 1747 hoc
1304 1692 1601 1749 veniamus.
1631 1702 1654 1727 ³·
1676 1690 1819 1759 quod
1838 1705 1934 1744 vos

2022 527 2162 567 mus.
2185 544 2259 555 —
2284 510 2631 567 Constantius
2650 520 2706 565 et
2726 511 3041 566 Ammonius
3055 511 3263 580 judices
3283 512 3440 569 electi
3464 512 3611 567 dixe-

2019 611 2145 658 runt
2175 621 2187 656 :
2219 600 2447 657 Constat
2484 602 2780 657 Arnobium
2828 599 3153 657 satisfecisse
3188 601 3256 656 dc
3284 618 3391 657 uno
3434 602 3609 657 omni-

2020 694 2228 765 potenti
2259 693 2392 760 Deo,
2432 700 2488 748 et
2515 692 2799 747 assertioni
2829 691 2947 761 ejus
2986 690 3336 762 Serapionem
3381 709 3610 748 consen-

2020 784 2185 849 sisse;
2218 792 2312 837 aut
2339 784 2384 838 si
2410 798 2518 837 non
2545 790 2629 838 est
2656 783 2729 837 ita
2751 780 3014 853 Serapion
3041 782 3236 838 edicat.
3260 781 3608 853 —Serapion

2022 874 2158 928 dixit
2187 892 2200 926 :
2233 872 2347 942 Ego
2377 873 2672 929 Aruobium
2695 873 2834 928 scire
2854 873 3065 936 studeo,
3091 882 3393 928 utrumnam
3414 874 3467 928 in
3492 873 3610 929 aliis

2024 980 2131 1020 non
2161 972 2305 1019 erret
2338 964 2468 1019 fides
2508 964 2641 1033 ejus,
2670 979 2738 1018 ne
2768 965 2906 1018 forte
2935 965 2980 1020 si
3008 964 3113 1018 alia
3144 974 3339 1034 praeter
3375 966 3472 1020 ista
3497 1006 3511 1031 ,
3543 965 3612 1020 de

2024 1054 2217 1124 quibus
2239 1055 2465 1124 quaestio
2494 1062 2596 1118 est,
2626 1069 2747 1122 qua:
2783 1054 2994 1122 possint
3015 1054 3137 1123 jure
3173 1055 3339 1109 refelli
3369 1063 3423 1109 et
3450 1071 3611 1111 occa-

2024 1144 2232 1199 sionem
2279 1144 2437 1212 hujus
2478 1144 2736 1213 temporis
2776 1144 3110 1209 amittentes,
3141 1142 3167 1181 ἀ
3202 1161 3269 1199 ne
3294 1145 3381 1201 hic
3412 1146 3613 1216 aliquid

2027 1234 2201 1302 egisse
2223 1233 2516 1288 videamur.
2533 1265 2606 1277 --
2624 1233 2945 1302 Cognitores
2964 1235 3214 1288 dixerunt
3233 1253 3245 1287 :
3266 1236 3415 1290 Dicat
3440 1239 3587 1292 Arno
3601 1267 3617 1279 -

2027 1323 2167 1386 hius,
2200 1331 2379 1377 utrum
2408 1324 2687 1393 permittat
2716 1325 2858 1377 hunc
2899 1323 3002 1377 alia
3032 1339 3296 1392 qutcrcre,
3329 1335 3526 1395 praeter
3552 1344 3614 1381 ea

2029 1414 2096 1469 de
2140 1414 2333 1482 quibus
2360 1421 2480 1468 orta
2511 1413 2722 1467 videtur
2759 1428 2880 1468 esse
2920 1414 3217 1467 contentio.
3248 1445 3320 1456 —
3350 1413 3618 1469 Arnobius

2031 1504 2200 1560 dixit:
2234 1503 2350 1558 Non
2380 1505 2559 1558 abnuo
2585 1504 2778 1574 inquiri
2801 1503 2869 1558 ab
2890 1518 2957 1557 eo
2986 1502 3053 1558 de
3077 1504 3483 1574 quibuscumque
3521 1521 3617 1559 vo-

2033 1596 2225 1659 luerit,
2268 1611 2336 1648 ne
2382 1595 2558 1650 locum
2588 1595 2719 1649 mihi
2748 1594 3050 1664 inquirendi
3094 1595 3169 1648 ab
3190 1610 3257 1647 eo
3285 1609 3619 1664 quaecunque

2035 1687 2280 1749 voluero,
2311 1685 2498 1740 videar
2525 1695 2827 1755 amputare.

352 1783 808 1840 Homuncionates
851 1799 1156 1855 arguamus,
1207 1783 1480 1845 dicentes,
1526 1781 1660 1836 duas
1713 1788 1933 1835 naturas
1966 1794 2007 1850 Β
2105 1776 2193 1831 lll.
2220 1806 2287 1816 —
2313 1775 2526 1830 Iudices
2551 1776 2832 1830 memorati
2860 1776 3150 1831 dixerunt:
3184 1776 3336 1831 Dicat
3358 1775 3620 1849 Serapion

354 1892 475 1931 esse
497 1877 550 1930 in
573 1875 805 1941 Christo,
829 1876 1065 1945 duasque
1086 1875 1437 1938 substantias,
1460 1873 1619 1942 cupio
1639 1873 1797 1935 scire,
1818 1872 1940 1939 quis

356 1967 562 2020 sis?——
590 1966 857 2019 Arnobius
900 1966 1031 2020 dixit
1062 1984 1075 2018 :
1107 1964 1235 2019 Sum
1282 1965 1442 2035 plane
1488 1978 1676 2019 servus
1720 1961 1938 2025 Christi,

364 2066 422 2110 et
467 2065 576 2109 tam
612 2057 885 2110 catholiczc
932 2056 1050 2110 lidci
1089 2072 1249 2125 quam
1303 2055 1544 2110 veritatis
1582 2061 1839 2108 assertor.
1870 2084 1942 2094 —

370 2145 631 2215 Serapion
658 2146 791 2200 dixit
817 2165 828 2199 :
860 2147 975 2217 Ipsa
1006 2146 1133 2201 lides
1162 2155 1251 2201 tua
1274 2147 1398 2216 quid
1418 2146 1622 2211 credat,
1646 2146 1943 2201 edicito.—

369 2236 638 2291 Arnobius
665 2237 798 2291 dixit
823 2256 834 2289 :
860 2238 1024 2291 Deum
1051 2232 1490 2307 omnipotentem,
1526 2238 1767 2292 omnium
1789 2252 1944 2293 crea-

367 2338 563 2393 torem,
618 2314 780 2382 uuum
829 2328 1009 2384 credo.
1060 2362 1129 2372 —
1173 2329 1428 2400 Serapion
1484 2330 1618 2384 dixit
1668 2348 1681 2382 :
1726 2328 1753 2367 ι’
1790 2327 1949 2383 Hunc

362 2416 553 2481 Deum,
586 2432 745 2486 quem
776 2434 940 2473 unum
970 2419 1163 2483 credis,
1187 2420 1327 2475 unde
1356 2422 1497 2475 nosti
1525 2420 1668 2489 quod
1692 2419 1944 2488 omnipo-

362 2515 500 2571 tens,
553 2510 898 2579 omniumque
946 2519 1159 2566 creator
1203 2513 1306 2565 sit?
1334 2544 1407 2554 —
1442 2512 1717 2566 Arnobius
1761 2511 1940 2565 dixit:

358 2596 489 2677 Quia
517 2600 630 2668 ipse
659 2600 943 2656 virtutibus
969 2603 1176 2671 magnis
1203 2618 1263 2658 se
1306 2602 1652 2658 manifestare
1695 2603 1947 2671 dignatus

358 2698 439 2743 est
458 2691 640 2757 generi
663 2692 916 2749 humano.
950 2725 1023 2736 —
1045 2693 1312 2763 Serapion
1341 2693 1477 2747 dixit
1503 2712 1515 2746 :
1546 2693 1750 2759 Quibus
1779 2695 1947 2748 virtu-

360 2780 498 2833 tibus
517 2781 541 2834 ?
558 2811 630 2822 —
651 2770 924 2837 Arnobius
965 2782 1100 2836 dixit
1127 2801 1141 2835 :
1168 2782 1240 2836 Ut
1267 2784 1570 2851 antiquiora
1612 2792 1948 2852 prteteream,

359 2872 649 2941 provincia:
676 2880 785 2925 tuae
814 2880 961 2926 terra
1008 2881 1276 2936 testatur,
1307 2885 1330 2911 ε
1360 2873 1505 2942 quod
1549 2874 1739 2929 decem
1781 2876 1951 2945 plagis

360 2976 617 3030 percussa
663 2976 847 3030 regem
892 2977 1049 3015 suum
1094 2964 1330 3032 perdidit
1374 2980 1496 3020 cum
1543 2980 1644 3020 suo
1692 2966 1951 3032 exercitu,

366 3050 722 3107 irascentibus
743 3067 882 3122 pene
907 3053 1155 3108 omnibus
1183 3055 1483 3119 elementis,
1514 3056 1742 3128 quodin
1784 3056 1949 3111 Deum

2040 1882 2162 1938 qua:
2187 1869 2295 1921 sint
2319 1908 2333 1931 ,
2379 1881 2499 1937 quas
2536 1867 2604 1920 ab
2649 1882 2717 1922 eo
2761 1866 2892 1921 velit
2932 1867 3226 1922 addiscere.
3251 1899 3323 1909 ——
3360 1866 3621 1938 Serapion
3718 1859 3731 1865 ’

2041 1960 2177 2016 dixit
2206 1980 2218 2013 :
2243 1960 2406 2014 Istum
2451 1975 2615 2014 unum
2664 1959 2832 2014 Deum
2871 1960 3215 2014 liberatorem
3255 1959 3621 2026 Hebraeorum,

2043 2052 2219 2107 solum
2260 2051 2408 2105 dices
2433 2064 2552 2105 esse
2580 2049 2747 2105 Deum
2777 2065 2846 2103 an
2886 2050 3026 2105 forte
3054 2050 3316 2104 alterum?
3342 2082 3415 2092 —
3448 2051 3624 2107 Arno—

2042 2142 2165 2197 hius
2215 2141 2351 2195 dixit
2389 2158 2401 2193 :
2437 2140 2578 2195 Deus
2624 2140 2968 2196 Hebraeorum
3005 2140 3145 2195 Deus
3173 2159 3302 2196 unus
3331 2151 3407 2196 est
3447 2142 3623 2215 (Deut.

2044 2251 2117 2300 v1,
2140 2233 2216 2295 4).
2250 2232 2476 2299 Quando
2520 2232 2692 2298 audis,
2738 2232 2877 2288 Deus
2904 2250 3035 2288 unus
3062 2242 3170 2298 est,
3203 2234 3427 2289 alterum
3458 2235 3627 2290 Deum

2046 2325 2267 2381 omnino
2316 2338 2422 2378 non
2464 2337 2692 2393 quzeras.
2720 2356 2792 2366 —-
2816 2322 3078 2393 Serapion
3108 2325 3243 2380 dixit
3269 2344 3280 2377 :
3311 2335 3332 2363 ε
3370 2325 3509 2393 Ergo
3543 2323 3630 2379 Ju-

2044 2417 2197 2471 daica
2244 2424 2325 2469 est
2372 2414 2603 2469 tenenda
2640 2415 2888 2480 assertio,
2929 2430 3034 2484 qua
3062 2415 3208 2470 solus
3248 2424 3303 2469 et
3332 2432 3468 2471 unus
3492 2416 3631 2470 Deus

2047 2508 2395 2563 Hebraeorum
2425 2507 2564 2560 Deus
2593 2507 2915 2576 praedicatur
2955 2514 3011 2562 et
3055 2508 3330 2563 creditur?
3356 2539 3427 2550 —-
3454 2508 3631 2563 Arno-

2045 2599 2169 2654 hius
2216 2598 2398 2652 dixit:
2450 2597 2615 2652 Deum
2667 2595 2837 2652 Judaei
2887 2598 2965 2652 sic
3001 2598 3295 2667 pradicant
3337 2599 3531 2660 solum,
3574 2606 3634 2652 ut

2047 2697 2247 2757 negent
2270 2686 2462 2742 Filium
2482 2687 2630 2755 ejus;
2662 2694 2857 2755 negent
2880 2687 3041 2741 simul
3059 2702 3180 2741 cum
3209 2702 3275 2741 eo
3302 2702 3463 2740 unum
3491 2701 3631 2747 esse,

2047 2781 2141 2850 qui
2172 2788 2330 2835 natus
2357 2787 2439 2835 est
2466 2778 2534 2833 de
2561 2777 2766 2847 Spiritu
2804 2785 2992 2833 sancto
3032 2792 3099 2832 ex
3128 2776 3291 2831 Maria
3318 2777 3543 2846 virgine.
3563 2806 3637 2819 —-

2049 2872 2311 2943 Serapion
2340 2872 2475 2926 dixit
2504 2889 2516 2923 :
2542 2870 2649 2925 Iste
2685 2871 2778 2939 qui
2804 2876 2962 2924 natus
2989 2875 3074 2925 est
3112 2869 3179 2924 de
3207 2854 3407 2939 Spiritu
3448 2876 3637 2923 sancto

2049 2978 2118 3018 ex
2138 2962 2303 3017 Maria
2328 2962 2556 3031 virgine,
2587 2962 2699 3030 ipse
2732 2976 2870 3015 unus
2897 2975 2965 3013 an
2986 2968 3070 3015 est
3090 2960 3259 3015 alius?
3279 2992 3351 3003 —-—
3368 2959 3638 3016 Arnobius

2053 3056 2223 3110 dixit:
2249 3056 2306 3109 In
2334 3055 2543 3109 Deitate
2583 3068 2739 3118 unus,
2776 3052 2794 3091 ί
2828 3054 2882 3107 in
2910 3054 3257 3122 generatione
3285 3068 3417 3108 vero
3453 3054 3530 3109 sic
3555 3061 3641 3109 est

368 3151 671 3197 creatorem
717 3143 957 3197 omnium
1000 3143 1210 3199 rebellis
1250 3145 1519 3200 existeret.
1556 3144 1813 3215 Populum
1852 3161 1949 3200 au-
1975 3163 2021 3226 ρ
2052 3148 2207 3211 alius,
2238 3155 2297 3201 ut
2325 3146 2466 3203 Deus
2495 3162 2634 3201 unus
2674 3161 2794 3202 esse
2834 3160 2943 3201 non
2978 3153 3154 3201 cesset
3183 3143 3342 3200 Pater
3370 3153 3427 3199 et
3451 3143 3636 3202 Filius.

369 3241 498 3297 tem,
526 3243 685 3302 quem
714 3234 784 3288 de
819 3233 998 3302 gladio
1040 3234 1156 3302 ejus
1182 3236 1237 3289 in
1281 3252 1437 3289 manu
1480 3238 1605 3309 forti
1644 3247 1693 3290 et
1738 3237 1948 3290 brachio

365 3324 568 3377 excelso
614 3324 831 3393 eripuit,
871 3318 970 3393 per
1018 3324 1271 3379 famulum
1318 3341 1471 3380 suum
1518 3326 1759 3399 Moysem
1799 3327 1945 3391 fecit,

366 3414 507 3481 quod
529 3414 644 3485 ipse
664 3415 733 3469 sit
762 3415 924 3479 Deus,
951 3414 1006 3469 et
1042 3431 1146 3470 non
1174 3417 1244 3470 sit
1270 3416 1408 3471 alius
1434 3428 1629 3487 pneter
1666 3420 1862 3488 ipsum.
1891 3418 1950 3474 Si

368 3509 739 3563 contravenirb
765 3508 1006 3579 disponis
1039 3508 1251 3564 etlicito.
1282 3518 1356 3552 ’-
1377 3509 1639 3581 Serapion
1668 3512 1806 3566 dixit
1830 3530 1842 3564 :
1873 3512 1951 3567 De

2056 3240 2199 3294 Deus
2226 3240 2368 3293 enim
2402 3247 2529 3293 tunc
2557 3253 2684 3294 vere
2710 3254 2850 3293 unus
2877 3236 3114 3294 creditur
3147 3244 3203 3292 et
3244 3237 3452 3305 integra
3491 3236 3548 3292 in
3572 3251 3639 3292 eo

2054 3331 2316 3386 Divinitas
2361 3346 2470 3385 non
2513 3339 2756 3399 negatur.
2780 3363 2853 3374 -—
2878 3328 3139 3401 Serapion
3186 3328 3322 3383 dixit
3352 3346 3366 3382 :
3398 3326 3464 3382 Et
3505 3343 3642 3398 quo-

2055 3422 2217 3476 modo
2249 3423 2453 3489 integra
2484 3422 2537 3476 in
2565 3437 2631 3477 eo
2659 3421 2920 3477 Divinitas
2945 3420 3213 3477 credenda
3242 3420 3362 3475 est?
3380 3451 3453 3463 --
3474 3418 3643 3474 Arno-

2054 3514 2175 3569 hius
2203 3515 2337 3569 dixit
2367 3534 2378 3567 :
2406 3514 2556 3570 Tunc
2583 3516 2790 3583 integra
2810 3515 2863 3568 in
2889 3529 2956 3569 eo
2982 3514 3243 3569 Divinitas
3265 3528 3372 3567 non
3395 3521 3637 3579 negatur,

1533 3623 1644 3678 FB.
1684 3622 2167 3681 FEU-ARDENTII
2206 3627 2433 3682 NOTAE.

373 3713 723 3795 Alexandriae,
754 3728 872 3795 qua:
900 3722 1061 3795 caput
1083 3714 1177 3795 fuit
1211 3713 1449 3795 Egypti,
1479 3715 1789 3785 episcopum
1814 3733 1833 3781 ;
1860 3715 1956 3770 sed

371 3793 425 3840 et
471 3785 670 3839 multos
728 3785 844 3853 ejus
879 3786 1187 3855 provincia:
1234 3787 1535 3855 episcopos,
1580 3801 1644 3840 ac
1687 3795 1958 3841 trecentos

372 3856 530 3911 etiam
559 3855 1203 3926 monachosEutychiaua
1232 3857 1418 3909 hmresi
1447 3855 1791 3925 depravatos,
1818 3865 1872 3909 et
1892 3871 1955 3910 ea

375 3925 439 3980 de
467 3940 627 3980 causa
658 3924 871 3981 concilii
893 3923 1345 3980 Chalcedonensis
1379 3923 1646 3980 sententia
1677 3942 1955 3981 sacrorum

377 3995 754 4067 communitum
780 3996 1017 4067 privatos
1047 3994 1227 4067 fuisse,
1260 3997 1393 4049 adeo
1425 3996 1586 4049 etiam
1617 3995 1956 4067 interIEgy-

379 4065 524 4135 ptios
543 4064 643 4135 illa
659 4067 824 4131 pe~tis
853 4065 1164 4119 invaluerat.
1196 4066 1451 4135 Apposite
1477 4082 1610 4121 vero
1632 4083 1738 4121 non
1761 4066 1815 4120 hi
1839 4064 1956 4119 tau-

381 4134 516 4196 tum,
558 4134 651 4187 sed
681 4142 737 4187 et
760 4135 933 4188 (reteri
963 4151 1149 4191 omnes
1177 4134 1411 4191 haeretici
1440 4152 1560 4191 cum
1608 4137 1778 4204 magis
1807 4151 1960 4191 com-

379 4212 711 4276 parantunz
761 4204 1285 4276 quandfqnidem'et
1330 4207 1523 4261 divina:
1578 4206 1790 4261 veritati
1838 4222 1963 4261 suas

378 4274 678 4346 praestigias
705 4282 759 4327 et
787 4275 1032 4346 strophas
1062 4276 1396 4345 impudenter
1415 4285 1711 4345 opponant,
1745 4285 1801 4330 et
1838 4291 1961 4330 cum

379 4291 678 4346 pnesugtas
705 4291 759 4327 et
787 4291 1032 4395 Strolpnas
1063 4291 1396 4345 tmputtenter
1415 4291 1711 4345 opponant,
1745 4291 1801 4330 et
1838 4291 1961 4330 cum

379 4344 713 4399 ἀωιιιοιιιὺιιε
743 4345 1100 4415 ntalecisque
1128 4347 1432 4400 hominibus
1454 4359 1697 4415 magnam
1730 4347 1964 4400 habeant

380 4415 808 4484 consensionem.
862 4414 972 4468 Huc
1016 4414 1093 4470 de
1140 4416 1357 4470 Simone
1398 4430 1582 4484 mago,
1634 4414 1959 4480 Menandro,

382 4482 582 4549 Marco,
604 4484 949 4553 Carpocrate,
977 4485 1241 4549 Cerdone,
1273 4482 1504 4553 aliisque
1530 4486 1765 4552 priorum
1803 4502 1964 4539 saecu-

383 4530 969 4609 lorum,h:zerusiarchis
1016 4530 1367 4611 testiﬁcantur
1396 4530 1644 4616 licudnts,
1675 4553 1956 4608 Tertullia-
1993 4530 2041 4590 υ

384 4638 506 4689 nus,
539 4622 796 4679 Eusebius
824 4641 888 4679 ac
921 4625 1248 4691 Epiphanius
1284 4644 1296 4678 :
1330 4640 1430 4679 nos
1456 4622 1595 4677 idem
1638 4623 1704 4676 de
1746 4625 1967 4679 novissi-

383 4695 487 4749 mis
516 4710 621 4749 non
654 4711 759 4748 uno
788 4697 950 4749 semel
973 4693 1095 4750 loco
1127 4703 1310 4751 notum
1341 4694 1582 4749 fecimus.
1616 4693 1783 4747 Nemo
1804 4695 1965 4748 etiam

384 4763 608 4835 inficiari
631 4772 809 4835 potest
836 4766 1069 4832 magicas
1096 4775 1241 4819 artes
1261 4765 1312 4818 in
1334 4762 1577 4835 Galliam,
1602 4761 1965 4835 Germatiam,

387 4832 687 4900 Poloniam,
721 4833 1017 4899 Livoniam,
1048 4835 1290 4889 Suetiam
1314 4874 1329 4895 ,
1376 4834 1591 4886 Daciam
1620 4843 1675 4887 et
1704 4834 1968 4903 Angliam,

388 4919 455 4959 ex
505 4906 739 4959 admisso
785 4904 1110 4959 Calvinismo
1151 4906 1272 4975 plus
1316 4918 1353 4975 ag
1393 4903 1776 4975 quinquaginta
1818 4906 1972 4958 annis

390 4974 697 5046 invaluisse,
729 4990 888 5046 quam
919 4990 949 5029 a
993 4975 1138 5029 mille
1155 4973 1223 5028 ’et
1268 4973 1575 5041 quingentis
1619 4983 1776 5029 antea
1817 4976 1970 5028 inva-
2014 5034 2019 5037 _

391 5045 583 5099 luerat.

467 5125 493 5151 ⁸
532 5115 1012 5171 Homousianorum
1034 5128 1333 5182 cognomen
1361 5112 1640 5168 catholicis
1669 5115 1974 5184 impositum

393 5199 495 5268 per
523 5184 767 5266 Arianos,
801 5186 973 5268 adhuc
1005 5186 1096 5239 illo
1123 5185 1319 5268 sacculo
1350 5198 1764 5268 perseverasse,
1795 5185 1977 5238 multis

393 5253 447 5309 in
479 5255 611 5309 locis
639 5257 871 5309 ostendit
912 5255 1098 5309 Victor
1131 5253 1393 5309 Utieensis
1423 5254 1571 5306 libris
1606 5254 1673 5305 de
1722 5253 1979 5309 Persecu-

360 5327 542 5379 ‘tione
578 5324 910 5379 Wandaliea.
961 5316 1262 5379 Notandum
1313 5335 1490 5377 tamen
1540 5322 1979 5377 ilomuneionitas

396 5411 427 5447 a
449 5392 743 5449 Prudentio
772 5412 877 5449 non
899 5395 1216 5456 catholicos,
1240 5396 1331 5449 sed
1356 5393 1653 5455 Ebionitas,
1680 5392 1981 5448 Samosate-

399 5464 590 5519 nianos
631 5467 872 5533 aliosque
920 5467 1199 5520 haereticos
1238 5465 1415 5519 vocari
1466 5471 1520 5516 et
1558 5462 1854 5533 confutari,
1912 5479 1978 5518 eo

396 5536 541 5605 quod
583 5532 852 5589 Christum
897 5552 1089 5606 purum
1122 5536 1388 5589 hominem
1437 5532 1855 5606 esse,_ttihilque
1893 5534 1977 5588 di-

398 5603 537 5659 vina:
564 5620 625 5660 es
655 5607 812 5661 cutim
842 5603 1140 5660 aevirtutis
1170 5606 1367 5659 habere
1391 5603 1796 5657 contenderent.

473 5675 502 5714 δ
531 5676 763 5729 Attende
802 5677 861 5756 _in
909 5675 1207 5756 serapione
1251 5675 1624 5756 inereticonlt‘m
1675 5672 1976 5756 disceptan-

397 5747 536 5809 tium
565 5761 763 5807 mores,
787 5745 853 5801 de
879 5741 1072 5817 quibus
1102 5744 1387 5814 Apostolus
1407 5745 1480 5797 ait
1506 5761 1517 5793 :
1544 5741 1758 5806 Semper
1784 5741 1958 5797 discen

2060 3725 2157 3782 tes,
2191 3727 2242 3769 et
2270 3732 2531 3782 nunquam
2560 3715 2630 3767 ad
2652 3716 2920 3767 scientiam
2948 3716 3179 3768 veritatis
3207 3714 3555 3781 pervenientes
3577 3712 3643 3782 (ll

2062 3733 2157 3782 tes,
2191 3733 2242 3769 et
2270 3733 2531 3837 nunguam
2560 3733 2627 3767 aa
2652 3733 2920 3767 strenuam
2948 3733 3179 3768 vernans
3207 3733 3555 3781 pervenientes
3577 3733 3643 3782 ut

2062 3786 2195 3840 Tim.
2229 3791 2329 3851 ιιι).
2409 3794 2429 3837 ι
2474 3783 2833 3852 Tertullianus
2865 3802 2877 3835 :
2913 3782 3192 3852 Nunquam
3221 3782 3486 3852 ordinari;
3510 3799 3647 3852 quc-

2062 3800 2195 3840 ‘Mm.
2229 3800 2329 3851 ιιι).
2362 3800 2429 3837 ιιι
2475 3800 2505 3837 't
2519 3800 2833 3838 ertutttanus
2865 3802 2877 3835 :
2913 3800 3037 3836 mm
3109 3800 3192 3834 am
3221 3800 3486 3834 oratnarte
3510 3800 3642 3852 quc-

2058 3858 2249 3911 stiones
2294 3861 2549 3910 tractant.
2597 3862 2701 3907 etc.
2741 3850 2894 3933 _(Lib_.
2925 3852 3007 3933 ae
3039 3800 3396 3933 grmscript.»
3448 3850 3642 3933 Beipsa

2060 3937 2393 3995 compertum
2447 3935 2555 3988 est,
2605 3938 2700 3978 eos
2740 3923 2791 3976 itt
2835 3931 2975 3977 statu
3015 3923 3323 3995 qumstionis
3355 3923 3644 3995 propositae

2059 3989 2327 4065 nunquam
2359 4000 2655 4051 consistere
2689 4012 2700 4046 :
2734 3994 2827 4050 sed
2868 4010 2964 4065 pro
3005 3989 3277 4065 vertiginis
3306 3989 3498 4065 spiritu
3536 4006 3645 4059 quo

2062 4061 2591 4141 semperagitantur,
2637 4065 2796 4141 aliam
2840 4061 3107 4141 aliamque
3135 4061 3357 4141 subinde
3397 4068 3449 4141 et
3478 4074 3651 4141 quam.

2066 4128 2551 4208 tam'quinuttnque
2578 4128 2852 4208 cumulare
2876 4128 3349 4208 itttporttttt_i_ssitne,
3377 4140 3435 4185 ut
3459 4128 3647 4208 ordine

2063 4201 2372 4277 disputandi
2411 4201 2646 4272 turbato,
2673 4207 2822 4261 velut
2859 4201 3064 4259 colubri
3106 4203 3389 4271 gliscentes
3429 4201 3649 4277 elabun-

2064 4272 2180 4341 ιιιιῆ
2210 4294 2309 4331 ceu
2356 4278 2623 4346 sepiarum
2673 4291 2843 4336 more,
2888 4290 3006 4343 qua:
3045 4283 3400 4346 atramentum
3434 4272 3651 4346 habent

2063 4339 2176 4418 pro
2194 4339 2450 4413 sanguine
2480 4345 2667 4418 effusa
2695 4339 2936 4418 veritatis
2962 4346 3097 4418 _|uce
3142 4344 3191 4395 in
3240 4341 3475 4418 tunehris
3510 4339 3647 4418 e‘ﬂ‘u-

2066 4410 2236 4486 giant,
2266 4410 2320 4470 et
2347 4418 2466 4470 \‘iCti
2494 4433 2598 4470 non
2623 4416 2925 4486 vidcantur.
2950 4411 3302 4486 (autemauﬂ
3310 4412 3357 4464 bi
3378 4427 3506 4486 uera
3514 4410 3649 4486 ﬁdes

2066 4478 2162 4547 Est,
2214 4478 2288 4540 ait
2329 4486 2744 4556 Cltrysostnmus
2775 4483 2953 4551 (Hom.
2992 4484 3012 4536 Ι
3064 4486 3115 4537 in
3149 4481 3315 4556 Epist.
3355 4480 3421 4533 ad
3466 4478 3647 4556 Tum),

2068 4557 2211 4610 nulla
2235 4550 2570 4625 qnwstitumm
2602 4550 2879 4609 necessitas
2908 4565 3012 4619 est;
3046 4550 3259 4625 quwstio
3291 4568 3469 4625 nempe
3497 4550 3651 4625 ﬁdem

2070 4628 2225 4682 tollit.
2249 4621 2361 4689 Ὀιιὶ
2391 4629 2527 4698 enim
2553 4629 2770 4698 qua'rit,
2808 4626 3032 4698 nondum
3059 4621 3278 4686 invenit;
3312 4624 3395 4693 qui
3427 4621 3653 4698 nondum

2071 4698 2279 4759 invenit,
2310 4696 2537 4750 nondum
2564 4693 2727 4750 'credit
2742 4714 2757 4758 ;
2788 4696 2917 4765 ﬁdes
2944 4703 3111 4748 autem
3134 4698 3362 4747 animum
3385 4693 3653 4765 cogitatio-

2074 4783 2288 4835 nemque
2317 4769 2443 4837 facit
2471 4769 2841 4838 conquiescere.

2152 4849 2174 4907 ξ
2216 4834 2354 4901 Quid
2382 4838 2424 4888 si
2457 4838 2761 4905 legerimus,
2788 4850 2905 4907 qua:
2931 4834 3103 4907 decent
3132 4834 3340 4904 plagis?

2150 4904 2174 4943 ἀ
2221 4907 2428 4978 l_.ubens
2460 4904 2709 4973 legerem,
2742 4904 2981 4978 nihil/tie
3007 4906 3188 4974 egisse.
3278 4972 3288 4978 _
3425 4966 3454 4978 η

2155 4986 2178 5013 ε
2216 4973 2380 5028 ,Ιιιιῖςιιί
2429 4972 3120 5045 sexcentisprophetarum
3170 4972 3650 5045 testimoniumqu-

2078 5045 2203 5100 victi
2218 5084 2237 5117 ,ᾗ
2268 5045 2432 5098 Deum
2455 5047 2668 5114 quidem
2704 5034 2912 5117 Patrem
2940 5060 3058 5097 esse
3089 5043 3348 5117 fatentur;
3380 5034 3471 5087 sed
3494 5034 3645 5117 hujus

2078 5115 2263 5169 mundi
2293 5131 2355 5168 ac
2393 5127 2707 5171 cunctorum
2739 5115 3011 5169 hominum
3057 5115 3655 5182 (διῄρει-ιιι»’ήρεεοιιιιιιψιιιιη

2079 5200 2210 5239 vero
2251 5187 2505 5255 comterni
2554 5196 2714 5255 atque
2753 5176 3220 5255 consubstantialis
3267 5171 3637 5255 Filiidit'lltﬁl‘a;

2080 5255 2246 5309 tione.
2281 5239 2603 5321 Quinimmo
2629 5239 2776 5309 istud
2818 5250 3089 5321 ascribunt
3116 5241 3487 5321 blasphemiag,
3513 5239 3639 5295 Chri

2082 5333 2222 5379 stum
2260 5312 2538 5395 lapidibus
2586 5329 2849 5395 petentes.
2900 5314 3042 5388 quod
3089 5312 3645 5395 scipsum_allirmare~

2082 5408 2201 5449 esse
2248 5382 2440 5448 Filium
2492 5382 2632 5447 Dei':
2674 5393 2856 5457 sicque
2906 5382 3254 5457 personarum
3302 5382 3654 5453 pluralitatcu'.

2086 5479 2206 5520 cum
2234 5464 2460 5519 Deitatis
2487 5464 2689 5516 unitate
2715 5454 2972 5510 docentes
3002 5454 3141 5508 ferre
3170 5470 3276 5508 non
3307 5461 3551 5521 p'tssuttl.

2164 5532 2181 5571 τ
2225 5533 2299 5587 De
2337 5543 2536 5587 aeterna
2581 5528 2832 5597 loquitur,
2862 5541 2967 5593 qua
2995 5525 3072 5579 sic
3102 5540 3228 5597 vere
3257 5540 3285 5578 a
3331 5521 3486 5597 Patre
3518 5523 3636 5584 inge

2087 5604 2220 5667 nito,
2248 5611 2303 5656 et
2328 5620 2358 5655 a
2387 5600 2585 5668 Spiritu
2616 5592 2683 5651 ah
2713 5592 2939 5665 utroque
2961 5595 3285 5668 procedente
3314 5592 3416 5645 alia
3438 5601 3516 5643 est
3544 5602 3663 5664 per-

2086 5689 2239 5733 sona,
2272 5680 2329 5724 ut
2376 5667 2552 5722 tamen
2602 5668 2788 5720 unicus
2817 5675 2872 5718 et
2901 5682 3059 5720 verus
3086 5667 3227 5719 Deus
3267 5675 3385 5717 esse
3412 5672 3534 5713 cum
3557 5669 3662 5705 ets-

2086 5744 2207 5797 dem
2235 5755 2342 5793 non
2369 5736 2594 5796 desinat.
