4246 6264
613 385 717 440 245

1938 374 2208 430 ARNOBII
2247 375 2547 432 JUNIORIS

3766 377 3872 434 ω

614 493 658 546 si
690 492 847 548 Pater
873 510 993 550 cum
1024 494 1158 547 Filio
1188 500 1241 546 et
1265 490 1465 560 Spiritu
1487 497 1674 545 sancto
1703 489 1843 543 Deus
1872 504 2008 543 unus
2037 489 2184 558 penis
2217 492 2269 549 Α
2293 491 2346 543 in
2376 490 2485 543 Deo
2518 490 2673 544 Patre
2705 500 2756 544 et
2790 491 2921 546 Filio
2945 508 3071 547 vere
3091 494 3226 548 duas
3252 509 3514 562 personas
3544 504 3566 531 ο
3591 509 3750 548 unam
3770 494 3873 548 ha—

619 594 702 641 tus
744 603 848 640 non
889 595 1123 652 negatur.
1156 582 1512 652 —Serapion
1539 582 1674 637 dixit
1714 600 1727 634 :
1761 580 1990 636 Eliciens
2016 597 2103 635 me
2125 583 2193 636 de

617 692 898 747 synagoga:
920 676 1188 746 synedrio,
1216 685 1239 712 κ
1264 676 1315 729 in
1336 673 1555 730 Sabellii
1584 690 1670 729 me
1692 674 1955 729 insaniam
1979 674 2192 730 induxi-

617 767 685 819 sti
711 785 721 817 :
751 757 854 834 qui.
884 782 1046 820 unum
1090 767 1255 821 Deum
1296 765 1510 821 Patrem
1536 774 1591 821 et
1635 765 1829 821 Filium
1856 773 1913 820 et
1938 764 2193 836 Spiritum

616 866 857 910 sanctum
888 856 1189 911 conﬁtetur.
1215 888 1286 898 -
1308 857 1575 911 Arnobius
1598 856 1733 911 dixit
1756 875 1769 910 :
1794 855 1853 912 Si
1883 870 2008 912 vere
2031 872 2193 911 unum

616 947 787 1003 Deum
812 949 1014 1003 diceret
1042 948 1321 1014 Sabellius,
1350 949 1542 1003 Filium
1562 948 1679 1017 ejus
1704 959 1759 1004 et
1786 948 2042 1018 Spiritum
2072 964 2196 1001 san-

616 1049 760 1093 ctum
792 1056 895 1092 non
927 1049 1165 1107 negaret.
1214 1040 1384 1108 Negat
1419 1041 1563 1094 enim
1609 1054 1796 1094 verum
1839 1038 2072 1103 Patrem,
2103 1038 2196 1108 qui

615 1145 797 1185 verum
829 1131 1018 1185 Filium
1048 1147 1151 1186 non
1174 1132 1324 1195 dicit,
1349 1141 1505 1199 negat
1526 1130 1785 1201 Spiritum
1815 1141 2079 1196 sanctum,
2103 1132 2195 1201 qui

616 1220 820 1286 integra
851 1219 1109 1274 Trinitate
1140 1221 1305 1274 Deum
1330 1221 1593 1287 integrum
1621 1235 1739 1275 esse
1778 1236 1885 1275 non
1912 1221 2102 1275 credit.
2123 1252 2198 1263 —

615 1310 877 1379 Serapion
906 1311 1040 1364 dixit
1078 1330 1088 1362 :
1119 1310 1233 1379 Ego
1280 1312 1375 1366 tibi
1410 1311 1700 1367 Sabellium
1744 1314 1862 1380 lego
1909 1312 2194 1366 anathema

614 1402 884 1455 dicentem
936 1402 1018 1454 his
1058 1402 1148 1469 qui
1194 1400 1428 1465 Patrem,
1478 1410 1534 1456 et
1579 1401 1791 1465 Filium,
1839 1411 1894 1456 et
1938 1402 2193 1471 Spiritum

616 1498 859 1545 sanctum
890 1492 1005 1545 ausi
1033 1500 1159 1545 sunt
1177 1492 1443 1561 denegare
1470 1492 1539 1547 ad
1574 1494 1995 1549 convincendam
2020 1493 2195 1549 Trini-

617 1589 802 1636 tatem.
833 1614 906 1625 —
932 1582 1199 1637 Arnobius
1240 1583 1377 1636 dixit
1409 1602 1420 1635 :
1451 1583 1478 1622 δ
1505 1581 1612 1638 Sed
1649 1584 1822 1653 ipsum
1858 1598 1918 1639 se
1957 1583 2191 1649 Patrem,

618 1672 790 1742 ipsum
818 1686 878 1726 se
901 1671 1114 1737 Filium,
1148 1673 1319 1741 ipsum
1344 1689 1402 1727 se
1431 1671 1691 1742 Spiritum
1718 1680 1959 1728 sanctum
1986 1674 2194 1742 impiis-

617 1766 751 1819 sima
779 1763 1088 1819 defensione
1115 1765 1407 1819 contendit.
1451 1765 1560 1820 Nos
1587 1772 1766 1819 autem
1812 1764 2025 1819 Patrem
2063 1765 2196 1839 dici-

2295 582 2423 636 bere
2452 582 2802 637 substantiam
2818 583 3176 653 i—Serapion
3201 584 3335 639 dixit
3360 603 3372 637 :
3404 584 3697 652 lneongrua
3725 599 3878 639 com-

2296 673 2507 742 paratio
2535 687 2653 727 esse
2678 671 3028 741 dignoscitur,
3060 683 3120 727 ut
3160 674 3229 729 de
3269 675 3590 745 incorporeo
3617 688 3881 743 corporea

2297 764 2536 819 membra
2573 764 2629 818 in
2658 765 2964 834 exemplum
2992 763 3561 821 assumas—Iudices
3585 765 3836 821 dixerunt
3861 784 3875 819 :

2296 854 2514 911 Frustra
2545 857 2804 925 quaere-ris
2829 857 2898 912 de
2924 858 3202 927 corporeis
3237 857 3492 914 membris
3526 858 3594 912 ab
3642 858 3882 913 Arnobio

2297 952 2566 1014 sumptum
2585 948 2912 1014 exemplum.
2936 945 2992 1000 Si
3021 948 3168 1001 enim
3196 962 3459 1016 corporea
3490 947 3730 1002 membra
3750 963 3883 1004 ocu-

2298 1035 2491 1098 lorum,
2524 1036 2730 1090 narium
2758 1045 2815 1090 et
2842 1037 3050 1091 aurium
3080 1038 3133 1091 in
3162 1038 3272 1091 suis
3302 1036 3484 1091 formis
3520 1037 3707 1100 divisa,
3748 1046 3806 1091 et
3849 1054 3882 1092 a

2298 1140 2358 1181 se
2402 1125 2630 1180 invicem
2657 1126 2812 1193 quasi
2858 1126 2913 1179 in
2964 1126 3076 1181 suis
3115 1125 3376 1181 cubiculis
3408 1126 3697 1189 manentia,
3738 1126 3881 1180 hanc

2299 1218 2543 1273 obtinent
2567 1219 2827 1272 unitatem
2856 1218 3183 1282 substantia,
3236 1226 3296 1272 ut
3345 1235 3453 1277 uno
3500 1218 3721 1284 lumine,
3771 1235 3880 1274 uno

2298 1309 2545 1374 odoratu,
2594 1323 2703 1363 uno
2727 1307 2974 1364 fruantur
3001 1308 3224 1364 auditu:
3263 1316 3466 1378 quant‘o
3495 1309 3664 1378 magis
3710 1309 3877 1373 Deus,

2297 1401 2389 1469 qui
2417 1401 2768 1470 incorporeus
2795 1415 2917 1456 esse
2944 1399 3193 1455 fatendus
3229 1408 3333 1463 est,
3384 1414 3541 1453 unam
3579 1415 3703 1454 cum
3745 1399 3879 1454 Filio

2297 1507 2396 1547 suo
2424 1492 2780 1547 substantiam
2808 1493 3031 1559 habens,
3081 1507 3245 1546 unam
3286 1492 3450 1547 etiam
3491 1507 3612 1546 cum
3642 1508 3710 1547 eo
3737 1490 3880 1547 obti-

2298 1592 2425 1639 neat
2461 1583 2865 1653 omnipotentia:
2908 1580 3656 1652 majestateml—Serapion
3703 1582 3836 1637 dixit
3862 1601 3874 1635 :

2298 1675 2596 1743 Aequiesco
2615 1674 2832 1743 quidem
2861 1674 3062 1728 rationi
3081 1687 3359 1743 corporea:
3387 1690 3403 1726 :
3437 1672 3534 1727 sed
3558 1672 3660 1727 nisi
3700 1673 3879 1728 incor-

2295 1781 2461 1838 porea
2490 1765 2690 1821 fuerint
2713 1766 2981 1835 exempla,
3010 1765 3078 1819 ad
3099 1766 3474 1835 incorporeum
3501 1764 3592 1819 illa
3620 1764 3744 1820 duci
3772 1781 3880 1821 non

617 1869 737 1908 mus
777 1861 833 1908 et
875 1854 1142 1909 credimus
1178 1856 1270 1925 qui
1317 1856 1499 1923 genuit
1539 1855 1732 1910 Filium
1762 1874 1775 1908 :
1806 1864 1864 1910 et
1902 1864 1985 1911 est
2029 1855 2187 1911 Pater
2216 1860 2263 1918 Β
2288 1857 2829 1930 patior.—Arnobius
2848 1858 3014 1913 dixit:
3034 1858 3321 1928 Deprecor,
3353 1856 3597 1924 Iudices,
3620 1865 3682 1911 ut
3707 1858 3881 1913 indul-

620 1947 761 2001 unici
789 1945 910 2000 Filii
937 1947 1018 2000 sui
1048 1955 1172 2002 ante
1196 1956 1440 2018 tempora
1463 1947 1650 2016 geniti.

689 2036 776 2089 lV.
796 2066 866 2076 -—
886 2034 1149 2106 Serapion
1176 2037 1309 2091 dixit
1332 2056 1345 2089 :
1377 2037 1514 2093 Nolo
1541 2053 1627 2092 me
1651 2038 1705 2092 in
1725 2039 1889 2094 altum
1909 2039 2104 2104 ducas;
2138 2049 2196 2094 et

619 2129 687 2184 de
706 2129 809 2183 hoc
823 2130 932 2197 jam
960 2143 1103 2197 agas,
1130 2130 1272 2198 quod
1298 2138 1424 2183 ante
1445 2136 1686 2200 tempora
1715 2131 1919 2199 genuit.
1943 2130 2081 2185 Hinc
2106 2145 2193 2185 me

617 2219 765 2289 prius
791 2219 969 2286 egredi
998 2218 1176 2285 facito,
1207 2204 1331 2290 quia
1372 2228 1425 2275 te
1447 2228 1556 2275 tres
1576 2222 1707 2276 deos
1731 2221 1909 2276 dicere
1931 2221 2186 2290 intelligo.

618 2341 690 2352 —
709 2309 974 2365 Arnobius
999 2309 1135 2364 dixit
1165 2328 1177 2363 :
1224 2309 1529 2365 Intellectus
1558 2318 1680 2365 tuus
1704 2325 1943 2366 errorem
1971 2311 2191 2381 patitur.

623 2411 646 2439 α
676 2400 808 2454 Nam
848 2402 1012 2455 debes
1041 2416 1127 2456 me
1162 2402 1471 2456 meminisse
1511 2402 1729 2466 dixisse,
1769 2410 1823 2457 te
1860 2417 1986 2458 vere
2032 2419 2195 2457 unum

619 2492 787 2547 Deum
836 2493 1101 2561 integrum
1144 2491 1406 2560 conﬁteri,
1446 2508 1567 2548 cum
1596 2493 1811 2549 Patrem
1839 2502 1896 2549 et
1920 2494 2112 2549 Filium
2140 2501 2198 2549 et

619 2583 877 2655 Spiritum
903 2593 1147 2640 sanctum
1167 2600 1331 2640 unum
1358 2586 1527 2641 Deum
1556 2586 1630 2641 ita
1651 2587 1960 2652 credideris,
2008 2596 2065 2641 ut
2095 2587 2196 2642 nisi

619 2678 857 2748 putative
880 2678 1028 2733 dicas
1052 2676 1282 2743 Patrem,
1314 2679 1407 2733 sed
1429 2692 1615 2733 verum
1637 2677 1869 2745 Patrem,
1899 2678 1991 2748 qui
2011 2679 2197 2747 genuit

617 2783 803 2823 verum
856 2768 1405 2839 Filium—Serapion
1452 2770 1622 2825 dixit:
1654 2768 1797 2840 Ergo
1844 2779 1902 2826 et
1942 2772 2099 2837 allus,
2139 2780 2196 2826 et

622 2860 775 2926 alius,
813 2868 869 2915 et
900 2861 1035 2917 alius
1076 2862 1521 2935 est—Arnobius
1549 2863 1685 2917 dixit
1715 2881 1729 2916 :
1762 2864 1928 2929 Alius,
1959 2872 2016 2920 et
2059 2864 2197 2919 alius

621 2955 735 3014 est;
770 2956 825 3003 et
852 2956 1031 3005 tamen
1061 2966 1196 3005 unus
1216 2951 1356 3006 Dens
1383 2960 1484 3007 est.
1506 2979 1579 2991 —
1595 2951 1856 3024 Serapion
1876 2953 2048 3010 dixit:
2081 2952 2197 3010 Hoc

621 3047 766 3094 stare
802 3055 910 3095 non
949 3049 1146 3111 potest,
1176 3050 1239 3097 ut
1278 3044 1415 3100 alius
1440 3044 1512 3099 sit
1549 3044 1729 3112 Pater,
1773 3047 1865 3117 qui
1898 3046 2113 3114 genuit;
2143 3053 2200 3101 et

623 3131 759 3186 alius
787 3134 857 3186 sit
882 3133 1065 3201 Filius,
1107 3136 1200 3203 qui
1225 3138 1436 3204 genitus
1473 3145 1558 3191 est
1588 3155 1601 3190 :
1633 3138 1708 3192 ita
1755 3146 1814 3193 ut
1845 3154 1952 3194 non
1985 3141 2056 3195 sit
2082 3140 2199 3208 ipse

2296 1957 2487 2020 genter
2530 1948 2714 2005 feratis
2740 1958 2977 2005 vestram
3014 1957 3332 2007 renuentem
3378 1950 3720 2006 sententiam.
3762 1950 3877 2006 Non

2296 2040 2440 2095 enim
2465 2054 2769 2109 expavesco
2795 2039 2886 2094 illa
2912 2040 3232 2110 incorporea
3260 2040 3510 2111 exempla
3528 2048 3875 2109 quaerentem,

2297 2147 2421 2186 cum
2452 2146 2639 2187 verum
2666 2128 2901 2197 Patrem,
2930 2145 3116 2187 verum
3158 2129 3373 2195 Filium,
3398 2146 3584 2187 verum
3625 2130 3880 2202 Spiritum

2296 2230 2561 2287 sanctum,
2589 2236 2720 2278 vere
2740 2229 2891 2278 tres:
2923 2236 3052 2277 vere
3062 2235 3237 2276 unum
3257 2219 3520 2277 conﬁteor
3544 2222 3883 2292 omnipoten-

2298 2320 2407 2368 tem
2434 2319 2490 2367 et
2530 2311 2768 2366 credam.
2801 2309 3173 2381 Compellatur
3216 2325 3346 2367 sane
3385 2308 3646 2381 Serapion
3688 2311 3755 2369 de
3779 2313 3881 2369 hac

2298 2410 2717 2479 interrogatione
2743 2408 2984 2479 proﬁteri
3009 2408 3304 2472 silentium,
3336 2424 3460 2464 cum
3497 2410 3638 2465 sicut
3660 2409 3729 2464 de
3754 2425 3878 2467 coro

2298 2502 2494 2571 porcis,
2519 2501 2593 2554 ita
2612 2506 2668 2555 et
2687 2499 2754 2554 de
2781 2498 3133 2568 incorporeis,
3154 2498 3403 2568 exempla
3431 2500 3728 2570 protulero,
3753 2500 3878 2570 qui-

2297 2594 2397 2648 bus
2439 2599 2673 2647 astruam
2702 2599 2813 2646 tres
2832 2604 3093 2660 personas
3126 2590 3179 2644 in
3208 2604 3314 2645 una
3342 2605 3463 2646 esse
3486 2591 3884 2673 substantia.—

2297 2685 2511 2741 Iudices
2552 2684 2845 2738 dixerunt:
2892 2679 2916 2720 ί
2946 2680 3137 2738 Edicat
3178 2680 3443 2751 Serapion
3483 2681 3551 2737 ad
3596 2682 3756 2751 hujus
3800 2683 3886 2738 rei

2298 2775 2673 2848 probationem
2693 2774 2799 2829 hoc
2823 2772 2997 2828 solum
3014 2772 3222 2836 deesse,
3253 2779 3313 2826 ut
3338 2773 3408 2827 ab
3437 2771 3676 2827 Arnobio
3700 2771 3885 2827 iocor»

2299 2880 2466 2936 porca
2493 2862 2837 2935 proferantur
2861 2861 3487 2932 exempla.—Serapion
3516 2861 3688 2917 dixit:
3719 2859 3887 2917 Satis-

2300 2956 2501 3013 factum
2548 2954 2761 3011 fatebor
2804 2965 2939 3009 sane
2985 2968 3106 3009 cum
3151 2954 3466 3023 incorporea
3511 2952 3758 3023 exempla
3808 2953 3885 3009 ita

2298 3046 2497 3103 fuerint
2521 3046 2663 3104 sicut
2693 3059 2956 3117 corporea
2974 3044 3250 3099 evidenter
3267 3042 3882 3114 expressa—Arnobius

2299 3138 2435 3194 dixit
2467 3156 2481 3191 :
2510 3137 2759 3207 Nunquid
2784 3150 3073 3207 possumus
3100 3136 3154 3189 in
3182 3150 3290 3190 uno
3310 3134 3527 3189 homine
3553 3134 3734 3203 aliquo
3758 3150 3883 3205 per-

622 3222 801 3287 Pater,
832 3226 924 3293 qui
944 3233 1027 3280 est
1052 3226 1236 3291 Filius,
1268 3236 1323 3281 et
1343 3236 1520 3281 tamen
1542 3243 1681 3284 unus
1700 3229 1841 3283 Deus
1861 3230 2201 3285 sit.—Arno-
2228 3230 2274 3293 C
2305 3230 2496 3286 lectam
2549 3227 2731 3282 dicere
2782 3226 3100 3296 sapientiam
3140 3239 3280 3291 esse,
3322 3224 3377 3279 in
3416 3237 3523 3293 quo
3565 3224 3787 3280 minime
3813 3225 3884 3280 sit

623 3314 742 3371 hius
763 3314 895 3368 dixit
920 3333 932 3367 :
957 3313 1070 3382 Ego
1091 3317 1143 3369 in
1164 3317 1339 3384 teipso
1359 3317 1644 3385 assignabo
1666 3318 1761 3372 tibi
1785 3319 1919 3373 duas
1938 3334 2200 3389 personas

625 3405 823 3461 habere
849 3420 1009 3459 unam
1036 3400 1741 3476 substantiam—Serapion
1763 3408 1932 3463 dixit:
1958 3407 1986 3447 ἀ
2011 3408 2201 3465 Cesset

625 3512 712 3552 ars
738 3496 1377 3553 dialectica.-—Arnobius
1394 3496 1532 3552 dixit
1562 3514 1576 3551 :
1607 3498 1709 3553 Ars
1735 3498 2015 3556 dialectica
2039 3502 2093 3555 in
2112 3517 2200 3556 re-

626 3588 724 3643 bus
752 3588 990 3644 obscuris
1016 3588 1326 3656 ingreditur,
1355 3596 1414 3643 ut
1434 3588 1678 3644 videatur
1698 3605 1816 3645 esse
1846 3606 2029 3646 verum
2054 3593 2200 3661 quod

626 3693 808 3736 verum
851 3687 951 3735 est.
984 3678 1095 3750 Ego
1140 3688 1318 3736 autem
1348 3681 1603 3750 promitto
1631 3697 1718 3737 me
1738 3681 1793 3736 in
1822 3683 1993 3753 teipso
2014 3692 2199 3739 osten-

626 3784 806 3824 surum
831 3784 1091 3839 personas
1114 3770 1247 3826 duas
1275 3786 1433 3825 unam
1475 3772 1675 3827 habere
1711 3772 2102 3829 substantiam:
2146 3776 2203 3830 in

629 3868 699 3926 te,
749 3862 982 3931 inquam,
1036 3862 1161 3930 quia
1208 3862 1482 3917 dialexeos
1510 3862 1704 3934 [Forte
1731 3861 2078 3938 διαλεκτικῶς]
2113 3881 2201 3921 me

628 3965 802 4020 agerc,
836 3961 890 4008 et
927 3968 1034 4008 non
1063 3953 1376 4022 simpliciter
1403 3954 2000 4025 autumas.—Serapion
2029 3958 2199 4011 dixit:

604 4044 770 4099 .Doce
813 4059 943 4112 ergo
987 4044 1299 4113 simMiciter
1342 4043 1551 4111 aliquas
1588 4045 1641 4098 in
1670 4060 1757 4099 me
1779 4046 1912 4100 duas
1944 4062 2203 4115 personas

631 4148 789 4185 unam
818 4134 1014 4186 habere
1042 4133 1756 4188 substantiam.-Arnobius
1773 4134 1908 4189 dixit
1937 4152 1950 4188 :
1989 4135 2127 4191 Ecce
2147 4137 2202 4191 in

634 4236 739 4276 uno
787 4224 962 4293 capite
1009 4232 1099 4277 tuo
1144 4222 1251 4277 duo
1300 4230 1424 4278 sunt
1460 4222 1621 4289 oculi,
1670 4223 1765 4279 sed
1804 4233 1887 4280 est
1910 4225 2205 4283 substantia

2305 3319 2566 3375 memoria
2590 3325 2686 3371 aut
2710 3317 3002 3385 ingenium,
3041 3324 3134 3370 aut
3168 3315 3509 3372 intellectus?
3527 3344 3598 3357 —
3615 3314 3880 3387 Serapion

2304 3407 2615 3479 respondit:
2641 3405 2925 3472 Quomodo
2952 3404 3190 3475 perfecta
3217 3414 3400 3477 potest
3423 3407 3687 3477 sapientia
3715 3407 3879 3474 credi,

2305 3498 2392 3555 cui
2420 3510 2586 3552 unum
2612 3496 2681 3552 de
2705 3494 2789 3549 his
2816 3494 2988 3549 tribus
3012 3494 3202 3551 deesse
3242 3496 3511 3564 potuerit?
3527 3522 3601 3536 —
3618 3495 3882 3552 Arnobius

2304 3590 2441 3646 dixit
2468 3607 2482 3642 :
2513 3585 2658 3658 Ergo
2678 3587 2725 3642 si
2747 3587 2822 3641 ita
2849 3594 2952 3653 est,
2978 3586 3141 3641 immo
3165 3586 3290 3655 quia
3311 3587 3384 3640 ita
3405 3595 3514 3652 est;
3539 3587 3677 3643 sicut
3702 3588 3754 3641 in
3777 3602 3879 3641 una

2305 3679 2569 3752 sapientia
2594 3686 2706 3738 tres
2726 3678 2842 3734 istas
2867 3678 3200 3749 incorporea:
3228 3692 3470 3747 persona:
3496 3679 3807 3744 subsistunt,
3831 3678 3881 3734 id

2306 3782 2392 3830 est
2409 3772 2689 3837 memoria,
2722 3778 2777 3827 et
2803 3771 3095 3838 ingenium,
3125 3778 3183 3824 et
3209 3770 3529 3837 intellectus,
3552 3779 3608 3825 et
3632 3786 3753 3826 cum
3774 3779 3883 3826 tres

2305 3865 2434 3930 sint,
2465 3878 2572 3919 non
2602 3869 2711 3917 tres
2738 3861 2955 3926 faciunt,
2987 3860 3080 3915 sed
3133 3876 3293 3916 unam
3337 3862 3648 3933 sapientiam
3700 3862 3880 3931 perfe-

2306 3967 2467 4020 ctam,
2492 3953 2537 4009 si
2566 3961 2677 4009 tota
2708 3951 2808 4007 tria
2827 3950 3060 4021 perfecta
3081 3948 3279 4007 fuerint
3303 3971 3315 4006 :
3346 3953 3418 4007 ita
3443 3969 3547 4008 una
3566 3951 3756 4023 Deitas
3768 3968 3884 4024 per-

2306 4047 2448 4101 fecta
2497 4044 2600 4100 erit
2627 4045 2681 4097 in
2711 4041 2814 4097 ﬁde
2840 4050 3043 4109 nostra,
3093 4058 3213 4098 cum
3242 4042 3536 4112 perfectum
3559 4043 3730 4098 Deum
3758 4059 3877 4100 cre-

2306 4136 2495 4190 damus
2522 4131 2757 4198 Patrem,
2785 4140 2841 4187 et
2860 4130 3072 4199 Filium,
3097 4142 3153 4188 et
3170 4132 3425 4204 Spiritum
3452 4143 3695 4190 sanctum
3724 4150 3882 4189 unam

2306 4225 2531 4282 Deitatis
2558 4224 3001 4295 omnipotentiam
3047 4225 3306 4281 obtinere.
3351 4224 3419 4280 Et
3461 4228 3599 4283 sicut
3640 4242 3749 4281 non
3799 4233 3882 4283 est

635 4328 820 4368 eorum
847 4330 983 4369 unus
1010 4322 1293 4384 aspectus:
1325 4312 1442 4369 duae
1465 4329 1641 4381 nares,
1672 4316 1766 4371 sed
1790 4333 1925 4373 unus
1952 4318 2208 4374 odoratus
2310 4320 2514 4387 integra
2542 4316 2823 4387 sapientia,
2856 4316 2947 4371 ubi
2970 4316 3241 4387 quidpiam
3282 4317 3350 4373 de
3394 4319 3629 4389 ingenio,
3679 4328 3773 4373 aut
3817 4318 3885 4374 de

634 4411 719 4457 est
750 4422 761 4456 :
791 4404 909 4459 dua:
938 4419 1113 4468 aures,
1145 4404 1239 4460 sed
1261 4420 1399 4460 unus
1424 4404 1639 4461 auditus
1665 4414 1765 4462 est.
1796 4407 1952 4474 Quod
1979 4411 2024 4464 si
2053 4411 2211 4467 unius
2312 4412 2589 4477 memoria,
2614 4418 2709 4466 aut
2727 4411 2795 4465 de
2820 4410 3169 4479 intelligentia
3188 4410 3445 4477 defuerit;
3476 4412 3555 4467 sic
3575 4427 3674 4467 nec
3700 4421 3785 4467 est
3804 4413 3886 4467 in-

635 4495 943 4549 suhstantize
965 4495 1020 4549 in
1039 4502 1095 4550 te
1121 4496 1222 4550 ista
1247 4495 1373 4551 bina
1394 4494 1672 4552 continent
1695 4498 1975 4563 unitatem,
2003 4516 2110 4556 non
2130 4502 2211 4557 vis
2241 4497 2283 4554 Ι)
2312 4510 2462 4571 tegra
2484 4501 2614 4557 lldes
2641 4502 2696 4556 in
2716 4501 2931 4557 homine
2959 4515 3045 4567 eo,
3070 4500 3160 4571 qui
3182 4501 3234 4555 in
3286 4501 3443 4557 Patre
3469 4503 3761 4575 quidpiam,
3794 4511 3886 4559 aut

1792 4629 1902 4686 rn.
1946 4631 2427 4691 FEU-ARDENTII
2463 4616 2691 4690 nom.

707 4750 731 4777 ι
770 4738 1033 4811 Sabellius
1050 4741 1239 4811 nolens
1263 4739 1457 4798 Iudaeis
1477 4742 1695 4796 omnino
1717 4741 2072 4809 subscribere,
2093 4742 2206 4799 Tri-
2240 4764 2249 4771 ’
2309 4754 2420 4799 tum
2459 4759 2587 4799 suos
2626 4757 2837 4798 errores
2855 4744 3093 4800 stabilire
3112 4752 3393 4811 conentur,
3427 4762 3532 4800 non
3564 4750 3754 4801 mirum
3782 4750 3826 4802 si
3856 4765 3883 4800 a

637 4811 857 4865 nitatem
890 4812 940 4883 in
971 4809 1082 4865 Deo
1110 4810 1395 4883 fatebatur,
1433 4811 1530 4883 sed
1564 4812 1861 4875 nominum,
1910 4812 2206 4868 oﬂiciorum
2306 4814 2608 4877 dialectica,
2630 4827 2749 4881 qua:
2762 4814 3085 4882 sophismata
3107 4815 3357 4883 detegere
3377 4809 3688 4873 etrefellere
3706 4818 3882 4878 docet,

633 4897 699 4964 ac
750 4880 1138 4951 proprietatum
1187 4880 1569 4964 solumntodo,_
1601 4898 1707 4936 non
1754 4891 1932 4937 autem
1987 4884 2207 4964 proprie
2307 4891 2367 4964 ut
2402 4880 2688 4964 plurimum
2717 4880 3395 4964 abhorrean‘t._llinc'enim
3437 4886 3723 4964 Donatista:
3764 4903 3884 4964 cum

632 4950 893 5021 dictarum
924 4965 1294 5019 personarum,
1336 4950 1497 5021 veluti
1538 4951 1606 5006 de
1649 4968 1716 5007 eo
1757 4961 1812 5006 et
1851 4950 2205 5008 sectatoribus
2307 4950 2604 5021 Augustino
2648 4951 2899 5020 congredi
2937 4954 3211 5017 uolebant,
3252 4956 3395 5021 quod
3442 4957 3543 5010 bac
3592 4957 3884 5011 disserendi

633 5020 987 5077 teStitlcantur
1042 5021 1322 5090 Dienysius
1369 5020 1793 5086 Alexandrinus,
1842 5021 2203 5091 Epiphanius,
2308 5020 2424 5075 arte
2453 5021 2655 5091 peritus
2683 5029 2739 5075 et
2765 5022 2999 5076 munitus
3026 5032 3186 5077 esset.
3235 5020 3303 5078 Et
3348 5040 3610 5079 novorum
3663 5024 3760 5080 Ubi
3802 5027 3883 5080 ui-

634 5091 867 5146 llilarius
895 5099 1055 5149 atque
1084 5090 1472 5149 Theodoretus,
1507 5098 1605 5144 etc.
1641 5092 1884 5145 Viderint
1911 5091 2207 5146 Calviniani
2307 5099 2512 5147 starum
2553 5090 2690 5146 alter
2737 5094 2961 5147 antistes
3004 5090 3346 5149 Smidelinus.
3389 5094 3443 5149 in
3484 5041 3883 5149 colloauioiia-

634 5091 867 5146 Hilarius
895 5099 1055 5159 atque
1084 5090 1472 5165 Theodoretus,
1507 5098 1605 5144 etc.
1641 5090 2207 5165 Viderint’Calviniani
2307 5090 2531 5165 s_tarum_
2553 5090 2690 5146 alter
2737 5094 2961 5165 antistes
3004 5090 3346 5165 Smidelinus,
3389 5094 3455 5165 in
3484 5096 3751 5165 colloquio
3778 5090 3884 5149 Ba-

636 5177 878 5230 persona:
902 5177 1080 5216 veram
1125 5161 1424 5233 ﬁnitionem
1446 5175 1585 5233 cum
1603 5176 1702 5216 suo
1730 5161 1950 5233 Calvino
1989 5175 2207 5229 perver—
2312 5160 2483 5233 densi,
2510 5160 2688 5230 jussus
2720 5162 3030 5232 (secundum
3051 5162 3226 5233 pacta)
3256 5163 3311 5233 in
3339 5164 3500 5219 modo
3524 5172 3580 5220 et
3601 5160 3766 5233 ﬁgura
3786 5166 3887 5233 syl-

637 5228 831 5304 tentes,
859 5246 1017 5304 quam
1048 5230 1271 5299 turpiter
1295 5230 1365 5304 _ad_
1392 5228 2010 5304 sabellianosdeliciant.
2065 5299 2076 5304 _
2113 5299 2140 5304 _
2312 5228 2569 5304 logismos
2588 5228 2903 5304 neckére_,_et
2933 5228 3224 5286 secundum
3250 5228 3659 5289 dialecticorum
3677 5228 3887 5304 regulas

712 5298 754 5375 δε
777 5298 960 5375 codex
986 5298 1398 5375 vetus’_nom_inis
1429 5298 1652 5375 Arnobii
1687 5299 1882 5375 oblitus
1897 5299 2079 5375 ,__istud
2107 5299 2209 5375 Se-_
2311 5302 2614 5375 disputare;
2645 5316 2768 5375 cum
2796 5300 2847 5354 id
2866 5308 3121 5375 praestare
3149 5316 3256 5355 non
3280 5304 3565 5375 posset,in
3593 5298 3888 5375 hanc'prte-

640 5367 850 5444 rapioni
881 5368 1096 5444 tribuit.
1131 5370 1330 5425 Deinde
1369 5370 1529 5425 tertio
1565 5369 1792 5444 repetit,
1823 5371 1867 5421 si
1905 5368 2133 5444 Patrem,
2162 5371 2210 5423 si
2309 5367 2513 5444 claram
2532 5367 3535 5444 disciplinaminvectus,cumfanaticis
3549 5367 3885 5444 opinionibus

641 5434 928 5514 Filium,ns_i
957 5436 1235 5504 Spiritum;
1265 5452 1366 5514 nos
1402 5456 1463 5514 se
1503 5434 1860 5514 reposuimus.
1904 5436 2204 5503 Postremo,
2309 5434 2989 5514 suis‘theatro‘exsibilatus
3009 5448 3064 5514 et
3083 5434 3265 5514 pulsus
3290 5460 3302 5495 :
3327 5444 3488 5513 paulo
3509 5434 3630 5514 post
3651 5458 3883 5499 miratore

642 5504 924 5577 contegdit,
947 5507 1336 5577 proconteggdis
1359 5504 1690 5577 scripsimus.
1978 5576 1981 5577 ν
2308 5507 2583 5577 confectus
2611 5507 2843 5561 animam
2874 5504 3163 5565 exhalavit.

718 5584 742 5613 ο
781 5572 1176 5645 Vetus’codex:
1201 5572 1340 5629 Nam
1362 5572 1511 5631 debes
1536 5594 1617 5631 me
1640 5577 1930 5633 meminisse
1949 5576 2143 5632 dixisse
2162 5585 2210 5631 te
2388 5588 2410 5615 ε
2452 5576 2649 5631 Vocem
2677 5592 2834 5630 unam
2854 5577 3163 5645 adiecimus.

644 5660 759 5699 nere
774 5658 934 5723 unum
950 5642 1118 5723 Deum
1134 5644 1385 5723 integrum
1404 5648 1681 5723 conﬁteris,
1697 5647 2055 5723 θᾳηεραετεηι,
2077 5655 2204 5712 etc.,
2339 5718 2350 5723 _
2391 5645 2409 5685 ί
2450 5645 2615 5723 Vetus
2639 5646 2806 5700 codex
2833 5665 2845 5723 ς
2880 5642 3068 5723 Ε’άξεαι
3088 5650 3342 5723 Serapion
3362 5651 3431 5705 ad
3458 5650 3609 5723 hujus
3636 5649 3881 5723 reproba-

648 5730 749 5792 nos
771 5713 1024 5792 cgnﬁteri,
1056 5728 1171 5792 cunt
1196 5713 1706 5792 Patremleg'endum
1728 5716 2099 5792 indicavimus.
2311 5718 2500 5792 tionem
2525 5716 2743 5792 hoc‘non
2764 5719 2927 5773 solum
2948 5720 3136 5786 deesse,
3168 5713 3269 5775 etc.
3302 5713 3549 5792 Etpaulo
3570 5713 3730 5792 post';
3778 5720 3883 5774 Sa-

715 5781 743 5821 ά
780 5781 915 5839 Cum
939 5781 1559 5854 hatreticiparalogismis
1585 5793 1641 5841 et
1657 5781 1817 5841 meris
1845 5787 2065 5842 fallaciis
2083 5794 2206 5841 tam
2312 5787 2567 5853 tisfuctum
2611 5788 2795 5853 fateor,
2837 5804 2937 5857 pro
2975 5804 3085 5859 quo
3124 5781 3222 5844 nos
3260 5781 3455 5858 [ateb'or
3482 5781 3881 5849 collocavimus.
