4246 6270
590 343 694 402 247

1950 348 2221 404 annona
2259 348 2564 405 tUNtonts
2632 418 2639 425 ν

3758 352 3870 410 ste

596 459 648 514 in
697 458 807 512 Deo
855 457 1051 513 factum
1099 456 1358 521 invenies,
1408 472 1567 526 quam
1615 458 1758 527 quod
1779 467 1877 512 est.
1912 458 2026 515 Hoc
2052 468 2133 514 est
2161 479 2173 513 :
2208 471 2253 524 Α
2283 478 2350 516 ne
2372 463 2565 516 iterum
2594 477 2853 533 corporea
2875 464 3006 519 mihi
3033 464 3211 544 aliqua
3251 464 3496 536 exempla
3524 463 3719 521 afferas
3743 467 3864 537 qui-

595 548 754 602 l’atcr
767 547 907 601 enim
922 547 1083 600 Pater
1109 561 1264 600 verus
1284 554 1383 609 est,
1410 562 1569 603 verus
1595 549 1806 617 genitor
1831 549 1988 613 Filii:
2014 567 2174 606 verus

546 710 547 715 κ
590 640 773 702 Filius,
813 653 970 691 verus
1018 637 1321 705 unigenitus
1363 636 1555 693 Patris.
1587 640 1942 711 —Serapion
1990 642 2125 696 dixit
2157 662 2170 695 :

589 739 614 766 ε·
635 730 934 795 Antequam
955 737 1238 794 generaret
1256 726 1467 794 Filium,
1493 731 1862 787 tantummodo
1883 733 2025 787 Deus
2040 732 2170 797 fuit;

588 833 695 885 non
716 826 895 871 tamen
915 815 1076 871 Pater
1091 818 1455 875 ?—Arnobius
1477 820 1610 877 dixit
1636 840 1649 875 :
1682 821 1844 878 Erras
1864 824 1916 878 in
1944 824 2175 879 interro-

585 908 802 977 gatione
828 925 840 959 :
873 923 1087 977 semper
1113 910 1255 962 enim
1285 921 1341 965 et
1368 910 1509 966 Deus
1537 919 1593 966 et
1631 910 1791 967 Pater
1819 912 2174 969 fuit.—-Sera-

587 1002 714 1071 pion
761 999 1035 1070 respondit
1061 1020 1072 1054 :
1106 1000 1247 1070 Ergo
1276 1018 1384 1058 non
1432 1019 1558 1059 vere
1585 1005 1785 1072 genuit.
1812 1038 1885 1047 —
1904 1004 2173 1061 Arnobius

584 1090 756 1147 dixit:
809 1093 947 1147 Vere
983 1094 1182 1161 genuit.
1214 1122 1289 1132 —
1314 1093 1574 1167 Serapion
1621 1089 1934 1167 respondit:
1968 1096 2025 1151 Si
2046 1113 2173 1153 vere

582 1185 785 1253 genuit,
837 1195 1125 1255 antequam
1177 1196 1461 1255 generaret
1513 1189 1676 1251 Deus,
1729 1189 1871 1245 Deus
1889 1188 1987 1245 fuit
2016 1209 2029 1243 :
2061 1206 2171 1245 non

584 1284 762 1331 tamen
793 1285 847 1331 et
870 1276 1032 1332 Pater
1051 1278 1208 1332 simul
1236 1294 1355 1334 esse
1377 1280 1550 1349 potuit
1578 1289 1866 1351 antequam
1886 1291 2172 1351 generaret

585 1369 703 1435 iste,
736 1370 828 1439 qui
867 1370 1415 1439 genuit.—Arnobius
1445 1372 1615 1428 dixit:
1643 1373 1786 1430 'ldeo
1814 1391 2054 1431 errorem
2079 1393 2172 1448 pa-

584 1462 734 1526 teris,
757 1462 881 1530 quia
908 1462 1154 1516 humana:
1180 1460 1484 1531 fragilitatis
1508 1467 1968 1536 comparationem
1996 1469 2171 1523 omni-

583 1552 837 1621 potentiae
882 1552 1075 1607 divina:
1130 1552 1397 1623 impingis.
1456 1554 1629 1612 Homo
1683 1557 1826 1611 enim
1880 1565 2169 1627 antequam

584 1642 777 1699 Filium
806 1644 1003 1699 habeat
1031 1646 1402 1701 tantummodo
1447 1646 1612 1703 homo
1659 1657 1742 1703 est
1773 1667 1786 1700 :
1818 1655 2007 1719 postea
2037 1666 2167 1705 vero

583 1752 743 1805 quam
765 1735 956 1791 Filium
980 1738 1180 1793 habere
1209 1739 1450 1809 coeperit,
1474 1749 1530 1795 et
1550 1740 1711 1796 homo
1740 1749 1842 1807 est,
1874 1743 2017 1811 quod
2033 1742 2163 1810 fuit;

2278 556 2378 609 bus
2424 556 2611 611 nitaris
2640 556 3261 627 incorporea'coattare.
3282 585 3355 597 -—
3373 558 3641 614 Arnobius
3685 559 3860 616 dixit:

2275 644 2393 701 Jam
2434 648 2598 702 timeo
2627 631 2967 717 prudentiam
2995 659 3140 703 tuatn
3171 650 3225 703 in
3265 649 3365 704 hac
3392 657 3547 719 parte
3565 649 3859 708 oﬂ‘endere.

2276 735 2610 806 —-Serapion
2632 737 2807 793 dixit:
2838 736 2956 793 Non
2980 753 3163 792 meam
3202 738 3561 807 prudentiam,
3611 739 3707 795 sed
3745 755 3865 795 om-

2276 827 2424 881 nium
2456 827 2794 896 cognitorum
2826 835 2882 884 et
2904 826 3506 896 judicum.—Amobius
3526 828 3701 883 dixit:
3726 827 3863 885 Audi

2276 931 2405 985 ergo
2425 918 2798 988 incorpoream
2824 920 3229 996 generationem
3249 918 3316 975 de
3335 933 3600 990 corporeo
3621 920 3855 977 homine.

2274 1006 2611 1079 —-Serapion
2640 1008 2774 1065 dixit
2799 1029 2812 1064 :
2843 1009 2903 1065 In
2936 1010 3273 1067 dialecticum
3317 1011 3587 1082 sophisma
3616 1027 3862 1083 prorum-

2246 1102 2376 1172 tpis.
2399 1102 2760 1160 ——Arnobius
2807 1104 2979 1160 dixit:
3030 1104 3380 1160 Dialecticnm
3425 1104 3700 1175 sophisma
3729 1105 3864 1161 duas

2272 1193 2438 1250 facies
2459 1195 2652 1264 recipit
2677 1213 2690 1248 :
2723 1203 2780 1249 et
2804 1202 2862 1250 ut
2892 1210 3079 1251 verum
3106 1196 3367 1266 probetur
3392 1195 3537 1264 quod
3580 1196 3859 1262 astruitur,

2273 1291 2335 1340 et:
2356 1301 2465 1341 non
2494 1301 2681 1341 verum
2710 1302 2776 1341 ex
2796 1286 2973 1356 aliqua
2999 1295 3153 1357 parte
3180 1294 3454 1356 arguatur.
3505 1280 3654 1342 Nun'c
3676 1294 3860 1344 autem

2271 1377 2416 1447 quod
2445 1375 2654 1440 dixero,
2685 1393 2806 1432 cum
2832 1380 3114 1434 veritatem
3163 1378 3337 1433 solum
3358 1378 3664 1451 ostendam,
3694 1386 3752 1433 et
3790 1394 3863 1435 ex

2270 1468 2416 1523 nulla
2465 1476 2617 1539 parte
2657 1468 2877 1524 fallaciae
2922 1479 3104 1525 notam
3146 1469 3403 1535 incurrat,
3449 1468 3723 1538 quomodo
3761 1485 3862 1538 po-

2270 1561 2398 1616 terit
2444 1561 2783 1618 dialecticum
2809 1562 2956 1631 quod
2995 1562 3200 1630 ingero,
3251 1561 3440 1631 argui?
3466 1559 3712 1637 Nunquid
3733 1577 3860 1617 nam

2269 1653 2316 1708 si
2339 1652 2548 1713 dixero.
2583 1669 2689 1708 vox
2731 1653 2965 1709 hominis
3003 1655 3323 1724 incorporea
3350 1661 3453 1719 est,
3503 1653 3861 1709 mentior?—

2270 1744 2533 1815 Serapion
2556 1745 2691 1799 dixit
2715 1764 2728 1798 :
2761 1744 2893 1812 Quis
2911 1746 3055 1800 enim
3077 1760 3265 1801 vocem
3285 1759 3521 1814 unquam
3542 1759 3857 1813 corpoream

562 1837 637 1897 et
654 1836 807 1899 pater
835 1845 954 1885 esse
982 1830 1190 1901 incipit,
1218 1831 1365 1901 quod
1385 1839 1674 1903 antequam
1696 1830 1862 1887 ﬁlium
1882 1843 2166 1902 generaret
2196 1849 2245 1908 Β
2270 1836 2467 1893 dixerit
2491 1836 2818 1911 aliquando?
2839 1864 2912 1876 --
2934 1837 3205 1895 “Arnobius
3239 1837 3376 1893 dixit
3406 1855 3419 1891 :
3452 1838 3570 1894 Non
3595 1837 3731 1893 dixit
3753 1838 3859 1894 hoc

524 1956 536 1971 .
584 1934 701 1976 esse
729 1936 836 1975 non
869 1923 1061 1991 potuit.
1096 1922 1246 1979 Hanc
1272 1922 1523 1993 injuriam
1548 1923 1659 1979 Deo
1689 1939 1757 1979 ne
1784 1924 1993 1980 feceris.
2027 1926 2169 1983 Deus

561 2023 665 2084 est
690 2015 1037 2071 immutabilis
1066 2024 1120 2070 et
1146 2032 1486 2086 permanens,
1519 2017 1651 2071 nihil
1673 2018 1726 2072 in
1749 2034 1808 2073 se
1845 2018 2038 2090 recipit
2065 2035 2167 2075 no-

455 2160 459 2167 ,
562 2122 707 2162 .vum
732 2125 745 2161 :
777 2122 990 2178 semper
1013 2108 1156 2162 enim
1186 2108 1287 2163 fuit
1305 2117 1360 2163 et
1388 2109 1529 2164 Deus
1550 2117 1606 2164 et
1634 2110 1812 2175 Pater,
1838 2124 1939 2166 nec
1966 2111 2041 2165 illi
2062 2111 2169 2166 hoc

585 2215 780 2256 nomen
808 2200 1145 2270 paternitatis
1173 2202 1432 2256 accessit:
1458 2202 1711 2272 quoniam
1733 2217 1893 2257 omne
1921 2201 2065 2274 quod
2085 2217 2169 2259 ao-

584 2292 768 2348 cidens
787 2300 888 2359 est,
915 2293 1167 2357 recedere
1196 2301 1402 2364 potest;
1436 2304 1492 2349 et
1517 2295 1662 2365 quod
1686 2296 1940 2351 recedere
1967 2302 2164 2367 potest,

584 2384 746 2440 etiam
766 2370 998 2440 deiicere
1027 2368 1222 2454 potest.
1253 2385 1511 2440 Divinitas
1539 2394 1739 2449 autem,
1771 2400 1891 2456 qua:
1919 2385 2172 2441 immuta-

560 2466 708 2533 ‘bilis
727 2484 1054 2547 perseverat,
1087 2477 1160 2531 nil
1185 2477 1237 2531 in
1265 2493 1324 2531 se
1345 2493 1411 2532 ex
1439 2478 1703 2532 accidenti
1724 2478 1926 2547 aliquid
1956 2478 2167 2549 recipit.

584 2566 701 2624 Hoc
728 2569 872 2624 enim
900 2576 983 2624 est
1010 2569 1188 2635 hodie,
1237 2569 1382 2640 quod
1421 2584 1634 2640 semper
1673 2568 1789 2624 fuit.
1845 2569 1991 2625 Nihil
2025 2571 2170 2626 enim

584 2660 723 2717 sicut
748 2661 861 2726 tibi,
912 2676 945 2714 ο
979 2660 1164 2725 homo,
1193 2659 1405 2715 deﬁciet
1433 2675 1502 2717 ex
1522 2661 1816 2732 praeterito,
1848 2662 2090 2733 nihilque
2119 2662 2171 2718 ei

585 2750 654 2807 de
675 2752 853 2807 luturo
878 2762 1155 2809 excrescet
1180 2769 1191 2804 :
1223 2766 1331 2818 nec
1352 2752 1432 2808 sic
1459 2751 1512 2811 ei
1539 2760 1781 2823 tempora
1825 2753 2173 2809 dominantur

587 2850 646 2896 ut
690 2844 806 2908 tibi,
848 2843 938 2913 qui
966 2842 1111 2897 fuisti
1136 2843 1284 2913 prius
1324 2841 1636 2910 infantulus,
1668 2852 1855 2914 postea
1895 2845 2168 2914 puerulus,

585 2932 781 2988 deinde
803 2931 1036 3002 juvenis,
1067 2942 1257 3003 postea
1295 2949 1482 2997 senex,
1530 2942 1655 3005 post
1696 2945 2030 2992 senectutem
2077 2936 2173 2993 tibi

588 3024 710 3080 linis
755 3025 1007 3081 occurrit.
1063 3025 1176 3082 Hoc
1209 3028 1422 3097 penitus
1442 3027 1495 3082 in
1518 3028 1685 3085 Deum
1706 3029 1753 3084 si
1780 3030 2053 3099 putaveris
2078 3045 2173 3086 ve-

589 3115 725 3180 nire,
747 3124 804 3171 et
829 3116 1024 3172 stultus
1044 3119 1364 3185 ostenderis,
1390 3128 1445 3175 et
1466 3120 1808 3191 blasphemus
1852 3122 2172 3178 execrabilis

2274 1926 2434 1989 ullus,
2460 1934 2641 1982 tamen
2669 1941 2777 1996 ego,
2798 1927 2906 1983 hoc
2947 1928 3072 1984 volo
3101 1928 3281 1984 dicere
3309 1928 3453 1998 quod
3494 1944 3600 1984 vox
3626 1929 3860 1984 hominis

2272 2017 2593 2089 incorporea
2620 2017 3048 2090 sit—Serapion
3069 2019 3208 2074 dixit
3230 2037 3245 2097 ς
3269 2018 3387 2079 Hoc
3412 2019 3548 2075 dicis
3573 2020 3717 2090 quod
3739 2020 3859 2076 nul-

2272 2109 2356 2163 lus
2385 2109 2614 2177 ignorat.
2636 2137 2711 2148 —
2727 2107 2996 2164 Arnobius
3020 2108 3157 2164 dixit
3184 2127 3198 2163 :
3239 2108 3318 2165 Ex
3346 2125 3481 2165 voce
3507 2110 3729 2165 verbum
3758 2126 3855 2166 na-

2271 2200 2461 2268 scitur,
2492 2215 2561 2254 an
2607 2216 2712 2256 vox
2739 2216 2809 2256 ex
2835 2202 3002 2256 verba
3015 2200 3387 2273 ?—Serapion
3422 2202 3557 2258 dixit
3582 2220 3595 2256 :
3628 2202 3706 2257 Ex
3725 2217 3860 2260 voce

2284 2293 2593 2349 verbum.—
2601 2294 2870 2350 Arnobius
2881 2294 3045 2349 dixit:
3063 2294 3449 2365 Verbumquod
3459 2311 3527 2373 ex
3543 2297 3856 2366 incorporea

2287 2388 2408 2441 Voce
2460 2393 2644 2440 natum
2673 2393 2758 2441 est
2793 2400 3148 2455 corporeum,
3199 2401 3269 2440 an
3319 2386 3696 2457 incorporeum
3738 2389 3859 2443 est?

2270 2474 2609 2547 -—Serapion
2636 2476 2809 2531 dixit:
2840 2476 3338 2547 lncorporeum.—
3359 2477 3629 2533 Arnobius
3674 2479 3809 2534 dixit
3841 2472 3873 2531 ε’

2271 2567 2412 2624 Ecce
2451 2584 2520 2623 ex
2569 2564 2887 2639 incorporea
2921 2582 3057 2624 voce
3091 2583 3271 2623 sermo
3309 2577 3466 2624 natus
3507 2557 3861 2640 incorporeus

2272 2658 2415 2715 ﬁlius
2440 2660 2586 2715 vocis
2610 2667 2712 2716 est.
2748 2659 2772 2698 ι’
2795 2658 2878 2714 An
2907 2659 3076 2730 possit
3103 2660 3373 2730 posterior
3396 2660 3666 2715 inveniri?
3702 2659 3861 2726 Quod

2268 2751 2321 2819 si
2366 2760 2576 2821 tempus
2627 2750 2831 2805 nullum
2861 2752 3001 2805 inter
3050 2752 3271 2806 verbum
3313 2760 3370 2806 et
3395 2765 3584 2807 vocem
3613 2751 3863 2805 invenire

2273 2841 2555 2913 praevales,
2570 2831 2853 2910 quomodo
2874 2841 3015 2911 inter
3029 2838 3244 2896 Patrem
3270 2849 3328 2909 et
3354 2840 3545 2896 Filium
3568 2840 3736 2895 Deum
3759 2840 3864 2894 im-

2274 2933 2590 2988 mutabilem
2613 2932 2849 2987 medium
2878 2932 3095 3002 aliquod
3122 2941 3335 3004 tempus
3353 2931 3595 2987 invenire
3621 2931 3862 3001 poteris?

2274 3022 2334 3078 In
2354 3023 2457 3079 hac
2481 3030 2662 3078 autem
2687 3023 2800 3093 ipsa
2823 3022 3093 3091 indagine,
3116 3023 3278 3078 etiam
3306 3022 3540 3093 Spiritus
3560 3021 3729 3078 sancti
3750 3036 3859 3077 non

2275 3121 2359 3168 est
2404 3112 2804 3168 intermittenda
2838 3113 3013 3187 tertia,
3042 3128 3291 3184 persona.
3322 3111 3457 3179 Quia
3485 3127 3605 3169 cum
3626 3126 3859 3168 ex-voce

587 3208 973 3278 comprobaris.
994 3236 1067 3247 -—
1089 3208 1351 3281 Serapion
1393 3212 1671 3281 respondit
1702 3229 1716 3267 :
1764 3212 1988 3268 Avertat
2028 3213 2170 3268 hanc
2196 3200 2242 3262 C
2272 3205 2510 3260 nascitur
2536 3219 2732 3272 sermo,
2755 3202 2914 3262 ﬂatus
2942 3221 3051 3261 non
3080 3205 3370 3271 nascendo,
3402 3206 3497 3261 sed
3519 3204 3859 3276 procedendo

586 3300 973 3371 blasphemiam
992 3303 1147 3368 Deus,
1173 3317 1292 3372 quae
1313 3320 1454 3359 nunc
1468 3304 1692 3359 stultitia
1711 3314 1834 3359 nata
1865 3305 1917 3359 in
1946 3305 2170 3364 ridiculo

570 3391 1047 3463 .blaspbemantem
1076 3394 1615 3462 arguit.-—-Arnobius
1641 3394 1775 3449 dixit
1801 3413 1814 3449 :
1846 3395 1987 3465 Ergo
2029 3396 2172 3453 Deus

589 3485 931 3540 immutabilis
970 3494 1072 3549 est,
1119 3500 1187 3539 an
1212 3493 1451 3540 mutatur
1490 3487 1544 3541 in
1572 3486 1792 3556 aliquo?
1817 3502 1891 3525 --
1908 3486 2171 3558 Serapion

588 3577 900 3646 respondit:
955 3576 1305 3632 lmmutabilis
1347 3586 1431 3634 est
1477 3578 1667 3635 Deus:
1715 3579 1812 3635 sed
1872 3588 2052 3636 tamen
2119 3587 2172 3636 te

588 3673 862 3723 astruente
905 3667 1047 3738 quod
1089 3670 1274 3737 genuit
1312 3668 1524 3738 Filium,
1548 3671 1822 3728 mutabilis
1848 3671 2166 3727 ostenditur.

587 3758 928 3816 —Arttobius
967 3759 1102 3816 dixit
1138 3780 1151 3815 :
1194 3761 1412 3819 Reverti
1459 3765 1720 3822 habemus
1764 3767 1832 3821 ad
1884 3782 2170 3838 compara-

589 3853 763 3907 tiones
777 3852 1007 3924 aliquas,
1032 3870 1130 3924 per
1142 3869 1277 3923 quas
1296 3856 1644 3912 ostendamus
1665 3858 1743 3914 sic
1760 3859 1930 3923 nasci,
1954 3866 2012 3912 ut
2032 3859 2173 3913 inter

587 3953 934 4010 generantem
954 3953 1010 4000 et
1030 3955 1344 4014 generatum
1363 3948 1509 4001 nulla
1529 3948 1701 4016 possit
1729 3956 2030 4016 temporum
2051 3963 2171 4002 esse

587 4034 799 4091 divisio.

663 4123 1109 4194 Vll.—Serapion
1137 4124 1275 4179 dixit
1302 4142 1315 4177 :
1347 4123 1552 4178 Novam
1579 4139 1693 4178 rem
1722 4123 1904 4190 audio,
1944 4133 2005 4179 ut
2031 4125 2172 4181 inter

589 4224 934 4286 generantem
963 4224 1019 4270 et
1040 4224 1350 4284 generatum
1371 4215 1573 4271 nullum
1597 4214 1831 4271 medium
1861 4217 2029 4287 pessit
2044 4226 2173 4272 tem-

591 4325 690 4383 pus
718 4307 1295 4365 ostendi.—9Arnobius
1321 4307 1494 4362 dixit:
1524 4307 1652 4363 Ideo
1677 4310 1986 4377 cognitores
2012 4310 2173 4366 habe-

572 4417 710 4463 mus
737 4412 792 4455 et
814 4401 1042 4470 judices,
1074 4408 1133 4453 ut
1172 4413 1593 4465 vereamurnos
1632 4400 1811 4455 dicere
1857 4410 2172 4458 ostensuros

594 4491 734 4559 quod
757 4489 1039 4545 ostendere
1069 4503 1176 4542 non
1195 4487 1793 4561 valemus.-—-Serapion
1816 4490 1953 4546 dixit
1983 4510 1996 4544 :
2028 4491 2172 4548 Cave

2262 3297 2564 3369 regreditur,
2587 3312 2684 3367 per
2701 3312 2862 3366 quem
2882 3298 3031 3353 vocis
3049 3298 3200 3353 verbi
3230 3298 3509 3367 integritas
3526 3297 3854 3354 custoditur:

2278 3388 2349 3443 ita
2379 3396 2435 3443 et
2461 3386 2691 3458 Spiritus
2711 3395 2931 3443 sanctus
2953 3390 3254 3459 procedens
3273 3404 3341 3444 ex
3370 3386 3549 3452 Patre,
3586 3403 3683 3459 per
3699 3401 3860 3458 quem

2275 3480 2483 3548 integra
2509 3488 2564 3535 et
2584 3478 2819 3550 perlecta
2831 3478 3066 3534 Trinitas
3086 3479 3140 3532 in
3162 3479 3442 3535 catholicis
3461 3478 3860 3536 deﬁnitionibus

2275 3571 2595 3636 custoditur,
2620 3569 2875 3642 patefacit
2901 3586 3008 3627 non
3038 3569 3206 3626 fuisse
3232 3586 3468 3640 unquam
3489 3571 3605 3627 sine
3637 3571 3744 3626 lilio
3771 3584 3861 3642 pa-

2275 3674 2433 3722 trem.
2458 3697 2528 3708 —
2546 3663 2762 3721 Iudices
2789 3665 2901 3721 dati
2929 3664 3183 3721 dixerunt
3215 3683 3228 3717 :
3261 3663 3620 3720 Probabiliter
3639 3663 3862 3719 Arnohii

2274 3760 2502 3817 assertio
2525 3768 2770 3815 sanctum
2790 3769 3007 3829 quoque
3035 3756 3293 3829 Spiritum
3314 3773 3435 3814 cum
3458 3755 3698 3812 Patre-rt
3720 3756 3859 3811 Filio

2275 3852 2553 3907 evidenter
2579 3850 2829 3919 exposuit
2859 3867 2873 3902 :
2905 3850 2951 3903 si
2978 3857 3104 3903 sunt
3133 3850 3237 3911 alia
3282 3864 3400 3918 qua:
3437 3846 3671 3904 nonduth
3713 3847 3861 3902 dicta

2275 3949 2419 4007 Sunt,
2444 3938 3145 4013 proferantur.——Serapion
3166 3942 3301 4013 dixit
3326 3959 3338 3995 :
3363 3940 3494 4009 Quae
3517 3956 3604 3997 me
3617 3946 3856 4004 movent,

2270 4032 2320 4105 si
2347 4047 2456 4087 non
2485 4032 2781 4102 protulero,
2812 4034 3167 4087 cassabuntur
3194 4034 3248 4087 in
3278 4034 3459 4089 animo
3488 4048 3610 4089 meo
3638 4047 3704 4088 ea
3740 4046 3859 4102 quae

2272 4124 2558 4195 explanata
2594 4133 2736 4190 sunt,
2781 4107 2879 4196 per
2918 4139 2983 4180 ea
3029 4139 3151 4195 quae
3178 4126 3398 4181 minime
3426 4126 3636 4196 prolata
3665 4125 3733 4180 ad
3759 4141 3857 4181 ex-

2272 4216 2618 4288 plicationem
2635 4216 2940 4287 pertingere
2961 4216 3560 4287 potuerunt.—Judices
3584 4216 3696 4272 dati
3717 4216 3860 4271 dixe-

2273 4317 2444 4364 runt:
2478 4307 2789 4363 Videbimur
2836 4316 2893 4363 et
2947 4323 3046 4363 nos
3099 4323 3241 4363 vano
3282 4308 3468 4364 labore
3505 4308 3715 4378 fatigari
3761 4323 3857 4363 au-

2274 4399 2492 4468 diendo,
2518 4408 2574 4456 et
2601 4416 2697 4455 vos
2724 4401 2844 4456 sine
2863 4415 3025 4456 causa
3046 4399 3294 4455 laborare
3321 4400 3570 4465 dicendo,
3600 4400 3642 4455 si
3672 4412 3737 4454 ea
3769 4413 3857 4454 re-

2277 4504 2529 4553 netantur
2554 4510 2675 4550 ante
2703 4492 2853 4549 ﬁnita
2878 4500 3191 4549 noscuntur.
3225 4489 3380 4548 Unde
3420 4492 3717 4548 cavendum
3761 4490 3855 4546 tibi

1752 4624 1864 4681 FR.
1905 4623 2396 4682 FEU—ARDENTII
2434 4625 2661 4684 NOTIE.

666 4753 689 4780 ι
716 4739 1225 4813 Hujusmodifuisse
1254 4740 1574 4813 Arianorum
1601 4739 1974 4813 delirationem
2006 4749 2171 4796 testa-
2201 4744 2246 4801 ι)
2272 4757 2389 4813 quae
2418 4740 2558 4812 Dens
2582 4750 2680 4803 est,
2718 4739 2990 4813 intervalla
3040 4749 3325 4811 temporum
3375 4741 3521 4813 nulla
3574 4747 3736 4813 δίεπεζ
3765 4759 3859 4812 per

591 4822 680 4868 tur
698 4811 999 4867 Alexander
1020 4810 1270 4876 Ecclesiae
1294 4811 1663 4865 Alexandrinae
1685 4812 2005 4879 patriarcha,
2025 4813 2169 4866 velut

591 4899 657 4938 ex
680 4882 795 4953 ejus
815 4882 881 4953 ad
902 4898 1092 4953 omnes
1107 4881 1403 4953 catholicos
1424 4879 2173 4953 epistola,referunt_Socrates

593 4949 733 5024 (Lib'.
762 4970 779 5008 ι
808 4951 972 5017 Hist.,
994 4970 1039 5006 c.
1065 4950 1120 5017 6)
1142 4962 1198 5007 et
1218 4949 1551 5024 Nicephorus
1569 4949 1720 5024 _(L_i_b._
1745 4966 1864 5024 the.
1892 4949 1967 5024 81.
1992 4951 2169 5024 Atha-

589 5018 771 5081 nasius
787 5024 867 5077 his
882 5040 925 5076 v.
948 5024 1057 5077 rhis
1076 5036 1193 5076 eam
1216 5018 1372 5076 offert
1393 5018 1528 5090 (Lib.
1545 5020 1608 5074 de
1622 5018 1762 5074 Unil.
1782 5019 1888 5076 SS.
1914 5019 2126 5087 Trinit.)
2152 5038 2167 5073 :

590 5091 750 5157 Dens,
782 5093 1143 5165 inquit_Arius,
1174 5089 1407 5165 potentia
1428 5092 1629 5162 quidam
1644 5094 1860 5160 semper,
1877 5089 1967 5144 sed
1988 5090 2171 5158 ἀποδω

591 5180 692 5217 non
723 5161 919 5232 semper
941 5161 1100 5217 Pater
1120 5161 1217 5232 fuit
1243 5179 1259 5216 :
1282 5172 1330 5215 et
1358 5161 1630 5232 antequam
1650 5170 1915 5232 generaret
1935 5175 2037 5232 non
2057 5170 2171 5232 erat

592 5232 772 5295 Pater,
822 5229 912 5285 sed
957 5243 1069 5285 erat
1121 5229 1442 5299 omnipotens
1479 5230 1631 5284 Dens.
1652 5229 1767 5284 Sed
1798 5230 1920 5284 huic
1949 5230 2169 5285 insaniae

591 5302 670 5370 sic
692 5300 831 5354 idem
849 5302 1183 5370 Athanasius
1203 5298 1437 5356 occurrit
1453 5298 1589 5370 (Lib.
1615 5316 1683 5353 xv
1703 5301 1767 5353 de
1793 5300 1961 5370 Trin.,
1982 5299 2160 5370 c._26):

606 5368 791 5423 Verum
842 5368 1047 5423 Patrem
1101 5368 1482 5432 sempiternum,
1536 5386 1681 5423 verus
1720 5369 1949 5423 derlarat
1999 5368 2166 5423 Filias

591 5442 950 5492 somniemus.
975 5441 1060 5509 qui
1082 5441 1154 5509 με
1171 5457 1230 5494 eo
1252 5452 1401 5493 natus
1423 5450 1499 5493 est
1526 5456 1542 5493 :
1572 5450 1621 5492 et
1641 5456 1810 5493 verum
1835 5437 1879 5489 F
1881 5439 2024 5491 ilium
2046 5456 2167 5509 srm-

593 5510 645 5580 pi
670 5523 866 5568 eruum,
900 5507 1041 5561 νει-ἡκ
1074 5507 1247 5580 Patet;
1269 5510 1586 5580 demonstrat
1637 5510 1990 5580 sempiternus.
2046 5508 2170 5563 Ideo

594 5576 854 5651 nunquam
890 5579 1044 5651 Pater
1064 5579 1173 5630 sine
1202 5576 1360 5639 Filio,
1392 5582 1519 5651 quiti
1538 5576 1924 5651 semper-Filius
1948 5580 2172 5648 [uitrum

601 5647 773 5732 f’otre.
808 5650 1129 5732 Attgttstintts
1156 5647 1725 5732 vertraitk‘Nullaibi
1755 5647 1983 5732 tempora
2031 5651 2174 5732 rogi-

598 5727 780 5791 tentur,
807 5735 946 5791 qua
994 5716 1181 5791 habent
1206 5720 1367 5791 prius
1412 5729 1461 5772 et
1487 5721 1747 5791 posterius
1778 5716 2172 5791 :qniaﬁomnino

580 5788 737 5840 πυιιιι
776 5786 853 5843 ibi
898 5798 1051 5859 non
1086 5786 1154 5842 Et
1203 5786 1398 5843 iterum
1431 5805 1442 5840 :
1477 5786 1544 5844 In
1571 5788 1663 5843 illa
1689 5786 1887 5843 summa
1919 5790 2173 5845 Trinitate

2274 4809 2389 4885 qua:
2426 4809 2831 4885 passitostendi,
2863 4822 2954 4866 aut
2982 4809 3190 4885 requiri,
3217 4821 3392 4885 atrum
3421 4812 3564 4880 prius
3593 4810 3676 4885 de_
3699 4809 3859 4885 Patre

2274 4880 2433 4963 natus
2455 4885 2522 4936 sit
2545 4881 2734 4963 ilius,
2765 4892 2815 4937 et
2833 4893 3010 4954 postea
3031 4880 3105 4936 de
3121 4880 3366 4936 ambobus
3394 4881 3700 4954 processerit
3727 4880 3846 4952 Spi-

2274 4961 2402 5006 ritus
2421 4962 2649 5013 sanctus,
2676 4961 2778 5009 etc.
3654 5010 3663 5018 ,

2346 5020 2382 5092 δν
2400 5019 2580 5092 Codex
2615 5032 2767 5079 vetus
2799 5040 2812 5075 :
2843 5020 3012 5092 Filias
3038 5024 3174 5078 vocis
3188 5030 3283 5085 est,
3314 5022 3475 5092 possit
3501 5020 3755 5092 posterior
3775 5020 3856 5074 iti-

2271 5091 2453 5145 reniri.
2487 5090 2620 5147 Cum
2649 5108 2715 5147 ex
2743 5093 2825 5147 his
2854 5091 3054 5146 nullum
3083 5090 3362 5154 possemus
3386 5090 3600 5146 sensum
3636 5091 3851 5154 elicere,

2274 5108 2453 5145 ventri.
2487 5108 2620 5147 una
2649 5108 2715 5147 ex
2744 5108 2825 5147 ms
2854 5108 3054 5146 nutnnn
3158 5108 3362 5146 ssemus
3386 5108 3600 5146 sensum
3636 5108 3851 5154 elicere,

2274 5161 2591 5234 addidimus,
2611 5164 2716 5234 Art
2742 5164 2919 5234 possit.
2948 5160 3022 5214 De
3212 5177 3374 5234 porro
3403 5170 3601 5234 aeterna
3628 5173 3856 5234 genera:

2277 5231 2426 5286 tione
2464 5229 3039 5302 scribitNazianzenus
3077 5229 3295 5302 (Libgm
3319 5232 3381 5285 de
3404 5229 3677 5302 Theolog.)
3711 5248 3724 5283 :
3759 5229 3854 5284 Dei

2269 5304 2532 5373 generatio
2564 5302 2765 5357 silentio
2808 5310 2885 5354 est
2923 5299 3156 5354 colenda.
3182 5299 3251 5355 Et
3254 5302 3405 5424 ἔνθα
3430 5317 3557 5355 sane
3582 5299 3855 5372 generatus

2276 5372 2343 5424 sit
2366 5370 2533 5424 Filius
2564 5370 2803 5424 didicisse
2832 5381 2879 5424 te
2905 5386 3145 5424 maannm
3165 5373 3252 5424 aui
3291 5372 3409 5424 dam
3438 5387 3550 5424 esse
3586 5385 3855 5424 comesse-

2276 5370 2343 5424 sit
2366 5370 2533 5426 Filius
2564 5370 2803 5425 didicisse
2832 5381 2879 5443 te
2905 5386 3145 5441 magnum
3165 5370 3409 5443 quiddam
3438 5387 3550 5425 esse
3584 5370 3855 5443 conoesse-

2277 5456 2396 5513 ro:
2412 5458 2583 5513 rerum
2630 5441 2882 5513 quomodo
2918 5441 3306 5513 generams_sit_
3341 5457 3521 5513 nosse,
3552 5441 3854 5513 neqngelis

2310 5510 2476 5581 {tidem
2506 5510 2541 5563 ά
2559 5509 2681 5581 nam
2709 5527 2825 5581 esse
2846 5509 3159 5565 roriressero.
3191 5510 3255 5565 Et
3282 5510 3593 5565 Ambrosius
3623 5509 3763 5581 (Lib.
3793 5509 3857 5563 de

2328 5580 2422 5642 id.,
2448 5581 2516 5634 ad
2544 5578 2764 5654 Crat):
2796 5580 3080 5654 Sci_re_licet
3104 5582 3239 5654 quod
3272 5592 3425 5654 natgts
3453 5582 3553 5641 sit:
3578 5578 3851 5654 quomodo,

2277 5651 2531 5723 discutere
2565 5667 2667 5705 non
2698 5650 2833 5705 licet.
2865 5650 3099 5723 Ephrem
3117 5650 3305 5723 Syrus
3320 5650 3633 5723 Elegantem
3659 5651 3855 5723 lihrum

2274 5720 2725 5844 edidittadvensus
2750 5737 2865 5789 eos,
2895 5719 2990 5792 qui
3033 5719 3279 5775 naturam
3318 5719 3439 5776 Filii
3482 5720 3578 5776 Dei
3622 5719 3853 5776 scrutari

2274 5805 2343 5844 vo
2365 5807 2434 5844 un
2466 5828 2480 5844 .

2274 5797 2480 5847 volunt.
