4246 6264
344 378 459 434 249

1115 354 1536 414 CONFLICTUS
1574 356 1659 414 DE
1695 354 1828 412 DEO
1864 349 2074 409 TRINO
2111 350 2198 406 ET
2223 348 2396 417 ,UNO,
2437 345 2591 403 ETC.
2633 343 2758 399 LIB.
2789 344 2832 399 l.

342 500 437 550 est
466 487 799 549 omnimodis
822 492 880 543 et
912 479 1255 543 studendum,
1298 490 1370 533 ne
1414 473 1582 531 semel
1609 468 1854 541 exposita
1892 473 1949 522 et
1973 467 2026 528 Α
2052 462 2322 518 Arnobius
2346 460 2481 516 dixit
2506 477 2518 513 :
2545 456 2602 513 Si
2624 458 2772 528 prior
2791 463 2875 510 est
2899 452 3160 525 sapientia
3181 464 3341 521 quam
3361 447 3631 511 voluntas,

345 584 531 647 tinita,
562 581 717 654 quasi
743 593 929 634 amens
955 587 1178 631 revoces
1203 569 1602 625 adluctanienta
1631 561 1940 617 verborum.

425 672 566 729 VIII.
595 701 672 717 -—
707 666 975 740 Serapion
1006 663 1141 720 dixit
1170 680 1185 717 :
1215 659 1335 716 Iam
1362 672 1483 729 quae
1510 654 1580 710 ad
1619 664 1943 709 consensum

343 778 540 821 meum
564 760 868 834 pertingere
893 753 1138 826 exposita
1162 755 1454 823 potuerunt
1479 744 1621 800 nulla
1643 750 1835 814 potero
1855 754 1944 805 rae

356 859 513 915 tione
534 856 733 911 iterare
756 870 771 906 :
792 866 857 907 ea
881 858 1060 905 tamen
1085 859 1206 915 quae
1233 858 1302 897 ex
1330 840 1409 895 eis
1436 838 1482 894 si
1506 851 1626 906 quae
1652 834 1800 888 tinita
1820 837 1945 887 sunt

347 949 629 1009 oriuntur,
660 956 877 999 necesse
907 946 991 995 est
1018 946 1079 993 ut
1109 946 1427 1008 proponam.
1459 927 1527 983 Et
1574 925 1770 995 adjecit
1803 941 1817 977 :
1849 920 1947 977 Dic

346 1038 513 1103 mihi,
545 1034 827 1097 catholice,
858 1030 952 1101 qui
994 1027 1187 1084 Filium
1235 1040 1342 1079 non
1382 1034 1546 1088 negas
1572 1034 1642 1073 ex
1669 1014 1829 1069 Patre
1853 1026 1946 1082 ge:

347 1128 551 1192 nitum',
592 1125 871 1180 voluntate
898 1136 1023 1176 eum
1050 1116 1239 1187 genuit
1267 1114 1446 1176 Pater,
1477 1126 1543 1165 an
1589 1103 1946 1162 necessitate?

345 1250 426 1264 —
453 1217 737 1275 Arnobius~
765 1213 900 1269 dixit
941 1230 955 1264 :
981 1209 1110 1264 Nec
1136 1206 1430 1269 voluntate,
1462 1216 1564 1256 nec
1606 1197 1943 1254 necessitate.

350 1308 664 1365 '-Judices
691 1307 948 1361 dixerunt
981 1321 995 1355 :
1032 1299 1196 1372 Aperi
1233 1295 1378 1366 quod
1405 1292 1621 1357 dixeris,
1652 1290 1776 1360 quia
1804 1288 1949 1343 clau-

350 1420 478 1461 sum
519 1412 622 1458 est.
644 1416 730 1446 ⁷-
756 1396 1028 1453 Arnobius
1068 1393 1207 1449 dixit
1237 1409 1252 1444 :
1293 1387 1481 1443 Omnis
1520 1387 1683 1440 homo
1711 1381 1803 1452 qui
1840 1379 1953 1436 vult

356 1496 561 1567 aliquid
581 1503 677 1550 aut
716 1508 826 1549 non
845 1490 981 1551 vult,
1013 1488 1058 1544 si
1088 1484 1411 1557 sapientiam
1439 1489 1563 1535 ante
1600 1492 1706 1567 non
1735 1475 1950 1536 habeat,

358 1566 471 1647 non
497 1595 681 1660 potest
720 1583 921 1653 aliquid
944 1581 1151 1651 justum
1181 1575 1318 1631 velle
1344 1573 1432 1628 vel
1470 1569 1630 1626 nolle.
1662 1566 1804 1660 Ergo
1831 1580 1954 1637 per-

363 1659 515 1753 prius
551 1687 633 1734 est
669 1685 732 1732 ut
770 1672 1093 1744 sapientiam
1133 1668 1332 1723 habeat
1383 1674 1408 1701 ι
1462 1675 1624 1733 quam
1667 1659 1950 1724 virtutem,

2046 554 2318 627 praecessit
2339 552 2504 607 Filius
2522 550 2877 612 voluntatem,
2894 554 2950 602 et
2978 553 3103 600 ante
3121 552 3205 599 est
3222 542 3453 613 genitus,
3471 555 3634 610 quam

2044 647 2258 718 genitor
2280 642 2482 714 aliquid
2509 641 2675 698 vellet
2700 647 2796 695 aut
2820 638 3025 694 nollet:
3049 636 3172 705 quia
3195 634 3410 705 quando
3439 628 3657 688 volun-1

2045 746 2130 793 tas
2165 736 2369 807 empit,
2402 733 2515 804 jam
2554 731 2838 804 sapientia,
2876 743 3037 799 quam
3077 727 3190 799 ipse
3237 725 3516 781 confessus
3552 740 3631 789 es,

2045 840 2165 888 erat
2191 830 2447 886 anterior.
2494 824 2562 880 Et
2604 826 2732 881 licet
2770 824 2911 878 ratio
2949 837 2979 875 a
3022 835 3109 879 me
3137 819 3262 874 data
3308 816 3537 888 tuog'am
3565 817 3637 873 sit

2045 923 2274 980 formata
2302 934 2589 983 consensu,
2620 931 2742 972 cum
2769 915 2997 979 diceres,
3031 912 3152 981 quis
3179 920 3263 966 est
3288 910 3380 980 qui
3409 892 3633 974 nesciat,

2045 1015 2192 1086 quod
2210 1014 2360 1086 prius
2385 1011 2457 1066 sit
2494 1006 2885 1065 rationabiliter
2916 1018 3129 1074 sapere,
3150 1016 3311 1072 quam
3342 999 3639 1055 rationabi-

2046 1108 2170 1163 liter
2190 1106 2328 1161 velle
2358 1122 2371 1158 :
2402 1104 2516 1159 haec
2536 1101 2674 1156 ratio
2694 1114 2726 1154 a
2756 1114 2842 1153 me
2869 1096 3014 1161 data,
3047 1104 3228 1150 tamen
3256 1092 3486 1164 apostoli
3514 1106 3635 1147 eain

2049 1198 2203 1254 Pauli
2221 1196 2545 1254 auctoritate
2561 1192 2807 1255 ﬁrmabo,
2826 1205 2931 1259 qua
2960 1189 3091 1244 dicit
3115 1187 3184 1242 de
3211 1186 3307 1241 Dei
3334 1185 3373 1240 ιτ
3379 1185 3489 1251 ilio,
3511 1185 3638 1256 quia

2049 1291 2165 1362 ipse
2192 1290 2263 1346 sit
2289 1291 2454 1345 virtus
2484 1296 2538 1340 et
2565 1284 2661 1339 Dei
2689 1283 2949 1355 sapientia
2979 1279 3021 1350 (l
3048 1268 3234 1343 Cant,
3263 1276 3376 1347 ει).
3402 1306 3471 1319 -
3489 1275 3641 1332 ludi-

2048 1396 2141 1437 ces
2162 1381 2274 1435 dati
2295 1379 2585 1435 dixerunt:
2613 1374 2640 1414 δ
2665 1372 2894 1429 Constat
2916 1370 3208 1425 Arnobium
3243 1376 3390 1423 recte
3416 1367 3637 1433 dixisse,

2000 1486 2007 1487 ί
2053 1488 2155 1530 nec
2174 1472 2476 1533 voluntate,
2498 1483 2600 1525 nec
2624 1466 2946 1522 necessitate
2970 1460 3182 1517 Patrem
3210 1458 3402 1514 Filium
3426 1458 3644 1527 genuis-

2050 1583 2130 1632 se,
2158 1566 2286 1637 quia
2326 1564 2468 1619 Deus
2497 1561 2877 1618 necessitatem
2918 1571 3026 1613 non
3064 1554 3232 1610 habet
3261 1570 3275 1606 :
3306 1551 3642 1607 voluntatem

2053 1657 2382 1714 anteriorem
2408 1652 2671 1724 sapientia
2704 1664 2824 1706 esse
2856 1663 2965 1704 non
3004 1659 3186 1718 posse,
3217 1651 3274 1698 et
3300 1643 3532 1697 humana
3556 1655 3645 1696 ra-

364 1731 900 1843 ;u—awpossitaliqu-id
922 1765 1005 1820 vel
1025 1763 1187 1827 velle,
1218 1760 1305 1815 vel
1336 1772 1444 1812 non
1475 1731 1613 1810 velle
1641 1772 1653 1807 :
1685 1760 1741 1808 et
1768 1753 1840 1806 ita
1859 1751 1955 1805 de-
2052 1751 2203 1806 tione
2221 1746 2457 1812 edocuit,
2482 1755 2538 1801 et
2558 1741 2803 1814 Apostoli
2826 1740 3148 1796 auctoritate
3174 1734 3425 1790 limavit.
3440 1731 3500 1789 Si
3519 1740 3645 1789 sunt

363 1832 519 1920 nium
542 1862 763 1931 incipiat
781 1832 892 1928 iam
912 1870 1104 1927 sapere
1122 1851 1355 1914 et-velle,
1374 1863 1497 1904 cum
1519 1861 1616 1917 per
1634 1843 1953 1914 sapientiam
1985 1836 2032 1899 B
2058 1843 2165 1898 alia
2193 1838 2542 1909 itSerapione
2574 1834 2895 1908 proferenda
2925 1832 3250 1905 pandantur.

366 1953 615 2009 didicerit
630 1965 692 2007 se
708 1950 909 2004 habere
926 1960 1101 2017 posse.
1127 1942 1329 2010 Quaerit
1345 1952 1477 2008 ergo
1493 1953 1526 1992 a
1545 1950 1633 1991 me
1655 1934 1917 2005 Serapion
1939 1951 1951 1986 :

371 2042 433 2099 Si
469 2042 635 2097 Pater
676 2020 996 2095 necéssitate
1033 2035 1216 2105 genuit
1260 2031 1483 2095 Filium,
1528 2044 1597 2084 an
1642 2025 1959 2082 voluntate?

378 2132 626 2188 Breviter
652 2128 989 2199 respondebo
1015 2127 1083 2181 de
1110 2139 1236 2179 uno.
1267 2123 1654 2178 Necessitatem
1692 2118 1785 2187 qui
1815 2116 1957 2187 pati-

375 2231 488 2288 tur,
516 2222 656 2278 Deus
674 2220 896 2276 omnino
915 2232 1014 2274 nec
1031 2216 1136 2271 dici
1163 2215 1321 2271 debet
1339 2229 1436 2270 nec
1461 2212 1631 2268 credi.
1654 2209 1792 2265 Cum
1826 2223 1957 2277 ergo

370 2313 455 2370 de
475 2329 580 2369 una
609 2328 672 2368 re
705 2310 952 2367 absoluta
978 2309 1047 2364 sit
1074 2307 1314 2378 qlxestio,
1349 2306 1515 2360 altera
1552 2318 1674 2373 quae
1712 2308 1961 2372 superest

364 2405 479 2461 hoc
509 2405 701 2460 ordine
743 2400 1075 2458 terminanda
1124 2405 1225 2462 est,
1265 2406 1323 2452 ut
1359 2398 1687 2465 interrogem
1723 2395 1960 2471 interro»

366 2502 584 2565 gantem
619 2508 709 2548 me
752 2511 766 2546 :
799 2500 976 2546 utrum
1012 2490 1083 2545 sit
1122 2489 1269 2560 prius
1309 2502 1510 2558 sapere.
1540 2485 1957 2561 rationabiliter,

364 2600 529 2656 quam
554 2584 958 2641 rationabiliter.
973 2582 1152 2637 velle?
1179 2608 1250 2620 —
1275 2578 1632 2643 Judicesdati
1659 2578 1915 2632 dixerunt
1943 2593 1955 2627 :

369 2676 714 2748 Respondeat
734 2677 1000 2747 Serapion
1024 2675 1109 2729 his
1127 2688 1248 2743 qua:
1271 2671 1577 2729 sciscitatur
1601 2671 1964 2727 Arnobius.—

365 2768 629 2839 Serapion
656 2768 795 2823 dixit
823 2785 838 2819 :
869 2765 1004 2832 Quis
1032 2774 1117 2819 est
1158 2765 1251 2832 qui
1283 2763 1514 2829 ignoret,
1558 2761 1687 2830 quin
1717 2761 1868 2831 prius
1894 2761 1964 2816 sit

2131 1934 2223 1991 IX.
2256 1964 2329 1977 -—
2350 1930 2614 2001 Serapion
2640 1929 2776 1985 dixit
2806 1946 2821 1982 :
2853 1926 2988 1983 Tres
3017 1939 3274 1997 personas
3300 1936 3575 1979 memoror
3593 1926 3649 1977 te

2063 2030 2284 2093 dixisse,
2315 2025 2532 2082 Patrem
2561 2024 2858 2093 genitorem
2886 2019 3027 2084 Filii,
3058 2018 3251 2073 Filium
3282 2016 3522 2085 genitum
3542 2012 3649 2070 Pa-

2061 2123 2180 2187 tris,
2211 2119 2472 2192 Spiritum
2503 2124 2747 2172 sanctum
2778 2124 2802 2152 ο
2832 2111 3212 2185 procedentem
3233 2124 3300 2165 ex
3330 2105 3509 2170 Patre,
3531 2108 3651 2163 tres

2062 2216 2193 2271 istas
2219 2226 2481 2285 personas
2507 2210 2710 2265 habere
2756 2207 3020 2262 Deitatem
3059 2218 3241 2269 suam,
3277 2210 3334 2258 et
3368 2192 3652 2270 integerri-

2060 2322 2206 2363 mam
2236 2301 2568 2359 memorasti.
2610 2332 2683 2344 ——-
2707 2299 2976 2354 Arnobius
3000 2297 3136 2352 dixit
3168 2314 3181 2350 τ
3215 2295 3291 2349 Ita
3320 2301 3425 2351 est.
3452 2324 3525 2338 —-
3549 2292 3653 2350 Se-

2063 2397 2257 2468 rapion
2286 2395 2423 2451 dixit
2452 2413 2465 2447 :
2498 2392 2659 2448 Pater
2680 2405 2811 2460 ergo
2838 2389 3005 2445 Filius
3028 2404 3139 2443 non
3164 2394 3267 2450 est,
3293 2400 3393 2441 nec
3420 2384 3534 2456 ipse
3562 2381 3653 2439 Fi-

2062 2488 2168 2543 lius
2197 2485 2289 2556 qui
2311 2482 2491 2549 Pater,
2519 2497 2623 2539 nec
2650 2481 2885 2553 Spiritus
2912 2488 3129 2535 sanctus
3154 2479 3271 2549 ipse
3289 2478 3382 2546 qui
3414 2474 3575 2531 Pater
3600 2482 3655 2531 et

2062 2580 2234 2637 Filius
2262 2597 2275 2632 :
2307 2578 2402 2633 sed
2424 2575 2793 2644 unusquisque
2813 2574 2867 2628 in
2895 2587 2992 2627 sua
3021 2585 3253 2642 persona
3279 2558 3551 2639 perfectus
3572 2574 3656 2621 est

2069 2680 2226 2727 oens.
2257 2699 2331 2711 —
2353 2667 2623 2723 Arnobius
2642 2665 2778 2720 dixit
2808 2681 2822 2718 :
2849 2662 2924 2718 lta
2947 2669 3050 2717 est.
3079 2691 3153 2703 --
3178 2658 3442 2728 Serapion
3470 2654 3606 2710 dixit
3635 2671 3652 2708 :

2061 2761 2205 2831 Quid
2226 2774 2356 2830 ergo
2384 2774 2529 2815 nunc
2555 2758 2634 2812 ais
2655 2757 2721 2811 ad
2743 2754 3219 2823 interrogationem
3241 2764 3436 2813 meam,
3461 2762 3585 2803 cum
3607 2753 3659 2802 te

369 2838 763 2917 rationabiliter
807 2872 1024 2928 sapere,
1072 2871 1239 2925 quam
1276 2852 1670 2915 rationabiliter
1715 2853 1872 2909 velle.
1895 2885 1968 2899 —
2068 2857 2429 2923 interrogem;
2461 2860 2517 2908 et
2542 2850 2691 2907 dicas
2717 2848 2850 2903 mihi
2880 2846 3041 2902 Pater
3068 2842 3337 2920 perlectus
3372 2847 3456 2895 est
3494 2838 3657 2902 Deus,

1594 2963 1662 3019 Β.
1704 2963 2181 3023 FEU-ARDENTII
2218 2963 2448 3021 NOTAE.

456 3096 484 3125 ³
510 3063 703 3141 Οόιιω(
726 3090 901 3145 vetus,
930 3089 980 3135 et
1008 3095 1113 3133 non
1139 3081 1397 3134 virtutem.

2070 3071 2735 3149 complacente.Primam
2764 3070 3047 3149 solutionis
3086 3076 3297 3149 partem
3336 3066 3663 3149 conﬁrmant

360 3175 367 3180 '
452 3156 487 3197 ι
516 3138 634 3211 Non
665 3153 828 3208 modo
849 3138 899 3222 7a.
912 3150 1106 3222 priscis
1146 3148 1415 3222 Pati-ibus,
1447 3148 1541 3204 sed
1568 3148 1731 3222 etiam
1754 3163 1784 3202 a
1809 3146 1969 3222 Lo_m_—
2071 3164 2139 3222 ex
2159 3138 2243 3203 his
2264 3146 2444 3222 magni
2462 3143 2737 3222 Athanasii
2756 3142 2940 3222 verbis
2953 3138 3149 3222 (Serm.
3170 3138 3204 3191 4
3224 3148 3409 3222 contra
3420 3140 3661 3222 Arium):

382 3210 559 3285 bardo
586 3222 724 3297 (Lib.
768 3239 786 3277 ι
830 3210 1165 3297 Sent.,dist.
1213 3218 1268 3290 6)
1316 3210 1564 3297 accurate
1602 3217 1843 3297 discussa
1864 3217 1975 3297 ‘l'uit
2006 3286 2046 3297 _
2076 3210 2485 3297 Apostolustnon
2517 3215 2817 3297 veluntatis,
2849 3212 2940 3297 sed
2964 3213 3130 3297 ipsi-us
3158 3220 3389 3297 paterna:
3432 3210 3665 3297 subsltan:

533 3279 784 3365 questu),
804 3294 884 3346 An
917 3279 1108 3356 volens,
1131 3306 1201 3343 an
1240 3279 1422 3365 nolens
1446 3307 1485 3365 :_
1493 3297 1548 3344 et
1574 3288 1718 3358 quod
1748 3288 1801 3342 in
1819 3286 1971 3365 idem
2000 3286 2047 3347 Ο
2082 3279 2169 3365 ti}:
2196 3290 2462 3365 proprium
2501 3285 2828 3365 splendorem
2856 3279 3167 3365 et_sigil‘lum'
3189 3279 3385 3365 Filium
3413 3280 3666 3365 praedicat

382 3356 593 3429 reeidit,
623 3366 705 3418 An
726 3356 979 3426 libertate,
1022 3377 1090 3414 an
1120 3356 1604 3430 necessitatePater
1621 3360 1855 3430 genuerit
1879 3356 1977 3430 Fi-

386 3436 550 3492 lium?
572 3428 692 3499 ante
724 3433 811 3488 bic
840 3432 982 3486 inter
1014 3431 1307 3486 Arnobium
1335 3438 1391 3485 et
1419 3428 1771 3499 Serapionem
1798 3429 1976 3482 venti-

358 3531 367 3537 -
386 3506 547 3562 latur.

357 3726 369 3733 ‘
390 3727 557 3772 autem
586 3715 818 3782 uoluntas
846 3709 1153 3782 sapientiam
1172 3727 1276 3765 non
1304 3712 1489 3782 potuit.
1522 3710 1772 3782 Idemque
1798 3709 1980 3778 Angu-

355 3790 368 3819 ι’
390 3788 564 3842 stiiius
582 3783 748 3840 refert
762 3780 915 3854 (Lib.
929 3797 996 3836 xv
1025 3781 1088 3854 de
1110 3780 1313 3854 Τήθης
1336 3780 1425 3854 ill)
1458 3780 1766 3836 baereticnm
1796 3793 1982 3854 versu-

391 3847 916 3937 tissimc‘queindam
959 3852 1285 3937 catholicum
1332 3847 1690 3937 interrogasse
1710 3866 1744 3932 ,ε
1770 3847 1981 3937 ¹ενωνι

356 3980 363 3983 .
393 3926 533 3981 Deus
562 3918 755 3979 Filium
776 3923 949 3993 volens
971 3922 1255 3993 relAnolens
1280 3922 1549 3993 genuerit:
1582 3918 1652 3974 Ut
1680 3920 1724 3975 si
1752 3919 1977 3993 diceret,

399 3996 608 4059 nolens,
639 3992 1017 4048 absurdissima
1048 3991 1143 4046 Dei
1178 3989 1389 4046 miseria
1415 3998 1734 4059 sumeretur
1761 4008 1775 4043 :
1805 3989 1850 4042 si
1888 3998 1985 4043 au1

399 4006 608 4059 nolens,
639 4006 1017 4048 ansururssnma
1048 4006 1143 4046 νει
1178 4007 1389 4046 nnseria
1517 4006 1734 4045 ueretur
1761 4008 1775 4043 :
1805 4006 1850 4042 SI
1888 4006 1978 4043 au:I

399 4075 533 4129 tem,
562 4065 766 4127 volens,
804 4063 1061 4118 continuo
1088 4062 1233 4131 quod
1276 4006 1587 4116 interimat
1608 4060 1978 4131 concluderet,

399 4135 626 4197 scilicet,
683 4148 790 4187 non
845 4141 1047 4186 naturae
1096 4130 1215 4187 esse
1260 4130 1471 4195 Filium,
1527 4130 1623 4185 sed
1668 4130 1978 4186 voluntatis.

400 4205 715 4260 Catholicus
754 4216 884 4271 vero
928 4202 1324 4271 vigilantissime
1363 4201 1608 4271 quzesivit
1651 4201 1885 4271 vicissim
1917 4199 1985 4253 ab

400 4275 494 4330 illo
527 4292 541 4327 :
579 4272 761 4329 Utrum
792 4270 932 4325 Deus
958 4268 1117 4326 Pater
1153 4271 1323 4325 uolens
1363 4268 1453 4324 aut
1493 4271 1673 4324 nolens
1700 4273 1768 4323 sit
1794 4268 1933 4323 Deus
1965 4285 1982 4321 :

397 4353 457 4400 ut
466 4345 511 4399 si
524 4343 894 4413 responderet,
913 4342 1108 4413 nolens,
1121 4350 1437 4411 sequeretur
1448 4342 1665 4409 grandis
1682 4339 1987 4413 absurditas

396 4425 452 4470 et
473 4409 712 4477 miseria,
742 4426 903 4481 quam
932 4412 999 4467 de
1018 4411 1131 4467 Deo
1161 4409 1383 4467 credere
1412 4425 1604 4479 magna
1633 4417 1717 4481 est
1754 4409 1980 4463 insania.

356 4518 365 4523 -
398 4485 457 4540 Si
504 4494 686 4539 autem
724 4480 926 4538 diceret
971 4483 1165 4552 solens,
1208 4481 1622 4552 responderetur
1653 4480 1762 4552 _ei,‘
1772 4492 1904 4552 ergo
1933 4485 1988 4533 et

356 4578 361 4581 η
402 4556 519 4624 ipse
535 4554 809 4609 voluntate
836 4567 933 4624 sua
961 4551 1241 4624 Deus_e_st,
1266 4547 1373 4624 non
1404 4558 1617 4624 n_at_ura.
1648 4547 1848 4624 Scribit
1867 4564 1986 4601 rur-

397 4616 518 4679 sum
550 4624 693 4678 idem
718 4623 1044 4690 Augustinus
1073 4621 1212 4691 (Lib.
1236 4638 1303 4677 xv
1330 4621 1393 4674 de
1422 4619 1591 4682 Trin.,
1616 4636 1664 4673 c.
1687 4617 1779 4687 ‘20)
1804 4616 1985 4691 Euno-

397 4697 566 4750 niium
627 4707 748 4747 cum
799 4708 908 4746 non
954 4690 1229 4761 potuisset
1267 4691 1588 4761 intelligere,
1619 4690 1987 4761 autkcredere

396 4766 661 4821 noluisset
689 4759 1026 4830 unigenitum
1066 4760 1409 4830 DeirFilium,
1454 4759 1689 4814 Verbum
1724 4759 1821 4814 Dei
1867 4774 1988 4813 esse

398 4846 616 4896 natura,
642 4833 695 4887 id
716 4829 820 4903 est,
845 4832 1140 4903 spbstantia
1164 4829 1345 4903 Patris
1363 4831 1620 4903 genitum,
1645 4846 1753 4903 non
1784 4836 1989 4903 natura:

399 4907 485 4960 vel
513 4899 829 4959 substantia:
859 4901 1051 4956 Filium
1081 4916 1200 4956 esse
1238 4901 1458 4964 dixisse,
1505 4900 1599 4961 sed
1644 4899 1940 4955 voluntatis
1973 4918 1984 4951 :

404 4985 463 5028 ut
512 4975 640 5028 hinc
679 4981 964 5033 assereret,
1012 4971 1301 5027 accessisse
1329 4969 1439 5025 Deo
1486 4970 1833 5035 voluntatem,
1883 4984 1987 5038 qua

326 5042 335 5053 '
359 5078 366 5083 -
390 5043 556 5097 illum
585 5043 853 5111 gigneret;
884 5043 1025 5097 sicut
1055 5057 1154 5098 nos
1178 5039 1466 5110 aliquando
1490 5039 1691 5110 aliquid
1719 5041 1987 5103 volumus,

408 5112 554 5179 quod
584 5121 738 5165 antea
770 5112 1102 5167 nolebamus.
1149 5111 1471 5166 Athanasius
1505 5124 1721 5179 quoque
1760 5118 1991 5165 testatur

408 5180 605 5251 (Serm.
622 5180 847 5236 Acontra
867 5182 1079 5250 Arian.)
1101 5181 1509 5236 Valentinianus
1532 5188 1588 5235 et
1608 5181 1835 5251 Arianos
1862 5195 1991 5234 con-

409 5248 664 5313 tendisse.
697 5251 887 5306 Filium
917 5248 1149 5320 quadam
1193 5252 1589 5321 excogitatione
1629 5248 1991 5321 praecedente-

405 5336 511 5390 que
540 5321 819 5377 voluntate
848 5330 1070 5391 paterna
1096 5322 1356 5390 genitum,
1378 5329 1437 5375 ut
1474 5320 1622 5374 illum
1649 5320 1990 5391 adaequarent

362 5429 366 5433 -
404 5389 686 5455 creaturis,
711 5389 977 5462 quas—non
1019 5408 1087 5446 ex
1105 5389 1292 5446 divina
1334 5391 1653 5462 substantia,
1695 5389 1788 5443 sed
1828 5389 1993 5443 bene-

404 5462 605 5532 placito
641 5460 917 5530 liberaque
945 5462 1041 5518 Dei
1071 5463 1346 5532 voluntate
1375 5460 1705 5532 prodierunt.

474 5533 617 5600 Quid
663 5527 846 5603 parm—
877 5533 943 5586 ad
998 5534 1110 5588 hac
1158 5531 1345 5603 Patres
1375 5527 1732 5587 scholastici?
1781 5527 1989 5603 Nodum

404 5601 563 5658 facile
610 5600 847 5667 solvunt,
879 5603 1155 5667 docentes,
1203 5601 1396 5656 Filium
1446 5616 1551 5656 non
1600 5616 1719 5657 esse
1752 5600 1990 5670 genitum

405 5674 686 5728 voluntate
714 5682 808 5727 aut
827 5673 1184 5743 praecedente,
1208 5682 1299 5726 aut
1319 5672 1623 5743 accedente,
1654 5670 1993 5743 autrelicienf

360 5779 373 5786 -
404 5753 480 5817 te,
524 5753 620 5817 aut
660 5739 1109 5817 producente,iut
1148 5742 1548 5817 contendebant
1580 5741 1818 5796 lnuretici
1849 5759 1863 5817 ξ
1894 5739 1989 5794 sed

404 5814 546 5870 bene
578 5810 864 5875 voluntate
899 5822 1227 5885 cooperante
1249 5853 1264 5879 ,
1307 5811 1704 5867 coneomitante
1743 5825 1809 5864 ac
1848 5810 1988 5867 bene

689 3505 788 3558 hac
813 3500 1035 3556 Orosius
1062 3501 1248 3556 scribit
1274 3500 1343 3556 ad
1374 3499 1509 3569 Aug.
1540 3498 1567 3552 ί
1594 3498 1869 3569 Voluntate
1889 3515 1979 3569 ge-

358 3578 500 3631 .nuit
536 3574 698 3629 Pater
736 3571 951 3634 Filium,
975 3572 1053 3625 uel
1080 3572 1383 3626 necessitate
1406 3588 1422 3626 :
1443 3568 1535 3625 sed
1563 3585 1655 3623 nec
1694 3568 1975 3631 uoluntate,

389 3664 479 3702 nec
507 3646 840 3708 necessitate;
862 3643 985 3714 quia
1013 3643 1288 3696 necessitas
1315 3642 1371 3694 in
1399 3642 1503 3714 Deo
1522 3656 1630 3714 _n_on
1652 3649 1729 3693 est
1752 3655 1769 3692 :
1793 3641 1981 3714 prurire

2080 3349 2275 3424 dicens,
2292 3349 2410 3423 'Qui
2440 3349 2555 3429 cum
2580 3366 2712 3411 esset
2739 3349 3000 3429 splendor:
3012 3355 3209 3428 glorise,
3240 3360 3298 3429 et
3336 3349 3504 3423 [arma
3542 3349 3667 3405 sub-

2080 3431 2288 3501 stantiae
2334 3430 2447 3501 ejus
2488 3425 2785 3501 (ﬂebrqt).
2820 3426 2971 3501 Quod
2996 3425 3040 3479 si
3066 3441 3131 3480 ea:
3167 3425 3668 3501 voluntatepaterna

2080 3492 2373 3555 substantid
2395 3492 2503 3555 non
2538 3500 2717 3553 existit
2734 3492 2767 3568 ,7
2796 3499 2992 3568 clarum
3020 3512 3247 3568 quoque_
3259 3504 3336 3547 est
3364 3492 3559 3568 Filium
3598 3507 3667 3568 ea:

2080 3570 2339 3625 voluntate
2358 3580 2526 3624 ortum
2548 3586 2650 3622 non
2681 3567 2886 3621 habere.
2911 3562 3057 3619 Certe
3079 3562 3186 3634 ipse
3207 3562 3367 3616 Pater
3382 3580 3484 3615 non
3500 3563 3667 3634 dixit:

2083 3639 2192 3693 Iste
2213 3649 2290 3693 est
2319 3637 2489 3692 Filius
2518 3639 2778 3691 voluntate
2806 3637 3007 3702 genitus
3033 3652 3050 3697 ;
3082 3629 3256 3702 neque.
3280 3647 3433 3702 (quem
3462 3647 3527 3684 ea:
3553 3629 3670 3699 pla-

2083 3711 2184 3762 cito
2213 3708 2410 3762 obtinui
2434 3723 2451 3758 :
2479 3705 2568 3759 sed
2593 3693 2936 3762 simpliciter:
2962 3693 3064 3755 Hic
3084 3693 3349 3753 est'b’ilius
3375 3714 3536 3762 meus,
3553 3693 3665 3753 etc.

2083 3777 2301 3848 (Matth.
2322 3778 2475 3845 XVII).
2492 3766 2794 3848 Secundam
2825 3786 2953 3826 vero
2975 3785 3042 3823 ex
3063 3783 3129 3822 en
3151 3769 3295 3837 quod
3319 3766 3479 3848 Pater
3507 3767 3669 3848 simul

2085 3837 2169 3903 est
2196 3847 2389 3910 bonus,
2420 3837 2631 3915 potens,
2670 3841 2855 3915 volens
2882 3848 2937 3915 et
2963 3852 3248 3915 generatis,
3274 3851 3400 3915 (cum
3421 3837 3666 3915 bonitas,

2158 3917 2325 3973 tentia
2355 3906 2701 3971 et'voluntas
2741 3911 2849 3965 sint
2887 3912 3003 3978 ejus
3042 3906 3339 3978 substantia
3375 3924 3387 3958 :
3420 3908 3601 3978 itaque
3624 3908 3671 3964 si

2125 4004 2261 4059 onus
2289 3996 2345 4043 et
2371 3993 2565 4059 potens
2584 3982 2751 4059 gignit
2783 3976 3207 4059 Filium,_volens
3235 3991 3448 4059 quoque
3471 3976 3673 4059 pungu-

2054 4044 2176 4116 cit.
2212 4058 2326 4129 Huc
2362 4044 2778 4129 pertinentvista
2819 4050 3019 4129 Justnini
3042 4044 3299 4129 martyris.
3316 4044 3673 4129 tegumen:

2085 4115 2214 4202 log.)
2250 4148 2263 4183 :
2296 4115 2459 4183 Pater
2495 4125 2883 4209 coluntate'cua
2913 4120 3108 4209 Filium
3131 4115 3342 4209 ‘gen'uit.
3383 4116 3455 4202 Et
3488 4115 3674 4209 liilarii

2087 4191 3148 4323 ἓξ¹¹ιῗ2ρῗῖωῗῖἓέἲῗῑέἶῖῗεὲἒ¹ἵέειῗιῒηῗνῧέέ
3178 4231 3195 4315 Ξ
3224 4188 3460 4330 ἓιῗξιέἔέέῖς
3486 4186 3677 4330 imi-5

2085 4349 2230 4408 cunt,
2251 4339 2388 4408 quod
2408 4352 2579 4408 neque
2595 4335 2809 4408 consilio
2838 4349 2998 4404 neque
3017 4332 3277 4408 voluntate
3304 4328 3461 4408 Pater
3488 4328 3676 4408 genue-

2087 4411 2155 4462 rit
2188 4399 2404 4471 Filium,
2432 4399 2839 4467 anathematth
2868 4399 3048 4456 sancta
3079 4399 3331 4453 Ecclesia.
3361 4399 3421 4453 Si
3449 4399 3678 4471 quiusa-

2056 4479 2223 4533 .lente
2249 4464 2411 4531 Patre
2450 4477 2589 4530 dicat
2632 4464 2809 4529 natum
2850 4471 3065 4535 Filium,
3115 4470 3393 4523 anathema
3434 4464 3519 4523 sit.
3553 4464 3677 4522 Non

2087 4550 2227 4603 enim
2256 4548 2461 4602 nolente
2487 4546 2650 4600 Patre
2676 4553 2881 4599 coactus
2912 4542 3072 4596 Pater
3099 4540 3173 4594 rel
3202 4540 3427 4594 naturali
3458 4538 3679 4593 necessi-

2090 4629 2194 4672 tate
2215 4620 2395 4672 ductus
2419 4633 2534 4670 cum
2561 4615 2737 4678 nollet,
2778 4616 2953 4685 genuit
2982 4611 3189 4685 Filium
3222 4628 3237 4664 :
3264 4609 3356 4664 sed
3382 4627 3504 4685 mox:
3525 4618 3682 4685 ut_uo:

2016 4668 2064 4726 ί)
2725 4668 3125 4754 λε”ιιηὶθεηὶιωη
3156 4682 3544 4735 demonstravit.
3572 4678 3679 4734 Sed

2090 4759 2158 4813 de
2187 4759 2270 4812 bis
2292 4758 2404 4827 jam
2433 4756 2582 4811 satis.
2654 4788 2658 4793 -

2169 4840 2191 4865 ο
2217 4818 2334 4882 Non
2365 4827 2452 4881 hic
2476 4834 2683 4881 tantum
2709 4823 2993 4895 Serapion,
3013 4823 3116 4878 sed
3154 4831 3213 4895 et
3222 4838 3393 4895 supra
3415 4818 3682 4895 Arnobius

2093 4899 2255 4953 tradit
2277 4897 2531 4967 Spiritum
2562 4904 2803 4967 sanctum
2826 4885 3121 4967 procedere
3142 4911 3172 4946 a
3192 4885 3375 4967 Patre,
3394 4889 3536 4943 nulla
3560 4885 3677 4967 Filii

2094 4969 2233 5024 facta
2262 4954 2536 5022 méntione
2569 4966 2751 5035 :quod
2782 4954 3053 5020 veteribus
3084 4964 3250 5027 licuit,
3276 4969 3561 5035 antequam
3585 4954 3681 5034 ad-

2092 5022 2280 5094 versus
2308 5051 2545 5091 errorem
2574 5022 2883 5091 Grmcorum
2910 5022 3679 5094 sententiamsuainiEcclesia

2094 5092 2428 5177 manifestius
2455 5107 2779 5177 explicasset
2818 5114 2978 5177 atque
3017 5100 3362 5177 delinivissc‘t.
3390 5092 3506 5177 Non
3532 5092 3676 5177 quod

2094 5161 2230 5234 eum
2260 5161 2359 5232 JF
2364 5161 2453 5233 ilio
2472 5161 2698 5248 quoque
2744 5161 3037 5248 procedere
3072 5172 3352 5248 negarent,
3395 5161 3488 5216 sed
3535 5161 3680 5248 quod

2095 5231 2374 5319 eipresSis
2389 5231 2443 5302 in
2464 5231 2946 5317 S'criptura'verbis
2970 5231 3230 5319 conterriti,
3261 5234 3314 5288 id
3326 5249 3431 5316 Oper
3426 5231 3682 5319 "amplius

2095 5301 2368 5389 explicare
2394 5301 2528 5389 tunc
2552 5301 2659 5389 nim
2690 5322 2834 5367 esset
2868 5321 3105 5389 necesse.
3136 5304 3226 5360 Sic
3253 5301 3395 5389 enim
3426 5301 3676 5389 Theodo—

2097 5373 2246 5445 ret'us
2272 5389 2347 5442 ait
2372 5407 2384 5441 :
2418 5386 2673 5457 Spiritum
2692 5393 2924 5457 sanctum
2948 5393 3016 5457 ea:
3038 5375 3147 5430 Deo
3174 5386 3224 5429 et
3254 5374 3415 5430 Patre
3432 5373 3679 5457 substan-

2098 5444 2224 5514 tiam
2261 5444 2805 5519 habere'didicimus._
2838 5447 3067 5519 Cyrinus
3112 5462 3374 5519 quoque:
3425 5444 3681 5519 Spiritum

2098 5464 2224 5514 tiam
2261 5464 2450 5513 habere
2494 5464 2786 5509 didicimus.
2838 5464 3067 5519 hyrulus
3112 5464 3220 5516 quo
3261 5464 3374 5503 ue:
3425 5464 3677 5515 Dpll’ttum

2097 5538 2333 5597 sanctum
2360 5543 2425 5582 ea:
2452 5521 2745 5598 substantia
2759 5517 2866 5598 .Dei
2890 5516 3067 5598 Patris
3088 5535 3197 5598 esse
3221 5464 3479 5598 geremus.
3510 5515 3677 5598 illuc

2099 5582 2281 5652 Latini
2302 5582 2497 5656 desint,
2530 5587 2838 5657 Fulgentius
2866 5590 3028 5644 etiam
3058 5589 3134 5644 ait
3166 5609 3183 5643 ι
3215 5588 3359 5643 Unus
3396 5593 3470 5639 est
3500 5582 3679 5657 Patris

2095 5649 2591 5732 e—t—Filiivsipiritus,
2626 5649 2759 5713 t'oms
2797 5659 2863 5714 de
2902 5658 3063 5714 Patre
3100 5659 3402 5732 procedens,
3448 5662 3584 5705 totus
3625 5649 3678 5701 in

2094 5731 2637 5807 utroqueiconsistens.
