4246 6264
522 350 715 417 ’251

1947 344 2217 404 ARNOBII
2256 345 2556 403 JUNIURIS

2842 252 2873 272 δ

3789 340 3898 398 553

618 474 786 532 Filius
835 472 1101 544 perlectus
1155 470 1326 532 Deus,
1376 468 1609 539 Spiritus
1660 473 1879 523 sanctus
1935 466 2201 536 perfectus
2228 471 2278 529 Α
2306 468 2441 523 dixit
2474 487 2486 520 :
2520 469 2596 523 Ita
2624 477 2724 523 est.
2759 497 2833 512 --
2861 468 3129 523 Arnobius
3155 468 3330 547 dixit:
3363 466 3482 523 Lux
3507 476 3629 534 qua:
3656 478 3753 519 eos
3779 479 3896 518 ma-

600 570 777 625 .Deus.
811 566 887 622 ita
913 564 1084 620 dicis?
1109 595 1180 605 -—
1207 561 1473 618 Arnobius
1512 561 1649 616 dixit
1680 578 1693 615 :
1724 559 1805 615 Ita
1825 559 1970 615 dico.
2002 588 2076 598 —-
2098 559 2201 615 Se-

619 660 808 729 rapion
856 654 992 711 dixit
1038 671 1052 707 :
1098 650 1167 707 Et
1193 654 1239 708 si
1268 654 1343 708 ita
1370 652 1523 719 dicis,
1557 662 1583 690 ι
1625 650 1898 725 quomodo
1929 659 2041 707 tres
2065 653 2205 709 ‘de‘os

622 767 737 809 esse
777 764 885 806 non
916 746 1125 804 credis?
1149 776 1223 787 —
1263 744 1532 802 Arnobius
1571 744 1709 800 dixit
1750 762 1764 799 :
1805 742 1876 800 Et
1908 744 1957 800 si
2002 744 2204 801 oblivio

616 845 693 905 tui
723 841 1046 905 dominatur,
1074 852 1181 894 non
1203 836 1512 893 dominatur
1538 836 1595 893 in
1632 836 1897 893 universis
1919 838 2206 906 cognitori-

616 938 717 991 bus
739 943 793 990 et
809 930 1078 1003 iudicibus
1100 930 1390 985 attributis.
1415 924 1605 986 Sciunt
1626 929 1769 985 enim
1790 942 1878 985 me
1902 936 1959 985 et
1977 928 2205 985 duorum

620 1027 919 1090 oculorum,
952 1038 1115 1079 unum
1151 1028 1460 1094 aspectum;
1492 1022 1720 1078 duarum
1766 1022 1994 1089 aurium,
2038 1036 2205 1076 unum

618 1119 887 1186 auditum;
934 1124 988 1173 et
1037 1115 1265 1171 duarum
1304 1129 1580 1178 manuum,
1623 1126 1787 1169 unum
1827 1122 2114 1181 attactum;
2151 1121 2207 1170 et

616 1208 841 1267 duorum
863 1210 1079 1280 pedum,
1114 1221 1279 1261 unum
1309 1220 1582 1276 gressum;
1613 1214 1667 1260 et
1693 1206 1920 1261 duorum
1942 1204 2206 1261 lahiorum

616 1308 778 1371 atque
807 1300 966 1354 unius
993 1299 1205 1367 linguae,
1231 1308 1392 1350 unum
1415 1308 1745 1351 memorasse
1773 1308 2079 1351 sermonem
2105 1311 2120 1350 :
2152 1303 2206 1351 et

618 1388 912 1454 memoriae,
946 1397 1107 1458 atque
1139 1386 1523 1456 intelligentizc,
1557 1395 1612 1441 et
1649 1387 1865 1455 ingenii,
1906 1387 1992 1441 his
2036 1388 2208 1443 tribus

618 1495 777 1537 unam
818 1478 1168 1549 sapientiam;
1217 1488 1272 1532 et
1313 1485 1391 1533 tot
1432 1477 1690 1533 membris
1729 1478 2010 1548 corporeis
2048 1479 2207 1534 unius

616 1572 741 1626 vitae
769 1569 1155 1635 substantiam;
1186 1577 1242 1623 et
1283 1567 1335 1622 in
1376 1568 1611 1637 quinque
1638 1569 1885 1623 sensibus
1913 1582 2079 1623 unum
2126 1570 2207 1624 in-

619 1662 926 1727 tellectum;
951 1660 1042 1730 qui
1071 1673 1169 1731 per
1188 1660 1374 1714 oculos
1405 1658 1655 1725 videndo,
1671 1670 1770 1729 per
1796 1674 1955 1714 aures
1985 1659 2208 1715 audien—
2234 1689 2239 1695 ·

619 1754 707 1821 do,
730 1766 829 1824 per
852 1766 913 1808 os
940 1748 1291 1821 degustando,
1313 1765 1415 1823 per
1436 1764 1594 1806 nares
1617 1748 1895 1806 odorando
1920 1751 2200 1819 intelligat.

2303 558 2574 614 nifestavit
2602 567 2746 615 totos
2772 568 2885 615 tres
2922 559 3149 629 lapides,
3182 574 3287 613 una
3315 559 3419 624 est.
3447 572 3516 613 an
3545 555 3665 613 duae
3692 570 3763 610 an
3788 564 3898 612 tres

2303 651 2452 706 luces
2480 659 2608 707 sunt
2631 651 2776 707 diei?
2791 678 2863 693 --
2887 650 3152 722 Serapion
3179 649 3318 706 dixit
3348 668 3363 704 ι
3389 648 3524 717 Quis
3562 656 3725 717 negat
3747 648 3898 718 quod

2303 756 2411 799 una
2438 744 2527 798 lux
2559 757 2655 799 eos
2688 742 3035 801 manifestam
3072 749 3275 813 potest,
3310 741 3527 797 etiamsi
3566 739 3715 797 mille
3752 739 3897 796 sint?

2303 862 2376 878 --
2402 833 2673 890 Arnobius
2700 833 2840 888 dixit
2875 849 2890 885 ς
2933 830 3048 901 Ego
3072 832 3295 902 quidem
3331 840 3444 888 tros
3479 830 3627 895 dixi;
3655 837 3715 885 tu
3752 830 3898 886 mille

2305 920 2578 982 concedis.
2610 923 2669 980 Si
2694 936 2825 993 ergo
2863 926 3013 981 mille
3040 925 3247 996 lapides
3269 924 3497 995 pretiosi
3524 939 3632 980 uno
3656 923 3769 980 diei
3812 923 3898 979 lu-

2306 1018 2453 1073 mine
2477 1015 2507 1057 ά
2547 1026 2795 1073 ornatum
2824 1019 2908 1073 sui
2938 1002 3244 1089 splendoris
3282 1017 3595 1080 ostendunt.
3621 1017 3897 1086 quomodo

2309 1126 2418 1167 non
2449 1108 2610 1166 Pater
2637 1120 2693 1166 et
2719 1111 2886 1166 Filius
2926 1108 2991 1167 et'
3010 1110 3243 1183 Spiritus
3268 1120 3488 1167 sanctus
3508 1110 3668 1167 unius
3701 1110 3897 1167 divini-

2310 1205 2436 1260 tatis
2460 1219 2570 1260 sua:
2591 1205 3037 1276 omnipotentiam
3063 1216 3174 1259 uno
3208 1203 3456 1275 pandunt
3483 1203 3707 1269 lumine,
3727 1202 3906 1257 deita;

2309 1308 2419 1357 tem
2452 1316 2561 1357 non
2586 1298 2758 1357 oculis
2782 1300 3080 1372 corporeis,
3112 1300 3209 1355 sed
3236 1299 3408 1355 oculis
3433 1295 3633 1363 cordis,
3664 1296 3711 1351 si
3740 1295 3903 1351 fuerit

2309 1392 2435 1449 ﬁdei
2463 1394 2741 1450 catholicas
2782 1392 3018 1448 fenestra
3046 1391 3325 1461 adaperta,
3352 1398 3414 1445 ut
3452 1389 3621 1443 intret
3647 1401 3745 1457 per
3779 1402 3901 1442 eam

2308 1484 2393 1540 sol
2433 1482 2673 1553 iustitiae,
2713 1490 2768 1538 et
2796 1496 2896 1538 suo
2938 1482 3141 1536 lumine
3168 1480 3482 1535 radiantur?
3532 1477 3674 1532 Vere
3717 1477 3899 1545 itaque

2309 1583 2421 1632 tres
2449 1575 2653 1646 lapides
2676 1576 2942 1647 pretiosos
2968 1574 3129 1628 unius
3159 1572 3359 1637 meriti,
3389 1570 3549 1625 unius
3580 1567 3895 1636 maiestatis,

2310 1668 2467 1723 unius
2492 1665 2925 1738 pulchritudinis,
2956 1666 3114 1719 unius
3141 1662 3477 1728 diadematis,
3502 1660 3663 1716 unius
3685 1674 3903 1729 quoque

2310 1767 2367 1814 et
2391 1757 2543 1827 regni
2568 1756 2848 1813 evidenter
2865 1754 3138 1820 ostendat,
3169 1768 3278 1808 non
3306 1761 3369 1808 ut
3389 1765 3554 1806 unum
3574 1751 3801 1815 bonum,
3828 1749 3902 1804 al-

619 1847 755 1903 Cum
784 1861 912 1917 ergo
942 1847 1043 1901 ista
1073 1845 1252 1899 omnia
1281 1844 1575 1915 disputatio
1606 1852 1789 1899 nostra
1816 1851 2118 1909 tractasset,
2149 1852 2205 1899 et
2235 1840 2281 1901 Β
2307 1836 2481 1903 terum
2521 1847 2800 1902 meliorem
2825 1853 2984 1916 putes
3015 1862 3028 1898 :
3058 1853 3121 1898 ut
3145 1845 3227 1899 sic
3267 1857 3434 1898 unum
3474 1839 3805 1909 magniﬁcos,
3838 1847 3896 1895 ut

620 1940 689 1996 sit
718 1938 785 1994 de
813 1936 1018 1993 unitate
1061 1934 1298 2003 ﬁnitum;
1341 1950 1459 2007 quae
1490 1928 1639 1992 'ratio
1679 1950 1779 1992 nos
1807 1937 2003 1991 iterum
2047 1937 2115 1992 ad
2143 1952 2206 1992 ea

618 2038 855 2099 revocat,
886 2043 1005 2102 qua:
1031 2031 1139 2085 sint
1163 2038 1219 2085 et
1243 2019 1429 2086 mutuo
1455 2042 1740 2095 consensu,
1759 2037 1818 2085 et
1835 2029 2077 2100 judicum
2098 2030 2206 2085 lata

619 2125 759 2179 inter
782 2132 965 2195 partes
990 2123 1257 2179 sententia
1278 2122 1391 2192 jam
1418 2122 1570 2178 finita
1586 2125 1610 2178 ἲ
1624 2123 1759 2178 Cum
1775 2123 2051 2190 dixissem,
2069 2125 2209 2179 sicut

620 2218 899 2285 memoria,
928 2224 984 2273 et
1020 2214 1314 2286 ingenium,
1346 2224 1402 2271 et
1426 2215 1750 2283 intellectus,
1783 2230 1950 2271 unum
1987 2216 2206 2286 sapien-

621 2309 707 2363 tia:
744 2310 1025 2364 obtineant
1068 2322 1282 2375 munus,
1333 2307 1407 2363 ita
1457 2306 1618 2363 Pater
1652 2322 1775 2363 cum
1813 2306 1948 2362 Filio
1992 2316 2047 2362 et
2085 2304 2212 2363 cui."

620 2398 825 2470 Spiritu
853 2408 1041 2455 sancto
1062 2414 1229 2454 unum
1255 2399 1660 2470 omnipotentiae
1680 2414 1790 2454 sua:
1809 2406 2092 2469 permanet
2117 2413 2200 2453 re-

623 2505 807 2561 gnum.
836 2524 910 2535 -—
936 2489 1199 2564 Serapion
1244 2492 1380 2549 dixit
1408 2510 1422 2547 :
1454 2493 1530 2550 De
1563 2491 1980 2563 uniuscujusque
2027 2491 2206 2563 peric-

619 2582 800 2640 ctione
818 2582 1055 2650 deitatis,
1085 2598 1185 2641 nec
1206 2598 1308 2654 ego
1334 2584 1683 2654 interrogavi.
1710 2599 1810 2641 nec
1836 2593 1895 2639 tu
1914 2584 2041 2640 inde
2063 2584 2206 2639 dixi-

617 2675 709 2731 sti.
742 2674 842 2730 Aio
890 2690 1031 2732 nunc
1080 2678 1223 2731 enim
1269 2696 1282 2731 :
1336 2674 1497 2733 Pater
1536 2674 1811 2753 perfectus
1849 2678 2009 2743 Deus,
2043 2676 2208 2733 Filius

619 2764 885 2838 perlectus
906 2764 1065 2832 Deus,
1105 2764 1337 2837 Spiritus
1366 2775 1586 2823 sanctus
1610 2767 1881 2839 perfectus
1908 2768 2069 2834 Deus,
2099 2774 2209 2824 tres

618 2855 819 2913 faciunt
845 2857 995 2913 deos.
1022 2856 1052 2898 δ
1082 2858 1188 2914 Aut
1214 2858 1357 2915 enim
1388 2861 1603 2916 tertiam
1644 2868 1879 2932 partem
1900 2876 2038 2917 unus
2066 2861 2209 2917 Deus

621 2947 800 3013 habet,
832 2956 888 3002 ut
908 2966 1004 3020 per
1028 2959 1321 3020 quaternas
1337 2953 1521 3008 uncias
1550 2960 1759 3008 tantum
1779 2962 1892 3009 tres
1911 2968 2075 3008 unam
2092 2953 2210 3009 dei-

622 3045 787 3092 tatem
816 3039 1086 3103 habeant;
1131 3051 1225 3096 aut
1250 3051 1362 3099 tres
1390 3043 1465 3099 dii
1501 3044 1627 3109 sint,
1677 3045 1725 3099 si
1761 3046 2128 3115 unusquisque
2155 3046 2209 3100 in

623 3140 718 3183 sua
741 3127 944 3185 deitate
970 3131 1241 3200 perfectus
1262 3141 1363 3188 est.
1380 3136 1735 3191 —-Arnobius
1761 3136 1930 3191 dixit:
1952 3136 2209 3191 Brevitati

2313 1940 2381 1995 ad
2408 1940 2657 2009 injuriam
2679 1940 2900 1995 alterius
2920 1934 3148 1994 alterum
3175 1934 3691 2019 magniﬁcentiorem
3710 1933 3873 1990 existi

2312 2044 2447 2087 mes.
2485 2030 2865 2101 Unusquisque
2918 2030 3064 2086 enim
3094 2030 3231 2101 lapis
3257 2040 3417 2085 verus
3445 2029 3520 2082 ita
3548 2035 3653 2092 est,
3683 2035 3745 2082 ut
3772 2025 3902 2082 nihil

2314 2132 2341 2161 ο
2367 2122 2634 2179 dehabeat
2658 2136 2769 2192 quo
2794 2123 2966 2194 possit
3002 2122 3139 2177 alius
3168 2121 3349 2177 verior
3372 2118 3656 2183 mstimari;
3689 2126 3896 2174 tantum

2310 2222 2368 2269 et
2394 2212 2525 2269 tides
2553 2214 2763 2283 aperiat
2790 2212 3049 2268 fenestras
3077 2216 3399 2277 animorum,
3421 2225 3558 2280 quas
3575 2210 3694 2265 sine
3711 2208 3900 2264 credu-

2311 2304 2364 2361 lit
2492 2314 2676 2361 nostra
2706 2318 2809 2360 nec
2836 2304 2979 2360 Deus
3007 2303 3122 2374 ipse
3149 2302 3438 2373 aliquando
3466 2300 3741 2372 patefecit.
3778 2299 3896 2355 Non

2309 2387 2364 2488 ἢ
2422 2398 2773 2488 ﬂ,salvabitur
2806 2397 2909 2451 nisi
2937 2397 3030 2465 qui
3075 2396 3452 2451 credulitatem
3476 2409 3632 2488 suam
3662 2393 3785 2488 ﬁdei
3813 2410 3897 2449 re.

2310 2468 2753 2567 ci;,§§hbdiderit,
2781 2494 2836 2543 et
2864 2488 2980 2557 ipsa
3004 2488 3276 2557 aperuerit
3308 2488 3573 2542 fenestras
3597 2487 3899 2555 intelligen-

2311 2584 2417 2646 tiae,
2450 2588 2508 2635 ut
2529 2580 2870 2636 videasistas
2900 2587 3010 2633 tres
3030 2576 3422 2648 pulcherrimas
3442 2589 3686 2645 gemmas
3714 2578 3768 2631 in
3790 2592 3899 2631 uno

2310 2688 2477 2743 regno
2522 2678 2876 2735 constructas,
2924 2684 3088 2725 unum
3135 2667 3381 2724 diadema
3423 2666 3601 2722 facere
3639 2675 3696 2721 et
3733 2681 3901 2721 unum

2310 2765 2611 2836 majestatis
2655 2763 2938 2833 imperium
2967 2760 3233 2816 obtinere.
3273 2790 3347 2803 ---
3382 2756 3647 2829 Serapion
3697 2757 3837 2811 dixit
3884 2776 3898 2809 :

2311 2858 2403 2915 lsti
2443 2865 2553 2912 tres
2597 2854 2803 2925 lapides
2848 2853 2973 2907 licet
3018 2851 3177 2906 unius
3215 2849 3570 2919 pretiositatis
3633 2848 3907 2914 uniusque

2310 2951 2419 3007 sint
2445 2946 2879 3019 pulchritudinis,
2907 2952 3085 2998 tamen
3122 2956 3153 2995 a
3182 2956 3241 2996 se
3271 2939 3429 2994 divisi
3455 2945 3599 2993 sunt.
3631 2969 3702 2979 —
3731 2935 3907 2990 Aruo-

2312 3044 2433 3099 bius
2475 3040 2610 3095 dixit
2652 3058 2665 3091 :
2710 3038 2789 3093 Tu
2827 3037 3144 3093 divisionem
3174 3032 3354 3090 vidisti
3393 3031 3574 3095 trium,
3604 3028 3700 3085 sed
3739 3043 3901 3083 unum

2312 3146 2538 3201 regnum
2587 3131 2743 3185 unius
2787 3126 3108 3183 diadematis
3160 3139 3269 3181 non
3319 3121 3486 3178 vides.
3520 3151 3590 3164 -—
3640 3116 3901 3189 Serapion

621 3219 856 3274 studenti
896 3220 1047 3289 mihi,
1093 3221 1350 3279 laciniosa
1388 3224 1752 3297 disputatione
1795 3227 2067 3293 occurris;
2114 3228 2210 3282 sed
2233 3218 2282 3283 C
2313 3223 2448 3280 dixit
2478 3240 2491 3275 :
2524 3220 2702 3276 Unum
2729 3218 2976 3274 diadema
3005 3216 3181 3282 video,
3226 3215 3325 3272 sed
3359 3215 3416 3269 in
3459 3215 3577 3284 ipso
3601 3211 3901 3267 diademate

626 3316 887 3380 quantum
914 3319 972 3364 tu
1000 3312 1053 3366 in
1077 3312 1348 3382 prolixum
1377 3313 1457 3369 ire
1496 3314 1607 3378 vis,
1659 3322 1867 3369 tantum
1906 3322 1961 3371 te
2003 3324 2104 3385 ego
2154 3316 2210 3371 in

622 3399 772 3456 brevi
797 3393 1131 3456 concludam.
1150 3412 1178 3451 ρ
1210 3400 1357 3459 Pone
1383 3412 1494 3459 tres
1512 3405 1931 3473 pretiosissimas
1954 3408 2211 3477 margari-

620 3498 707 3547 tas
735 3491 1203 3564 incomparabiles,
1234 3495 1391 3551 unius
1437 3502 1621 3550 tamen
1651 3496 1848 3560 meriti,
1894 3497 1946 3552 in
1978 3498 2211 3554 obscuro

624 3581 763 3647 loco,
798 3591 891 3639 aut
912 3584 964 3638 iu
988 3599 1129 3641 caeca
1156 3592 1317 3641 nocte
1345 3586 1633 3657 repositas.
1665 3584 1798 3643 Cum
1836 3595 2015 3644 tamen
2048 3604 2210 3646 vene-

623 3674 693 3729 rit
723 3674 901 3729 lumen
924 3675 1031 3730 diei
1060 3684 1117 3730 et
1140 3676 1272 3732 solis
1300 3677 1572 3747 splendor,
1608 3686 1814 3747 quanto
1842 3680 2073 3749 amplior
2094 3679 2209 3737 lue-

622 3764 693 3817 rit
718 3765 980 3819 serenitas
1009 3766 1242 3834 luminis,
1276 3776 1427 3823 tanto
1454 3769 1559 3823 erit
1587 3769 1818 3841 amplior
1838 3771 2010 3826 oculis
2030 3780 2208 3828 atten-

623 3854 871 3910 dentibus
891 3856 1082 3911 horum
1103 3856 1265 3912 trium
1293 3857 1527 3930 lapidum
1550 3860 1908 3930 pretiosorum
1932 3860 2205 3933 splendor.

623 3946 901 4017 Interrogo
942 3964 1086 4004 nunc
1141 3969 1153 4003 :
1208 3949 1300 4005 isti
1352 3959 1464 4007 tres
1507 3951 1714 4021 lapides
1762 3954 2213 4025 incomparabiles

625 4043 915 4105 antequam
945 4038 1421 4095 manifestarentur
1446 4057 1477 4095 a
1505 4041 1725 4107 lumine,
1748 4043 1802 4096 in
1829 4059 1925 4098 sua
1958 4046 2209 4113 pretiosi-

627 4134 736 4182 tate
770 4129 1077 4195 manebant,
1109 4137 1164 4183 et
1191 4129 1532 4199 pulchritudo
1577 4146 1767 4188 eorum
1804 4133 1856 4188 in
1902 4136 2032 4205 ipsis
2076 4146 2211 4201 erat,

2318 3312 2339 3354 τ
2370 3309 2805 3385 cataclyzomatis
2851 3316 2966 3363 arte
3013 3304 3139 3363 sunt
3184 3319 3409 3377 gemmae
3459 3311 3799 3361 constructa.
3830 3332 3900 3344 -—

2317 3404 2587 3473 Arnobius
2609 3402 2743 3458 dixit
2775 3420 2787 3455 :
2836 3401 2987 3457 Sicut
3016 3400 3110 3456 tibi
3140 3398 3582 3472 cataclyzomatis
3623 3401 3741 3454 arte
3777 3404 3903 3452 sunt

2315 3508 2539 3566 gemmae
2566 3501 2905 3550 constructis.
2927 3491 3003 3546 ita
3032 3490 3120 3547 hic
3144 3490 3466 3545 naturaliter
3496 3489 3552 3544 in
3588 3503 3697 3544 uno
3727 3487 3900 3544 omni-

2314 3584 2570 3660 potentiae
2599 3584 2852 3639 thesauro
2881 3582 3090 3654 positae,
3115 3580 3220 3637 illis
3240 3588 3451 3636 tantum
3489 3578 3902 3635 manifestantur

2313 3696 2547 3751 quorum
2594 3676 2884 3735 credulitas
2924 3675 3114 3747 egerit,
3160 3683 3218 3730 ut
3264 3670 3395 3729 iides
3440 3673 3648 3743 integra
3693 3671 3902 3743 aperiat

2308 3773 2530 3844 januam
2584 3768 2821 3824 thesauri
2865 3765 3023 3837 hujus
3072 3767 3349 3838 perpetui,
3398 3776 3465 3821 ac
3512 3762 3797 3834 patefaciet
3847 3769 3905 3818 et

2314 3864 2471 3921 istam
2494 3860 2770 3918 Trinitatis
2790 3859 3050 3915 unitatem
3073 3857 3386 3930 perfectam,
3411 3863 3467 3910 et
3487 3855 3652 3926 ipsius
3678 3851 3901 3907 unitatis

2312 3954 2711 4024 integerrimam
2750 3954 3011 4007 unitatem
3055 3969 3068 4005 :
3100 3965 3287 4005 verum
3325 3946 3541 4005 Patrem
3570 3947 3661 4018 qui
3689 3958 3905 4016 semper

2314 4045 2476 4100 tuerit
2518 4043 2698 4108 Pater,
2740 4050 2796 4098 et
2833 4057 3016 4097 verum
3058 4040 3270 4107 Filium,
3292 4040 3469 4109 cuius
3505 4053 3719 4110 semper
3746 4034 3906 4094 fuerit

2320 4137 2496 4192 Pater.
2530 4135 2703 4191 8Non
2733 4136 2878 4192 enim
2922 4135 3064 4190 sicut
3101 4142 3229 4190 ante
3275 4133 3445 4189 Filius
3491 4134 3539 4190 si
3585 4148 3697 4188 non
3742 4130 3906 4187 fuerit

626 4218 796 4274 oculis
820 4228 1015 4288 tamen
1057 4220 1333 4278 hominum
1374 4241 1482 4280 non
1512 4225 1823 4296 parebant?
1852 4258 1922 4270 —
1951 4228 2215 4300 Serapion
2320 4226 2495 4285 Patris
2520 4228 2625 4294 sui,
2648 4243 2758 4285 non
2780 4232 2961 4298 potest
2985 4222 3125 4283 eillci
3145 4222 3306 4282 Pater
3326 4224 3447 4281 Filii
3466 4226 3567 4282 sui.
3591 4222 3734 4280 Nihil
3761 4223 3904 4280 enim

1784 4363 1893 4419 FR.
1936 4364 2425 4423 FEU-ARDENTII
2464 4364 2670 4422 NOTAE
2682 4408 2694 4420 .

698 4468 863 4545 {Non
892 4471 1174 4545 defuerunt
1220 4474 1412 4545 priscis
1440 4475 1774 4545 temporibus
1810 4478 2045 4532 haeretici
2088 4478 2207 4533 Tri-

628 4539 848 4603 theistrc,
889 4542 978 4611 qui
1010 4539 1276 4615 extribus
1302 4539 1569 4615 personis'
1587 4554 1696 4601 tres
1723 4546 1855 4601 deos
1888 4548 2210 4605 architecta-

629 4616 833 4688 rentur,
885 4618 943 4664 ut
986 4627 1053 4666 ex
1090 4612 1391 4688 Nicephoro
1421 4614 1646 4688 aliisque
1687 4617 1987 4688 colligitur;
2033 4621 2125 4688 qui
2154 4628 2210 4675 et

627 4694 769 4759 nunc
800 4681 854 4749 (ο
878 4688 1119 4759 tempore
1139 4683 1178 4753 ι)
1210 4681 1264 4736 in
1293 4681 1694 4759 Transylvania,
1720 4681 1987 4756 Huﬁgaria
2018 4681 2072 4741 et
2101 4688 2207 4743 Po-
2241 4694 2292 4755 1)
2317 4689 2483 4743 altare
2513 4681 2613 4742 tres
2638 4702 2785 4759 aqua?
2812 4681 3002 4754 guttas,

630 4748 767 4814 lonia
799 4764 864 4803 ex
894 4748 1003 4805 illis
1028 4748 1171 4806 velut
1208 4754 1448 4808 scarabei
1467 4748 1545 4809 ἐς
1566 4748 1806 4811 stercore
1834 4748 2206 4814 renascuntur.

628 4813 735 4873 Nos
773 4819 962 4874 horum
991 4824 1382 4878 confutavimus
1411 4826 1690 4891 insaniam,
1722 4827 1811 4880 ubi
1854 4826 2045 4881 Bezam
2076 4828 2212 4883 divi-

627 4903 750 4941 nam
781 4892 1067 4967 essgntiam
1092 4893 1143 4967 in
1167 4893 1336 4948 tribus
1362 4896 1853 4967 personisrealiter
1879 4897 2211 4967 distinguen-

628 4968 765 5036 te_m_._
788 4968 843 5015 et
872 4960 1208 5036 Barthasium
1237 4960 1480 5036 eamdem
1513 4966 1887 5036 lriplicantcm,
1921 4975 1975 5021 et
2016 4960 2071 5023 in
2097 4969 2209 5025 Deo

627 5029 889 5137 triplicem
918 5033 1165 5101 spiritum
1193 5029 2031 5099 contingentem'confutavimus.

754 5099 1070 5137 Ana-solium:
1102 5102 1349 5137 nrlumncnn
1374 5103 1511 5137 hnnn
1547 5104 1856 5137 Δ-ιῖηηηηη...
1883 5107 2031 5137 ,ιιι-νυ.

746 5099 1072 5169 Augustinus
1101 5102 1352 5157 adversus
1374 5103 1512 5159 hanc
1539 5104 1857 5161 Arianorqu
1882 5107 2206 5162 dementiam

625 5178 677 5249 et
705 5171 1090 5249 blaSphemiam
1130 5171 1213 5227 his
1236 5173 1418 5249 verbis
1449 5172 1694 5249 fulminat
1726 5194 1736 5228 :
1771 5176 2077 5249 dialedictus
2121 5180 2206 5249 qui

624 5240 899 5315 indivisant
945 5243 1193 5315 deitatem,
1228 5242 1405 5298 Patris
1442 5255 1490 5298 et
1527 5244 1654 5298 Filii
1692 5255 1741 5299 et
1782 5245 2012 5315 Spiritus
2038 5240 2207 5301 san'cti

624 5325 731 5368 son
760 5313 1047 5386 conﬁtetur.
1083 5312 1393 5370 Maledictus
1431 5318 1517 5386 qui
1547 5318 1760 5385 propria
1788 5312 2003 5386 nomina
2030 5333 2207 5386 perso-

626 5386 827 5456 Sarttm,
863 5382 1264 5456 tres_Deos,_aut
1294 5393 1396 5440 tres
1423 5382 1695 5456 Doruinos,
1730 5394 1817 5438 aut
1847 5396 1946 5439 tres
1977 5382 2208 5456 Spiritus

622 5450 917 5528 Nemetum
950 5449 1018 5528 lilt
1037 5454 1168 5528 alibi
1188 5470 1401 5528 rursum
1429 5474 1441 5509 :
1470 5455 1531 5511 Si
1560 5449 1794 5528 quianon
1816 5449 2206 5510 dixerit'Palris

621 5528 676 5576 et
704 5517 907 5609 f‘ilii‘et
952 5518 1179 5609 Spiritus
1216 5526 1393 5609 sancti
1434 5517 1982 5609 unam‘divinita‘tem,
2023 5543 2205 5609 parem

622 5595 945 5664 majestatem
974 5598 1025 5643 et
1051 5595 1352 5661 potentiam,
1382 5611 1539 5649 imam
1571 5596 1790 5667 gloriam
1820 5604 1869 5648 et
1895 5595 2208 5651 dominatio-

626 5675 760 5727 nem,
791 5677 950 5718 anum
972 5676 1189 5734 regnum
1218 5672 1367 5734 atque
1385 5681 1545 5719 unam
1564 5668 1893 5728 voluntatem,
1930 5668 2206 5721 anathema

627 5737 710 5799 sit,
735 5742 839 5790 etc.

756 5804 889 5861 lluie
915 5804 1168 5875 exemplo
1196 5806 1440 5879 apposite
1468 5808 1721 5864 convenit
1749 5809 1896 5875 quod
1920 5807 2206 5877 Gregorius

2317 4478 2645 4533 Turonensis
2667 4483 2722 4531 et
2753 4475 3065 4545 Sigebertus
3099 4476 3372 4531 referunt:
3407 4475 3678 4545 nimirum,
3712 4476 3905 4530 irrum-

2315 4557 2467 4621 pente
2492 4550 2548 4602 in
2579 4546 2779 4621 Gallias
2807 4543 3103 4621 Arianismo
3145 4560 3261 4600 cum
3302 4548 3570 4621 episcopus
3600 4543 3904 4621 Yasatcnsis

2314 4617 2521 4690 sacrum
2541 4617 2797 4690 publicum
2820 4619 3026 4687 faceret,
3069 4633 3098 4671 ε
3123 4617 3357 4687 supernis
3387 4617 3713 4690 descendisse
3750 4632 3905 4690 super

3102 4703 3160 4740 as
3187 4686 3304 4743 cum
3336 4687 3483 4741 uellet
3510 4686 3770 4757 colligere,
3793 4686 3904 4739 illa!

2312 4759 2369 4812 in
2394 4768 2493 4812 tres
2521 4756 2848 4828 ﬁrmissimas
2877 4766 2926 4811 et
2952 4756 3233 4829 pellucidus
3261 4772 3486 4829 gemmas
3513 4756 3790 4829 conteram,
3821 4757 3901 4829 de;

2313 4830 2466 4900 nique
2504 4824 2559 4881 in
2599 4829 2813 4900 unicam
2835 4829 2906 4900 ita
2936 4824 3340 4900 coaluerumfut
3378 4844 3485 4883 non
3505 4828 3619 4898 jam
3650 4838 3771 4891 tres,
3812 4824 3901 4881 sed

2310 4898 2483 4967 unica,
2515 4914 2674 4967 eaque
2695 4898 2920 4967 miriﬁca
2946 4899 3119 4967 palam
3140 4899 3373 4953 evaserit.

2382 4966 2406 5004 ἀ
2437 4966 2623 5023 Codex
2645 4972 2816 5034 vetus,
2848 4966 3217 5023 inormitatem.

2386 5048 2409 5075 ο
2440 5037 2589 5093 Nove
2633 5039 2833 5093 dictum
2856 5080 2870 5105 ,
2919 5051 3020 5106 pro
3068 5049 3275 5106 careat,
3335 5038 3667 5102 destituatur,
3726 5038 3897 5107 prive-

2311 5117 2409 5169 tur,
2442 5116 2546 5163 etc.

2385 5178 2403 5216 τ
2438 5177 2617 5262 Forte,
2661 5178 2925 5262 quoddam
2957 5177 3522 5262 artificiumgemmas
3549 5178 3939 5262 dis-ponendus

2306 5248 2582 5317 jungeiidi,
2614 5247 2887 5319 sculpendi
2910 5248 2993 5302 vel
3016 5247 3413 5319 pingendi,'hac
3436 5265 3568 5304 voce
3594 5247 3892 5318 signiﬁcat;

2310 5319 2414 5373 nisi
2444 5320 2597 5373 malis
2622 5320 3077 5388 catarhrysamatis
3114 5329 3225 5373 arte
3255 5320 3555 5388 legendum.

2383 5398 2408 5435 8
2437 5388 2704 5460 Qbscurus
2726 5389 2891 5453 locus,
2922 5396 2977 5442 et
2998 5389 3087 5457 qui
3116 5391 3302 5445 codice
3330 5390 3529 5460 indiget
3556 5388 3892 5460 emendatio-

2308 5474 2389 5512 re.
2438 5457 2573 5512 Puto
2622 5466 2799 5512 tamen
2842 5473 2963 5512 eum
3004 5460 3184 5514 velle:
3229 5460 3293 5515 Ut
3337 5457 3512 5515 nullus
3553 5469 3709 5513 antea
3756 5458 3893 5513 ﬁlius

2309 5528 2414 5601 dici
2441 5536 2639 5601 potest,
2669 5542 2829 5601 quam
2852 5537 3069 5601 patrem
3100 5531 3311 5595 habeat,
3339 5532 3410 5585 ita
3448 5547 3547 5587 nec
3576 5539 3731 5601 pater
3766 5545 3894 5583 cen-

2310 5598 2417 5652 seri
2441 5598 2541 5651 nisi
2574 5597 2710 5652 lilius
2728 5599 2814 5651 sit.
2845 5598 2981 5653 Sunt
3003 5602 3143 5654 enim
3173 5602 3456 5666 correlata,
3480 5597 3599 5670 quiis
3628 5601 3802 5670 posita
3833 5615 3892 5652 se

2311 5679 2539 5752 ponunt,
2583 5677 2639 5752 et
2686 5677 2960 5752 perempta
2993 5680 3280 5752 premunt;
3326 5673 3786 5752 itaqueninsanum
3828 5684 3891 5722 ac

2313 5738 2535 5810 impium
2565 5747 2647 5810 est
2686 5738 2961 5807 iuiagin'ari
2993 5741 3157 5794 Deum
3198 5738 3631 5796 Patrem‘Filium
3657 5754 3888 5810 praees-

2312 5809 2466 5875 sisse,
2490 5818 2582 5865 aut
2612 5809 2803 5865 Filium
2835 5810 2990 5865 Patre
3017 5811 3369 5879 posscriorem
3392 5824 3529 5865 esse.
