4246 6270
293 395 393 453 253

1041 393 1461 451 CONFLICTUS
1500 395 1588 449 DE
1625 394 1763 451 DEO
1798 394 2006 452 TRINO
2044 396 2133 451 ET
2175 396 2343 465 UNO,
2373 398 2523 456 ETC.
2567 398 2690 453 LIB.
2721 398 2764 453 l.

292 517 535 566 mutatur
574 508 629 563 in
661 525 727 564 eo
761 511 850 578 qui
889 526 1045 564 verus
1084 511 1227 564 Deus
1263 517 1364 573 est,
1396 510 1490 564 sed
1534 511 1881 567 immutabilis
1908 513 1959 574 Α
1983 513 2343 568 —Arnobius
2392 515 2707 584 respondit:
2760 512 2922 569 Pater
2967 515 3198 584 primum
3244 514 3452 571 obtinet
3487 516 3574 571 lo-

294 604 434 659 idem
462 616 680 670 semper
717 609 817 666 est,
848 610 902 655 et
930 616 1038 670 quo
1067 615 1283 671 semper
1322 598 1423 655 fuit
1452 601 1611 668 Deus,
1634 602 1727 670 qui
1755 617 1884 657 vere

296 711 430 750 unus
458 701 516 748 et
559 694 726 748 trinus
748 700 847 758 est,
881 708 989 747 non
1019 700 1200 762 potest
1220 688 1364 747 Deus
1390 693 1539 747 credi
1567 694 1660 762 qui
1698 694 1885 763 incipit

293 803 411 843 esse
432 786 575 857 quod
602 802 706 840 non
732 784 847 839 fuit.
881 794 906 824 λ
935 784 1017 839 Ex
1044 800 1155 854 quo
1184 786 1329 840 enim
1350 792 1434 840 est
1455 784 1602 855 quod
1626 785 1768 840 Deus
1802 792 1885 839 est

296 880 360 951 (si
393 887 572 933 tamen
600 876 703 931 dici
742 876 926 946 debet)
957 891 1023 931 ex
1053 892 1164 946 quo
1209 885 1295 932 est
1332 877 1438 933 hoc
1483 894 1591 947 quo
1619 877 1762 933 Deus
1802 885 1886 933 est

294 969 465 1043 (quod
506 969 682 1039 inopia
725 968 945 1023 humani
991 968 1261 1025 sermonis
1289 968 1395 1023 dici
1444 968 1730 1038 permittit)
1775 983 1883 1025 non

294 1064 405 1134 ipsa
427 1061 567 1117 ratio
587 1060 886 1130 majestatis
913 1079 926 1113 :
950 1075 1020 1115 ex
1049 1076 1117 1116 eo
1145 1060 1290 1115 enim
1314 1059 1461 1129 quod
1504 1060 1652 1118 Deus
1679 1068 1782 1123 est,
1815 1076 1885 1115 ex

291 1171 353 1209 eo
386 1162 443 1209 et
470 1153 648 1218 Pater,
675 1168 743 1207 ex
768 1169 836 1209 eo
866 1161 923 1208 et
952 1152 1118 1208 Filius
1156 1151 1293 1221 ejus,
1325 1167 1393 1207 ex
1420 1167 1530 1221 quo
1558 1160 1614 1207 et
1655 1152 1799 1207 Deus
1828 1161 1885 1206 et

291 1248 451 1304 Pater
476 1257 579 1304 est.
613 1246 756 1302 Nihil
776 1247 922 1302 enim
962 1247 1018 1300 in
1046 1260 1106 1301 se
1146 1260 1245 1316 per
1287 1245 1643 1300 substantiam
1688 1245 1885 1299 habere

291 1342 470 1411 erepit,
503 1340 651 1410 quod
680 1347 807 1393 ante
835 1354 941 1393 non
974 1338 1179 1393 habuit.
1214 1338 1439 1407 Semper
1464 1337 1607 1392 enim
1620 1353 1748 1404 cum
1780 1337 1887 1391 vir-

295 1441 402 1488 tute
444 1432 566 1497 fuit,
600 1446 720 1500 qum
748 1440 832 1489 est
850 1429 1043 1493 Filius;
1074 1445 1290 1500 semper
1322 1446 1443 1484 cum
1475 1429 1606 1484 ﬂatu
1633 1415 1754 1494 suo,
1792 1430 1885 1499 qui

299 1534 372 1579 est
411 1523 649 1594 Spiritus
689 1529 928 1576 sanctus.
960 1552 1030 1563 —
1056 1519 1319 1590 Serapion
1360 1520 1495 1575 dixit
1528 1539 1541 1573 :
1586 1520 1667 1576 Ad
1704 1522 1886 1576 omnia

303 1615 536 1683 quiesco,
558 1624 615 1668 et
639 1628 855 1683 semper
878 1611 1041 1667 fuisse
1068 1621 1234 1667 totam
1265 1610 1583 1666 Trinitatem
1603 1612 1886 1667 conﬁteor.

304 1705 404 1760 Sed
453 1690 715 1774 majorem
758 1703 976 1758 Patrem
1004 1719 1173 1774 quare
1216 1719 1323 1759 non
1359 1703 1597 1770 credam,
1629 1719 1752 1759 cum
1778 1718 1888 1758 non

307 1796 533 1851 nascitur
559 1794 723 1850 Pater
743 1795 810 1849 de
837 1794 993 1859 Filio,
1019 1784 1302 1850 sed‘Filius
1332 1802 1589 1850 nascatur
1614 1810 1683 1849 ex
1701 1794 1893 1849 Patre?

1984 622 2126 662 cum.
2153 639 2227 649 —
2252 607 2515 678 Serapion
2543 608 2678 662 dixit
2704 626 2716 661 :
2750 607 2824 662 De
2859 606 2995 662 Filio
3023 607 3151 677 quid
3178 607 3310 663 dicis
3329 608 3354 661 ἲ
3372 638 3445 649 -
3470 609 3576 663 Ar-

1985 699 2176 753 nobius
2223 698 2398 752 dixit:
2431 698 2459 737 b
2489 698 2557 752 Et
2593 700 2711 768 ipse
2745 699 2996 769 primum.
3017 728 3090 742 -
3109 697 3369 769 Serapion
3396 699 3571 753 dixit:

1987 788 2125 854 Quid
2154 791 2318 845 etiam
2345 791 2414 845 de
2442 790 2645 861 Spiritu
2673 791 2899 847 sancto?
2920 822 2993 834 -—
3012 790 3280 845 Arnobius
3306 791 3440 846 dixit
3464 810 3476 844 :
3508 789 3577 845 Et

1986 881 2101 950 ipse
2126 882 2358 951 primum
2388 883 2597 937 obtinet
2623 883 2823 938 locum.
2844 915 2917 925 -—
2937 881 3200 953 Serapion
3229 882 3400 937 dixit:
3434 881 3576 951 Ergo

1987 989 2092 1029 non
2121 983 2206 1030 est
2232 975 2488 1030 Trinitas.
2519 1007 2592 1018 -
2619 974 2889 1031 Arnobius
2907 974 3079 1030 dixit:
3110 973 3345 1031 Trinitas
3371 976 3446 1031 ita
3471 984 3573 1041 est,

1986 1074 2046 1121 ut
2091 1082 2200 1123 non
2249 1067 2525 1133 dicamus,
2574 1066 2808 1137 primus,
2858 1066 3156 1125 secundus.
3201 1067 3432 1123 tertius:
3483 1066 3577 1123 sed

1988 1173 2182 1223 unum,
2234 1158 2375 1222 duo,
2408 1156 2910 1226 tres—Serapion
2957 1157 3129 1211 dixit:
3175 1156 3336 1213 Pater
3370 1157 3577 1228 primus

1985 1255 2070 1303 est
2086 1289 2101 1311 ,
2133 1255 2189 1301 et
2216 1247 2382 1301 Filius
2408 1247 2612 1317 primus
2636 1254 2719 1301 est
2735 1285 2750 1311 ,
2782 1253 2838 1301 et
2873 1245 3104 1316 Spiritus
3132 1254 3347 1302 sanctus
3372 1249 3578 1318 primus

1986 1345 2107 1394 est:
2148 1346 2259 1394 tres
2305 1339 2493 1408 primi,
2535 1346 2646 1394 tres
2683 1338 2759 1393 dii
2798 1345 2942 1394 sunt.
2965 1368 3040 1382 —-
3070 1337 3339 1393 Arnobius
3391 1340 3571 1394 dixit:

1991 1441 2013 1468 ε
2029 1425 2178 1483 Ροηε
2193 1436 2304 1483 tres
2314 1430 2669 1497 imperatores
2683 1429 2737 1483 in
2756 1444 2862 1483 uno
2876 1442 3064 1497 regno,
3077 1430 3134 1484 in
3147 1444 3253 1483 una
3266 1429 3574 1496 concordia,

1989 1520 2043 1575 in
2069 1535 2177 1574 una
2204 1519 2353 1585 sede,
2385 1520 2439 1573 in
2468 1534 2573 1573 una
2604 1520 2891 1585 suavitate,
2922 1520 2977 1574 in
3006 1532 3116 1574 uno
3136 1519 3338 1574 amoris
3360 1518 3574 1585 aﬂ'ectu,

1990 1612 2046 1665 in
2074 1626 2180 1665 una
2208 1617 2495 1680 potestate,
2540 1617 2598 1664 et
2623 1623 2805 1679 quare
2830 1611 2885 1665 in
2923 1610 3053 1681 ipsis
3089 1611 3184 1680 qui
3223 1612 3458 1681 primum
3492 1612 3577 1666 lo—

1990 1718 2112 1757 cum
2155 1703 2439 1771 potestatis
2498 1701 2758 1756 obtineat.
2806 1701 2934 1756 Sine
2979 1702 3144 1757 dubio
3187 1703 3281 1771 qui
3330 1701 3431 1757 toti
3469 1708 3580 1757 tres

1994 1792 2209 1860 augusti
2238 1799 2395 1855 sunt,
2444 1792 2543 1853 toti
2583 1801 2695 1847 tres
2733 1794 2892 1863 primi
2919 1802 3043 1849 sunt
3073 1811 3087 1847 :
3117 1794 3409 1850 secundum
3448 1808 3580 1850 vero

311 1919 367 1928 —
397 1889 665 1944 Arnobius
702 1887 841 1941 dixit
875 1905 887 1939 :
918 1885 1037 1941 Jam
1063 1887 1296 1942 diximus
1334 1903 1405 1942 ex
1427 1902 1563 1942 voce
1603 1886 1751 1941 nasci
1780 1901 1889 1941 ser—
1922 1893 1967 1951 Β
1995 1886 2171 1942 locum
2195 1925 2212 1951 ,
2259 1895 2316 1941 ει
2364 1886 2579 1941 tertium
2621 1888 2905 1957 potestatis
2941 1888 3008 1941 ab
3037 1886 3277 1956 angustis
3325 1885 3583 1941 ordinati:

314 1994 540 2039 nionem,
570 1992 669 2033 nec
696 1976 819 2032 ideo
850 1992 955 2031 vox
981 1977 1157 2046 major
1191 1984 1279 2032 est
1302 1976 1449 2046 quod
1477 1991 1546 2031 ex
1570 1977 1688 2046 ipso
1719 1977 1894 2031 nasci-

321 2076 401 2121 tur
426 2083 601 2123 sermo
640 2054 671 2120 ;’
692 2082 798 2122 uno
825 2057 1128 2135 eodemque
1154 2075 1433 2123 momento
1461 2073 1516 2121 et
1542 2082 1646 2121 vox
1692 2081 1897 2122 sermo-

328 2176 427 2229 que
452 2161 608 2215 simul
650 2161 891 2215 oriuntur
928 2167 984 2215 et
1023 2159 1203 2215 ﬂatus.
1248 2157 1438 2214 Cessat
1481 2158 1801 2229 amplitudo,
1844 2166 1900 2213 et

324 2246 620 2316 diminutio,
649 2251 783 2320 quod
806 2259 1020 2320 tempus
1048 2251 1249 2306 nullum
1295 2250 1588 2321 interpolat
1614 2251 1759 2303 inter
1797 2264 1898 2303 vo-

321 2359 432 2397 cem
461 2353 517 2399 et
556 2358 856 2398 sermonem
900 2348 957 2397 et
997 2341 1201 2397 ﬂatum.
1248 2341 1382 2397 Nam
1423 2356 1734 2397 sermonem
1780 2355 1901 2396 esse

316 2436 501 2492 Filium
538 2439 801 2508 approbat
853 2435 1030 2500 Pater,
1082 2450 1234 2490 sacra
1282 2434 1562 2505 Scriptura
1604 2441 1841 2489 testante
1881 2448 1895 2486 :

315 2526 569 2583 Eructavit
604 2544 695 2582 cor
731 2542 902 2581 meum
944 2526 1157 2581 Verbum
1198 2526 1388 2581 bonum
1419 2525 1592 2598 (Psal.
1624 2541 1769 2590 xuv,
1816 2524 1894 2595 1).

308 2617 372 2671 Et
397 2619 523 2688 quid
553 2628 662 2674 tam
694 2620 913 2674 bonum
940 2633 1102 2687 quam
1133 2618 1318 2683 Filius,
1353 2633 1386 2671 a
1412 2632 1523 2686 quo
1551 2618 1726 2695 omnis
1753 2619 1904 2673 boni-

307 2712 420 2766 tas?
446 2711 681 2766 V’erbum
713 2716 897 2764 autem
925 2710 1220 2765 eructantis
1268 2725 1338 2764 ex
1383 2709 1568 2774 corde,
1614 2711 1733 2764 sine
1779 2709 1899 2779 Spi-

304 2805 408 2859 ritu
451 2805 773 2869 eructantis,
816 2810 873 2857 et
907 2802 1035 2856 ﬂatu
1062 2802 1210 2857 nasci
1232 2818 1341 2857 non
1370 2802 1569 2871 potuit.
1616 2802 1799 2856 Flatus
1824 2811 1905 2857 est

1996 1962 2292 2034 habebunt.
2318 2010 2389 2022 --
2407 1979 2669 2048 Serapion
2697 1978 2829 2033 dixit
2863 1997 2875 2031 :
2910 1979 3050 2048 Ergo
3068 1979 3274 2049 primus
3294 1978 3349 2032 in
3371 1978 3453 2033 his
3483 1977 3584 2032 im-

1996 2071 2340 2142 peratoribus
2388 2084 2495 2125 non
2543 2078 2653 2134 est,
2701 2071 2791 2138 qui
2836 2070 2977 2124 inter
3005 2070 3134 2125 istos
3160 2070 3393 2139 primum
3420 2068 3585 2138 erepit

1997 2164 2199 2218 habere
2228 2163 2550 2232 imperium?
2570 2194 2644 2206 -—
2662 2162 2930 2216 Arnobius
2967 2160 3103 2216 dixit
3126 2179 3140 2215 :
3169 2159 3315 2215 Inter
3339 2160 3587 2215 homines

1996 2255 2216 2327 quidem
2247 2257 2362 2327 ipse
2399 2264 2483 2311 est
2515 2256 2664 2326 prior
2691 2263 2980 2324 angustus,
3009 2255 3102 2324 qui
3130 2255 3278 2325 prior
3304 2254 3468 2325 erepit
3495 2266 3585 2309 re-

1999 2363 2168 2419 gnare
2194 2349 2372 2414 solus;
2404 2355 2460 2403 et
2486 2354 2675 2418 postea
2702 2348 2835 2404 istos
2875 2355 2969 2402 aut
2994 2346 3329 2416 generando,
3372 2354 3464 2401 aut
3487 2344 3586 2401 eli-

2000 2438 2178 2508 gendo
2205 2438 2486 2493 constituit
2511 2456 2525 2492 :
2558 2439 2611 2493 in
2639 2438 2822 2494 divino
2851 2446 3030 2493 autem
3056 2438 3285 2508 imperio
3312 2451 3588 2506 nunquam

2001 2526 2247 2585 invenies
2273 2544 2342 2584 ex
2371 2529 2455 2585 his
2480 2529 2650 2584 tribus
2670 2544 2835 2584 unum
2873 2541 3100 2597 regnare
3126 2528 3244 2583 sine
3272 2528 3396 2583 alio.
3412 2526 3589 2581 —-Se—

2003 2623 2194 2693 rapion
2225 2620 2400 2678 dixit:
2445 2620 2514 2676 Et
2550 2636 2718 2691 quare
2753 2622 2914 2676 trium
2956 2620 3367 2690 imperatorum,
3397 2618 3449 2672 in
3478 2632 3587 2686 quo

2002 2714 2184 2770 dicere
2209 2726 2497 2785 possumus
2516 2752 2531 2779 ,
2562 2714 2797 2784 primus,
2826 2711 3120 2774 secundus,
3150 2708 3372 2775 tertius,
3403 2721 3590 2764 exem-

2004 2808 2153 2879 plum
2182 2808 2341 2862 nobis
2369 2807 2424 2862 in
2451 2806 2687 2862 medium
2709 2802 3016 2875 protulisti?
3038 2834 3110 2844 —
3132 2799 3398 2856 Arnobius
3423 2800 3589 2855 dixit:

300 2897 447 2951 enim
472 2898 567 2965 (11³ἰ
586 2894 856 2966 Ρτοοθάίῑν
887 2894 1104 2963 quando
1132 2894 1373 2949 ηθεείῑιιι·
1400 2894 1644 2949 νθτὶιιιῐη·
1670 2893 1824 2949 Unde
1852 2902 1908 2951 et
2008 2900 2079 2956 Ut
2098 2901 2440 2957 ostenderem
2467 2900 2566 2955 tibi
2594 2897 2937 2968 fragilitatem
2956 2896 3244 2951 humanam
3269 2900 3473 2949 tantam
3494 2893 3592 2946 ha-

300 2988 477 3057 paulo
512 2995 639 3041 ante
807 2984 956 3038 dixi:
987 2982 1157 3038 Verbo
1178 2983 1391 3039 Domini
1418 2984 1532 3039 ccli
1563 2985 1758 3055 ﬁrmati
1796 3000 1909 3040 esse
2007 2993 2138 3048 bere
2182 2993 2409 3061 gratiam
2459 2992 2512 3047 in
2558 3004 2755 3060 regno,
2802 2996 2863 3044 ut
2889 3004 3010 3044 cum
3038 3003 3136 3060 pro
3163 2995 3311 3043 certo
3338 2985 3593 3042 doceatur

300 3095 333 3132 a
361 3078 649 3148 prophetis
676 3077 946 3144 dicuntur,
972 3085 1025 3132 et
1052 3075 1254 3149 Spiritu
1282 3080 1385 3133 aris
1413 3079 1524 3149 ejus
1554 3080 1720 3133 omnis
1750 3080 1906 3134 virtus
2008 3084 2243 3155 primus,
2274 3082 2568 3151 secundus,
2599 3081 2791 3138 tertius
2808 3124 2822 3149 ,
2860 3080 2950 3137 hic
2974 3080 3107 3136 ordo
3132 3095 3228 3150 per
3253 3079 3595 3136 concordiam

295 3189 494 3227 eorum
518 3170 686 3243 (Psal.
718 3187 886 3238 xxxu,
924 3170 998 3244 6).
1034 3204 1106 3213 -
1130 3170 1345 3227 Judices
1372 3172 1482 3227 dati
1502 3172 1758 3227 ‘dixerunt
1784 3192 1795 3225 :
1827 3172 1906 3228 Ex
2009 3177 2224 3247 imperii
2251 3164 2519 3243 exclusus,
2549 3190 2835 3231 numerum
2865 3172 3236 3229 tantummodo
3265 3179 3477 3239 teneat;
3506 3189 3597 3229 or-

296 3263 607 3319 abundanti
634 3263 700 3319 de
722 3263 974 3318 invisibili
994 3263 1279 3333 majestate
1304 3263 1577 3319 Trinitatis
1599 3261 1799 3319 dictum
1830 3265 1901 3319 sit
1932 3258 1978 3323 C
2009 3267 2188 3323 dinem
2235 3284 2366 3323 vero
2408 3268 2625 3340 penitus
2668 3282 2777 3322 non
2829 3267 3092 3323 admittat.
3145 3261 3344 3320 Omnes
3371 3264 3516 3327 enim
3540 3264 3596 3319 hi

299 3359 371 3413 ab
413 3357 676 3424 Arnobio,
707 3359 857 3428 quod
883 3357 1130 3427 repetitis
1169 3357 1558 3413 intentionibus
1590 3356 1905 3427 Serapionis
2006 3368 2118 3415 tres
2146 3375 2311 3414 unum
2340 3372 2585 3428 regnum,
2613 3373 2782 3414 unum
2810 3356 3115 3429 imperium,
3142 3371 3311 3411 unum
3353 3361 3590 3424 augustae

302 3468 366 3507 ex
400 3453 612 3520 integro
634 3450 766 3506 satis
788 3451 1143 3520 cognovimus
1169 3449 1385 3506 factum.
1406 3448 1464 3505 Si
1486 3457 1571 3504 est
1591 3450 1737 3505 aliud
1759 3448 1906 3520 quod

302 3542 570 3613 Serapion
600 3543 829 3608 intimet,
861 3539 1079 3612 pandat.

380 3635 449 3691 Χ.
494 3670 563 3679 -
601 3634 864 3706 Serapion
907 3635 1080 3690 dixit:
1130 3632 1249 3689 Non
1298 3618 1368 3688 sit
1414 3634 1767 3702 incongruum
1804 3633 1907 3689 hoc

305 3728 457 3797 quod
504 3728 669 3782 animi
712 3727 947 3798 impulsu
993 3726 1228 3795 inquiro,
1278 3732 1340 3779 ut
1387 3725 1658 3795 exprimas
1702 3726 1756 3779 in
1805 3726 1905 3781 hac

306 3826 495 3888 sancta
526 3817 806 3885 Trinitate,
837 3818 958 3889 quis
986 3824 1070 3872 est
1089 3815 1179 3886 qui
1204 3816 1434 3887 primum
1461 3815 1668 3873 obtinet
1696 3815 1912 3873 locum?

2013 3452 2291 3521 dignitatis
2317 3449 2587 3521 fastigium
2617 3449 2955 3523 possidentes
2972 3488 2989 3515 ,
3017 3447 3160 3503 hunc
3185 3448 3386 3502 habent
3410 3461 3598 3501 secun-

2012 3543 2139 3598 dum
2166 3584 2182 3609 ,
2212 3545 2304 3614 qui
2346 3544 2554 3615 primus
2598 3559 2708 3599 non
2753 3540 2943 3607 fuerit,
2974 3539 3111 3595 sicut
3138 3537 3241 3608 ipsi
3268 3544 3393 3591 sunt
3417 3535 3593 3604 primi.

2010 3634 2368 3704 --Serapion
2416 3635 2590 3689 dixit:
2625 3632 2744 3686 Tibi
2793 3629 3031 3697 nunquid
3080 3628 3292 3681 videtur
3334 3626 3599 3693 integrum

2012 3740 2163 3790 esse,
2197 3730 2259 3777 ut
2296 3721 2494 3777 divinae
2535 3727 2591 3775 et
2618 3719 2823 3774 caelesti
2848 3715 3143 3785 maiestati,
3174 3712 3469 3783 temporale
3495 3712 3600 3769 hoc

2021 3831 2249 3888 regnum
2279 3813 2529 3887 aptetur?
2555 3843 2629 3855 —-
2649 3808 2917 3866 Arnobius
2943 3805 3113 3861 dixit:
3140 3805 3208 3860 Et
3233 3805 3280 3863 si
3306 3804 3601 3875 temporale

1494 3964 1605 4022 FR.
1645 3961 2129 4022 FEU-ARDENTII
2165 3961 2395 4020 NOTAE.

395 4117 423 4146 ³
446 4104 692 4161 Arbitror
707 4104 851 4160 hunc
870 4118 1086 4160 sensum
1114 4120 1232 4160 esse
1266 4123 1278 4157 :
1310 4103 1453 4159 Deus
1483 4101 1646 4158 Pater
1672 4118 1786 4161 non
1814 4100 1914 4158 fuit

273 4232 283 4239 _
310 4179 510 4248 aliquo
541 4174 759 4248 instanti
779 4191 870 4229 seu
890 4183 1165 4248 momento
1186 4175 1339 4248 prius
1356 4174 1499 4248 Deus
1525 4187 1688 4248 quam
1709 4171 1868 4228 Pater
1897 4192 1909 4228 :

307 4241 518 4305 sed'ah
547 4247 691 4301 omni
730 4247 1025 4301 aeternitate
1054 4253 1109 4302 et
1135 4241 1278 4301 Deus
1298 4245 1456 4299 simul
1486 4241 1554 4297 et"
1568 4241 1730 4296 Pater
1754 4262 1766 4295 :
1792 4259 1914 4298 cum

308 4319 491 4375 Filius
519 4317 568 4372 ei
609 4316 1074 4371 consubstantialis
1103 4324 1157 4370 et
1179 4321 1479 4370 coaeternus
1506 4328 1721 4383 semper
1753 4328 1917 4369 coex-

309 4390 541 4446 stiterit.
588 4385 703 4440 Hoc
737 4387 912 4455 palam
936 4386 1193 4457 praedicat
1223 4391 1287 4457 et
1306 4386 1568 4457 adversus
1591 4398 1779 4457 omnes
1807 4383 1916 4437 hie-

308 4475 466 4516 reses
498 4457 688 4512 asserit
714 4451 954 4512 Irenaeus'
973 4464 1197 4527 martyr,
1226 4455 1492 4527 _nimirum
1527 4451 1768 4527 Yei'bum.
1791 4464 1916 4527 ante

307 4545 507 4610 omnes
537 4531 1049 4610 creaturas-semper
1077 4520 1199 4610 cum
1226 4524 1387 4610 {atro
1415 4521 1707 4610 exstitisse.
1743 4520 1913 4610 Atha-

311 4601 502 4657 nasius
531 4611 749 4667 quoque
775 4590 983 4667 alicubi
1016 4596 1202 4651 laudat
1240 4593 1575 4667 Dionysium
1596 4590 1915 4667 Alexandri-

312 4686 450 4727 num
470 4660 824 4750 “sc-libentem
844 4665 1217 4750 iﬁunquam'
1261 4660 1608 4750 {ait'quando
1633 4660 1917 4750 Pensm-on

308 4750 435 4796 erat
463 4739 644 4802 Pater,
679 4737 815 4806 quod
840 4734 1006 4791 Filius
1032 4732 1144 4806 ejus
1177 4732 1424 4806 Verbum,
1447 4732 1719 4806 sapientia,
1744 4742 1792 4785 et
1811 4734 1916 4806 pir-

314 4757 435 4796 erat
463 4757 644 4802 rater,
679 4757 813 4806 quoa
840 4757 871 4789 ι’
888 4757 1006 4791 mus
1032 4757 1060 4791 e
1086 4757 1144 4790 us
1181 4757 1203 4788 ν’
1221 4757 1416 4796 ervum,
1447 4757 1719 4802 supwuttu,
1744 4757 1791 4785 et
1814 4757 1916 4785 mr-

314 4823 399 4865 tus
432 4825 695 4879 nunquam
724 4826 826 4861 non
854 4757 1142 4879 fueritilt
1158 4804 1319 4875 paulo
1353 4811 1493 4873 post,
1511 4801 1603 4879 ita
1628 4802 1696 4856 de
1726 4802 1917 4879 eodem

310 4880 451 4936 dicit
498 4899 509 4932 :
552 4872 674 4931 llam
706 4879 826 4948 quia
854 4872 1103 4948 splendor
1139 4872 1214 4928 est
1256 4872 1462 4927 (eterna:
1504 4872 1651 4948 iacis,
1685 4872 1917 4948 omnibus

310 4942 729 5023 quoque‘modis'
746 4950 854 5017 ipse
882 4942 1081 5023 quoque
1110 4955 1331 5000 wternus
1352 4953 1427 5023 es_t
1450 4959 1479 5023 ς.
1495 4942 1620 5023 iuge
1638 4944 1774 5023 enim
1794 4959 1922 5023 sem-

313 5010 709 5090 per'eqistente
747 5010 795 5071 ei
827 5010 1072 5089 splendor
1100 5030 1300 5090 semper
1328 5014 1521 5090 existit.
1562 5010 1628 5090 Et
1669 5012 1920 5081 Augusti-

315 5081 431 5144 nus
453 5106 465 5140 :
493 5088 637 5159 Sicut
658 5086 817 5142 Pater
836 5081 1100 5159 nunquam
1124 5081 1220 5157 fuit
1245 5100 1349 5137 non
1379 5081 1540 5147 Deus,
1564 5084 1637 5135 ita
1661 5099 1922 5153 nunquam

317 5162 430 5217 fuit
460 5173 565 5210 non
590 5156 762 5211 Pater.

314 5226 325 5232 ’
398 5227 429 5266 b
472 5227 669 5280 Notum
697 5236 778 5282 est
809 5238 915 5282 tam
942 5242 1011 5282 ex
1041 5228 1144 5282 hoc
1172 5226 1313 5290 loco,
1331 5240 1492 5294 quam
1512 5238 1581 5277 ex
1603 5222 1917 5294 Athanasio,

315 5298 537 5353 Hilario
567 5311 630 5352 ac
656 5295 986 5367 Epiphanio,
1019 5297 1246 5351 Arianos
1275 5291 1479 5349 tantam
1508 5291 1923 5367 in_‘.1:qu_alitatem

318 5370 472 5423 inter
507 5360 718 5422 divinas
743 5360 1007 5438 personas
1035 5367 1377 5438 constituisse
1396 5405 1410 5430 ,
1459 5370 1517 5418 ut
1545 5361 1693 5438 Patri
1718 5360 1924 5438 solum-

262 5492 284 5511 ο
318 5439 495 5513 modo
525 5431 828 5513 tribuerent
844 5437 1321 5513 primumlionoris
1341 5444 1395 5513 et
1416 5431 1697 5513 potestatis
1718 5431 1917 5513 locum,

317 5508 468 5564 Filio
496 5509 587 5561 vix
616 5503 911 5562 secundum
937 5546 951 5570 ,
1002 5505 1221 5575 Spiritui
1260 5503 1478 5560 tertium
1504 5503 1917 5575 relinquerent:

316 5594 509 5650 quam
522 5577 769 5632 haeresim
801 5593 945 5631 nunc
974 5572 1271 5631 instaurare
1311 5572 1605 5650 Qalviniani
1633 5581 1918 5650 conantur,

362 5646 549 5704 uando
578 5661 699 5701 cum
730 5662 829 5703 suo
866 5653 1088 5702 auctore
1125 5645 1485 5707 contendunt,
1520 5658 1713 5697 nomen
1744 5643 1838 5699 Dei
1868 5651 1925 5698 et

370 5719 611 5774 reatoris
656 5730 756 5787 per
802 5717 1231 5771 antonomasiam
1278 5716 1377 5771 soli
1424 5713 1571 5787 Patri
1607 5714 1920 5787 convenire,

320 5791 469 5847 Filio
519 5781 849 5861 improprie:
900 5787 1093 5861 filium
1144 5787 1305 5861 etiam
1352 5781 1641 5861 secundum
1689 5782 1924 5861 divinant

323 5852 864 5916 naturam—futurum
900 5855 1047 5912 Patri
1082 5856 1380 5914 subditum:
1424 5852 1639 5907 Patrem
1669 5866 1787 5905 esse
1815 5852 1924 5916 pri-

2017 4122 2161 4161 mam
2185 4117 2401 4159 causam
2431 4115 2613 4156 rerum
2642 4099 2899 4165 omnium,
2932 4096 3123 4153 Filium
3146 4095 3457 4160 secundam,
3489 4093 3603 4166 Spi-

2018 4176 2180 4231 ritum
2213 4174 2425 4229 tertiam
2452 4190 2464 4225 :
2497 4168 2766 4227 Christum
2796 4177 2856 4225 ut
2884 4166 2978 4223 Dei
3007 4168 3283 4235 vicarium,
3315 4167 3605 4223 secundum

2020 4247 2106 4301 vel
2154 4244 2461 4316 proximum
2489 4256 2541 4316 _a
2582 4238 2741 4295 Patre
2787 4238 3007 4316 honoris
3055 4254 3118 4293 ac
3146 4239 3354 4316 imperii
3380 4239 3602 4316 gradum

2021 4306 2309 4386 occupare,
2343 4320 2446 4369 etc.
2480 4310 2683 4386 Contra
2713 4325 2842 4386 vero
2854 4306 3145 4386 Scriptura
3173 4306 3350 4386 divina
3378 4308 3599 4386 clamat:

2024 4385 2095 4442 Hi
2122 4377 2223 4439 tr'es
2254 4400 2409 4438 unum
2440 4391 2579 4436 sunt.
2622 4379 2689 4433 Et
2718 4379 2812 4435 Dei
2852 4377 3016 4434 Filius
3042 4379 3374 4434 sanctissime
3402 4385 3456 4431 et
3482 4391 3604 4445 gra-

2022 4456 2239 4511 vissime
2267 4461 2619 4514 coiitestatur,
2654 4449 2769 4521 Ego
2806 4458 2858 4504 et
2896 4448 3057 4503 Pater
3095 4466 3251 4504 unum
3291 4464 3483 4502 sumus.
3522 4448 3605 4521 Ad

2019 4543 2134 4581 eum
2167 4525 2338 4595 (pium
2366 4522 2674 4595 homineml
2692 4520 2980 4595 uenimus,
3027 4529 3105 4595 et__
3123 4520 3606 4595 mansionenLaPud

2020 4614 2134 4674 eum
2165 4587 2433 4667 faciemus.
2457 4590 2611 4674 .Hi'n‘c
2636 4587 2878 4674 Cyrinus
2892 4590 2967 4644 ait
2999 4609 3011 4642 :
3059 4588 3178 4674 Una
3211 4589 3391 4674 .Dei‘tas
3411 4587 3609 4674 liqui-

2022 4668 2140 4719 tatis
2164 4657 2395 4734 est,_una
2415 4657 2750 4734 gloriﬁcatio,
2779 4660 3058 4734 eademque
3083 4660 3385 4714 dominatio.
3411 4657 3478 4734 Et
3493 4676 3611 4734 rur-

2021 4751 2179 4811 sum:
2215 4729 2477 4811 Abraham
2512 4729 2567 4786 in
2601 4729 2760 4811 tribus
2789 4731 2913 4783 viris
2943 4730 3006 4811 ab
3041 4730 3458 4811 ipsecauspectis
3492 4729 3610 4783 Tri-

2022 4806 2233 4859 nitatem
2263 4796 2748 4856 consubstantialem
2768 4796 3077 4870 cognovitet
3104 4796 3358 4854 adoravit.
3407 4796 3575 4870 Assen
3592 4827 3606 4837 -

2025 4875 2088 4928 tit
2117 4881 2172 4928 et
2200 4873 2311 4927 Leo
2341 4871 2564 4941 Magnus
2614 4871 2695 4925 his
2724 4864 2901 4924 verbis
2927 4887 2938 4923 :
2974 4866 3098 4941 Non
3127 4870 3233 4924 alia
3255 4876 3373 4924 sunt
3402 4864 3603 4925 Patris,

1948 4918 1999 4977 Ι)
2022 4918 2315 5008 ἕιὲἆὶῖιῖίξ
2341 4918 2723 5011 ᾘᾶἵξῇίνῖίᾇε
2736 4918 2913 5011 ἐῐιῖὲξί
2927 4918 2957 5011 ’ς
2974 4918 3609 5011 ἶέᾱιῇίίᾶεᾷᾦιωεκηηιιέ

2025 5014 2174 5067 habet
2202 5007 2383 5073 Pater,
2416 5007 2566 5063 habet
2584 5020 2635 5064 et
2655 5008 2702 5063 F
2704 5012 2844 5073 ilius,
2868 5007 3017 5062 habet
3036 5016 3085 5062 et
3112 5007 3337 5076 Spiritus
3366 5010 3607 5076 sanctus:

2023 5099 2117 5154 nec
2144 5072 2377 5154 unquam
2418 5081 2474 5134 in
2515 5079 2610 5134 illa
2662 5072 2919 5154 Trinitate
2962 5078 3131 5154 defuit
3156 5072 3603 5154 'istamcommttttio.

2028 5151 2191 5207 Nulla
2220 5142 2290 5208 ibi
2321 5162 2567 5223 tempora,
2598 5149 2729 5223 nulli
2752 5148 2977 5223 gratius,
3012 5142 3168 5223 iith
3184 5142 3497 5223 digerenda:
3523 5156 3609 5193 co-

2026 5225 2273 5295 gitentur,
2323 5211 2430 5295 et_c.'
2477 5211 3064 5295 Item:_ltt'eo_beata!n
3105 5211 3409 5290 Trinitatem
3448 5226 3605 5295 unum

2025 5279 2330 5364 Zonﬁtem'ur
2356 5291 2521 5347 Deum
2543 5331 2557 5355 ,
2592 5291 2711 5364 quia
2739 5290 2793 5341 in
2827 5286 2917 5364 his
2936 5280 3095 5364 tribus
3117 5279 3350 5350 personis
3371 5296 3464 5335 nec
3482 5284 3611 5364 sub-

2024 5353 2253 5430 stantite,
2294 5380 2385 5417 nec
2408 5353 2669 5432 potentior,
2710 5372 2800 5412 nec
2836 5353 3141 5418 voluntatis,
3173 5366 3267 5405 nec
3294 5355 3610 5423 operationis

2027 5443 2104 5487 est
2127 5434 2237 5489 ulla
2263 5434 2534 5488 diversitas
2550 5468 2566 5493 ,
2598 5435 2703 5482 etc.

2102 5514 2123 5542 ε
2166 5499 2487 5572 Hujusmodi
2508 5498 2723 5572 fuerunt
2750 5508 2868 5572 pro__
2887 5500 3129 5572 tempore
3165 5493 3607 5572 AugustusLAn:

2027 5575 2206 5630 tonius
2246 5563 2307 5628 et
2363 5566 2631 5636 Lepidus,
2678 5580 2709 5617 a
2760 5563 2975 5636 quibus
2995 5563 3383 5636 triumviratus.
3440 5563 3610 5636 Simul

2029 5645 2191 5698 etiam
2238 5632 2636 5711 imperaverunt
2664 5641 2775 5711 tres
2802 5632 2893 5688 ﬁlii
2913 5633 3282 5711 _Constantini
3320 5634 3525 5711 Magni;
3555 5639 3614 5699 et

2029 5723 2216 5783 postea
2243 5701 2543 5783 Honorius,
2576 5701 2837 5783 Arcadius
2858 5744 2873 5768 ,
2905 5703 3228 5783 Gratianus:
3261 5701 3475 5783 tametsi
3504 5716 3610 5757 non

2031 5773 2177 5836 tanta
2205 5774 2562 5835 consensione
2590 5773 2891 5829 animorum
2920 5782 3119 5842 quanta
3148 5774 3431 5829 decuisset.
