4246 6270
410 308 513 367 257

1183 301 1604 361 CONFLICTUS
1643 302 1731 356 DE
1770 300 1903 357 DEO
1942 299 2147 357 TRlNO
2184 302 2272 356 ET
2318 299 2469 361 UNO,
2512 298 2673 359 ETC,
2704 298 2832 352 LIB.
2875 297 2945 350 l.‘

3582 293 3687 351 258

407 425 673 478 Dominus
716 420 923 476 Christo
958 436 1067 474 meo
1114 417 1338 471 Domino
1386 417 1520 488 (Isa.
1568 434 1691 482 xcv,
1726 417 1799 485 l).
1846 415 1998 471 Unde
2025 417 2072 477 Α
2103 416 2146 469 Α
2171 433 2249 469 me
2273 432 2377 469 non
2402 431 2519 467 sum
2548 413 2777 475 locutus;
2805 411 2894 464 sed
2939 410 3022 481 qui
3052 409 3191 461 misit
3236 423 3316 461 me
3360 405 3540 471 Pater,
3581 407 3697 477 ipse

405 514 527 584 ipse
559 512 723 568 Pater
743 512 897 582 jubet
919 510 1050 565 Filio
1071 510 1255 564 dicens
1281 527 1293 561 :
1331 508 1475 562 Dixit
1498 506 1750 562 Dominus
1782 505 2004 561 Domino

406 622 543 671 meo,
584 598 719 658 sede
754 621 784 657 a
831 601 1024 655 dextris
1063 605 1208 664 meis,
1233 609 1337 654 etc.
1373 598 1489 670 (Ps.
1522 615 1627 663 clx,
1665 599 1737 667 l).
1775 598 1924 654 Unde
1952 606 2008 653 et

406 697 724 768 Stephanus
749 694 816 749 de
846 693 979 748 Filio
1006 692 1171 748 dicit:
1213 691 1376 745 Video
1404 690 1582 745 .Iesum
1616 708 1648 744 a
1679 690 1873 744 dextris
1910 689 2006 744 Dei

411 790 557 864 (Act.
589 806 679 854 vn,
714 786 841 854 56):
874 785 970 840 Dei
1006 785 1191 852 utique
1220 782 1427 848 Patris,
1471 784 1563 852 qui
1606 791 1690 839 est
1739 785 2007 854 (testimo-

414 880 511 935 nio
542 877 692 932 Pauli
721 874 932 947 apost.)
964 883 1119 945 caput
1147 870 1374 939 Christi,
1424 871 1656 926 Christus
1692 881 1862 925 autem
1892 872 2005 936 viri,

412 973 488 1026 vir
528 979 700 1024 autem
736 974 890 1037 caput
923 976 999 1019 est
1040 965 1269 1018 mulieris
1301 962 1355 1035 (1
1383 961 1503 1017 Cor.
1549 979 1639 1027 xu,
1673 962 1761 1032 5).
1802 960 1900 1016 Hic
1927 968 2010 1015 est

412 1061 580 1117 Pater
606 1060 698 1130 qui
727 1058 858 1113 dicit
886 1055 1023 1112 Filio
1053 1074 1065 1109 :
1101 1067 1126 1092 η
1163 1056 1295 1109 Ante
1326 1056 1596 1125 luciferum
1624 1055 1777 1125 genui
1813 1063 1859 1106 te
1889 1052 2003 1124 (Ps.
2048 1042 2053 1049 ’

418 1168 527 1218 cxx,
558 1151 637 1223 5).
687 1148 845 1205 Unde
886 1159 942 1203 et
968 1147 1184 1202 Christo
1213 1147 1444 1202 dicitur:
1480 1144 1615 1210 Quia
1658 1146 1855 1218 angelis
1901 1148 2006 1201 suis

410 1245 681 1301 mandavit
711 1243 775 1297 de
818 1252 864 1296 te
906 1241 1078 1313 (Psal.
1110 1257 1198 1305 xc,
1233 1240 1306 1310 1).
1369 1238 1465 1295 Est
1500 1254 1630 1309 ergo
1659 1239 1889 1310 amplior
1916 1238 2009 1307 qui

412 1335 669 1400 mandat,
722 1342 777 1389 et
823 1334 893 1388 de
943 1349 1051 1408 quo
1103 1332 1388 1386 mandatur
1416 1331 1592 1385 minor
1620 1340 1719 1386 est.
1762 1330 1913 1385 Unde
1941 1330 2010 1384 ad

413 1427 700 1499 apostolos
729 1441 858 1480 suos
886 1424 1002 1495 ipse
1031 1423 1286 1478 Dominus
1314 1422 1443 1477 dicit
1468 1440 1480 1475 :
1516 1421 1575 1477 Si
1598 1422 1878 1493 diligeretis
1907 1438 2005 1487 me,

414 1518 727 1591 gauderetis,
759 1516 881 1587 quia
914 1514 1043 1568 cado
1071 1513 1141 1567 ad
1174 1512 1388 1566 Patrem
1410 1529 1428 1566 :
1454 1512 1478 1550 δ
1502 1513 1624 1583 quia
1652 1510 1814 1565 Pater
1840 1511 2011 1581 major

417 1627 495 1664 me
539 1619 616 1663 est
657 1606 837 1681 (Joan.
874 1621 981 1669 xiv,
1012 1603 1124 1674 28).
1185 1602 1252 1657 Et
1281 1603 1508 1657 iterum:
1542 1601 1703 1655 Pater
1741 1602 1826 1673 qui
1872 1596 2013 1654 ded-it

418 1702 563 1765 milii,
588 1701 758 1770 major
785 1715 867 1752 me
900 1708 976 1750 est
1005 1693 1183 1768 (Joan.
1220 1710 1272 1757 x,
1306 1691 1419 1765 19).
1462 1694 1593 1747 Item
1622 1691 1753 1746 dicit
1780 1693 1894 1761 ipse
1924 1689 2010 1744 Fi-

2108 504 2410 559 mandatum
2448 503 2592 556 dedit
2636 502 2763 555 milti
2801 500 2923 571 quid
2966 499 3176 562 dicam,
3228 507 3278 552 et
3330 496 3452 569 quid
3506 496 3697 569 loquar

2111 597 2289 669 (Joan.
2316 615 2409 662 xu,
2439 595 2553 666 49).
2594 594 2734 649 Ecce
2761 593 2995 662 qualiter
3022 592 3135 662 ipse
3165 589 3310 645 Patri
3331 591 3688 660 obtemperat,

2109 700 2164 746 et
2191 691 2461 745 subditum
2499 704 2623 743 esse
2664 687 3036 741 demonstrat:
3077 700 3175 755 per
3212 683 3356 755 quod
3395 683 3694 739 ostenditur

2108 782 2253 851 quod
2288 780 2623 849 subjectione
2660 792 2757 832 sua
2793 777 3039 831 minister
3075 775 3176 840 sit;
3217 783 3536 829 ceterorum
3566 788 3695 831 vero

2114 873 2373 946 Dominus
2401 870 2748 941 approbetur,
2782 877 2842 923 ut
2868 869 3063 923 merito
3093 866 3233 922 Deus
3261 866 3421 921 Pater
3444 867 3696 935 omnipo-

2112 973 2229 1020 tens
2250 963 2390 1018 Deus
2410 962 2507 1024 sit,
2539 960 2706 1014 Filius
2734 968 2914 1014 autem
2943 968 3258 1013 czeterorum
3288 958 3525 1013 omnium
3554 956 3707 1030 Deus.

2109 1055 2198 1120 sit,
2229 1069 2444 1109 omnem
2472 1061 2775 1107 creaturam
2804 1051 3100 1118 subjectam
3131 1050 3232 1123 sibi
3260 1050 3496 1114 habens;
3526 1049 3692 1125 Patri,

2110 1144 2201 1213 qui
2231 1144 2306 1198 illi
2337 1142 2571 1198 subdidit
2590 1140 2793 1205 omnia,
2823 1155 2946 1194 cum
2976 1139 3122 1193 omni
3140 1147 3395 1197 .creatura
3424 1139 3698 1209 subjectus

2113 1234 2156 1307 (ι
2197 1233 2318 1289 Cor.
2359 1251 2447 1298 xv,
2499 1220 2625 1307 26).:
2662 1230 2890 1300 Propter
2937 1230 3082 1300 quod
3126 1230 3266 1286 Deus
3312 1239 3396 1286 est
3438 1232 3700 1287 creaturis

2111 1328 2360 1381 omnibus
2386 1326 2738 1388 constitutus,
2789 1324 3010 1379 dicens:
3042 1323 3159 1396 Ego
3188 1333 3359 1377 autem
3397 1326 3699 1380 comitatus

2109 1435 2223 1472 sum
2262 1434 2355 1471 rea:
2383 1415 2447 1470 ab
2478 1434 2557 1483 eo,
2588 1425 2692 1471 etc.
2732 1414 2903 1484 (Psal.
2935 1433 2991 1481 ιι,
3023 1414 3099 1484 6).
3286 1434 3293 1443 '
3703 1480 3713 1488 .

2182 1510 2296 1563 Xll.
2318 1543 2391 1553 -—
2410 1508 2678 1563 Arnobius
2705 1507 2840 1562 dixit
2865 1526 2877 1560 :
2928 1506 2986 1562 Si
3016 1522 3144 1563 vere
3185 1507 3420 1563 studium
3450 1517 3598 1562 tuum
3630 1507 3699 1563 ad

2112 1603 2217 1656 hoc
2267 1599 2540 1664 tenderet,
2596 1608 2656 1654 ut
2702 1607 2796 1653 aut
2839 1598 3107 1662 disceres,
3156 1605 3249 1653 aut
3294 1597 3542 1661 doceres,
3594 1613 3701 1657 non

2114 1692 2292 1747 omnia
2352 1692 2452 1745 ista
2512 1690 2818 1745 testimonia
2876 1706 2945 1744 ex
2988 1690 3181 1745 divinis
3229 1689 3378 1746 libris
3422 1689 3701 1757 desecans,

419 1795 522 1849 lius
554 1793 647 1847 Dei
676 1791 743 1846 ad
788 1789 1043 1844 Patrem:
1080 1786 1207 1842 ﬂwc
1240 1795 1319 1840 est
1346 1778 1462 1841 rita
1492 1795 1689 1840 wterna
1718 1793 1775 1836 ut
1816 1799 2011 1853 cognor-
2045 1795 2088 1855 Β
2115 1784 2269 1853 quasi
2301 1800 2464 1837 unum
2506 1782 2705 1837 fascem
2734 1790 2838 1836 tua:
2877 1778 3336 1853 interpretationis
3376 1782 3712 1854 tortuosissis

420 1895 569 1942 scunt
598 1896 643 1939 te
661 1901 820 1937 unum
840 1893 889 1937 et
909 1898 1083 1936 verum
1102 1880 1413 1945 Dominum,
1447 1890 1500 1933 et
1525 1895 1673 1951 quem
1700 1877 1886 1930 misisti
1915 1874 2009 1929 Je-

426 1993 537 2033 sum
576 1974 833 2028 Chrismm
881 1971 1061 2043 (Joau.
1084 1987 1241 2033 .xvu,
1274 1969 1349 2040 5).
1413 1968 1579 2024 Filius
1621 1983 1749 2036 ergo
1778 1965 2014 2045 secunda

434 2081 660 2137 persona
705 2074 782 2119 est
827 2072 950 2132 post
998 2061 1233 2127 Patrem,
1264 2060 1389 2129 quia
1418 2058 1586 2113 Filius
1615 2068 1733 2123 est,
1764 2074 1873 2112 non
1904 2056 2012 2110 eri-

434 2156 591 2227 piens
617 2152 755 2207 Patri
784 2152 934 2219 illud,
974 2167 1086 2222 quo
1118 2167 1256 2205 unus
1283 2155 1366 2205 est
1394 2149 1555 2203 Deus.
1598 2148 1655 2213 _Si
1684 2148 1831 2202 enim
1857 2150 2014 2202 inna-

433 2256 521 2302 tus
549 2245 745 2311 fuisset,
776 2253 1113 2314 comparatus
1141 2244 1191 2298 ei
1219 2243 1310 2312 qui
1341 2242 1556 2296 innatus
1576 2249 1676 2307 est,
1711 2256 1808 2310 par
1832 2256 2017 2309 :equa-

430 2340 507 2393 tio
536 2339 588 2392 in
619 2348 867 2409 utrosque
895 2347 1112 2392 ostensa
1133 2335 1268 2391 duos
1290 2322 1491 2391 faceret
1519 2335 1735 2389 innatos
1767 2352 1779 2386 :
1812 2340 1866 2388 et
1897 2330 2017 2388 ideo

426 2432 559 2487 duos
587 2432 897 2487 ostenderet
934 2430 1095 2493 deos,
1129 2429 1174 2483 si
1204 2427 1366 2483 Filius
1397 2428 1535 2483 sicut
1564 2425 1724 2480 Pater
1752 2442 1872 2480 esse
1900 2426 2018 2480 sine

422 2523 628 2591 origine
657 2523 945 2593 potuisset,
977 2530 1032 2575 et
1059 2520 1199 2575 sicut
1227 2517 1386 2574 Pater
1414 2518 1697 2572 invisibilis
1726 2525 1780 2573 et
1810 2518 2018 2573 incom-

423 2614 804 2685 prehensibilis
852 2612 1165 2668 exstitisset.
1227 2610 1378 2665 Nunc
1428 2619 1605 2664 autem
1646 2609 1905 2678 quidquid
1934 2614 2019 2664 est

423 2704 591 2761 Filius
612 2748 628 2771 ,
680 2722 787 2760 non
819 2718 887 2758 ex
915 2719 974 2758 se
1004 2710 1086 2756 est
1109 2744 1124 2767 ,
1168 2702 1259 2779 qui
1288 2718 1390 2757 nec
1417 2702 1630 2757 innatus
1657 2709 1739 2756 est
1768 2720 1781 2754 :
1813 2702 1907 2756 sed
1934 2712 2020 2757 est

425 2812 493 2851 ex
520 2795 716 2859 Patre,
749 2804 806 2849 et
833 2792 983 2848 Patri
1010 2809 1110 2848 suo
1138 2793 1399 2860 originem
1429 2808 1579 2848 suam
1609 2793 1768 2848 debet
1792 2833 1806 2857 ,
1857 2810 2019 2864 quam

427 2887 661 2955 sumpsit
707 2884 967 2940 oriundus
1013 2899 1082 2937 ex
1126 2898 1219 2948 eo,
1269 2884 1362 2953 qui
1409 2885 1671 2953 originem
1698 2901 1807 2940 non
1833 2886 2013 2941 habet.

434 2976 589 3032 Unus
616 2984 701 3031 est
727 2976 869 3030 enim
899 2975 1140 3031 omnium
1179 2975 1320 3030 Deus
1348 2976 1465 3031 sine
1495 2977 1788 3046 principio,
1820 2977 1885 3033 de
1912 2994 2019 3047 quo

433 3066 568 3122 dicit
597 3065 759 3121 Filius
797 3067 887 3135 qui
930 3066 1250 3137 principium
1280 3067 1442 3121 habet
1472 3084 1483 3118 :
1534 3065 1693 3121 Pater
1737 3069 1907 3139 major
1938 3086 2019 3123 me

2116 1877 2220 1931 mis
2248 1877 2404 1931 nodis
2433 1876 2653 1945 ligatqu
2675 1922 2680 1929 .
2701 1875 2754 1929 in
2790 1885 3083 1945 conspectu
3113 1876 3452 1945 cognitorum
3479 1884 3535 1931 et
3557 1875 3704 1946 judi-
3774 1878 3777 1883 ’

2116 1983 2240 2023 cum
2268 1968 2343 2022 ita
2372 1966 2655 2036 objiceres.
2713 1965 3051 2037 Quapropter
3095 1967 3160 2021 ad
3208 1983 3305 2022 vos
3350 1967 3478 2022 mihi
3525 1983 3718 2035 sermo

2118 2068 2220 2124 est,
2252 2075 2286 2113 ο
2314 2059 2621 2127 cognitores
2645 2057 2940 2127 etjudices,
2969 2058 3261 2129 praecipite,
3284 2073 3487 2129 qumso,
3516 2070 3719 2131 emptae,

2118 2151 2494 2222 disputationis
2522 2151 2764 2205 ordinem
2802 2167 2911 2206 non
2940 2152 3165 2218 mutari,
3196 2160 3252 2207 et
3278 2152 3582 2221 singulatim
3611 2169 3704 2210 ca-

2085 2244 2285 2315 .pitula
2333 2242 2730 2312 Scripturarum
2770 2259 2835 2298 ea
2881 2258 3001 2312 qua:
3047 2243 3157 2297 dixi
3186 2243 3271 2297 vel
3299 2243 3403 2298 alia
3426 2259 3547 2315 qua:
3572 2260 3723 2316 non-3

2119 2336 2248 2391 dum
2276 2335 2386 2389 dixi
2416 2351 2445 2388 a
2474 2334 2770 2405 Serapione
2818 2335 2871 2389 in
2918 2342 3211 2406 conspectu
3246 2343 3428 2391 vestro
3456 2336 3735 2407 proponir

2122 2442 2221 2481 nec
2251 2427 2408 2481 liceat
2456 2426 2505 2479 ei
2553 2426 2711 2481 simul
2759 2426 2986 2481 alterum
3031 2434 3086 2481 et
3131 2426 3356 2482 alterum
3386 2418 3732 2500 proferrem

2120 2519 2356 2575 medium
2397 2537 2408 2572 :
2455 2518 2557 2573 nisi
2600 2535 2762 2573 unum
2809 2519 2954 2588 quod
3000 2519 3147 2589 prius
3173 2520 3513 2592 proposuerit
3540 2520 3710 2590 expli-

2121 2620 2291 2668 cetur.
2322 2643 2395 2654 —
2419 2609 2633 2666 Judices
2669 2611 2923 2687 dixerunt
2957 2627 2969 2662 :
3002 2608 3133 2676 Qua:
3167 2608 3313 2678 juste
3350 2617 3605 2679 petuntur
3643 2609 3711 2665 ab

2121 2705 2388 2769 Arnobio,
2438 2719 2659 2759 necesse
2696 2714 2778 2757 est
2807 2709 2864 2756 ut
2909 2702 3206 2757 sortiantur
3249 2699 3516 2756 ell'ectum.
3561 2698 3711 2756 Unde

2121 2799 2402 2855 exsolvere
2428 2797 2716 2851 maturabit
2737 2793 2997 2864 Serapion
3022 2794 3120 2848 ista
3143 2792 3452 2848 te~timonia
3472 2809 3488 2858 ;
3509 2807 3631 2864 quae
3657 2793 3713 2849 in

2121 2907 2285 2946 unum
2326 2889 2521 2944 obtulit
2567 2903 2660 2942 sua
2701 2885 3148 2955 interpretatione
3191 2882 3514 2958 constri.ta,
3544 2893 3602 2939 ut
3649 2884 3714 2941 de

2121 2984 2343 3052 singulis
2369 2983 2671 3052 quibusque
2713 2978 3037 3035 testimoniis
3074 2979 3242 3050 possit
3270 2977 3540 3034 Arnobius
3587 2979 3715 3052 dare

2123 3089 2460 3146 responsum.
2493 3105 2564 3115 -—-
2589 3072 2849 3145 Serapion
2877 3071 3014 3126 dixit
3042 3070 3402 3136 :.Testimonii
3433 3073 3537 3128 mei
3566 3071 3730 3143 objes

431 3168 514 3215 est
544 3157 723 3230 (Joan.
756 3175 861 3223 xtv,
894 3156 1007 3229 28).
1042 3157 1194 3224 Quod
1224 3165 1281 3212 ut
1309 3159 1593 3228 probaret,
1626 3158 1856 3228 adjecit:
1891 3158 2016 3214 Non

2121 3168 2229 3223 ctio
2252 3168 2421 3237 prima
2448 3175 2549 3231 est,
2583 3181 2743 3235 quam
2773 3181 2837 3220 ex
2862 3164 3000 3219 libro
3027 3161 3441 3219 Proverbiorum
3471 3163 3733 3236 Salomo-,

429 3258 599 3320 potest
625 3247 676 3301 F
676 3250 795 3304 ilius
833 3266 866 3302 a
886 3246 1070 3320 seipse
1099 3251 1272 3321 facere
1311 3250 1590 3321 quidquam
1612 3292 1627 3316 ,
1678 3252 1777 3305 nisi
1810 3268 1925 3324 qua
1948 3254 2021 3306 vi-

428 3339 563 3394 derit
589 3339 803 3395 Patrem
830 3342 1103 3413 facientem
1133 3340 1310 3413 (Joan.
1338 3358 1387 3407 ν,
1422 3340 1532 3411 19).
1574 3341 1641 3396 Ει
1682 3343 1795 3413 ipse
1824 3344 2019 3398 iterum

429 3431 539 3485 ait:
572 3429 698 3486 Non
750 3450 783 3486 a
824 3434 1019 3503 meipso
1046 3434 1186 3498 veni,
1217 3433 1308 3487 sed
1340 3432 1687 3488 illememisit
1710 3432 1891 3506 (Joan.
1922 3451 2017 3500 vn,

430 3521 545 3593 28).
584 3521 652 3578 Et
679 3524 871 3579 iterum
901 3523 1033 3578 dicit
1057 3541 1069 3576 :
1105 3522 1278 3594 Opera
1306 3541 1420 3596 qua:
1445 3541 1540 3594 ego
1570 3526 1706 3596 [acia
1735 3527 2018 3596 testiﬁcan-

432 3624 512 3668 tur
538 3615 603 3669 de
620 3633 719 3682 me,
746 3617 867 3688 quia
898 3614 1058 3669 Pater
1086 3633 1165 3669 me
1185 3617 1325 3669 misit
1360 3615 1537 3687 (Joan.
1572 3632 1623 3683 x,
1647 3616 1725 3687 2).
1772 3618 1904 3672 ltem
1932 3619 2015 3673 di-

430 3705 503 3761 cit
531 3724 544 3759 :
579 3703 731 3771 Quia
755 3706 1027 3775 semetipso
1049 3705 1295 3776 loquitur,
1330 3708 1596 3777 propriam
1629 3707 1853 3778 gloriam
1874 3725 2012 3781 quie-

429 3800 537 3855 rit:
567 3801 653 3871 qui
672 3809 840 3853 autem
870 3800 1055 3871 quaerit
1083 3799 1304 3870 gloriam
1340 3800 1449 3869 ejus
1478 3801 1564 3872 qui
1593 3801 1732 3853 misit
1760 3817 1903 3865 eum,
1935 3802 2017 3853 hic

430 3906 590 3943 verax
627 3899 703 3944 est
746 3889 927 3963 (Joan.
968 3906 1061 3953 vn,
1095 3888 1207 3960 18).
1250 3888 1377 3944 Inde
1406 3896 1487 3945 est
1514 3890 1658 3960 quod
1688 3890 1803 3961 ipse
1833 3891 1906 3945 ait
1932 3910 1944 3945 :
1975 3893 2020 3945 Α

433 3983 607 4052 seipso
625 3983 752 4037 nihil
782 3983 958 4055 (Joan.
1000 4001 1112 4050 vni,
1144 3982 1237 4055 28)
1265 4002 1277 4037 :
1311 3983 1404 4039 sed
1434 3985 1673 4056 imperiis
1701 3988 1940 4057 paternis
1968 3996 2023 4042 et

436 4075 719 4145 praeceptis
762 4075 1095 4147 obtemperat
1143 4077 1197 4132 in
1244 4077 1521 4141 omnibus,
1555 4086 1613 4133 ut
1639 4093 1799 4147 quem
1829 4080 2022 4150 probet

435 4165 589 4221 illum
619 4166 863 4221 nativitas
889 4166 1100 4236 Filium,
1135 4162 1609 4247 tamen‘morigera
1637 4171 1900 4241 subjectio
1928 4189 2018 4229 as-

432 4266 581 4313 serat
608 4257 755 4313 illum
793 4268 1029 4330 paterna:
1062 4259 1327 4316 voluntati
1356 4260 1670 4331 subjectum.
1718 4262 1872 4322 Unde
1900 4269 2012 4324 ait:

2122 3261 2205 3315 nis
2234 3276 2422 3316 vocem
2452 3258 2570 3314 Filii
2594 3258 2688 3313 Dei
2729 3274 2847 3321 esse
2876 3257 3158 3327 cognoscis
3191 3275 3203 3310 :
3246 3255 3501 3313 Dominus
3530 3259 3719 3313 creauit

2122 3369 2203 3407 me
2247 3354 2453 3407 initium
2506 3354 2704 3407 viarum
2748 3368 2960 3407 suarum
3009 3349 3188 3424 (Prov.
3236 3368 3363 3419 vm,
3405 3350 3519 3423 22).
3570 3349 3720 3408 Unde

2121 3444 2422 3499 ostenditur
2448 3442 2608 3499 Pater
2637 3442 2811 3512 major
2838 3459 2959 3499 esse
2997 3444 3088 3514 qui
3115 3444 3340 3506 creavit,
3375 3458 3535 3512 quam
3557 3442 3720 3500 Filius

2120 3537 2213 3606 qui
2242 3544 2455 3591 creatus
2472 3544 2555 3590 est
2584 3550 2613 3588 a
2637 3533 2815 3589 Patre.
2840 3566 2913 3577 —-
2930 3533 3202 3588 Arnobius
3229 3533 3364 3587 dixit
3396 3549 3410 3586 :
3441 3532 3584 3603 Ergo
3603 3549 3720 3590 cre-

2122 3627 2204 3682 dis
2229 3641 2355 3681 vere
2403 3624 2593 3679 Filium
2639 3639 2709 3678 ex
2759 3623 2933 3677 Patris
2978 3623 3276 3677 substantia
3316 3623 3590 3690 genitum,
3621 3637 3722 3680 nec

2127 3726 2233 3769 tam
2260 3715 2518 3782 genitum,
2552 3728 2712 3782 quam
2742 3720 2981 3767 creatum
2998 3710 3367 3779 t—Serapion
3396 3711 3531 3765 dixit
3561 3729 3573 3764 :
3608 3711 3735 3782 Ego,

2126 3805 2318 3859 Filium
2358 3804 2455 3859 Dei
2495 3818 2602 3856 non
2631 3816 2790 3871 nego.
2822 3833 2895 3843 —
2915 3798 3185 3853 Arnobius
3205 3798 3340 3883 dixit
3368 3798 3461 3855 :Si
3492 3816 3601 3856 non
3626 3819 3723 3858 ne.

2123 3914 2219 3969 gas
2249 3914 2431 3954 verum
2462 3896 2650 3951 Filium
2678 3894 2778 3951 Dei
2816 3910 2884 3950 ex
2912 3892 3085 3948 Patris
3114 3892 3411 3949 substantia
3441 3897 3681 3964 genitum
3699 3937 3717 3963 ,

2124 3994 2230 4049 hoc
2250 3990 2615 4048 testimonium
2644 3988 2711 4043 ad
2756 4003 2919 4059 quam
2948 3993 3156 4058 partem
3186 3987 3497 4057 protulisti?
3522 4021 3594 4030 —
3620 3987 3722 4044 Se-

2122 4086 2313 4157 rapion
2335 4085 2470 4141 dixit
2496 4103 2508 4138 :
2534 4095 2555 4124 ο
2582 4082 2651 4138 Ut
2674 4083 3019 4140 ostenderem
3039 4081 3228 4139 Filium
3250 4082 3513 4139 minorem
3536 4081 3719 4140 Patre.

2122 4210 2196 4220 —
2222 4177 2491 4232 Arnobius
2519 4174 2692 4230 dixit:
2735 4172 2762 4212 ει
2791 4174 2905 4231 Nec
2944 4183 2999 4230 tu
3039 4174 3303 4230 minorem
3327 4174 3523 4255 Filium
3563 4174 3726 4232 Patro

2125 4270 2340 4325 conaris
2369 4266 2653 4323 ostendere
2683 4286 2696 4320 :
2730 4267 2823 4324 sed
2843 4274 3147 4324 creaturam
3176 4267 3270 4323 Dei
3298 4268 3504 4324 moliris
3530 4269 3725 4326 Filium

1623 4352 1734 4407 FR.
1777 4354 2024 4414 ΕΒΗ-ΑΒ

2121 4358 2256 4414 NTll
2293 4354 2522 4412 ΝΟΤΑΞ.
3605 4426 3609 4433 .
3746 4406 3747 4417 γ

504 4453 530 4479 ι
568 4440 899 4521 Athanasius
934 4441 1179 4521 oratione
1204 4449 1395 4521 contra
1421 4441 1767 4521 Arianos,_et
1794 4442 2027 4521 Fulgen-
2060 4454 2106 4513 ι)
2135 4456 2344 4521 tantum
2366 4488 2381 4513 ,
2409 4447 2585 4521 major
2623 4446 2877 4521 omnibus,
2916 4448 3001 4504 vel
3044 4449 3481 4521 majusomnibus
3509 4462 3606 4509 est.
3646 4454 3725 4511 De

432 4513 540 4580 tius
584 4510 826 4566 referunt
871 4512 1097 4566 Arianos
1146 4513 1252 4568 hoc
1314 4511 1383 4567 de
1429 4512 1699 4580 corporali
1748 4510 2031 4574 nativitate

432 4579 631 4657 Christi
673 4582 1101 4657 interpretando,
1140 4582 1424 4655 catholicis
1461 4579 1744 4657 objecisse.
1787 4583 2032 4657 Respon-

432 4651 561 4707 dent
588 4667 774 4721 porro,
799 4651 867 4707 de
896 4653 1072 4707 divina
1093 4651 1403 4722 artemaqne
1422 4653 1775 4722 generatione
1796 4651 1994 4714 dictum
2015 4678 2026 4712 :

428 4730 482 4777 et
512 4722 730 4777 nomine
769 4723 936 4785 uteri,
967 4738 1067 4792 per
1112 4723 1576 4792 atropOpathiam,
1608 4724 1800 4780 divinae
1826 4737 2031 4784 natura:

429 4792 1265 4869 fecunditatem'intelligendam
1315 4808 1471 4869 esse:
1518 4793 1663 4869 quod
1710 4803 1767 4851 et
1793 4799 2029 4869 synodus

430 4861 785 4933 Hispalensis,
817 4874 923 4918 act.
957 4862 1026 4933 15
1047 4861 1242 4933 postea
1272 4861 1632 4920 conﬁrmavit.

510 4932 536 4969 δ
578 4933 810 5007 Αιζὶιιιιοδ
835 4932 977 4988 istud
1019 4932 1289 5002 adversus
1307 4934 1602 5007 catholicos
1628 4936 2031 5007 importunissi-

434 5004 752 5080 me_i.rsisse
792 5009 1058 5080 testantur
1101 5019 1332 5080 omnes:
1362 5004 1669 5080 Alexander
1707 5004 1864 5080 Alex.
1912 5011 2031 5080 epi-

436 5073 573 5125 stola
619 5082 865 5146 qixeest
911 5073 1415 5146 apudSocratem,
1466 5076 1689 5146 aliique
1716 5076 1886 5134 ϐιαιθί
1929 5073 2049 5136 hoc

441 5149 647 5218 tantum
675 5143 920 5218 referunt
937 5144 1005 5199 ad
1036 5145 1084 5198 td
1110 5145 1254 5218 quod
1283 5144 1443 5218 Pater
1470 5143 1620 5218 solus
1643 5149 1912 5218 ingenitus
1939 5151 2028 5217 sit,

437 5226 502 5290 ac
530 5210 649 5265 Filii
693 5214 1017 5290 principium
1070 5210 1443 5290 prinductivum
1470 5235 1482 5270 :
1516 5216 1681 5290 Filius
1701 5210 1909 5273 'autem
1933 5210 2032 5290 Age;

437 5282 581 5355 nitus
628 5282 703 5337 et
728 5282 1027 5354 productus
1055 5282 1085 5340 ιι
1115 5283 1293 5340 Patre.
1332 5286 1661 5355 Augustinus
1687 5304 1818 5343 vero
1846 5298 1902 5343 et
1931 5282 2033 5344 Ca-

436 5352 535 5406 tini
583 5352 774 5427 omnes
822 5364 1048 5410 censent
1111 5366 1334 5427 propter
1384 5352 1689 5427 susceptam
1744 5359 2051 5415 humanam

435 5430 651 5495 cantem
694 5424 903 5495 dictum
952 5441 1089 5480 esse.
1114 5424 1198 5479 ’In
1220 5424 1472 5495 quantum
1492 5424 1633 5484 Deus
1660 5436 1769 5494 est,
1818 5439 1897 5483 a.t
1924 5431 2033 5485 Au-

435 5494 681 5565 gustinus
730 5494 974 5563 (Encltir.
1026 5512 1073 5549 ε.
1126 5494 1257 5565 35),,
1280 5496 1461 5565 ipsaet
1492 5497 1668 5553 Pater.
1694 5516 1854 5554 unum
1883 5509 2031 5564 sunt;

436 5561 492 5614 in
512 5561 763 5632 quantum
792 5574 962 5619 autem
1016 5561 1396 5640 ᾗοιηοίΡὰιετ
1421 5569 1592 5640 major
1619 5578 1697 5623 est
1718 5571 1829 5626 illo.
1879 5561 2034 5638 Quod

436 5640 619 5712 autem
653 5649 828 5712 -ver‘slu
878 5637 1124 5712 proximo
1169 5637 1383 5701 citatur,
1436 5637 1515 5694 ex'
1543 5638 1737 5712 Joann.
1770 5637 1949 5712 capite
1978 5656 2032 5703 x,

441 5704 704 5780 versiculo
748 5704 839 5771 29,
887 5707 1078 5780 major)
1108 5724 1188 5762 me
1225 5716 1320 5768 est,
1355 5725 1453 5764 nec
1482 5710 1622 5780 apud
1656 5704 1895 5777 Latino's,
1930 5726 2033 5767 nec

441 5773 585 5851 apud
632 5772 890 5843 Graecos,
939 5772 1083 5848 q'uod
1123 5779 1459 5834 meminerim
1482 5772 1627 5844 {sic
1674 5772 1910 5851 legitur:
1938 5781 2034 5837 sed

2133 4519 2251 4574 aliis
2279 4533 2379 4572 suo
2408 4517 2528 4571 loco
2559 4525 2745 4586 postea
2774 4517 3031 4574 dicemus.

2209 4602 2252 4667 ξ
2277 4587 2355 4667 Ex
2383 4588 2898 4667 scriptis_Atban_:_isii
2930 4588 3019 4667 (In
3048 4588 3239 4667 Disp.)
3265 4590 3449 4667 Hilarii
3481 4594 3726 4667 (Libsxn

2134 4660 2197 4736 de
2212 4660 2398 4736 Trinit.
2408 4670 2446 4727 ),
2463 4656 2972 4736 hipipltaniithntra
2984 4656 3287 4736 Itwres'ﬁil),
3302 4656 3571 4736 Ambrosii
3584 4666 3724 4736 (Lib.
3748 4670 3749 4673 “

2133 4731 2198 4783 de
2228 4728 2430 4805 _Fi_de),
2456 4727 3012 4805 _Augnstini(_Contra
3068 4727 3290 4805 Maxim.
3349 4747 3398 4789 et
3438 4727 3726 4805 Felician.)

2132 4808 2189 4854 et
2226 4800 2492 4869 Fulgenlii
2520 4798 2777 4854 adversus
2805 4800 3053 4865 Arianos,
3086 4803 3426 4859 manifestum
3471 4815 3572 4869 est,
3607 4798 3727 4862 illos

2054 4894 2057 4901 ι
2136 4886 2243 4924 non
2274 4887 2383 4925 uno
2412 4870 2574 4925 modo
2617 4869 3272 4940 sanctissiniaz_Trinitatis
3294 4875 3551 4928 unitatem
3583 4876 3727 4930 lace-

2132 4957 2302 5004 rasse,
2330 4940 2555 5008 Filiique
2596 4948 2810 4995 aeterna:
2841 4942 3108 4998 divinitati
3149 4945 3465 4999 detraxisse.
3499 4943 3727 4998 Aiebant

2134 5011 2279 5065 enim
2302 5009 2516 5066 Patrem
2541 5011 2716 5066 solum
2748 5013 3065 5070 invisibilem
3097 5014 3286 5073 Deum,
3304 5012 3372 5069 in
3396 5014 3753 5067 naturadeim

2137 5082 2262 5152 tatis
2291 5091 2472 5152 parem
2513 5098 2608 5137 seu
2649 5083 2908 5151 mqualem
2956 5087 3062 5152 non
3108 5083 3327 5152 habere,
3376 5096 3482 5133 non
3512 5096 3729 5152 semper

2134 5148 2304 5206 fuisse
2340 5150 2573 5215 Patrem,
2619 5148 2793 5208 solum
2842 5151 3125 5206 colendum
3177 5156 3231 5202 et
3260 5148 3727 5209 adorandum.'De

2134 5220 2270 5278 Filio
2300 5238 2429 5278 vero
2453 5223 2765 5292 inquiebant
2792 5236 2913 5274 eum
2946 5235 3049 5292 non
3072 5234 3200 5292 esse
3219 5218 3285 5273 de
3308 5219 3602 5278 substantia
3627 5222 3728 5278 Pa-

2137 5294 2234 5348 tris
2262 5289 2643 5363 genitum,'sed
2694 5308 2756 5347 ex
2792 5306 2898 5343 non
2930 5290 3123 5363 existe;
3145 5289 3286 5363 tibus
3313 5302 3585 5363 creatum;
3610 5292 3726 5350 non

2134 5358 2347 5423 natura,
2389 5364 2482 5418 sed
2512 5362 2680 5431 gratia
2732 5369 2936 5433 tanturn
2967 5368 3020 5413 et
3060 5358 3473 5433 adoptionegDei
3512 5365 3724 5433 Filium,

2135 5449 2245 5488 nou
2276 5450 2489 5505 semper
2515 5426 2680 5511 Fuisse
2728 5444 2847 5511 cum
2874 5426 3039 5511 Patre
3064 5426 3328 5503 seu'apud
3358 5431 3592 5511 Patren},
3620 5426 3726 5491 ιιοιι

2133 5513 2494 5568 ροιειθιωιιι.
2532 5510 2626 5555 aut
2646 5507 3090 5575 omnipotentem,
3116 5512 3254 5575 etc.,
3287 5520 3511 5575 quarum
3554 5507 3753 5561 hmre-‘

2136 5584 2681 5645 seon_magna_pars
2724 5571 2919 5638 pendet
2959 5572 3025 5627 ab
3075 5571 3513 5645 his'Serapionis
3559 5577 3729 5645 hypo-

2138 5642 2379 5723 thesibus
2423 5659 2435 5692 :
2476 5639 2523 5691 ιτ
2529 5642 2650 5692 ilius
2712 5648 2789 5693 est
2849 5654 3131 5711 creatura,
3199 5639 3372 5701 Filius
3435 5653 3513 5700 est
3566 5639 3734 5700 Patre

2135 5727 2322 5764 mmor.
2906 5730 2912 5739 ‘
3508 5736 3511 5737 '

2207 5777 2236 5816 (³
2275 5778 2490 5834 Lubens
2517 5777 2823 5851 adjicerem,
2857 5795 3077 5855 tantum,
3104 5786 3199 5841 sed
3215 5795 3287 5854 et,
3316 5791 3422 5841 etc.
