4246 6264
557 264 663 324 ’κθ

1911 271 2183 329 ARNOBII
2218 272 2521 332 JUNIORIS

3729 279 3835 337 260

555 377 950 435 demonstrare.
972 411 1042 421 —-
1063 380 1323 450 Serapion
1351 379 1485 434 dixit
1519 399 1528 432 :
1563 380 1704 450 Ergo
1733 382 1944 451 plenam
1968 391 2149 440 aucto-
2173 389 2228 448 Λ
2249 389 2383 444 toris
2405 405 2492 444 ars
2519 390 2809 458 rhetorica,
2833 400 2888 447 et
2909 393 2962 446 in
3003 393 3166 448 corde
3191 393 3523 462 grammatici
3548 408 3635 449 ars
3656 407 3833 463 gram—

554 471 772 527 ritatem
827 483 853 510 κ
907 471 1098 525 divinae
1149 472 1397 539 potentia:
1455 488 1618 526 unum
1673 487 1703 526 e
1757 465 1997 541 duobus,
2053 483 2146 531 aut

555 578 667 619 non
709 579 828 618 esse
888 563 940 616 in
998 563 1320 617 auctoritate
1367 564 1471 619 hoc
1517 565 1883 621 testimonium
1931 576 2141 637 astrue;

556 663 649 709 aut
677 670 844 723 quare
871 653 940 707 sit
967 653 1167 707 dictum
1199 655 1439 709 ostende.
1463 689 1536 698 ——
1557 657 1826 712 Arnobius
1847 659 1979 712 dixit
2005 679 2016 713 :
2048 661 2147 714 Ad-

557 746 659 800 huc
681 745 840 800 modo
866 744 1049 799 redisti
1070 746 1137 799 ad
1155 746 1418 812 ordinem,
1445 757 1504 803 ut
1533 751 1700 819 possit
1731 751 2144 820 uniuscujusque

557 837 844 891 testimonii
893 837 1231 911 explanatio,
1265 838 1500 895 donante
1531 840 1661 906 Deo,
1696 841 1850 896 nobis
1897 842 2138 897 concedi.

553 963 622 972 —
643 929 903 998 Serapion
925 929 1059 983 dixit
1084 947 1094 981 :
1128 923 1291 998 Cujus
1320 943 1450 998 ergo
1493 933 1574 986 vis
1595 933 1735 988 hanc
1764 948 1951 987 vocem
1991 933 2146 986 intel-

554 1022 642 1090 ligi
695 1021 950 1076 Dominus
1004 1023 1208 1077 creavit
1247 1038 1334 1078 me
1389 1023 1596 1078 initium
1638 1025 1846 1078 viarum
1893 1026 2146 1078 suarum?

551 1143 625 1156 -—-
653 1113 918 1169 Arnobius
947 1114 1080 1168 dixit
1109 1131 1120 1165 :
1151 1113 1268 1168 Vox
1309 1126 1392 1169 est
1439 1115 1717 1184 sapientia:
1748 1114 1861 1169 Dei.
1892 1148 1965 1158 —
1985 1114 2146 1169 Sera-

553 1205 679 1275 piou
709 1204 842 1258 dixit
872 1223 885 1256 :
917 1203 1192 1277 Sapientia
1233 1205 1399 1275 ipsius
1439 1221 1557 1274 qua:
1583 1213 1684 1272 est,
1719 1206 1820 1260 nisi
1867 1205 2032 1261 Filius
2063 1207 2144 1276 ip-

552 1297 790 1352 sius?—
817 1296 1084 1351 Arnobius
1112 1295 1247 1351 dixit
1276 1313 1288 1348 :
1335 1295 1470 1352 Cum
1518 1313 1653 1366 opus
1680 1295 1841 1351 fuerit
1888 1298 2008 1352 loco
2046 1313 2144 1352 suo

554 1387 763 1442 dicetur
807 1386 1078 1455 quomodo
1134 1387 1398 1457 sapientia
1453 1387 1569 1441 haec
1624 1385 1788 1441 Filius
1838 1387 2003 1456 ipsius
2053 1387 2139 1441 sit.

555 1479 708 1534 Nunc
735 1479 949 1532 interim
977 1479 1242 1548 sapientia
1288 1479 1382 1534 Dei
1410 1479 1648 1547 loquitur
1677 1494 1773 1547 per
1817 1479 2145 1548 sapientissi-

554 1587 702 1626 mum
750 1571 921 1626 virum
969 1570 1316 1626 Salomonem
1360 1571 1589 1626 dicens:
1640 1571 1896 1625 Dominus
1946 1571 2145 1625 creavit

556 1679 642 1718 me
700 1663 910 1716 initium
967 1662 1172 1716 viarum
1219 1677 1459 1717 suarum.
1504 1693 1576 1704 —-
1627 1659 1890 1730 Serapion
1939 1660 2073 1714 dixit
2129 1679 2140 1713 :

2249 481 2463 534 matica.
2494 479 2699 535 Dicitur
2724 490 2902 537 autem
2929 498 3142 539 creasse
3169 483 3363 538 librum
3392 484 3521 540 artis
3550 485 3833 542 rhetorica:

2247 582 2450 640 orator,
2473 581 2527 628 et
2546 575 2924 644 grammaticus
2947 575 3140 631 librum
3165 579 3358 632 artium
3379 577 3698 644 condidisse,
3725 595 3833 635 non

2245 667 2388 741 qupd
2418 684 2484 722 ex
2509 684 2575 725 eo
2596 671 2821 740 cmperit
2847 671 3117 728 rhetorica
3146 679 3200 726 et
3227 674 3596 741 grammatica,
3624 691 3695 730 ex
3721 691 3830 744 quo

2245 759 2550 814 hominibus
2579 760 2644 814 ad
2673 761 2956 830 legendum
2981 771 3064 818 est
3102 763 3315 840 tradita.
3346 764 3454 819 Illis
3484 782 3714 836 namque
3741 771 3834 836 qui

2245 863 2364 903 eam
2393 851 2736 921 scripserunt,
2763 869 2830 909 ex
2857 869 2923 909 eo
2949 863 3192 926 tempore
3215 872 3322 930 quo
3350 856 3494 913 docti
3522 866 3668 924 sunt,
3693 875 3806 915 sem

2247 955 2342 1008 per
2364 941 2414 994 in
2437 943 2600 998 corde
2628 942 2744 997 fuit.
2778 943 2942 1000 Nobis
2969 956 3148 1001 autem
3174 955 3300 1004 tunc
3328 957 3509 1005 creata
3538 959 3638 1016 est,
3664 968 3832 1021 quan-

2207 1053 2219 1067 -
2246 1030 2314 1085 do
2343 1040 2527 1087 nostra
2566 1034 2795 1090 eruditio
2824 1038 3048 1106 sumpsit
3070 1039 3368 1094 exordium.
3412 1040 3538 1098 Inde
3566 1052 3647 1096 est
3691 1044 3836 1112 quod

2245 1132 2372 1178 ante
2391 1125 2665 1194 paululum
2688 1125 2798 1181 dixi
2814 1136 3136 1197 Opportune,
3159 1129 3351 1186 Filium
3372 1131 3467 1187 Dei
3489 1147 3606 1187 esse
3621 1135 3828 1204 sapiet.-

2247 1213 2373 1267 tiam
2401 1211 2428 1251 ά
2459 1223 2748 1285 antequam
2779 1215 2948 1273 ﬁeret.
2985 1218 3121 1287 Ergo
3155 1221 3312 1285 Deus,
3355 1224 3444 1291 qui
3486 1222 3611 1278 fecit
3640 1225 3832 1279 cmlum

2246 1313 2300 1361 et
2328 1315 2544 1375 terram,
2578 1318 2634 1364 et
2671 1311 2852 1366 omnia
2878 1326 2998 1382 quae
3027 1312 3080 1368 in
3109 1314 3187 1369 eis
3225 1323 3366 1380 sunt,
3399 1315 3475 1370 sic
3515 1317 3716 1370 creavit
3743 1333 3831 1371 sa-

2247 1395 2501 1464 pientiam
2532 1399 2669 1454 sicut
2702 1399 2856 1471 (dixi)
2885 1409 3070 1456 orator
3096 1412 3244 1458 creat
3288 1404 3479 1459 librum
3503 1406 3631 1460 artis
3656 1406 3835 1461 rheto-

2247 1486 2388 1552 ricae,
2435 1488 2716 1557 proterens
2763 1491 2830 1545 de
2858 1492 3019 1547 corde
3047 1506 3166 1560 suo,
3193 1493 3341 1561 quod
3387 1509 3454 1549 ex
3483 1509 3590 1563 quo
3629 1495 3832 1562 didicit,

2246 1593 2458 1648 semper
2485 1579 2686 1634 habuit.
2713 1581 2926 1636 Creavit
2947 1591 3126 1637 autem
3155 1584 3328 1651 nobis,
3355 1593 3412 1638 ut
3431 1585 3574 1654 quod
3598 1585 3651 1638 in
3672 1587 3833 1642 corde

2247 1667 2361 1736 ejus
2389 1679 2508 1724 erat
2540 1687 2637 1741 per
2665 1687 2822 1730 aures
2851 1683 3062 1731 nostras
3089 1675 3354 1732 audiendo
3371 1718 3385 1742 ,
3431 1687 3487 1732 et
3529 1693 3626 1748 per
3653 1679 3837 1734 oculos

556 1753 694 1820 Quid
722 1762 832 1808 tam
876 1753 1114 1819 evidens,
1143 1769 1304 1822 quam
1334 1761 1394 1806 ut
1438 1752 1662 1815 diceret,
1696 1751 1898 1805 creavit
1925 1752 2049 1805 me?
2076 1780 2146 1791 —
2177 1770 2225 1832 Β
2249 1759 2500 1827 videndo,
2525 1762 2685 1818 etiam
2707 1764 2762 1818 in
2790 1765 2954 1820 corde
2982 1774 3168 1822 nostro
3189 1766 3397 1822 initium
3417 1768 3654 1823 daretur.
3683 1769 3758 1822 lla
3783 1781 3836 1825 et

554 1846 825 1901 Arnobius
871 1845 1005 1900 dixit
1037 1864 1049 1898 :
1084 1844 1197 1900 Hoc
1225 1844 1367 1916 quod
1416 1843 1576 1910 dixit,
1609 1845 1813 1899 creavit
1859 1857 1971 1910 me,
2004 1842 2148 1912 quod

551 1939 756 1994 moliris
780 1937 1021 1992 ostende.
1049 1970 1122 1980 —-
1140 1935 1403 2006 Serapion
1425 1935 1560 1989 dixit
1593 1953 1604 1988 :
1635 1933 1916 2000 Quomodo
1939 1933 2147 1988 initium

555 2040 816 2087 creatura:
846 2030 1069 2085 sortitus
1089 2028 1254 2083 Filius
1281 2043 1311 2080 a
1342 2025 1519 2092 Patre,
1552 2026 1656 2081 hoc
1683 2026 1880 2079 meruit
1910 2034 1967 2080 ut
1997 2027 2145 2094 prin-

555 2124 791 2194 cipatum
819 2122 1082 2177 universa:
1111 2120 1350 2174 obtineat
1374 2125 1656 2176 creatum.
1689 2150 1757 2158 —
1787 2116 2053 2171 Arnobius
2074 2116 2149 2170 di-

555 2218 633 2273 xit
663 2216 726 2270 τι)
753 2214 938 2271 Omnis
967 2224 1114 2270 certe
1136 2221 1379 2268 creatura
1410 2220 1698 2278 antequam
1727 2218 2003 2264 crearetur
2039 2224 2145 2262 non

552 2307 1026 2377 fuit?——Serapion
1055 2306 1188 2360 dixit
1214 2324 1226 2357 :
1263 2303 1456 2373 Utique
1486 2318 1593 2357 non
1643 2300 1760 2356 fuit.
1785 2331 1854 2341 —
1883 2299 2148 2354 Arnobius

551 2400 716 2454 dixit:
738 2398 889 2453 Tunc
911 2413 1040 2468 ergo
1067 2395 1502 2467 cmpitsapientia
1515 2393 1730 2462 quando
1757 2400 1937 2448 creata
1959 2391 2148 2446 est?—

551 2489 811 2560 Serapion
832 2487 1111 2559 respondit
1146 2505 1157 2540 :
1193 2486 1343 2542 Tunc
1373 2485 1536 2555 coepit
1565 2484 1779 2554 quando
1801 2492 1980 2539 creata
2021 2483 2143 2537 est?

551 2615 621 2626 ——
652 2571 920 2637 Arnobius
947 2581 1084 2636 dixit
1109 2598 1121 2633 :
1174 2577 1316 2649 Ergo
1345 2577 1436 2646 qui
1466 2577 1613 2630 illam
1639 2575 1860 2640 creavit,
1893 2573 2148 2644 insipien-

555 2683 662 2729 tem
693 2673 843 2728 illum
871 2670 1251 2742 blasphemas?
1277 2701 1350 2712 —
1376 2668 1639 2738 Serapion
1668 2666 1804 2721 dixit
1828 2683 1842 2720 :
1873 2667 2096 2720 Avertat
2117 2679 2147 2718 a

551 2782 637 2822 me
660 2767 801 2822 Deus
830 2766 970 2822 hanc
995 2763 1481 2835 blasphemiam.—-
1499 2761 1769 2817 Arnobius
1797 2760 1932 2815 dixit
1963 2777 1976 2812 :
2008 2758 2148 2828 Ergo

552 2859 868 2926 ignoranter
894 2857 1253 2926 blasphemas.
1286 2887 1356 2898 —
1383 2852 1647 2924 Serapion
1677 2853 1812 2908 dixit
1845 2870 1857 2906 :
1895 2851 2009 2921 Ego
2039 2867 2146 2906 non

552 2950 905 3022 blasphemo:
938 2950 1032 3004 sed
1066 2950 1236 3018 magis
1274 2959 1296 2987 ο
1330 2947 1488 3003 laudo
1527 2955 1829 3003 creatorem
1852 2945 2144 3016 sapientiae.

553 3041 894 3096 —-Arnobius
915 3041 1050 3096 dixit
1074 3058 1086 3093 :
1117 3039 1469 3110 Compelleris
1499 3055 1665 3094 unum
1694 3048 1936 3094 astruere
1957 3053 1986 3091 e
2014 3035 2148 3093 duo-

2248 1848 2408 1917 Deus,
2439 1852 2532 1922 qui
2557 1868 2588 1906 a
2618 1853 2764 1908 nullo
2809 1855 3013 1920 didicit,
3044 1857 3160 1915 sine
3209 1858 3362 1914 initio
3393 1859 3596 1916 habens
3626 1863 3834 1928 sapien-

2249 1939 2393 2005 tiam,
2425 1955 2547 1996 cum
2573 1942 2739 1999 vellet
2787 1944 2964 2002 facere
2991 1947 3186 2004 omium
3215 1957 3271 2004 et
3317 1957 3517 2005 terram
3556 1959 3610 2005 et
3657 1953 3834 2007 omnia

2245 2047 2365 2100 qua:
2393 2033 2448 2087 in
2477 2034 2554 2088 eis
2580 2043 2724 2102 sunt,
2755 2037 2932 2108 primo
2969 2041 3208 2095 omnium
3237 2041 3515 2110 sapientia:
3542 2058 3650 2098 sure
3672 2043 3835 2099 virtu-

2248 2133 2355 2178 tem
2381 2125 2530 2195 jecit,
2563 2135 2623 2184 ut
2668 2129 2842 2198 ipsam
2888 2129 3109 2188 domum
3155 2147 3316 2202 quam
3360 2133 3621 2190 fabricare
3647 2135 3831 2191 voluit.

2247 2212 2407 2271 Pater
2454 2218 2656 2287 primus
2684 2234 2805 2276 cum
2851 2236 3031 2279 aerem
3076 2221 3296 2290 taceret,
3325 2232 3615 2294 antequam
3662 2225 3836 2280 solum
3889 2211 3892 2216 ’

2248 2297 2597 2364 fortissimum
2625 2311 2915 2380 solidaret;
2942 2313 3048 2369 hoc
3087 2323 3191 2380 est,
3219 2315 3368 2385 prius
3393 2315 3592 2373 faceret
3620 2317 3833 2381 cmlum,

2248 2406 2302 2451 et
2322 2398 2396 2452 ita
2420 2399 2634 2456 demum
2664 2409 2862 2458 terram
2892 2418 3015 2459 cum
3041 2406 3314 2461 montibus
3339 2407 3613 2462 solidaret.
3641 2405 3748 2462 Sed
3773 2407 3839 2462 de

2249 2491 2510 2545 creaturis
2539 2507 2639 2547 suo
2669 2499 2914 2566 tempore
2939 2493 3224 2554 dicendum
3254 2503 3338 2553 est
3369 2513 3548 2552 :nunc
3576 2498 3643 2552 de
3671 2497 3838 2554 Crea-

2251 2588 2368 2636 tore
2407 2580 2664 2638 dicamus.
2711 2581 2853 2652 Ergo
2893 2582 3022 2641 dicit
3057 2584 3174 2654 ipsa
3219 2583 3494 2655 Sapientia
3529 2605 3539 2639 :
3583 2587 3840 2642 Dominus

2249 2672 2441 2727 creavit
2461 2689 2538 2726 me
2556 2673 2764 2726 initium
2799 2673 2997 2728 uiarum
3016 2690 3226 2728 suarum
3263 2673 3443 2746 (Prov.
3472 2692 3581 2741 Vill,
3607 2676 3728 2747 22);
3754 2693 3841 2734 as-

2252 2762 2515 2818 chitectus
2543 2763 2732 2834 plenus
2751 2764 3042 2836 sapientia,
3076 2765 3238 2822 immo
3261 2763 3382 2821 fons
3408 2766 3521 2836 ipse
3542 2765 3842 2836 sapientite,

2251 2856 2476 2926 protulit
2503 2872 2569 2911 ex
2602 2871 2662 2913 se
2689 2857 2861 2928 ipsam
2887 2857 3226 2928 sapientiam.
3254 2857 3394 2924 Quin
3441 2859 3564 2914 audi
3590 2858 3720 2927 quid
3749 2873 3840 2911 sa-

2251 2948 2455 3017 pientia
2483 2947 2627 3003 dicat
2656 2967 2668 3000 :
2708 2958 2730 2986 ο
2753 2946 2869 3021 Ego
2888 2949 3146 3020 sapientia
3175 2949 3387 3020 fundavi
3422 2956 3634 3012 terram,
3665 2951 3848 3019 paravi

2253 3041 2402 3095 caelos
2443 3041 2722 3114 prudentia
2769 3040 2950 3114 (Prov.
2993 3058 3070 3108 Ill,
3100 3038 3212 3112 i9).
3241 3039 3376 3100 Cum
3430 3057 3558 3110 ergo
3601 3050 3842 3112 tempore

555 3134 674 3197 bus,
732 3140 790 3185 ut
846 3139 938 3186 aut
984 3131 1236 3186 habuisse
1273 3130 1591 3200 sapientiam
1648 3129 1796 3184 dicas
1850 3129 2012 3180 istum
2059 3126 2150 3193 qui
2181 3137 2226 3204 ρ
2260 3148 2365 3186 non
2400 3133 2648 3187 oriuntur
2677 3132 2777 3188 nisi
2805 3131 2872 3186 de
2919 3131 3130 3199 diebus,
3159 3131 3274 3187 dies
3303 3140 3483 3190 autem
3511 3132 3576 3187 de
3623 3132 3842 3196 lumine,

554 3222 758 3278 creavit
809 3221 1131 3291 sapientiam
1188 3221 1367 3283 hanc,
1423 3228 1514 3274 aut
1562 3237 1670 3273 non
1739 3219 1988 3272 habuisse
2033 3231 2154 3270 cum

556 3322 786 3370 crearet.
815 3345 889 3355 —
911 3311 1178 3381 Serapion
1205 3311 1342 3366 dixit
1373 3328 1386 3363 :
1420 3310 1701 3378 Nunquam
1742 3309 1904 3362 Pater
1932 3309 2049 3362 sine
2069 3323 2154 3361 sa-

555 3404 758 3474 pientia
789 3403 906 3457 luit.
930 3431 1001 3446 --
1027 3401 1296 3457 Arnobius
1317 3401 1490 3455 dixit:
1529 3399 1670 3468 Ergo
1705 3416 1812 3454 non
1847 3399 2048 3453 creavit
2069 3413 2153 3452 sa-

554 3493 1172 3568 pientiam—Serapion
1217 3493 1354 3549 dixit
1395 3511 1408 3546 :
1442 3490 1571 3547 Noli
1609 3492 1770 3547 altum
1812 3508 2022 3562 sapere,
2064 3491 2155 3545 sed

555 3589 676 3642 time
705 3586 880 3659 (Rom.
932 3603 1007 3653 ιι,
1055 3584 1167 3658 20).
1190 3616 1264 3631 --
1285 3584 1553 3641 Arnobius
1597 3583 1732 3639 dixit
1764 3602 1776 3637 :
1809 3582 1940 3652 Quis
1986 3582 2154 3636 altum

555 3681 722 3750 sapit,
755 3681 848 3750 qui
894 3679 1234 3750 blasphemat
1277 3678 1476 3744 Deum,
1511 3693 1579 3732 an
1626 3676 1719 3747 qui
1761 3677 2152 3747 blasphemiam

558 3772 836 3826 defendit?
864 3803 936 3813 -—
961 3769 1224 3841 Serapion
1252 3770 1388 3825 dixit
1415 3788 1428 3823 :
1461 3769 1538 3824 Tu
1578 3769 1819 3824 defendis
1845 3768 2056 3824 Deum?
2082 3799 2152 3808 —

555 3861 827 3917 Arnobius
857 3862 992 3916 dixit
1015 3861 1322 3932 :J‘empore
1349 3877 1456 3934 quo
1479 3861 1639 3916 audio
1659 3862 2068 3932 blasphemiam,
2092 3877 2153 3915 os

556 3954 980 4026 blasphemantis
1021 3954 1267 4024 obiurgo,
1299 3955 1439 4009 sicut
1466 3962 1617 4008 tuum
1639 3969 1700 4008 os
1729 3955 1947 4022 increpo
1969 3960 2024 4006 et
2051 3954 2151 4007 do-

556 4061 654 4100 ceo
687 4053 737 4099 te
778 4045 948 4099 Deum
993 4043 1209 4099 Patrem
1242 4044 1583 4112 insipientem
1611 4044 1808 4098 dicere.
1846 4042 1978 4097 Cum
2008 4043 2152 4096 enim

555 4136 762 4191 diceres
793 4154 805 4187 :
838 4136 1138 4202 Antequam
1177 4141 1455 4188 crearetur
1482 4133 1764 4203 sapientia,
1795 4149 1902 4187 non
1944 4133 2063 4198 fuit,
2098 4119 2157 4188 et

555 4227 726 4297 ipsam
752 4225 1093 4295 sapientiam,
1124 4240 1244 4294 qua:
1273 4233 1355 4280 est
1385 4234 1565 4280 creata
1595 4225 1690 4280 Dei
1719 4240 1838 4280 esse
1866 4223 2152 4280 conﬁrmas

555 4315 797 4372 ostendis
818 4332 928 4372 non
956 4316 1209 4372 habuisse
1233 4317 1551 4387 sapientiam
1582 4332 1706 4371 eum
1734 4317 1823 4385 qui
1855 4318 1998 4372 illam
2021 4334 2151 4372 con-

554 4409 704 4475 didit,
741 4416 796 4464 et
843 4415 970 4462 tunc
1017 4409 1242 4479 ccepisse
1283 4409 1482 4464 habere
1517 4418 1797 4484 postquam
1829 4412 2049 4465 creavit.
2080 4445 2150 4455 --

2257 3223 2346 3278 lux
2370 3233 2548 3278 autem
2578 3224 2678 3278 nisi
2700 3224 2766 3278 de
2796 3224 2964 3288 cmlo,
2995 3224 3189 3280 omium
3231 3233 3410 3284 autem
3440 3241 3545 3279 non
3574 3225 3644 3280 sit
3671 3233 3844 3280 ortum

2257 3314 2357 3367 nisi
2380 3313 2446 3367 de
2476 3315 2760 3383 sapientia,
2787 3322 2911 3368 ante
2936 3314 3130 3368 cmlum
3160 3323 3372 3385 tempus
3401 3316 3616 3385 penitus
3642 3331 3748 3372 non
3777 3316 3845 3372 sit

2255 3412 2432 3457 ortum
2464 3404 2563 3458 nisi
2593 3404 2658 3458 de
2685 3404 2946 3475 sapientia
2965 3444 2980 3469 ,
3009 3413 3137 3460 ante
3162 3405 3358 3462 coelum
3385 3413 3597 3476 tempus
3635 3407 3844 3478 penitus

2257 3510 2364 3550 non
2393 3494 2512 3550 fuit.
2554 3493 2783 3551 Constat
2809 3508 2938 3564 ergo
2967 3510 3180 3567 semper
3218 3494 3382 3552 fuisse
3410 3497 3726 3569 sapientiam
3746 3539 3760 3563 ,
3793 3506 3846 3552 et

2253 3588 2331 3644 sic
2382 3594 2616 3642 creatam
2651 3586 2788 3641 sicut
2817 3586 3048 3642 diximus
3093 3587 3268 3642 creari
3322 3585 3517 3646 librum
3564 3587 3845 3659 sapientis-

2253 3680 2390 3736 simo
2407 3680 2628 3736 oratori.
2648 3679 2828 3745 Verbi,
2853 3680 3040 3750 gratia.
3072 3676 3326 3738 Salomon
3343 3679 3532 3734 librum
3560 3677 3846 3748 Sapientia:

2255 3772 2493 3829 condidit
2528 3790 2539 3824 :
2574 3770 2807 3839 nunquil
2857 3786 2964 3824 non
2997 3779 3284 3839 antequam
3305 3769 3570 3824 .condcret
3600 3769 3743 3824 hunc
3784 3769 3844 3823 li-

2253 3865 2427 3928 brum,
2462 3871 2587 3916 ante
2619 3879 2722 3916 non
2751 3861 2848 3916 fuit
2870 3860 3170 3930 sapientia?
3191 3858 3350 3914 Potes
3379 3859 3596 3930 quidem
3623 3859 3801 3916 dicere
3827 3877 3839 3912 :

2256 3955 2394 4009 Ante
2426 3971 2533 4007 non
2564 3952 2692 4018 fuit,
2717 3953 2809 4006 sed
2849 3952 2905 4006 in
2942 3950 3231 4007 Salomone
3259 3959 3544 4022 antequam
3574 3966 3604 4004 a
3634 3950 3744 4004 Deo
3777 3950 3844 4002 il-

2255 4047 2359 4100 lam
2401 4046 2702 4117 acciperet;
2736 4052 2922 4114 postea
2953 4058 3081 4096 vero
3127 4057 3339 4113 semper
3374 4040 3491 4095 fuit.
3525 4040 3580 4096 Si
3611 4057 3738 4109 ergo
3790 4041 3841 4093 in

2255 4137 2471 4192 homine
2512 4135 2708 4191 misero
2739 4134 2804 4189 ad
2846 4134 3302 4204 comparationem
3337 4132 3449 4195 Dei,
3483 4143 3537 4188 et
3584 4149 3844 4204 perquam

2254 4227 2470 4296 exiguo,
2501 4227 2643 4282 intus
2684 4227 2735 4279 in
2765 4226 2928 4282 corde
2969 4225 3136 4281 semel
3165 4225 3339 4298 posita
3387 4241 3493 4279 non
3531 4225 3758 4288 recedit,
3791 4234 3845 4278 et

2253 4319 2513 4392 quidquid
2537 4319 2737 4376 utiliter
2761 4317 3080 4381 crediderit,
3108 4315 3341 4371 creditur
3362 4315 3623 4384 sapientia
3653 4315 3844 4384 praedi-

2254 4415 2362 4470 cari
2390 4415 2502 4470 sive
2528 4414 2582 4468 in
2611 4412 2823 4482 litteris,
2855 4411 2968 4468 sive
3009 4411 3059 4463 in
3090 4408 3324 4464 aediliciis
3353 4407 3657 4462 fabrelactis
3684 4416 3844 4476 atque

553 4503 767 4559 Judices
789 4505 1043 4559 dixerunt
1075 4523 1087 4557 :
1130 4505 1420 4559 Acerrimae
1467 4504 1809 4574 blasphemiae
1856 4506 2002 4562 locus
2042 4515 2142 4564 est.
2176 4509 2226 4570 D
2247 4506 2472 4577 picturis
2499 4506 2616 4576 ipsa
2652 4504 2909 4568 cernitur,
2939 4510 2996 4560 et
3025 4502 3080 4558 in
3105 4501 3312 4559 cunctis
3339 4500 3546 4556 artibus
3575 4501 3692 4570 ipsa
3730 4500 3845 4553 lau-

553 4592 620 4646 Et
649 4593 780 4662 quid
808 4595 1112 4652 moramur?
1139 4594 1208 4650 Et
1235 4603 1435 4651 nostra
1478 4611 1636 4651 aures
1675 4597 2058 4664 obtunduntur,
2092 4608 2146 4654 et

555 4693 735 4738 vestra
767 4701 863 4742 ora
891 4685 1240 4754 gradiuntur?
1270 4685 1424 4741 Unde
1444 4703 1541 4761 par
1568 4697 1651 4742 est
1675 4697 1733 4742 ut
1759 4689 2026 4744 Arnobius
2053 4691 2144 4760 qui

556 4775 763 4832 detexit
810 4778 1203 4849 blasphemiam
1250 4779 1616 4834 testimonium
1641 4779 1752 4850 jam
1782 4795 1810 4834 a
1851 4780 2145 4858 Serapione

556 4867 826 4935 prolatum
852 4878 1108 4942 exponat.

627 4959 763 5017 X111.
786 4995 859 5007 —
885 4963 1156 5020 Arnobius
1195 4962 1332 5020 dixit
1362 4979 1375 5017 :
1406 4961 1634 5032 Semper
1661 4962 1760 5018 fuit
1803 4965 2064 5034 sapientia
2093 4966 2145 5019 in

558 5052 720 5110 corde
741 5052 916 5112 Patris
938 5055 1164 5112 interius
1190 5053 1448 5124 reposita,
1471 5053 1744 5123 quomodo
1769 5055 1822 5108 in
1843 5055 2004 5111 corde
2023 5071 2145 5109 ora-

2245 4597 2420 4662 datur,
2452 4605 2658 4666 quanto
2682 4596 2853 4663 magis
2883 4595 2937 4650 in
2975 4594 3117 4657 Deo,
3153 4594 3246 4663 qui
3284 4600 3430 4648 totus
3470 4593 3735 4661 sapientia
3764 4599 3847 4646 est

2245 4688 2336 4757 qui
2364 4703 2481 4742 eam
2505 4703 2534 4740 a
2560 4687 2706 4740 nullo
2728 4685 2972 4757 accepit?
3001 4683 3168 4747 Hanc,
3185 4684 3419 4753 inquam,
3439 4698 3601 4754 quam
3631 4697 3845 4750 semper

2247 4779 2450 4845 habuit,
2483 4787 2610 4833 tunc
2631 4778 2850 4840 creavit,
2876 4791 2997 4832 cum
3028 4775 3119 4830 illa
3146 4773 3212 4830 de
3240 4774 3401 4831 corde
3430 4790 3528 4829 suo
3558 4791 3651 4844 per
3679 4772 3842 4826 fabri~

2246 4871 2494 4928 camcmli
2517 4867 2816 4938 terraeque‘
2838 4868 3135 4938 producere
3162 4867 3386 4933 curavit,
3406 4867 3670 4923 utcmlum
3695 4865 3842 4919 liam

2252 4962 2408 5017 simul
2446 4969 2502 5016 et
2537 4959 2714 5016 omnia
2742 4975 2862 5028 qua:
2898 4959 2950 5012 in
2979 4974 3045 5012 eo
3073 4965 3215 5023 sunt,
3246 4972 3367 5028 qua:
3394 4973 3501 5012 non
3532 4966 3703 5023 erant,
3737 4971 3838 5011 non

2258 5064 2316 5110 ut
2354 5056 2466 5125 ipse
2509 5052 2768 5120 inciperet
2796 5051 3011 5120 sapiens
3038 5064 3178 5122 esse,
3207 5049 3354 5119 quod
3377 5064 3592 5120 semper
3625 5047 3833 5104 exstitco

1755 5183 1864 5237 FB.
1908 5182 2384 5239 FEU-ARDENTII
2421 5181 2646 5238 ΝΟΤᾸΕ.

697 5295 835 5362 Quid
862 5299 909 5355 si
931 5299 1239 5366 adderetur,
1280 5296 1503 5352 laudans
1525 5313 1585 5351 ac
1623 5313 1935 5368 proponens,
1976 5305 2091 5366 peto
2121 5313 2154 5352 ο

562 5375 1049 5507 εὴδῗῐὲέΐθυίοηθω
1076 5439 1221 5507 cogit
1251 5438 1315 5498 ad
1343 5439 1440 5496 has
1475 5437 1768 5507 angustias,
1800 5444 1860 5490 ut
1881 5435 1964 5507 vel
1985 5434 2154 5507 fatea-

561 5515 646 5560 tur
671 5505 886 5562 Patrem
913 5505 1220 5576 aliquandiu
1241 5507 1404 5563 fuisse
1441 5505 1784 5576 insipientem
1819 5506 1936 5561 :vel
1957 5505 2149 5559 admit-

561 5585 638 5702 tat
656 5576 852 5702 gilium
867 5593 974 5633 non
995 5592 1115 5634 esse
1134 5584 1394 5644 creatum,
1428 5576 1571 5648 quod
1591 5587 1770 5633 tamen
1793 5576 2012 5632 omnino
2033 5591 2155 5631 con-

585 5663 650 5703 eJt
692 5665 720 5700 ρ
739 5666 742 5668 '
762 5657 834 5703 :tt.

585 5663 834 5708 manebat.

637 5725 658 5756 °
704 5718 862 5774 Vetus
889 5719 1078 5782 codex,
1103 5725 1417 5771 creaturam.

2332 5295 2359 5331 ἀ
2398 5293 2697 5361 Nimirum,
2753 5310 2910 5352 nonis
2963 5309 3058 5362 per
3111 5302 3334 5349 externa
3399 5311 3560 5365 opera
3615 5295 3838 5350 manife-

2261 5374 2590 5490 su‘f‘Latina
2618 5411 2782 5492 editio
2810 5434 2864 5504 iu
2895 5433 3050 5488 tertia
3071 5449 3300 5504 persona
3327 5436 3405 5490 sic
3425 5435 3577 5490 eﬂ‘ert
3611 5454 3622 5488 :
3657 5435 3842 5490 Doini-

2261 5523 2358 5630 2:“
2392 5505 2659 5587 _sapientia
2707 5503 2941 5574 (undavit
2982 5503 3201 5571 terram,
3234 5506 3478 5560 stabilivit
3520 5507 3670 5561 cwlos
3713 5523 3823 5578 pru-

2327 5587 2454 5630 ntm.

2327 5594 2564 5699 timemus
2593 5642 2783 5708 codex,
2815 5645 3022 5700 movit.
