4246 6264
302 334 409 399 261

1134 338 1557 397 CONFLICTUS
1592 338 1680 393 DE
1721 336 1856 394 DEO
1894 337 2101 394 TRINO
2137 335 2223 394 ET
2265 338 2421 404 UNU,
2461 337 2610 392 ETC.
2654 338 2777 391 LIB.
2821 337 2862 392 1.

3511 338 3619 398 εει

299 468 410 519 rat.
441 459 675 518 Creavit
702 466 888 517 autem
917 468 1113 514 terram
1156 465 1210 512 et
1230 455 1412 511 omnia
1439 469 1558 525 qua:
1582 454 1636 508 in
1675 468 1740 508 ea
1779 460 1926 519 sunt,
1961 468 2006 525 Α
2036 452 2247 517 lenitas,
2304 452 2513 506 decima
2559 450 2732 519 quies,
2791 449 3074 504 undecima
3119 465 3245 520 pax,
3295 451 3616 510 duodecima

300 567 430 623 quas
458 569 579 610 non
619 562 799 620 erant,
828 569 937 609 non
964 559 1021 607 ut
1068 551 1183 631 ipse
1212 550 1472 620 inciperet
1515 562 1736 619 sapere,
1776 546 1922 616 quod

300 654 436 701 ante
466 662 584 702 non
614 654 891 719 sapuerat.
918 644 1000 700 Tu
1028 652 1209 699 autem
1255 642 1549 713 Serapion,
1581 640 1674 711 qui
1713 640 1918 711 capitu-

299 738 420 795 lum
447 738 562 797 loci
604 739 879 810 integrum
907 752 1015 793 non
1044 733 1337 807 protulisti,
1380 732 1504 788 audi
1536 740 1710 788 totum
1756 737 1920 802 caput

298 830 472 907 hujus
498 830 633 898 loci,
671 837 733 884 ut
756 830 949 885 credas
978 826 1109 883 illud
1136 841 1271 881 mea:
1301 823 1670 895 explanationi
1698 836 1921 878 concor»

298 921 458 978 dare.
493 920 757 996 Dominus
791 922 988 983 creavit
1026 936 1106 974 me
1129 918 1339 973 initium
1379 917 1576 969 viarum
1622 929 1834 968 suarum
1861 912 1919 966 in

299 1029 467 1086 opera
493 1030 592 1068 sua
602 1030 622 1079 ,°
654 1020 783 1068 ante
806 1010 1056 1068 steculum
1086 1008 1324 1081 fundavit
1351 1023 1449 1073 me,
1474 1007 1770 1077 priusquam
1809 1010 1917 1057 ter-

297 1123 417 1161 ram
468 1108 699 1179 faceret,
730 1107 1044 1178 priusquam
1086 1109 1301 1175 poneret
1347 1099 1577 1172 abyssos,
1619 1099 1918 1171 priusquam

296 1196 616 1271 produceret
638 1200 827 1271 fontes
858 1211 1131 1269 aquarum,
1158 1194 1459 1267 priusquam
1486 1190 1739 1246 stabiliret
1765 1206 1918 1245 mon-

302 1296 417 1345 tes:
449 1298 575 1349 ante
612 1284 785 1345 colles
814 1290 989 1367 genuit
1018 1305 1116 1342 me.
1146 1284 1406 1341 Przescius
1445 1299 1575 1354 ergo
1618 1283 1758 1339 Deus
1798 1283 1921 1353 quia

302 1379 410 1437 hoc
435 1382 586 1455 quod
613 1382 830 1437 dictum
859 1380 1056 1443 luerat,
1082 1380 1277 1433 creavit
1297 1395 1395 1443 me,
1427 1378 1667 1451 potuisse
1688 1376 1755 1429 ad
1781 1377 1923 1447 peri-

306 1472 487 1528 culum
531 1473 896 1544 blasphemiae
942 1471 1246 1542 pervenire,
1279 1470 1519 1538 adjecit:
1568 1469 1701 1522 Ante
1746 1484 1923 1522 omnes

310 1564 466 1619 colles
496 1568 673 1640 genuit
720 1583 801 1620 me
828 1564 1009 1645 (Prov.
1047 1581 1154 1630 vni,
1199 1560 1312 1634 25).
1346 1562 1463 1617 Hoc
1505 1577 1754 1616 sermone
1779 1559 1921 1630 quod

312 1654 480 1722 dixit,
513 1674 613 1719 me,
646 1656 778 1711 illud
825 1656 1177 1727 interpretata
1208 1661 1293 1709 est
1330 1656 1447 1726 ipsa
1489 1653 1751 1727 sapientia
1778 1650 1922 1722 quod

316 1745 545 1813 dixerat,
579 1751 769 1803 creavit
801 1765 901 1802 me.
945 1744 1098 1802 Unde
1131 1755 1186 1801 et
1212 1746 1456 1814 sequitur
1489 1763 1501 1797 :
1540 1744 1668 1799 Cum
1694 1743 1919 1813 parabat

2024 548 2353 615 obedientia,
2386 549 2545 603 tertia
2575 547 2784 603 decima
2812 548 3219 617 longanimitas,
3248 554 3440 617 quarta
3466 546 3615 602 deci-

2022 656 2110 696 ma
2150 640 2383 695 solitudo
2424 647 2629 705 sancta,
2661 639 2847 708 quinta
2872 639 3079 693 decima
3106 645 3446 708 contemptus
3484 652 3614 692 ven-

2023 734 2137 800 tris,
2180 733 2386 789 decima
2413 741 2566 789 sexta
2612 731 2845 787 studium
2891 730 3104 793 mentis,
3133 729 3343 785 decima
3385 729 3611 798 septima

2020 826 2256 893 castitas,
2289 825 2495 881 decima
2524 832 2717 881 octava
2746 822 3067 891 benignitas,
3108 820 3314 876 decima
3343 835 3481 876 nova
3509 820 3611 874 mi-

2019 920 2329 986 sericordia,
2360 919 2615 988 vigesima
2636 917 2864 986 justitia,
2887 916 3144 985 vigesima
3173 915 3344 985 prima
3372 912 3609 969 liberali-

2019 1021 2121 1079 tas,
2153 1012 2409 1082 vigesima
2439 1010 2671 1066 secunda
2701 1009 2935 1065 studium
2955 1008 3192 1064 scientia!
3221 1008 3354 1076 legis
3390 1007 3505 1075 Dei,
3525 1007 3607 1062 vi-

2020 1106 2223 1174 gesima
2246 1104 2402 1159 tertia
2426 1118 2576 1157 amor
2596 1101 2921 1172 optimarum
2948 1114 3147 1164 rerum,
3167 1099 3421 1168 vigesima
3449 1113 3611 1168 quar-

2021 1203 2074 1249 ta
2097 1203 2440 1265 contemptus
2467 1191 2781 1262 temporalis
2809 1191 3009 1259 gloriae,
3040 1190 3296 1259 vigesima
3323 1190 3511 1259 quinta
3542 1189 3601 1243 af

2018 1287 2178 1343 i'ectio
2198 1286 2381 1356 gloria:
2408 1284 2768 1354 sempiternae.
2794 1283 2886 1338 lia:
2915 1298 3103 1338 omnes
3131 1284 3230 1338 vite
3258 1283 3353 1338 Dei
3382 1292 3527 1348 sunt,
3553 1284 3605 1338 in

2019 1378 2212 1447 quibus
2260 1377 2373 1447 ipse
2425 1374 2586 1430 Pater
2625 1375 2868 1445 quotidie
2895 1375 3293 1440 deambulabat,
3325 1376 3466 1430 sicut
3509 1391 3605 1445 per

2020 1468 2341 1539 prophetam
2370 1466 2501 1521 dicit
2533 1484 2545 1519 :
2586 1466 2711 1521 Vivo
2737 1484 2833 1538 ego
2865 1466 3134 1529 Dominus,
3164 1464 3285 1537 quia
3303 1483 3399 1538 ego
3426 1468 3608 1522 ambu-

2023 1558 2139 1611 labo
2182 1560 2236 1610 in
2258 1558 2351 1622 eis,
2389 1564 2439 1610 et
2480 1557 2797 1611 eroillorum
2825 1556 3005 1619 Pater,
3030 1566 3078 1611 et
3098 1558 3199 1627 ipsi
3235 1568 3387 1611 erunt
3403 1558 3527 1613 mihi
3557 1561 3608 1612 in

2020 1655 2156 1725 ﬁlias
2185 1663 2233 1708 et
2272 1653 2436 1723 ﬁlias,
2469 1652 2596 1705 dicit
2635 1650 2892 1706 Dominus
2939 1654 3263 1721 omnipotens
3293 1651 3436 1723 (Leu.
3465 1668 3606 1719 xxvn,

2022 1743 2118 1809 ἥς
2172 1743 2213 1796 ll
2255 1741 2374 1801 Cor.
2425 1742 2521 1811 τι).
2555 1741 2613 1796 in
2661 1743 2744 1796 hi's
2787 1757 2916 1810 ergo
2959 1743 3209 1798 omnibus
3255 1745 3354 1799 viis
3400 1744 3608 1800 Domini

318 1836 521 1904 caelum,
539 1838 697 1892 simul
719 1856 832 1892 cum
852 1837 942 1893 illo
964 1853 1137 1903 eram;
1158 1845 1209 1891 et
1233 1847 1256 1873 η
1280 1853 1394 1890 cum
1421 1836 1725 1908 segregabat
1746 1834 1920 1889 sedem
1949 1840 1996 1901 Β
2024 1837 2173 1908 prior
2210 1844 2389 1891 creata
2420 1846 2504 1890 est
2547 1835 2852 1907 Sapientia,
2884 1852 2992 1906 quo
3028 1837 3119 1907 qui
3155 1839 3473 1909 sapientiam
3516 1839 3612 1895 Dei

322 1943 491 1992 suam,
533 1929 740 1997 quando
764 1946 913 1999 super
950 1937 1126 1983 uentos
1166 1932 1326 2000 fortes
1368 1926 1594 1998 faciebat
1625 1927 1678 1980 in
1717 1942 1918 1980 suntme

330 2018 512 2083 nubes,
536 2027 585 2071 et
603 2018 633 2056 δ
651 2036 758 2073 cum
779 2028 937 2074 certos
959 2020 1179 2090 ponebat
1203 2022 1367 2090 fontes
1398 2018 1492 2073 sub
1519 2018 1676 2082 caelo;
1706 2024 1757 2071 et
1802 2033 1918 2071 cum

335 2111 500 2179 fortia
555 2110 771 2180 faciebat
819 2111 1150 2183 fundamenta
1206 2121 1388 2177 terra,
1443 2128 1559 2164 cum
1611 2112 1727 2183 ipso
1773 2126 1917 2163 eram

327 2210 524 2256 cuncta
564 2219 897 2278 componens,
951 2215 973 2245 ε
1024 2205 1091 2258 ad
1138 2222 1288 2277 quam
1337 2205 1591 2277 gaudebat
1626 2206 1684 2258 in
1731 2204 1918 2275 faciem

314 2310 512 2361 meam,
544 2312 663 2352 cum
691 2298 952 2351 [tutaretur
973 2296 1091 2352 orbe
1113 2299 1338 2369 perfecto
1361 2296 1539 2367 (Prov.
1567 2312 1678 2361 vni,
1700 2293 1911 2364 27-56).

384 2384 456 2440 Et
504 2386 710 2457 adjecit
742 2407 754 2442 :
796 2389 983 2445 Dicant
1021 2405 1162 2445 nunc
1202 2389 1411 2459 judices
1441 2389 1704 2460 objectori
1757 2388 1917 2458 hujus

312 2478 620 2546 sententias,
650 2496 810 2550 quam
858 2481 1079 2552 protulit
1106 2483 1173 2538 ad
1218 2483 1324 2539 hoc
1367 2492 1427 2539 ut
1451 2485 1674 2539 doceret
1696 2484 1792 2539 Dei
1821 2483 1913 2537 Fi—

312 2571 445 2627 lium
466 2586 580 2626 non
609 2586 726 2628 esse
749 2571 960 2639 Filium,
983 2574 1079 2629 sed
1107 2581 1417 2630 creaturam
1448 2572 1590 2642 ejus;
1620 2574 1764 2628 dicat
1783 2574 1827 2629 si
1848 2589 1915 2628 eo

314 2662 505 2721 ordine
524 2676 632 2733 quo
652 2672 965 2739 persecutus
990 2658 1143 2730 sum,
1156 2673 1366 2719 textum
1388 2665 1610 2737 integra:
1637 2666 1916 2718 sententiae

311 2752 582 2823 percurri,
609 2760 664 2809 et
702 2755 808 2809 hoc
833 2756 978 2823 quod
1018 2754 1233 2809 dixerat
1273 2755 1388 2824 ipsa
1417 2755 1703 2824 sapientia,
1739 2753 1917 2808 Domi-

310 2856 409 2895 nus
440 2843 638 2895 creacit
662 2858 777 2906 me;
811 2841 838 2879 ἀ
868 2843 988 2913 ipsa
1015 2842 1315 2912 subjunxit,
1349 2845 1527 2914 genuit
1552 2859 1668 2908 me;
1703 2852 1729 2880 ο
1749 2851 1805 2897 et
1830 2852 1921 2899 aut

308 2930 509 2986 credat
539 2945 752 3000 semper
780 2931 944 2986 fuisse
962 2932 1019 2984 in
1045 2928 1210 2985 Patre
1236 2933 1577 3001 sapientiam,
1611 2939 1707 2987 aut
1727 2931 1919 2988 doceat

318 3023 448 3078 sine
468 3023 734 3091 sapientia
752 3023 915 3078 fuisse
934 3024 1105 3077 Deum
1126 3032 1415 3093 antequam
1435 3024 1758 3080 condidisset
1777 3040 1911 3080 eam.

320 3147 399 3158 -——
430 3114 702 3184 Serapion
723 3115 863 3169 dixit
889 3132 901 3166 :
926 3113 1121 3170 Fateor
1146 3124 1201 3170 et
1226 3115 1433 3184 integre
1460 3124 1518 3170 ut
1553 3118 1808 3186 scriptum
1833 3125 1917 3172 est

2022 1928 2173 1997 prior
2202 1926 2402 1981 habere
2443 1927 2629 1998 coepit,
2664 1942 2762 1982 nec
2789 1942 2949 1981 unam
2976 1927 3046 1983 de
3073 1928 3173 1984 viis
3201 1930 3319 1985 istis
3362 1930 3613 1986 incedere

2021 2017 2241 2087 poterit.
2279 2015 2297 2055 ί
2330 2015 2467 2071 Sunt
2500 2032 2628 2088 ergo
2659 2018 2773 2071 ista:
2797 2018 2896 2072 viae
2922 2019 3111 2087 viginti
3142 2028 3394 2088 quatuor,
3424 2022 3610 2090 viginti

2019 2116 2255 2179 quatuor
2281 2110 2555 2166 seniorum
2577 2124 2856 2163 numerum
2885 2110 3215 2179 assignantes
3237 2113 3417 2183 (Apoc.
3444 2130 3512 2176 Iv,
3530 2113 3605 2183 ὁ),

2021 2203 2115 2273 qui
2142 2203 2307 2258 libras
2334 2202 2589 2271 singulas,
2621 2211 2676 2258 et
2698 2190 3041 2273 integerrime
3060 2205 3185 2259 novi
3214 2213 3269 2260 et
3290 2207 3486 2261 veteris
3515 2206 3610 2261 Te-

2019 2296 2271 2352 stamenti
2301 2295 2355 2350 in
2379 2311 2537 2350 unam
2568 2296 2758 2351 libram
2778 2297 3061 2353 duodecim
3083 2300 3449 2369 apostolorum
3478 2302 3609 2355 assi-

2019 2394 2204 2457 gnant,
2237 2395 2297 2441 ut
2340 2395 2451 2442 tres
2480 2387 2593 2442 istze
2623 2386 2769 2442 librte
2800 2404 2897 2459 per
2935 2390 3033 2444 tria
3062 2404 3259 2458 genera
3289 2392 3609 2461 populorum

2020 2479 2316 2533 oll'erantur
2345 2478 2621 2533 Trinitatis
2661 2481 2888 2547 auctori,
2916 2481 2969 2535 id
3013 2493 3125 2548 est,
3156 2482 3492 2551 virginitatis,
3526 2491 3610 2537 at-

2018 2583 2125 2637 que
2171 2568 2447 2623 viduitatis
2472 2577 2527 2623 et
2554 2568 2808 2638 conjugii.
2842 2569 2990 2624 Tota:
3032 2579 3213 2626 autem
3260 2580 3370 2628 tres
3396 2574 3515 2627 ista:
3540 2574 3641 2627 li--

2018 2661 2129 2715 bra:
2159 2660 2503 2729 integerrime
2532 2677 2629 2731 per
2654 2662 2770 2716 vias
2807 2677 2932 2717 suas
2963 2663 3317 2727 ambulantes,
3352 2680 3456 2718 una
3486 2664 3607 2731 ﬁde,

2022 2770 2125 2808 una
2170 2770 2284 2824 spe,
2331 2769 2436 2809 una
2462 2754 2743 2820 charitate,
2771 2770 2878 2809 uno
2916 2764 3247 2810 consecrata:
3289 2756 3612 2827 baptismate

2018 2845 2348 2911 subsistunt;
2378 2860 2499 2915 quae
2527 2846 2741 2916 penitus
2769 2861 2868 2915 per
2883 2845 2998 2901 vias
3037 2862 3163 2901 suas
3200 2847 3476 2903 ambulare
3502 2864 3610 2903 non

2018 2947 2291 3008 poterunt,
2328 2939 2432 2993 nisi
2460 2940 2511 2992 in
2544 2939 2660 3009 ipso
2676 2938 2843 2994 .initio
2871 2938 3079 2995 viarum
3100 2941 3358 2998 Dominus
3386 2958 3610 2998 creave-

2021 3029 2088 3083 rit
2126 3030 2179 3083 in
2227 3029 2498 3085 mentibus
2544 3044 2729 3085 eorum
2765 3031 3102 3101 sapientiam.
3141 3033 3294 3089 Unde
3331 3032 3610 3091 Psalmista

2019 3138 2140 3177 cum
2170 3123 2375 3179 diceret
2404 3141 2415 3177 :
2460 3123 2589 3179 Vias
2617 3131 2753 3191 tuas,
2784 3123 3026 3192 Domine,
3046 3136 3196 3181 notas
3226 3129 3311 3195 fac
3337 3128 3465 3182 mihi
3487 3126 3606 3201 (Ps.

310 3223 344 3262 a
374 3206 677 3263 Salomone
706 3215 1046 3276 prosecutum
1065 3248 1079 3273 ,
1116 3213 1172 3262 et
1200 3216 1320 3261 ante
1348 3224 1523 3262 omnes
1558 3208 1711 3263 colles
1743 3211 1918 3281 genuit
1942 3225 1988 3287 ο
2021 3231 2164 3281 xxiv,
2187 3214 2263 3287 4),
2295 3216 2419 3289 quia
2460 3216 2664 3273 sciebat
2693 3234 2800 3274 non
2829 3234 2991 3290 posse
3016 3219 3292 3275 ambulare
3316 3221 3433 3276 vias
3460 3221 3609 3290 istas,

312 3313 416 3362 me,
451 3306 744 3367 propterea
774 3298 978 3352 utiliter
998 3297 1358 3368 subjunxisse,
1389 3308 1448 3353 ut
1473 3299 1576 3355 huc
1593 3300 1738 3369 quod
1756 3300 1910 3366 dixit,

308 3390 520 3446 Creavit
541 3406 639 3456 me,
669 3393 844 3463 genuit
864 3407 963 3458 me,
988 3391 1266 3447 evidenter
1285 3392 1614 3449 ostenderet.
1644 3426 1719 3436 —
1739 3394 1914 3450 Arno-

308 3481 430 3537 bius
458 3482 600 3539 dixit
631 3502 643 3536 :
674 3481 877 3555 Nempe
905 3483 1071 3554 priori
1095 3482 1350 3540 conﬂictu
1377 3485 1577 3542 dixisse
1606 3495 1659 3542 te
1681 3488 1909 3556 recoles,

252 3594 267 3607 τ
309 3591 406 3630 cur
446 3576 772 3647 incorporea
812 3558 899 3632 me
942 3577 1233 3649 protulisse
1260 3579 1531 3649 exempla,
1572 3595 1740 3651 quare
1770 3598 1913 3638 nunc

310 3666 527 3723 initium
552 3670 754 3724 viarum
797 3669 891 3725 Dei
920 3685 1016 3741 per
1040 3678 1257 3728 montes
1296 3680 1352 3727 et
1375 3673 1559 3739 colles,
1591 3684 1646 3729 et
1682 3674 1912 3733 fabricas

307 3760 554 3817 visibiles
579 3762 862 3819 docentem
894 3772 1185 3820 contentus
1211 3780 1288 3832 es,
1321 3765 1425 3820 nisi
1452 3767 1597 3835 quod
1625 3769 1909 3840 mysticum

308 3850 510 3905 divinae
541 3851 832 3923 Scriptum
861 3869 1081 3910 sensum
1108 3856 1162 3910 in
1192 3856 1364 3911 solam
1392 3857 1672 3912 historiam
1699 3860 1907 3927 videns,

310 3949 368 3997 et
398 3943 613 3997 initium
638 3946 843 3999 viarum
873 3947 1172 4016 inquirens,
1204 3949 1319 4003 vias
1347 3948 1491 4019 ipsas
1518 3966 1626 4006 non
1649 3954 1907 4021 quaesisti,

309 4043 624 4090 creatorem
664 4052 793 4092 vero
836 4038 1002 4094 Deum
1051 4055 1170 4096 esse
1223 4056 1330 4096 non
1380 4042 1555 4097 solum
1610 4044 1909 4099 litterarum

308 4124 541 4195 judicio,
563 4141 749 4180 verum
771 4129 930 4183 etiam
958 4130 1122 4201 ipsius
1146 4140 1347 4197 nostra:
1369 4134 1628 4189 naturalis
1657 4135 1909 4190 conside-

304 4216 547 4271 rationis
575 4217 865 4275 doceamus
906 4221 1177 4279 instinctu.
1204 4222 1319 4280 Vite
1346 4236 1524 4280 autem
1556 4226 1765 4282 Domini
1796 4228 1912 4282 ista:

303 4318 461 4376 sunt,
511 4310 682 4379 prima
741 4311 909 4379 ﬁdes,
954 4314 1185 4371 secunda
1232 4331 1383 4385 spes,
1442 4318 1600 4372 tertia
1652 4318 1909 4383 charitas,

304 4409 509 4472 quarta
566 4405 988 4471 perseverantia,
1018 4408 1203 4475 quinta
1260 4408 1492 4471 bonitas,
1541 4417 1694 4462 sexta
1750 4410 1912 4464 timor
1954 4396 1959 4401 ’

304 4492 547 4556 Domini,
581 4494 806 4563 septima
854 4498 1174 4560 constantia,
1228 4506 1418 4553 octava
1448 4498 1724 4567 patientia,
1766 4515 1909 4554 nona

2018 3307 2123 3361 nisi
2150 3306 2410 3364 Dominus
2456 3309 2775 3380 sapientiam
2816 3319 3056 3368 creasset
3086 3313 3138 3368 ei
3179 3313 3235 3369 in
3281 3315 3463 3380 corde,
3491 3321 3612 3369 erat

2018 3397 2185 3455 Deum
2225 3400 2409 3457 dicens
2442 3420 2455 3454 :
2498 3402 2600 3458 Cor
2626 3405 2875 3460 mundum
2923 3423 3040 3461 crea
3069 3407 3125 3461 in
3152 3423 3236 3462 me
3261 3406 3401 3463 Deus
3431 3406 3604 3479 (Paul.

2017 3509 2068 3558 ι,
2096 3492 2180 3563 12)
2214 3512 2226 3547 :
2259 3498 2381 3568 quia
2408 3498 2464 3550 in
2492 3497 2758 3552 sordidam
2798 3499 2976 3573 [Vulg
3009 3499 3337 3571 malevolam]
3378 3501 3609 3555 animam

2017 3602 2119 3640 non
2163 3587 2326 3640 intrat
2350 3590 2640 3657 sapientia,
2688 3605 2781 3641 nec
2827 3590 3060 3642 habitare
3096 3598 3263 3658 potest
3302 3592 3359 3643 in
3399 3606 3614 3659 corpore

2013 3676 2219 3730 subdito
2247 3678 2568 3742 peccatis.—-
2590 3676 2802 3730 Judices
2831 3678 3082 3730 dixerunt
3105 3694 3118 3728 :
3148 3678 3272 3731 Plus
3300 3692 3461 3746 quam
3485 3693 3608 3747 per-

2015 3768 2154 3822 fecte
2199 3766 2461 3821 satisfecit
2491 3768 2757 3821 Arnobius
2785 3767 2853 3820 de
2882 3768 3190 3821 testimonio
3218 3767 3522 3837 sapientiae,
3551 3777 3608 3825 et

2014 3856 2159 3928 quod
2188 3858 2244 3912 in
2272 3855 2385 3911 Deo
2410 3870 2627 3927 semper
2655 3855 2831 3922 fuerit,
2874 3861 2929 3909 et
2951 3853 3097 3923 quod
3124 3863 3307 3910 creata
3333 3855 3387 3909 in
3416 3859 3605 3912 menti-

2014 3952 2115 4006 bus
2144 3951 2214 4007 sit
2258 3965 2288 4005 a
2314 3950 2445 4017 Deo,
2477 3950 2567 4019 qui
2609 3949 2721 4005 vias
2748 3949 2969 4019 cupiunt
3014 3947 3289 4003 ambulare
3326 3948 3604 4006 virtutum.

2015 4042 2071 4098 Si
2093 4042 2220 4111 quid
2248 4050 2331 4098 est
2358 4042 2502 4112 quod
2530 4041 2794 4111 Serapion
2823 4041 3120 4109 interroget
3144 4039 3439 4095 audiamus.

2084 4133 2560 4205 XlV.—Serapion
2581 4133 2716 4189 dixit
2741 4132 2831 4188 :Si
2861 4133 3161 4204 priorDeus
3188 4148 3284 4188 cor
3308 4131 3530 4187 mundat
3549 4141 3609 4189 et

2015 4227 2331 4296 sapientiam
2349 4241 2457 4280 non
2476 4234 2644 4291 creat,
2660 4241 2768 4279 non
2798 4224 2996 4279 habent
3017 4224 3227 4295 culpam
3246 4225 3291 4279 si
3311 4225 3365 4279 in
3386 4225 3487 4280 viis
3510 4225 3605 4283 Dei

2017 4333 2124 4373 non
2155 4316 2909 4371 ambulaverint.—Arnobius
2927 4316 3061 4370 dixit
3086 4333 3098 4368 :
3131 4316 3322 4371 Salvus
3344 4315 3414 4370 sit
3433 4326 3604 4374 status

2015 4410 2391 4483 disputationis
2416 4418 2644 4464 nostr-.13:
2662 4409 2728 4463 de
2746 4408 2859 4464 Deo
2879 4408 3021 4463 enim
3042 4422 3203 4478 agere
3221 4410 3480 4479 cmpimus
3501 4410 3602 4465 Pa-

2018 4510 2118 4565 tre,
2141 4501 2363 4563 etFilio,
2388 4511 2442 4556 et
2456 4500 2656 4571 Spiritu
2672 4508 2876 4567 sancto,
2891 4508 2946 4556 et
2962 4510 3293 4572 assumptum
3316 4510 3398 4558 est
3412 4502 3479 4558 ad
3498 4504 3602 4560 hoc

1510 4586 1620 4641 FB.
1662 4588 2147 4650 FEU-ARIENTI]
2187 4591 2413 4647 NOTAE.

382 4685 411 4759 ξι
452 4674 511 4728 Ill
554 4675 786 4744 vulgatis
812 4676 1001 4733 Bibliis
1027 4677 1269 4775 lggimus,
1296 4683 1383 4736 τὸν
1412 4683 1592 4737 ἑαυτοῦ
1624 4682 1800 4753 θρόνον
1825 4683 1904 4741 ἐπ’

2013 4689 2142 4775 [iam
2166 4683 2308 4738 LXX
2332 4686 2547 4775 habent,
2586 4688 2699 4775 ἔχωι
2714 4690 2859 4775 73an
2928 4691 3303 4775 ’ξιςῆιξσὰχσςιρενζ
3328 4691 3559 4775 lrenmns
3584 4712 3598 4749 :

302 4749 667 4828 musteum
685 4758 967 4828 secerneret
986 4748 1156 4828 sedem
1172 4766 1323 4828 suam
1342 4767 1492 4820 super
1507 4748 1773 4828 cantuset
1793 4770 1905 4809 cunt

301 4816 503 4895 nitidas
520 4817 717 4895 faceret
737 4816 953 4895 desuper
975 4817 1150 4895 nubes.
1172 4818 1368 4874 Verum
1396 4816 1535 4890 apud
1556 4822 1903 4895 Cyprianum,

301 4894 357 4938 ut
393 4884 557 4939 habet
586 4886 675 4941 hic
720 4884 988 4943 Arnobius
1020 4907 1031 4941 :
1083 4887 1288 4944 Etcum
1334 4884 1619 4948 secerneret
1638 4884 1788 4949 'suam
1828 4884 1906 4951 se;

303 4955 460 5034 item;
488 4971 603 5034 cum
625 4972 779 5034 super
805 4967 980 5034 ventos
1026 4960 1450 5034 validasfaceret
1478 4961 1698 5034 desuper
1726 4964 1901 5020 nubes.

304 5022 466 5108 Apud
494 5022 753 5108 Hilarium
776 5027 966 5108 eodem
994 5030 1167 5108 modo.
1192 5048 1202 5083 :
1231 5022 1415 5101 Itaque
1442 5049 1540 5108 v03;
1561 5022 1745 5101 fortes,
1771 5039 1907 5108 refe-

303 5093 694 5182 rendamest‘ad.
711 5097 1062 5182 nubes,nnon.
1098 5098 1167 5153 ad
1207 5093 1405 5182 venth
1439 5121 1451 5155 :
1486 5099 1671 5182 Graece
1696 5093 1907 5182 ξὰχόρά

302 5166 445 5242 ζέφη.
475 5162 833 5242 Tertullianus
865 5186 877 5221 :
902 5162 1099 5223 ’Fortia
1129 5171 1323 5225 nubila.
1350 5171 1616 5242 Pagninus
1645 5193 1657 5228 :
1687 5162 1906 5239 Qu'dn'do

300 5231 556 5307 firmabat
582 5238 730 5291 caelos
761 5237 993 5306 desuper.

376 5303 403 5341 δ
444 5303 613 5381 _Vetus
659 5308 852 5381 codex‘,
886 5303 1019 5381 'cum
1057 5321 1241 5367 certus.
1275 5314 1540 5381 Quoniam
1584 5313 1768 5370 Grrcce
1823 5326 1907 5371 est

218 5382 221 5389 ’
305 5374 543 5496 iugula);
590 5380 781 5453 πηγὰς.
810 5372 1110 5450 Cyprianus
1155 5400 1167 5435 :
1200 5381 1270 5437 Et
1286 5372 1415 5440 cum
1449 5386 1782 5455 conﬁrmatos
1810 5404 1904 5455 po-

303 5459 370 5496 πε
405 5454 457 5496 at
489 5450 656 5496 fontes
684 5445 777 5496 sub
798 5450 940 5496 cmlo-
964 5450 1185 5496 Tertull-
1213 5455 1312 5496 adv
1366 5456 1765 5496 “nr-Innonnpm'
1789 5476 1799 5486 -
1839 5457 1904 5496 ΡΙ

303 5445 777 5524 nebat‘fontes'sub
798 5445 940 5524 cailo.
964 5450 1186 5507 Tertull.
1213 5455 1330 5508 adv.
1366 5445 1765 5524 Hermogenem
1789 5445 1904 5513 {Et

2009 4756 2125 4834 Ego
2154 4774 2296 4834 erant
2324 4755 2779 4834 cuiadgaudeba't.
2814 4755 3055 4822 Quotidie
3075 4755 3251 4834 autem
3273 4764 3609 4834 jucundabar

2008 4826 2079 4881 iii
2093 4828 2226 4898 facie
2244 4827 2376 4898 ejus,
2406 4828 2460 4880 in
2482 4826 2620 4881 omni
2645 4826 2888 4898 tempore,
2921 4846 3038 4883 cum
3065 4826 3348 4888 laetaretur.
3375 4833 3597 4887 Tertull.

2009 4898 2218 4987 advari.
2257 4898 2687 4987 Hermogenem:
2717 4898 2825 4983 Ego
2855 4916 2996 4954 eram
3021 4903 3092 4955 ad
3118 4921 3270 4987 quam
3298 4902 3557 4987 gaudebqtl
3583 4918 3599 4953 :

2009 4968 2233 5043 quotidie
2260 4976 2428 5020 autem
2451 4968 2741 5043 oblectabar
2764 4968 2823 5043 in
2852 4988 3071 5041 persona
3090 4968 3218 5043 ejus,
3243 4968 3451 5043 quando
3474 4968 3607 5023 oble-

2011 5038 2247 5110 ctabatur
2277 5053 2390 5090 cum
2405 5041 2701 5110 perfecisset
2730 5038 2922 5094 orbem.

2082 5107 2108 5144 ά
2149 5107 2508 5181 Hieronymus
2554 5112 2829 5181 explicans
2882 5111 3013 5181 illud
3052 5111 3198 5181 Isaiae
3254 5107 3403 5181 (Cap.
3440 5111 3598 5181 alii):

2013 5175 2409 5253 Geneintioneln
2431 5179 2543 5253 ejus
2557 5175 2676 5253 quis
2708 5178 3009 5253 enarrabit?
3028 5179 3131 5230 ait:
3157 5175 3308 5253 istud
3331 5175 3394 5253 de
3415 5175 3603 5253 divini-

2009 5256 2115 5301 tate
2140 5247 2265 5301 Filii
2296 5244 2653 5318 accipiendum
2689 5260 2782 5312 est,
2814 5249 2950 5318 quod
2979 5244 3292 5318 impossibile
3319 5249 3386 5301 sit
3415 5250 3602 5307 divinis

2009 5315 2515 5398 nativitatisnnosse
2577 5315 2837 5393 mysteria.
2884 5315 2974 5398 ‘Pe
3047 5315 3147 5385 ana
3203 5316 3312 5398 ipse
3374 5320 3600 5397 loquitur

2007 5389 2060 5440 in
2083 5386 2375 5444 Proverbiis
2399 5406 2416 5443 :
2446 5390 2579 5443 Ante
2613 5384 2786 5443 6mnes
2816 5384 2971 5459 colles
2997 5384 3259 5459 generavit
3283 5408 3382 5446 me.

2081 5469 2104 5495 ο
2144 5459 2235 5514 Sic
2261 5460 2594 5517 correximus
2640 5473 2739 5527 pro
2784 5453 3016 5521 credam,
3042 5456 3187 5528 quod
3241 5469 3360 5517 erat
3387 5463 3439 5517 in
3490 5471 3597 5518 vet.

305 5526 423 5598 cum
449 5517 633 5598 ﬁrmos
658 5521 881 5598 ponebat
909 5523 1075 5598 fontes
1110 5525 1363 5598 ejusque:
1390 5526 1481 5581 sub
1512 5517 1635 5580 caelo
1671 5536 1769 5581 est.
1804 5528 1901 5587 Hic
2003 5528 2129 5598 cod.

303 5582 374 5638 ad
402 5582 626 5644 verbum
647 5582 919 5647 transfert"
930 5594 1092 5652 verba
1120 5582 1281 5649 LXX'.
1309 5596 1490 5651 iremci
1521 5606 1700 5652 autem
1728 5582 1897 5653 inter;

2078 5595 2097 5635 ί
2140 5589 2290 5656 Hanc
2309 5594 2820 5670 allegoriamfateor
2846 5595 2978 5654 mihi
3004 5596 3419 5670 perobscuram;
3456 5599 3600 5670 arbi-

338 5659 631 5750 fgsxerba
644 5654 853 5750 Aquila
876 5671 929 5750 et
959 5660 1365 5750 Theodotioniz,
1404 5669 1493 5739 qui
1524 5666 1748 5726 ἄϐνστον
1777 5683 1897 5725 ver—
2001 5654 2674 5750 trogqnealiqpo'tmenda
2721 5680 2861 5750 esse,
2884 5654 3020 5750 qua;
3055 5654 3598 5729 noninisiﬂin'elloris

460 5724 636 5810 uoco
651 5806 659 5810 _
675 5724 739 5810 rb
763 5732 853 5787 ὑπ’
875 5733 1103 5810 οῷρανὸν.

377 5790 402 5835 ³
442 5790 614 5855 Vetus
634 5798 824 5869 codex,
852 5790 1098 5876 ad'quem
1135 5806 1389 5877 gaudebat
1416 5810 1470 5862 iu
1492 5808 1679 5880 facient
1705 5816 1890 5863 meanti

2001 5732 2203 5797 codicis
2231 5732 2429 5811 auxilio
2458 5732 2655 5806 corrigi
2674 5732 2919 5809 possth

3593 5782 3649 5949 ξε.
