4246 6264
628 342 729 396 265

1969 329 2240 387 ΛΚΝΟΒΙΙ
2277 328 2581 385 JUNIORIS

3809 319 3915 375 284

627 450 1012 512 testimonium,
1028 454 1084 501 ut
1097 444 1406 501 ostenderes
1425 441 1518 498 Dei
1532 442 1722 497 Filium
1735 451 2054 497 creaturam.
2073 441 2214 496 Hac-
2243 447 2288 504 Α
2322 441 2590 521 Arnobius
2603 439 2736 494 dixit
2763 457 2774 491 :
2801 439 2992 492 Portas
3013 436 3205 492 inferni
3237 437 3354 491 illas
3373 435 3600 491 dicimus
3615 449 3749 504 quas
3769 434 3920 503 prin-

629 553 785 597 tenus
814 539 1146 606 ostendimus
1183 534 1500 604 sapientiam
1531 534 1583 588 in
1623 533 1736 588 Deo
1765 532 1928 588 fuisse
1971 547 2212 604 semper,

2318 533 2465 602 cipes
2492 530 2651 599 hujus
2677 529 2861 583 mundi
2891 529 3091 584 divitiis
3119 537 3173 582 ct
3200 528 3572 598 passionibus,
3622 526 3918 596 impietati-

627 635 935 700 iiistuiiique
963 637 1044 684 est
1073 636 1130 682 ut
1153 626 1220 681 de
1242 626 1444 680 deitate
1465 633 1520 680 et
1539 625 1800 680 Trinitate
1831 632 2012 680 nostra
2035 631 2216 679 currat
2301 625 2417 679 'bus
2446 633 2502 678 et
2537 621 2853 677 criminibus
2882 621 2935 675 in
2982 621 3263 675 introitum
3292 627 3568 689 perpetua:
3596 618 3786 672 mortis
3822 633 3921 688 po-

630 724 886 785 intentio;
919 730 1096 775 tamen
1130 718 1434 772 transitorie
1473 717 1637 772 etiam
1664 717 1749 770 hic
1778 715 1968 770 damus
1995 730 2218 784 respon-

628 831 762 868 sum.
806 813 944 866 Deus
992 811 1132 865 sicut
1176 825 1518 878 personarum
1555 818 1804 878 acceptor
1853 808 2065 878 penitus
2113 823 2218 860 non

628 915 702 961 est
733 903 907 975 (Rom.
941 921 996 967 ιι,
1025 902 1120 966 ll;
1164 900 1279 954 Act.
1325 917 1376 955 x.
1413 900 1525 968 54),
1557 900 1636 956 sic
1657 899 1962 954 considerat
1989 907 2216 962 mentes,

630 1006 686 1052 et
711 995 905 1061 studia,
938 1003 992 1048 et
1013 992 1367 1062 cogitationes
1396 991 1624 1045 filiorum
1649 989 1796 1056 Adae,
1820 997 1876 1044 et
1904 991 2053 1044 novit
2081 989 2221 1059 cpti-

632 1104 718 1143 me
737 1086 864 1156 quid
883 1085 1078 1140 debeat
1106 1084 1174 1138 de
1196 1083 1448 1138 thesauro
1473 1097 1572 1136 suo
1611 1081 1856 1151 proferre
1903 1099 1914 1133 :
1949 1091 1975 1118 δ
2006 1089 2060 1135 et
2085 1081 2222 1136 sicut

631 1181 795 1249 exigit
814 1179 930 1248 ejus
969 1177 1214 1247 aequitas,
1244 1175 1324 1230 sic
1367 1175 1591 1228 donare.
1629 1171 1697 1226 Et
1723 1172 1876 1238 ideo,
1909 1173 2047 1226 sicut
2091 1171 2222 1226 dicit

629 1272 920 1342 Apostolus
952 1289 964 1323 :
993 1267 1117 1324 Non
1144 1274 1221 1322 est
1258 1282 1600 1338 personarum
1627 1265 1857 1334 acceptio
1887 1263 2028 1331 apud
2055 1262 2222 1316 Deum

632 1345 791 1434 (Eph.
826 1378 896 1426 v1,
928 1358 993 1427 9;
1022 1359 1217 1415 Coloss.
1253 1376 1309 1414 ιιι
1328 1401 1343 1426 ,
1373 1357 1464 1429 25)
1484 1399 1500 1425 ,
1528 1359 1607 1414 sic
1635 1358 1748 1428 ipse
1770 1356 1898 1412 dicit
1925 1374 1938 1408 ε
1972 1355 2223 1427 Nunquid

629 1471 804 1510 omnes
833 1453 1090 1525 apostoli?
1111 1451 1363 1523 Nunquid
1391 1467 1566 1505 omnes
1591 1450 1856 1522 prophetae
1886 1447 1929 1519 (l
1973 1445 2094 1502 Cor.
2126 1463 2219 1511 xu,

629 1545 728 1612 9.9;
761 1544 896 1617 Eph.
924 1562 996 1608 iv,
1027 1543 1150 1614 ll)?
1179 1542 1329 1598 Sicut
1357 1556 1486 1610 ergo
1511 1549 1716 1597 certum
1746 1539 1910 1608 geris,
1934 1537 2079 1607 quod
2098 1552 2224 1607 per-

630 1655 884 1696 sonarum
931 1645 1183 1706 acceptor
1230 1651 1337 1690 non
1391 1635 1482 1700 sit,
1530 1635 1609 1689 sic
1653 1641 1860 1689 certum
1905 1646 2036 1701 gere
2077 1630 2224 1701 quod

631 1731 793 1785 etiam
823 1728 1136 1783 distributor
1157 1741 1263 1781 non
1286 1725 1356 1780 sit
1376 1723 1633 1792 injustus:
1670 1720 1929 1792 quidquid
1957 1721 2098 1776 circa
2124 1721 2222 1774 hu-

2313 713 2580 777 'suerunt:
2615 734 2713 789 per
2739 733 2874 788 quas
2896 716 3270 786 ingrediuntur
3291 715 3591 770 idololatra:
3616 711 3920 767 daemonum
3978 777 3987 788 .

2321 811 2541 882 templa,
2565 824 2753 864 verum
2782 808 2950 862 Deum
2976 822 3080 862 non
3107 807 3377 869 timentes,
3410 811 3713 858 metuentes
3725 811 3920 860 autem

2325 902 2580 972 ﬁgmenta
2603 900 2909 955 vanissima.
2937 898 3148 953 Habent
3174 906 3230 952 et
3256 897 3390 952 alias
3416 904 3620 967 portas,
3651 910 3749 964 per
3787 909 3922 963 quas

2324 995 2697 1065 ingrediuntur
2741 1006 3026 1063 synagoga:
3071 989 3403 1062 synedrium,
3434 984 3706 1042 Christum
3742 987 3922 1041 Domi-

2327 1105 2454 1144 num
2502 1088 2669 1142 Deum
2720 1085 3072 1153 denegantes.
3102 1084 3314 1138 Habent
3343 1092 3398 1138 et
3426 1082 3561 1137 alias
3588 1089 3794 1150 portas,
3827 1095 3924 1152 per

2324 1194 2461 1249 quas
2480 1177 2853 1247 ingrediuntur
2866 1175 2932 1230 ad
2962 1175 3266 1230 doctrinam
3290 1173 3666 1229 haereticorum
3686 1182 3741 1228 et
3762 1171 3926 1227 schis-

2324 1271 2644 1326 maticorum
2690 1277 2884 1323 sectas.
2931 1264 3140 1320 llabcnt
3168 1272 3224 1320 et
3275 1263 3410 1319 alias
3437 1272 3639 1334 portas,
3675 1277 3773 1333 per
3791 1277 3924 1333 quas

2272 1429 2275 1431 _
2327 1371 2686 1433 stupratores,
2712 1359 2962 1425 adulteri,
2987 1359 3362 1422 fornicatores,
3387 1357 3728 1427 plagiatores,
3756 1354 3920 1418 fures,

2326 1455 2647 1526 blasphemi,
2681 1452 3032 1520 omniumque
3079 1450 3159 1505 rei
3209 1448 3493 1505 criminum
3529 1447 3919 1518 ingrediuntur.

2329 1544 2422 1600 His
2448 1543 2783 1615 principibus
2814 1543 2867 1596 in
2891 1541 3126 1596 adventu
3156 1540 3367 1596 Domini
3416 1539 3585 1594 nostri
3615 1537 3742 1593 Jesu
3770 1537 3925 1593 Chri-

2329 1637 2397 1693 sti
2420 1637 2708 1692 clamatum
2738 1643 2822 1690 est
2849 1650 2880 1689 a
2909 1633 3111 1704 Spiritu
3142 1642 3330 1689 sancto
3353 1651 3364 1686 :
3385 1631 3568 1687 Tollite
3587 1643 3786 1704 portas,
3819 1640 3922 1687 etc.

2331 1726 2448 1796 (Ps.
2480 1742 2629 1788 xxnt,
2665 1726 2714 1791 7,
2749 1723 2834 1795 9).
2869 1725 2949 1780 llli
2978 1725 3121 1780 enim
3149 1739 3277 1780 vere
3308 1723 3633 1794 temporales
3651 1738 3758 1777 non
3780 1731 3926 1788 sunt,

633 1836 848 1876 manum
876 1833 1043 1888 genus
1080 1817 1288 1874 fecerit.
1317 1815 1529 1886 penitus
1568 1814 1713 1868 nulla
1744 1821 1924 1883 potest
1954 1813 1978 1850 ιι
2011 1812 2220 1867 ratione

2327 1822 2380 1876 in
2407 1823 2604 1892 quibus
2643 1819 3026 1874 immortalitas
3075 1819 3148 1874 ita
3189 1826 3397 1887 regnat,
3429 1828 3489 1872 ut
3529 1825 3699 1886 portae
3733 1815 3926 1888 inferni

632 1911 1052 1982 reprehensibile
1075 1908 1319 1963 inveniri.
1344 1908 1487 1963 Sane
1507 1923 1595 1960 cor
1624 1905 1872 1960 mundum
1902 1907 2068 1958 creari
2083 1905 2137 1958 in
2167 1921 2222 1958 se

633 2005 798 2060 David
813 2003 1024 2058 fletibus
1033 2009 1090 2056 et
1102 2000 1388 2070 gemitibus
1401 1997 1967 2070 postulavit(Ps.t.,12)
1977 2038 1990 2051 .
2009 1997 2224 2052 Imitare

635 2097 800 2151 David
828 2097 882 2149 in
922 2091 1234 2164 pcenitendo
1255 2092 1382 2147 etin
1413 2089 1725 2160 accipiendo
1754 2088 2022 2159 particeps
2051 2087 2224 2142 factus

631 2189 810 2246 cordis
848 2186 1031 2242 mundi
1061 2195 1116 2241 et
1151 2183 1469 2255 sapientiam
1511 2184 1564 2238 in
1607 2191 1661 2238 te
1703 2190 2002 2237 creatorem
2056 2180 2224 2235 Deum

637 2295 660 2322 ε
690 2281 1064 2352 gratulaberis.
1097 2277 1250 2333 Nunc
1277 2286 1456 2332 autem
1485 2275 1551 2330 ad
1583 2276 1889 2331 testimonia
1919 2290 1949 2327 a
1973 2282 2027 2326 te
2049 2273 2223 2343 posita

633 2382 1080 2429 revertamur.—-
1116 2369 1375 2438 Serapion
1417 2367 1550 2421 dixit
1595 2384 1608 2418 :
1660 2363 1951 2419 Memoravi
1998 2361 2225 2433 lapidem

633 2482 780 2537 quem
825 2463 1163 2534 reprobarunt
1211 2460 1553 2530 wdiﬁcantes,
1586 2471 1653 2512 eo
1681 2454 1825 2526 quod
1873 2456 2040 2525 [actus
2073 2455 2142 2507 sit
2170 2454 2224 2506 in

609 2566 787 2629 caput
813 2554 990 2626 anguli
1014 2553 1130 2626 (Ps.
1157 2568 1316 2612 cxvu,
1346 2549 1448 2615 22;
1477 2547 1667 2602 Matth.
1703 2562 1813 2611 xxi,
1844 2543 1965 2615 42);
1997 2544 2021 2581 ἀ
2050 2545 2154 2598 hoc
2193 2559 2224 2598 a

633 2650 860 2706 Domino
885 2647 1083 2702 factum
1104 2653 1187 2700 est
1206 2643 1446 2697 mirabile
1475 2641 1527 2694 in
1550 2640 1722 2695 oculis
1748 2635 2224 2693 nostris.-——Arno-

632 2742 751 2799 bius
771 2741 937 2797 dixit:
963 2739 1087 2794 Tria
1107 2739 1160 2792 in
1176 2739 1280 2792 hoc
1293 2736 1413 2790 loco
1433 2732 1721 2803 quazrenda
1735 2740 1885 2787 sunt:
1904 2731 1996 2799 qui
2011 2739 2135 2783 sunt
2148 2744 2223 2783 τε·

633 2837 928 2900 dilicantes,
941 2832 1069 2902 quid
1080 2831 1424 2894 aulilicantes,
1437 2835 1492 2882 et
1505 2827 1595 2897 qui
1607 2826 1959 2896 reprobantes
1972 2821 2221 2892 lapidem.

636 2925 984 2982 Ediﬁcantes
997 2937 1224 2990 namque
1236 2919 1262 2974 J
1270 2919 1404 2974 udzci
1415 2934 1576 2991 super
1589 2915 1988 2971 fundamentum
2003 2912 2228 2984 prophe-

636 3028 832 3082 tarum,
851 3014 1135 3070 Dominum
1154 3020 1394 3068 nostrum
1414 3011 1598 3066 Jesum
1619 3008 1890 3064 Christum
1913 3008 1978 3062 de
2001 3021 2225 3060 numero

636 3109 793 3179 hujus
820 3106 1187 3163 :edilicationis
1218 3123 1323 3160 non
1351 3105 1526 3160 solum
1558 3103 2003 3173 reprobaverunt,
2040 3115 2226 3154 verum

2327 1929 2432 1968 non
2465 1913 2791 1984 pmvaleant
2817 1911 3074 1967 adversus
3103 1927 3253 1976 eam;
3286 1927 3384 1982 per
3405 1911 3550 1981 ipsas
3579 1911 3723 1964 enim
3755 1911 3926 1967 intro-

2325 2005 2422 2060 ivit
2451 2005 2566 2060 Rex
2596 2005 2780 2074 gloria:
2800 2020 2922 2061 cum
2953 2003 3203 2060 omnibus
3223 2003 3353 2058 suis.

2397 2097 2454 2152 Si
2495 2097 2749 2166 inquiris,
2795 2097 2914 2166 quis
2955 2096 3055 2150 iste
3100 2094 3213 2148 Rex
3261 2093 3475 2162 glorias,
3525 2092 3708 2160 audies
3755 2092 3926 2163 ipsum

2329 2190 2597 2244 dicentem
2619 2189 2879 2258 Spiritum
2901 2196 3145 2242 sanctum
3165 2205 3177 2239 :
3203 2185 3459 2241 Dominus
3480 2188 3630 2258 [ortis
3649 2193 3700 2240 et
3716 2193 3922 2256 potens,

2326 2281 2581 2336 Dominus
2607 2288 2791 2352 potens
2811 2283 2865 2333 in
2895 2280 3096 2349 prwlia.
3125 2280 3265 2334 Sunt
3279 2279 3422 2333 enim
3446 2277 3843 2349 portaejustitiaa
3871 2277 3926 2334 in

2326 2376 2545 2430 auribus
2566 2374 2840 2428 hominum
2857 2375 3066 2443 positae,
3080 2373 3148 2428 ad
3163 2389 3298 2444 quas
3313 2390 3492 2428 sermo
3511 2373 3632 2429 lidei
3647 2373 3928 2429 catholica:

2324 2467 2521 2522 clamat
2541 2465 2726 2520 dicens
2743 2483 2754 2516 :
2771 2465 2978 2534 Aperite
3000 2464 3126 2517 mihi
3141 2473 3322 2532 portas
3336 2465 3579 2534 justitiw,
3595 2473 3643 2518 et
3664 2465 3930 2536 ingressus

2324 2559 2377 2610 in
2398 2573 2487 2609 eas
2519 2555 2803 2626 conﬁtebor
2819 2555 3040 2610 Domino
3069 2553 3239 2624 (Psal.
3265 2571 3424 2619 cxvii,
3452 2554 3562 2624 l9).
3588 2555 3707 2624 Ipse
3745 2564 3927 2610 autem

2325 2662 2504 2702 sermo
2533 2656 2885 2716 posteaquam
2926 2645 3189 2700 introierit
3230 2660 3328 2715 per
3367 2660 3526 2700 aures
3567 2645 3618 2699 in
3652 2645 3928 2700 civitatem

2325 2738 2784 2802 anin1:e,ostendit
2814 2737 2863 2792 ei
2885 2744 3093 2806 portam
3116 2737 3239 2791 vita:
3265 2745 3508 2802 arteriae;
3535 2745 3591 2791 et
3616 2736 3767 2800 dicit,
3795 2735 3931 2792 Haac

2325 2839 2478 2902 porta
2506 2829 2738 2894 Domini,
2762 2831 2892 2902 justi
2912 2829 3175 2911 intrabunt
3204 2832 3259 2884 in
3285 2847 3421 2885 eam.
3469 2830 3766 2900 Angustum
3795 2847 3933 2888 sane

2327 2924 2606 2979 introitum
2629 2924 2680 2978 in
2699 2925 2802 2978 isto
2819 2923 3018 2978 munito
3048 2923 3246 2978 habere
3275 2939 3304 2978 a
3329 2924 3556 2979 Domino
3585 2933 3772 2979 nostro
3801 2923 3928 2984 Jesu

2327 3016 2540 3072 Christo
2557 3015 2878 3080 ostenditur,
2895 3013 2987 3070 Sed
3008 3027 3106 3084 per
3117 3013 3257 3068 viam
3279 3013 3395 3083 ejus
3424 3015 3854 3083 angustissimam
3873 3023 3927 3070 et

2328 3118 2530 3164 arctam
2554 3107 2620 3161 ad
2637 3107 2951 3162 latissimum
2983 3106 3105 3159 vitae
3131 3113 3347 3160 mterna:
3371 3105 3647 3159 introitum
3672 3105 3926 3180 asseritur

635 3209 690 3257 et
709 3200 1108 3257 crucitixerunt.
1141 3199 1243 3276 Hic
1265 3200 1332 3253 ab
1356 3197 1642 3252 incredulis
1667 3193 1963 3266 reprobatus
1996 3195 2130 3264 (Act.
2151 3210 2219 3259 tv,
2253 3187 2298 3250 C
2329 3201 2420 3269 qui
2441 3200 2678 3254 ambulat
2695 3199 2994 3269 pervenire.
3011 3196 3066 3252 Si
3088 3198 3303 3266 quidem
3327 3198 3492 3268 ipsius
3511 3215 3606 3254 ore
3618 3199 3828 3254 Domini
3850 3198 3926 3254 af-

613 3294 746 3366 ΑΙ),
775 3294 920 3362 seda
941 3293 1052 3347 Deo
1080 3294 1132 3346 in
1157 3300 1310 3361 caput
1339 3289 1516 3360 anguli
1547 3289 1713 3359 factus
1742 3297 1836 3352 est,
1860 3295 1916 3338 ut
1943 3286 2072 3338 duos
2101 3302 2225 3339 con-

636 3387 778 3441 deret
805 3388 859 3440 in
905 3384 1177 3453 semetipso
1205 3379 1365 3452 (Eph.
1410 3396 1466 3444 ιι,
1502 3376 1624 3448 15);
1666 3386 1720 3431 et
1743 3373 1892 3430 ﬁeret
1920 3392 1986 3430 ex
2027 3375 2143 3443 lege
2173 3383 2227 3430 et

636 3477 929 3550 prophetis,
961 3489 1081 3545 quae
1119 3489 1149 3527 a
1179 3472 1362 3542 Moyse
1401 3477 1640 3540 coeperat
1665 3467 1901 3538 perfecta
1929 3463 2129 3521 fabrica
2173 3468 2227 3521 in

636 3569 872 3633 Christo,
902 3567 970 3621 de
995 3581 1120 3635 quo,
1152 3563 1275 3618 novi
1298 3561 1626 3616 Testamenti
1657 3561 1836 3630 apices
1873 3576 2028 3614 suum
2055 3559 2230 3629 parie-

637 3670 746 3716 tem
798 3661 1078 3722 habentes,
1111 3657 1216 3711 hoc
1243 3655 1485 3724 angulari
1517 3653 1690 3724 lapide
1728 3670 1887 3707 unam
1937 3651 2232 3710 Ecclesiam

636 3769 703 3807 ex
728 3754 973 3821 utrisque
1015 3750 1257 3821 apicibus
1297 3748 1568 3804 dedicaret
1599 3747 1688 3802 ille
1723 3748 1813 3816 qui
1852 3747 1986 3802 dixit
2012 3745 2173 3802 Petro
2217 3764 2229 3797 :

638 3843 807 3915 Super
843 3845 976 3896 hanc
1031 3853 1231 3914 petram
1285 3838 1554 3910 wdificabo
1607 3838 1895 3892 Ecclesium
1946 3855 2132 3901 meam,
2183 3847 2234 3890 et

637 3946 798 4007 portae
842 3936 998 4006 inferi
1045 3950 1148 3989 non
1182 3931 1597 4002 prwralebuntci
1646 3929 1858 3999 (Matth.
1885 3944 1990 3992 xvr,
2017 3927 2134 3998 i8).
2159 3959 2231 3968 —

638 4027 899 4098 Serapion
939 4027 1074 4080 dixit
1101 4043 1112 4078 :
1159 4025 1254 4077 Dic
1283 4023 1438 4076 nobis
1466 4037 1584 4089 qua:
1612 4021 1719 4078 sint
1749 4027 1918 4089 portae
1946 4018 2228 4072 inferi?—

2331 3288 2570 3342 iirmatur
2592 3288 2858 3341 hortantis
2873 3295 3033 3355 atque
3053 3287 3280 3341 dicentis
3300 3305 3312 3340 :
3333 3286 3536 3342 Intrate
3548 3297 3924 3365 perangustum

2331 3388 2553 3452 portam.
2586 3380 2819 3451 Angusta
2841 3380 2977 3432 enim
3003 3386 3153 3447 porta
3179 3387 3254 3432 est
3283 3397 3398 3452 qua:
3417 3381 3559 3434 ducit
3584 3381 3653 3434 ad
3673 3382 3853 3446 vitam,
3876 3389 3925 3435 et

2332 3472 2483 3540 pauci
2513 3479 2630 3524 sunt
2659 3471 2744 3542 qui
2783 3471 2979 3522 intrant
3006 3485 3098 3539 per
3121 3487 3254 3523 eam.
3291 3469 3426 3524 Lata
3455 3473 3596 3525 enim
3617 3479 3665 3525 et
3693 3473 3925 3542 spatiosa

2329 3561 2417 3614 'via
2445 3568 2519 3614 est
2545 3576 2660 3632 qua:
2687 3559 2828 3613 ducit
2857 3560 2925 3612 ad
2954 3569 3189 3623 mortem,
3213 3571 3263 3614 ct
3291 3563 3438 3616 multi
3468 3570 3587 3616 sunt
3614 3564 3699 3632 qui
3730 3563 3924 3617 intrant

2335 3669 2426 3723 per
2463 3669 2575 3706 eam
2599 3650 2812 3723 (Matth.
2837 3669 2929 3714 vn,
2954 3650 3061 3722 l5).
3094 3685 3167 3694 ——
3191 3651 3406 3708 Judices
3433 3654 3685 3709 dixerunt
3709 3671 3722 3706 :
3748 3652 3924 3707 Arno-

2337 3746 2456 3800 bius
2495 3744 2562 3800 de
2590 3745 2763 3815 portis
2811 3744 3004 3799 inferni
3054 3746 3447 3815 interrogatus,
3491 3755 3546 3801 et
3595 3745 3925 3800 infernorum

2337 3838 2493 3892 nobis
2520 3844 2575 3890 et
2599 3836 2856 3890 caelorum
2888 3836 3092 3906 aperit;
3125 3837 3171 3891 si
3199 3837 3300 3891 alia
3329 3847 3454 3894 sunt
3484 3845 3668 3909 parata
3696 3852 3728 3893 a
3757 3835 3926 3892 Sera-

2337 3930 2497 3998 pione
2512 3972 2524 3986 .
2559 3927 2918 3996 proferantur.

2407 4017 2596 4071 XV.—
2615 4018 2876 4088 Serapion
2898 4019 3061 4073 dixit:
3090 4019 3168 4074 Ad
3189 4023 3507 4092 promissam
3533 4023 3924 4094 expositionem

639 4119 906 4174 Arnobius
925 4116 1059 4170 dixit
1093 4133 1104 4166 :
1132 4114 1320 4167 Adhuc
1358 4112 1425 4165 de
1453 4118 1604 4181 petra
1647 4109 1871 4164 dicenda
1905 4117 1988 4163 est
2016 4110 2232 4179 exposi-
2333 4117 2386 4164 te
2415 4110 2660 4164 traham:
2693 4110 2758 4164 ad
2787 4111 2963 4166 locum
2995 4112 3133 4167 unde
3178 4113 3515 4170 deviavimus
3562 4125 3916 4171 revertamur.

639 4209 736 4272 tio,
765 4222 884 4276 qua:
912 4209 1038 4260 dum
1070 4203 1217 4257 finita
1253 4202 1444 4267 fuerit,
1479 4209 1605 4255 tunc
1631 4202 1698 4255 de
1733 4201 1904 4270 portis
1927 4199 2115 4255 inferni
2144 4216 2231 4256 re-
2330 4233 2403 4243 -—
2423 4201 2690 4256 Arnobius
2717 4203 2888 4256 dixit:
2921 4202 3208 4259 Dominicac
3251 4205 3634 4262 incarnationis
3678 4207 3924 4278 exempla

640 4297 1037 4370 spondebimus.
1065 4294 1424 4364 ——_Serapion
1452 4292 1586 4348 dixit
1611 4312 1623 4344 :
1660 4291 1727 4347 Ut
1747 4293 1983 4348 breviter
2010 4294 2077 4348 de
2105 4309 2231 4364 por-
2332 4293 2659 4366 panduntur,
2677 4293 2894 4365 quando
2915 4295 3069 4365 lapis,
3089 4298 3305 4365 quando
3326 4313 3500 4358 mons,
3519 4283 3734 4370 quando
3754 4300 3922 4368 virga,

641 4390 708 4446 tis
734 4390 926 4446 inferni
970 4389 1115 4445 dicas
1143 4387 1310 4456 exigit
1333 4385 1614 4454 integritas
1654 4384 1809 4440 dicta:
1837 4387 2134 4441 sententiae.
2159 4417 2230 4428 -—
2332 4385 2547 4457 quando
2593 4387 2832 4456 angelus,
2884 4387 3097 4456 quando
3145 4375 3340 4452 homo,
3373 4389 3588 4458 quando
3647 4405 3774 4445 sace
3803 4390 3921 4455 dos,

1810 4497 1920 4554 FB.
1963 4481 2452 4555 FEU-ARDENTII
2489 4498 2716 4554 ΝΟΜ).

2252 4600 2305 4660 D
2335 4610 2444 4649 non
2478 4601 2659 4648 autem
2689 4592 2756 4647 ad
2784 4591 3060 4657 deitatem,
3105 4607 3217 4661 qua.
3240 4608 3365 4647 vere
3395 4601 3477 4646 est
3503 4593 3756 4649 conditor
3799 4596 3922 4650 uni-

2326 4679 2625 4744 versor-um,
2650 4663 3080 4744 quanctloqpidem
3103 4664 3593 4744 Otttltitt‘perjps‘um-
3617 4665 3757 4735 facta
3776 4675 3914 4721 sunt.

712 4607 736 4636 ι
767 4597 932 4650 Vetus
960 4593 1150 4659 codex,
1179 4600 1226 4647 et
1255 4591 1533 4663 sicexigit.

711 4667 738 4707 δ
768 4667 935 4721 Vetus
962 4666 1154 4728 codex,
1177 4661 1584 4732 reprehensione.

715 4751 738 4780 ε
770 4737 938 4791 Vetus
967 4733 1156 4806 codex,
1185 4731 1546 4806 gratulaveris.

709 4809 737 4848 τί
769 4807 848 4862 Ex
878 4807 980 4861 hoc
1007 4805 1127 4860 loco
1149 4801 1370 4874 apparet
1393 4801 1554 4871 quam
1574 4817 1701 4857 vere
1722 4803 1996 4874 scripserit
2018 4802 2226 4874 Tertul-

643 4882 815 4937 lianns
841 4875 1118 4932 haereticus
1146 4872 1264 4929 esse
1285 4881 1588 4943 captatores
1616 4872 2019 4928 vocabulorum.
2050 4872 2228 4941 Siqui-

643 4953 761 5008 dem
775 4949 956 5004 Ariani
984 4959 1172 5000 omnes
1201 4944 1348 4998 locos
1368 4951 1475 4996 tam
1496 4944 1695 4998 veteris
1714 4959 1873 5012 qnam
1897 4944 2018 4997 novi
2042 4943 2228 4998 Testa-

643 5022 842 5082 menti,
900 5017 1096 5087 quibus
1139 5015 1239 5087 vel;
1276 5013 1491 5084 proprie
1535 5013 1618 5087 vel
1660 5013 1942 5087 allegorice
1986 5012 2232 5087 Christus

641 5093 835 5148 dicitur
864 5083 1056 5150 factus,
1087 5083 1444 5144 venabantur,
1473 5083 1816 5152 colligebant,
1849 5085 2113 5152 urgebant
2139 5086 2231 5137 im-

643 5161 1042 5232 portunissime.
1063 5165 1132 5232 ut
1151 5157 1272 5232 inde
1294 5155 1443 5209 illum
1467 5162 1705 5232 creatum
1735 5163 1946 5232 esse,.et
1977 5169 2234 5232 noncon-

641 5223 1047 5285 substantialem
1099 5225 1242 5280 Patri
1286 5234 1486 5279 (eterna
1516 5223 1770 5277 adversus
1818 5223 1974 5277 fidem
2004 5225 2232 5276 catholi-

643 5316 761 5353 cam
802 5299 1203 5354 concluderent.
1250 5294 1563 5362 Hujusmodi
1604 5301 1728 5348 sunt
1764 5292 1826 5362 _hi
1857 5293 1997 5345 lori:
2035 5289 2229 5346 Factus

644 5379 719 5422 est
746 5370 800 5422 in
824 5375 977 5438 caput
1006 5368 1203 5436 anguli.
1233 5360 1428 5438 Factus
1454 5380 1519 5417 ex
1539 5360 1921 5438 semineDavid
1950 5363 2230 5438 secundum

646 5431 1008 5499 carnemeui
1039 5431 1150 5503 post
1180 5452 1260 5489 me
1285 5437 1439 5496 venit,
1471 5443 1592 5487 ante
1619 5450 1698 5486 me
1728 5433 1896 5503 [actus
1922 5441 2017 5485 est.
2064 5431 2230 5503 Tanto

649 5509 828 5561 melior
861 5501 1061 5575 angelis
1089 5505 1318 5573 eﬁ'ectus.
1353 5503 1552 5558 Fidelis
1589 5512 1663 5575 est
1704 5501 1749 5556 ei
1777 5503 1862 5575 qui
1905 5504 2026 5573 fecit
2059 5501 2224 5557 illum.

649 5576 893 5644 Pontifex
923 5573 1086 5645 {actus
1115 5577 1169 5626 in
1197 5583 1438 5628 wternum
1469 5583 1578 5645 etc.
1613 5573 1920 5642 Respondet
1961 5587 2088 5645 vero
2117 5590 2231 5628 ma-

646 5642 1185 5717 gnus'Atlianasius,
1238 5645 1347 5698 lucc
1399 5643 1675 5698 referenda
1721 5659 1839 5698 esse
1887 5642 2229 5717 a.l‘human:n

648 5712 823 5772 carnis
850 5715 1288 5782 assumptionem,
1318 5729 1421 5782 qua
1468 5730 1593 5770 vere
1631 5725 1842 5770 creatus
1866 5723 1920 5768 et
1945 5712 2115 5769 factus
2141 5721 2226 5769 est

649 5796 704 5842 et
729 5789 912 5852 homo.
955 5793 1009 5842 et
1036 5785 1220 5850 frater,
1261 5793 1316 5840 et
1343 5785 1604 5852 minister,
1637 5795 1691 5841 et
1729 5785 1968 5856 pontifex
2008 5792 2220 5851 noster;

2328 4735 2430 4802 Qui
2451 4742 2505 4788 et
2525 4730 2730 4787 rursum
2754 4733 2827 4785 ait
2847 4731 3110 4808 oannes
3134 4730 3349 4786 deFilio
3371 4730 3744 4808 theologicam,
3754 4753 3920 4808 agno-

2329 4821 2570 4876 scensque
2618 4819 2797 4856 vocum
2828 4802 3162 4876 discrimina,
3204 4803 3510 4876 non_dia_:it,
3547 4802 3617 4857 In
3663 4802 3920 4875 principio

2331 4871 2500 4946 [actus
2545 4882 2650 4934 est,
2697 4884 2786 4925 aut
2828 4871 3064 4946 conditus
3103 4882 3217 4926 est:
3245 4873 3354 4946 sed,
3407 4871 3472 4926 In
3511 4871 3763 4946 principio
3808 4871 3920 4936 erat

2342 4943 2580 5006 Verbum,
2603 4952 2660 4995 ut
2685 4945 2784 5013 per
2803 4945 2961 5014 qeniti
2986 4954 3225 4996 naturam
3247 4944 3356 4997 ltwc
3377 4959 3474 4997 v0.1:
3503 4943 3657 5013 (erat)
3680 4943 3916 5000 subaudi-

2333 5023 2512 5068 retur:
2543 5014 2598 5067 id
2625 5029 2840 5075 cavens,
2874 5031 2935 5066 ne
2974 5016 3086 5083 quis
3113 5014 3437 5068 intervallum
3477 5016 3721 5083 temporis
3759 5017 3909 5070 inter-

2330 5086 2542 5138 cessisse
2592 5084 2872 5154 cogituret,
2922 5083 3012 5136 sed
3059 5101 3258 5153 semper
3301 5094 3350 5138 et
3381 5083 3917 5142 a'ternaliter'Filium

2330 5157 2551 5208 existere
2578 5155 2822 5207 crederet.
2859 5153 2981 5207 Inde
3022 5163 3130 5224 tam
3180 5155 3230 5207 in
3274 5154 3713 5224 Nicainiiconcilii
3754 5171 3914 5224 quam

2335 5225 2609 5278 Athanasii
2633 5225 2875 5295 symbolo
2899 5223 3134 5292 profiteri
3159 5224 3427 5292 jubemur,
3453 5223 3644 5278 Filium
3673 5223 3913 5292 genitum

2335 5311 2474 5359 esse,
2507 5296 2598 5349 sed
2631 5311 2734 5348 non
2768 5295 2984 5356 factum,
3021 5302 3124 5348 etc.

2405 5365 2484 5419 Ad
2531 5366 2656 5418 illud
2704 5379 2882 5436 por_r_o,
2932 5363 3063 5416 Ante
3108 5381 3188 5417 me
3227 5366 3393 5436 factus
3439 5366 3914 5436 est,_re3pondent

2335 5434 2646 5489 Ambrosius
2684 5441 2737 5486 et
2783 5432 3236 5503 Chrysostomus:
3258 5435 3307 5487 id
3341 5432 3686 5490 tantumdem
3712 5437 3910 5502 valere,

2338 5513 2497 5578 atque
2526 5503 2652 5578 mihi
2683 5502 2962 5571 praefectus
2991 5515 3040 5558 et
3079 5505 3407 5578 antepositus
3426 5514 3535 5578 es_t;
3561 5507 3710 5578 quia,
3742 5507 3913 5578 ipquit

2337 5574 2500 5645 idem,
2521 5575 2665 5642 prior
2684 5589 2768 5645 me
2788 5582 2895 5645 erat
2919 5584 3168 5645 quatenus
3189 5573 3326 5628 Deus
3345 5583 3441 5629 est.
3466 5573 3710 5645 Etmillnd,
3746 5573 3913 5630 Tanto

2335 5643 2514 5696 melior
2541 5643 2735 5715 angelis
2773 5642 3009 5711 effectus,
3046 5643 3414 5715 ChrysOstomi
3439 5653 3494 5699 et
3523 5643 3912 5715 Theophylacti

2331 5714 2614 5781 sententia,
2645 5714 2788 5769 idem
2814 5723 2897 5770 est
2914 5715 3059 5782 quod
3085 5714 3385 5774 deelaratus
3405 5723 3462 5773 et
3479 5714 3796 5786 patefactus.
