  <div class='ocr_page' id='page_1' title='image "/cluster/home/n/w/nwhite01/storage/ocr_20150623/53/hvd.32044073505232/138.png"; bbox 0 0 4246 6270; ppageno 0'>
   <div class='ocr_carea' id='block_1_1' title="bbox 304 330 406 386">
    <p class='ocr_par' dir='ltr' id='par_1_1' title="bbox 304 330 406 386">
     <span class='ocr_line' id='line_1_1' title="bbox 304 330 406 386; baseline -0.02 0"><span class='ocrx_word' id='word_1_1' title='bbox 304 330 406 386; x_wconf 72' lang='grc'><strong>965</strong></span> 
     </span>
    </p>
   </div>
   <div class='ocr_carea' id='block_1_2' title="bbox 1049 316 2782 397">
    <p class='ocr_par' dir='ltr' id='par_1_2' title="bbox 1049 316 2782 397">
     <span class='ocr_line' id='line_1_2' title="bbox 1049 316 2782 397; baseline 0 -13"><span class='ocrx_word' id='word_1_2' title='bbox 1049 325 1472 393; x_wconf 80' lang='lat' dir='ltr'><strong>CONFLICTUS</strong></span> <span class='ocrx_word' id='word_1_3' title='bbox 1508 328 1598 384; x_wconf 86' lang='lat' dir='ltr'><strong>DE</strong></span> <span class='ocrx_word' id='word_1_4' title='bbox 1636 327 1774 385; x_wconf 82' lang='grc' dir='ltr'><strong>ι)Εο</strong></span> <span class='ocrx_word' id='word_1_5' title='bbox 1812 327 2019 385; x_wconf 74' lang='lat' dir='ltr'><strong>mmo</strong></span> <span class='ocrx_word' id='word_1_6' title='bbox 2054 326 2140 384; x_wconf 81' lang='lat' dir='ltr'><strong>ET</strong></span> <span class='ocrx_word' id='word_1_7' title='bbox 2187 328 2341 397; x_wconf 83' lang='lat' dir='ltr'><strong>UNO,</strong></span> <span class='ocrx_word' id='word_1_8' title='bbox 2380 316 2533 386; x_wconf 70' lang='lat' dir='ltr'><strong>sic.</strong></span> <span class='ocrx_word' id='word_1_9' title='bbox 2575 330 2700 385; x_wconf 89' lang='lat' dir='ltr'><strong>LlB.</strong></span> <span class='ocrx_word' id='word_1_10' title='bbox 2741 330 2782 384; x_wconf 92' lang='grc' dir='ltr'>ι.</span> 
     </span>
    </p>
   </div>
   <div class='ocr_carea' id='block_1_3' title="bbox 2078 220 2251 238">
    <p class='ocr_par' dir='ltr' id='par_1_3' title="bbox 2078 220 2251 238">
     <span class='ocr_line' id='line_1_3' title="bbox 2078 220 2251 238; baseline 0.006 -1"><span class='ocrx_word' id='word_1_11' title='bbox 2078 220 2251 238; x_wconf 57' lang='lat' dir='ltr'><strong>m</strong></span> 
     </span>
    </p>
   </div>
   <div class='ocr_carea' id='block_1_4' title="bbox 3470 329 3573 388">
    <p class='ocr_par' dir='ltr' id='par_1_4' title="bbox 3470 329 3573 388">
     <span class='ocr_line' id='line_1_4' title="bbox 3470 329 3573 388; baseline -0.01 0"><span class='ocrx_word' id='word_1_12' title='bbox 3470 329 3573 388; x_wconf 74' lang='lat'><strong>266</strong></span> 
     </span>
    </p>
   </div>
   <div class='ocr_carea' id='block_1_5' title="bbox 298 442 3568 535">
    <p class='ocr_par' dir='ltr' id='par_1_5' title="bbox 298 442 3568 535">
     <span class='ocr_line' id='line_1_5' title="bbox 298 442 3568 535; baseline 0.002 -38"><span class='ocrx_word' id='word_1_13' title='bbox 298 442 515 510; x_wconf 67' lang='lat' dir='ltr'><strong>quando</strong></span> <span class='ocrx_word' id='word_1_14' title='bbox 538 443 705 500; x_wconf 87' lang='lat' dir='ltr'><strong>etiam</strong></span> <span class='ocrx_word' id='word_1_15' title='bbox 724 444 1113 510; x_wconf 74' lang='lat' dir='ltr'><strong>testimonium;</strong></span> <span class='ocrx_word' id='word_1_16' title='bbox 1134 445 1232 500; x_wconf 89' lang='lat' dir='ltr'><strong>sed</strong></span> <span class='ocrx_word' id='word_1_17' title='bbox 1249 454 1307 500; x_wconf 92' lang='lat' dir='ltr'><strong>et</strong></span> <span class='ocrx_word' id='word_1_18' title='bbox 1326 445 1507 500; x_wconf 70' lang='lat' dir='ltr'><strong>multa:</strong></span> <span class='ocrx_word' id='word_1_19' title='bbox 1526 445 1645 535; x_wconf 68' lang='lat' dir='ltr'><strong>alia:</strong></span> <span class='ocrx_word' id='word_1_20' title='bbox 1662 444 1886 516; x_wconf 81' lang='lat' dir='ltr'><strong>eﬂigies,</strong></span> <span class='ocrx_word' id='word_1_21' title='bbox 1915 448 1964 508; x_wconf 85' lang='grc' dir='ltr'><strong>Α</strong></span> <span class='ocrx_word' id='word_1_22' title='bbox 1997 447 2349 517; x_wconf 83' lang='lat' dir='ltr'><strong>tropologiam</strong></span> <span class='ocrx_word' id='word_1_23' title='bbox 2360 447 2571 504; x_wconf 84' lang='lat' dir='ltr'><strong>Domini</strong></span> <span class='ocrx_word' id='word_1_24' title='bbox 2585 447 2932 519; x_wconf 77' lang='lat' dir='ltr'><strong>pertinentes,</strong></span> <span class='ocrx_word' id='word_1_25' title='bbox 2947 462 3013 502; x_wconf 87' lang='lat' dir='ltr'><strong>ex</strong></span> <span class='ocrx_word' id='word_1_26' title='bbox 3027 447 3220 518; x_wconf 82' lang='lat' dir='ltr'><strong>quibus</strong></span> <span class='ocrx_word' id='word_1_27' title='bbox 3233 462 3394 503; x_wconf 88' lang='lat' dir='ltr'><strong>unam</strong></span> <span class='ocrx_word' id='word_1_28' title='bbox 3408 447 3568 515; x_wconf 88' lang='lat' dir='ltr'><strong>hanc,</strong></span> 
     </span>
    </p>
   </div>
   <div class='ocr_carea' id='block_1_6' title="bbox 297 536 1887 608">
    <p class='ocr_par' dir='ltr' id='par_1_6' title="bbox 297 536 1887 608">
     <span class='ocr_line' id='line_1_6' title="bbox 297 536 1887 608; baseline 0.003 -18"><span class='ocrx_word' id='word_1_29' title='bbox 297 551 434 605; x_wconf 81' lang='lat' dir='ltr'><strong>quas</strong></span> <span class='ocrx_word' id='word_1_30' title='bbox 458 551 654 601; x_wconf 80' lang='lat' dir='ltr'><strong>sensus</strong></span> <span class='ocrx_word' id='word_1_31' title='bbox 677 538 969 593; x_wconf 87' lang='lat' dir='ltr'><strong>catholicus</strong></span> <span class='ocrx_word' id='word_1_32' title='bbox 1004 552 1101 607; x_wconf 90' lang='lat' dir='ltr'><strong>per</strong></span> <span class='ocrx_word' id='word_1_33' title='bbox 1135 538 1252 593; x_wconf 87' lang='lat' dir='ltr'><strong>vias</strong></span> <span class='ocrx_word' id='word_1_34' title='bbox 1289 538 1511 602; x_wconf 87' lang='lat' dir='ltr'><strong>lucidas,</strong></span> <span class='ocrx_word' id='word_1_35' title='bbox 1554 544 1610 593; x_wconf 89' lang='lat' dir='ltr'><strong>et</strong></span> <span class='ocrx_word' id='word_1_36' title='bbox 1657 536 1887 608; x_wconf 83' lang='lat' dir='ltr'><strong>Spiritus</strong></span> 
     </span>
    </p>
   </div>
   <div class='ocr_carea' id='block_1_7' title="bbox 295 628 1886 700">
    <p class='ocr_par' dir='ltr' id='par_1_7' title="bbox 295 628 1886 700">
     <span class='ocr_line' id='line_1_7' title="bbox 295 628 1886 700; baseline 0.003 -17"><span class='ocrx_word' id='word_1_37' title='bbox 295 630 473 684; x_wconf 92' lang='lat' dir='ltr'><strong>sancti</strong></span> <span class='ocrx_word' id='word_1_38' title='bbox 500 628 785 699; x_wconf 74' lang='lat' dir='ltr'><strong>splendore</strong></span> <span class='ocrx_word' id='word_1_39' title='bbox 830 628 1074 694; x_wconf 81' lang='lat' dir='ltr'><strong>radians,</strong></span> <span class='ocrx_word' id='word_1_40' title='bbox 1127 629 1441 694; x_wconf 71' lang='lat' dir='ltr'><strong>ambulans,</strong></span> <span class='ocrx_word' id='word_1_41' title='bbox 1472 629 1679 685; x_wconf 89' lang='lat' dir='ltr'><strong>oranda</strong></span> <span class='ocrx_word' id='word_1_42' title='bbox 1705 632 1886 700; x_wconf 91' lang='lat' dir='ltr'><strong>potius</strong></span> 
     </span>
    </p>
   </div>
   <div class='ocr_carea' id='block_1_8' title="bbox 295 719 1885 794">
    <p class='ocr_par' dir='ltr' id='par_1_8' title="bbox 295 719 1885 794">
     <span class='ocr_line' id='line_1_8' title="bbox 295 719 1885 794; baseline 0.004 -21"><span class='ocrx_word' id='word_1_43' title='bbox 295 735 461 790; x_wconf 87' lang='lat' dir='ltr'><strong>quam</strong></span> <span class='ocrx_word' id='word_1_44' title='bbox 483 719 818 776; x_wconf 89' lang='lat' dir='ltr'><strong>discutienda</strong></span> <span class='ocrx_word' id='word_1_45' title='bbox 846 721 1098 790; x_wconf 77' lang='lat' dir='ltr'><strong>reperiat.</strong></span> <span class='ocrx_word' id='word_1_46' title='bbox 1127 719 1263 775; x_wconf 86' lang='lat' dir='ltr'><strong>Nam</strong></span> <span class='ocrx_word' id='word_1_47' title='bbox 1288 730 1516 792; x_wconf 85' lang='lat' dir='ltr'><strong>petram,</strong></span> <span class='ocrx_word' id='word_1_48' title='bbox 1538 738 1639 794; x_wconf 89' lang='lat' dir='ltr'><strong>per</strong></span> <span class='ocrx_word' id='word_1_49' title='bbox 1665 738 1825 794; x_wconf 90' lang='lat' dir='ltr'><strong>quam</strong></span> <span class='ocrx_word' id='word_1_50' title='bbox 1853 740 1885 779; x_wconf 91' lang='lat' dir='ltr'><strong>e</strong></span> 
     </span>
    </p>
   </div>
   <div class='ocr_carea' id='block_1_9' title="bbox 292 809 1885 881">
    <p class='ocr_par' dir='ltr' id='par_1_9' title="bbox 292 809 1885 881">
     <span class='ocr_line' id='line_1_9' title="bbox 292 809 1885 881; baseline 0.003 -15"><span class='ocrx_word' id='word_1_51' title='bbox 292 810 544 881; x_wconf 82' lang='lat' dir='ltr'><strong>periculo</strong></span> <span class='ocrx_word' id='word_1_52' title='bbox 562 810 678 866; x_wconf 89' lang='lat' dir='ltr'><strong>sitis</strong></span> <span class='ocrx_word' id='word_1_53' title='bbox 698 810 902 880; x_wconf 89' lang='lat' dir='ltr'><strong>positus</strong></span> <span class='ocrx_word' id='word_1_54' title='bbox 927 809 1025 865; x_wconf 85' lang='lat' dir='ltr'><strong>Dei</strong></span> <span class='ocrx_word' id='word_1_55' title='bbox 1044 811 1276 881; x_wconf 83' lang='lat' dir='ltr'><strong>populus</strong></span> <span class='ocrx_word' id='word_1_56' title='bbox 1302 812 1357 867; x_wconf 91' lang='lat' dir='ltr'><strong>in</strong></span> <span class='ocrx_word' id='word_1_57' title='bbox 1384 811 1602 869; x_wconf 88' lang='lat' dir='ltr'><strong>deserto</strong></span> <span class='ocrx_word' id='word_1_58' title='bbox 1626 813 1885 870; x_wconf 88' lang='lat' dir='ltr'><strong>liberatus</strong></span> 
     </span>
    </p>
   </div>
   <div class='ocr_carea' id='block_1_10' title="bbox 290 901 1887 976">
    <p class='ocr_par' dir='ltr' id='par_1_10' title="bbox 290 901 1887 976">
     <span class='ocr_line' id='line_1_10' title="bbox 290 901 1887 976; baseline 0.004 -21"><span class='ocrx_word' id='word_1_59' title='bbox 290 908 405 976; x_wconf 83' lang='lat' dir='ltr'><strong>est,</strong></span> <span class='ocrx_word' id='word_1_60' title='bbox 440 901 711 957; x_wconf 84' lang='lat' dir='ltr'><strong>Christum</strong></span> <span class='ocrx_word' id='word_1_61' title='bbox 740 917 858 958; x_wconf 90' lang='lat' dir='ltr'><strong>esse</strong></span> <span class='ocrx_word' id='word_1_62' title='bbox 898 903 1088 958; x_wconf 87' lang='lat' dir='ltr'><strong>beatus</strong></span> <span class='ocrx_word' id='word_1_63' title='bbox 1129 905 1406 975; x_wconf 83' lang='lat' dir='ltr'><strong>apostolus</strong></span> <span class='ocrx_word' id='word_1_64' title='bbox 1432 904 1630 961; x_wconf 86' lang='lat' dir='ltr'><strong>Paulus</strong></span> <span class='ocrx_word' id='word_1_65' title='bbox 1656 907 1887 962; x_wconf 87' lang='lat' dir='ltr'><strong>asseruit</strong></span> 
     </span>
    </p>
   </div>
   <div class='ocr_carea' id='block_1_11' title="bbox 210 992 1881 1067">
    <p class='ocr_par' dir='ltr' id='par_1_11' title="bbox 210 992 1881 1067">
     <span class='ocr_line' id='line_1_11' title="bbox 210 992 1881 1067; baseline 0 -15"><span class='ocrx_word' id='word_1_66' title='bbox 210 1007 225 1052; x_wconf 70' lang='grc' dir='ltr'><em>κ</em></span> <span class='ocrx_word' id='word_1_67' title='bbox 286 994 479 1050; x_wconf 85' lang='lat' dir='ltr'><strong>dicens</strong></span> <span class='ocrx_word' id='word_1_68' title='bbox 498 1011 512 1047; x_wconf 88' lang='lat'><strong>:</strong></span> <span class='ocrx_word' id='word_1_69' title='bbox 531 992 722 1048; x_wconf 83' lang='lat' dir='ltr'><strong>Patres</strong></span> <span class='ocrx_word' id='word_1_70' title='bbox 740 996 908 1050; x_wconf 89' lang='lat' dir='ltr'><strong>nostri</strong></span> <span class='ocrx_word' id='word_1_71' title='bbox 926 994 1065 1049; x_wconf 87' lang='lat' dir='ltr'><strong>idem</strong></span> <span class='ocrx_word' id='word_1_72' title='bbox 1084 997 1355 1066; x_wconf 83' lang='lat' dir='ltr'><strong>spirituale</strong></span> <span class='ocrx_word' id='word_1_73' title='bbox 1370 996 1608 1067; x_wconf 79' lang='lat' dir='ltr'><strong>poculum</strong></span> <span class='ocrx_word' id='word_1_74' title='bbox 1628 996 1881 1065; x_wconf 83' lang='lat' dir='ltr'><strong>biberunt,</strong></span> 
     </span>
    </p>
   </div>
   <div class='ocr_carea' id='block_1_12' title="bbox 285 1082 1882 1157">
    <p class='ocr_par' dir='ltr' id='par_1_12' title="bbox 285 1082 1882 1157">
     <span class='ocr_line' id='line_1_12' title="bbox 285 1082 1882 1157; baseline 0.005 -22"><span class='ocrx_word' id='word_1_75' title='bbox 285 1082 533 1137; x_wconf 73' lang='lat' dir='ltr'><strong>bibebant</strong></span> <span class='ocrx_word' id='word_1_76' title='bbox 561 1083 626 1136; x_wconf 88' lang='lat' dir='ltr'><strong>de</strong></span> <span class='ocrx_word' id='word_1_77' title='bbox 650 1084 911 1154; x_wconf 87' lang='lat' dir='ltr'><strong>spirituali</strong></span> <span class='ocrx_word' id='word_1_78' title='bbox 932 1088 1262 1155; x_wconf 72' lang='lat' dir='ltr'><strong>consequenti</strong></span> <span class='ocrx_word' id='word_1_79' title='bbox 1286 1104 1375 1143; x_wconf 88' lang='lat' dir='ltr'><strong>eos</strong></span> <span class='ocrx_word' id='word_1_80' title='bbox 1394 1093 1541 1157; x_wconf 90' lang='lat' dir='ltr'><strong>petra</strong></span> <span class='ocrx_word' id='word_1_81' title='bbox 1562 1105 1581 1141; x_wconf 92' lang='lat'><strong><em>:</em></strong></span> <span class='ocrx_word' id='word_1_82' title='bbox 1609 1095 1757 1157; x_wconf 82' lang='lat' dir='ltr'><strong>petra</strong></span> <span class='ocrx_word' id='word_1_83' title='bbox 1784 1106 1882 1143; x_wconf 84' lang='lat' dir='ltr'><strong>au-</strong></span> 
     </span>
    </p>
   </div>
   <div class='ocr_carea' id='block_1_13' title="bbox 285 1172 1883 1251">
    <p class='ocr_par' dir='ltr' id='par_1_13' title="bbox 285 1172 1883 1251">
     <span class='ocr_line' id='line_1_13' title="bbox 285 1172 1883 1251; baseline 0.008 -29"><span class='ocrx_word' id='word_1_84' title='bbox 285 1179 384 1225; x_wconf 87' lang='lat' dir='ltr'><strong>tem</strong></span> <span class='ocrx_word' id='word_1_85' title='bbox 417 1179 535 1226; x_wconf 86' lang='lat' dir='ltr'><strong>erat</strong></span> <span class='ocrx_word' id='word_1_86' title='bbox 555 1172 790 1227; x_wconf 86' lang='lat' dir='ltr'><strong>Christus</strong></span> <span class='ocrx_word' id='word_1_87' title='bbox 812 1172 1039 1243; x_wconf 16' lang='lat' dir='ltr'><strong>(liPetr.</strong></span> <span class='ocrx_word' id='word_1_88' title='bbox 1078 1191 1111 1228; x_wconf 85' lang='grc' dir='ltr'><strong>χ</strong></span> <span class='ocrx_word' id='word_1_89' title='bbox 1128 1216 1144 1241; x_wconf 84' lang='grc'><strong>,</strong></span> <span class='ocrx_word' id='word_1_90' title='bbox 1185 1174 1262 1246; x_wconf 72' lang='grc'><strong>4).</strong></span> <span class='ocrx_word' id='word_1_91' title='bbox 1287 1175 1357 1230; x_wconf 85' lang='lat' dir='ltr'><strong>Et</strong></span> <span class='ocrx_word' id='word_1_92' title='bbox 1382 1177 1435 1230; x_wconf 89' lang='lat' dir='ltr'><strong>in</strong></span> <span class='ocrx_word' id='word_1_93' title='bbox 1462 1177 1686 1234; x_wconf 88' lang='lat' dir='ltr'><strong>Cantica</strong></span> <span class='ocrx_word' id='word_1_94' title='bbox 1711 1178 1883 1251; x_wconf 69' lang='lat' dir='ltr'><strong>Moysi</strong></span> 
     </span>
    </p>
   </div>
   <div class='ocr_carea' id='block_1_14' title="bbox 285 1260 1882 1336">
    <p class='ocr_par' dir='ltr' id='par_1_14' title="bbox 285 1260 1882 1336">
     <span class='ocr_line' id='line_1_14' title="bbox 285 1260 1882 1336; baseline 0.006 -21"><span class='ocrx_word' id='word_1_95' title='bbox 285 1260 524 1316; x_wconf 87' lang='lat' dir='ltr'><strong>dicitur:</strong></span> <span class='ocrx_word' id='word_1_96' title='bbox 555 1260 741 1317; x_wconf 68' lang='lat' dir='ltr'><strong>Fluxit</strong></span> <span class='ocrx_word' id='word_1_97' title='bbox 772 1265 849 1317; x_wconf 85' lang='lat' dir='ltr'><strong>eis</strong></span> <span class='ocrx_word' id='word_1_98' title='bbox 882 1264 984 1318; x_wconf 78' lang='lat' dir='ltr'><strong>mel</strong></span> <span class='ocrx_word' id='word_1_99' title='bbox 1013 1265 1079 1319; x_wconf 88' lang='lat' dir='ltr'><strong>de</strong></span> <span class='ocrx_word' id='word_1_100' title='bbox 1107 1272 1285 1336; x_wconf 84' lang='lat' dir='ltr'><strong>petra,</strong></span> <span class='ocrx_word' id='word_1_101' title='bbox 1328 1273 1379 1320; x_wconf 92' lang='lat' dir='ltr'><strong>et</strong></span> <span class='ocrx_word' id='word_1_102' title='bbox 1411 1268 1583 1332; x_wconf 79' lang='lat' dir='ltr'><strong>oleum</strong></span> <span class='ocrx_word' id='word_1_103' title='bbox 1617 1269 1681 1322; x_wconf 89' lang='lat' dir='ltr'><strong>de</strong></span> <span class='ocrx_word' id='word_1_104' title='bbox 1711 1268 1882 1324; x_wconf 84' lang='lat' dir='ltr'><strong>solida</strong></span> 
     </span>
    </p>
   </div>
   <div class='ocr_carea' id='block_1_15' title="bbox 288 1351 1876 1428">
    <p class='ocr_par' dir='ltr' id='par_1_15' title="bbox 288 1351 1876 1428">
     <span class='ocr_line' id='line_1_15' title="bbox 288 1351 1876 1428; baseline 0.004 -21"><span class='ocrx_word' id='word_1_105' title='bbox 288 1360 437 1421; x_wconf 86' lang='lat' dir='ltr'><strong>petra</strong></span> <span class='ocrx_word' id='word_1_106' title='bbox 458 1351 643 1423; x_wconf 81' lang='lat' dir='ltr'><strong>(Deut.</strong></span> <span class='ocrx_word' id='word_1_107' title='bbox 667 1369 847 1419; x_wconf 81' lang='grc' dir='ltr'>χχχιι,</span> <span class='ocrx_word' id='word_1_108' title='bbox 890 1353 1014 1426; x_wconf 81' lang='grc'><strong>15).</strong></span> <span class='ocrx_word' id='word_1_109' title='bbox 1055 1353 1125 1409; x_wconf 90' lang='lat' dir='ltr'><strong>Et</strong></span> <span class='ocrx_word' id='word_1_110' title='bbox 1151 1356 1207 1410; x_wconf 92' lang='lat' dir='ltr'><strong>in</strong></span> <span class='ocrx_word' id='word_1_111' title='bbox 1236 1356 1445 1426; x_wconf 87' lang='lat' dir='ltr'><strong>psalmo</strong></span> <span class='ocrx_word' id='word_1_112' title='bbox 1473 1360 1838 1428; x_wconf 89' lang='lat' dir='ltr'><strong>actuagesimo</strong></span> <span class='ocrx_word' id='word_1_113' title='bbox 1864 1378 1876 1413; x_wconf 94' lang='lat'>:</span> 
     </span>
    </p>
   </div>
   <div class='ocr_carea' id='block_1_16' title="bbox 293 1442 1878 1518">
    <p class='ocr_par' dir='ltr' id='par_1_16' title="bbox 293 1442 1878 1518">
     <span class='ocr_line' id='line_1_16' title="bbox 293 1442 1878 1518; baseline 0.005 -21"><span class='ocrx_word' id='word_1_114' title='bbox 293 1442 365 1498; x_wconf 85' lang='lat' dir='ltr'><strong>De</strong></span> <span class='ocrx_word' id='word_1_115' title='bbox 390 1452 547 1515; x_wconf 84' lang='lat' dir='ltr'><strong>petra</strong></span> <span class='ocrx_word' id='word_1_116' title='bbox 573 1444 725 1498; x_wconf 82' lang='lat' dir='ltr'><strong>melle</strong></span> <span class='ocrx_word' id='word_1_117' title='bbox 756 1446 1009 1499; x_wconf 80' lang='lat' dir='ltr'><strong>saturavit</strong></span> <span class='ocrx_word' id='word_1_118' title='bbox 1030 1461 1119 1500; x_wconf 85' lang='lat' dir='ltr'><strong>eos</strong></span> <span class='ocrx_word' id='word_1_119' title='bbox 1149 1445 1321 1515; x_wconf 87' lang='lat' dir='ltr'><strong>(Psal.</strong></span> <span class='ocrx_word' id='word_1_120' title='bbox 1347 1463 1506 1512; x_wconf 80' lang='grc' dir='ltr'>ιχχχ,</span> <span class='ocrx_word' id='word_1_121' title='bbox 1532 1447 1641 1518; x_wconf 79' lang='grc'><strong>17).</strong></span> <span class='ocrx_word' id='word_1_122' title='bbox 1665 1448 1797 1504; x_wconf 85' lang='lat' dir='ltr'><strong>Item</strong></span> <span class='ocrx_word' id='word_1_123' title='bbox 1826 1450 1878 1505; x_wconf 91' lang='lat' dir='ltr'><strong>in</strong></span> 
     </span>
    </p>
   </div>
   <div class='ocr_carea' id='block_1_17' title="bbox 294 1534 1877 1607">
    <p class='ocr_par' dir='ltr' id='par_1_17' title="bbox 294 1534 1877 1607">
     <span class='ocr_line' id='line_1_17' title="bbox 294 1534 1877 1607; baseline 0.003 -18"><span class='ocrx_word' id='word_1_124' title='bbox 294 1534 498 1604; x_wconf 86' lang='lat' dir='ltr'><strong>psalmo</strong></span> <span class='ocrx_word' id='word_1_125' title='bbox 517 1535 913 1605; x_wconf 86' lang='lat' dir='ltr'><strong>septuagesima</strong></span> <span class='ocrx_word' id='word_1_126' title='bbox 932 1536 1160 1605; x_wconf 89' lang='lat' dir='ltr'><strong>septima</strong></span> <span class='ocrx_word' id='word_1_127' title='bbox 1179 1553 1192 1588; x_wconf 89' lang='lat'>:</span> <span class='ocrx_word' id='word_1_128' title='bbox 1212 1534 1410 1591; x_wconf 70' lang='lat' dir='ltr'><strong>Eduxit</strong></span> <span class='ocrx_word' id='word_1_129' title='bbox 1428 1554 1615 1607; x_wconf 86' lang='lat' dir='ltr'><strong>aquam</strong></span> <span class='ocrx_word' id='word_1_130' title='bbox 1636 1539 1698 1593; x_wconf 88' lang='lat' dir='ltr'><strong>de</strong></span> <span class='ocrx_word' id='word_1_131' title='bbox 1710 1546 1877 1607; x_wconf 85' lang='lat' dir='ltr'><strong>petra,</strong></span> 
     </span>
    </p>
   </div>
   <div class='ocr_carea' id='block_1_18' title="bbox 294 1625 1908 1698">
    <p class='ocr_par' dir='ltr' id='par_1_18' title="bbox 294 1625 1908 1698">
     <span class='ocr_line' id='line_1_18' title="bbox 294 1625 1908 1698; baseline 0.003 -20"><span class='ocrx_word' id='word_1_132' title='bbox 294 1633 341 1679; x_wconf 88' lang='lat' dir='ltr'><strong>et</strong></span> <span class='ocrx_word' id='word_1_133' title='bbox 377 1625 594 1679; x_wconf 73' lang='lat' dir='ltr'><strong>deduxit</strong></span> <span class='ocrx_word' id='word_1_134' title='bbox 633 1634 880 1696; x_wconf 81' lang='lat' dir='ltr'><strong>tanquam</strong></span> <span class='ocrx_word' id='word_1_135' title='bbox 907 1626 1122 1695; x_wconf 77' lang='lat' dir='ltr'><strong>[lumina</strong></span> <span class='ocrx_word' id='word_1_136' title='bbox 1149 1642 1311 1697; x_wconf 85' lang='lat' dir='ltr'><strong>aquas</strong></span> <span class='ocrx_word' id='word_1_137' title='bbox 1337 1625 1509 1698; x_wconf 87' lang='lat' dir='ltr'><strong>(Psal.</strong></span> <span class='ocrx_word' id='word_1_138' title='bbox 1536 1643 1739 1693; x_wconf 78' lang='lat' dir='ltr'><strong>Lxxvn,</strong></span> <span class='ocrx_word' id='word_1_139' title='bbox 1768 1627 1877 1698; x_wconf 35' lang='lat'><strong>1,6).</strong></span> <span class='ocrx_word' id='word_1_140' title='bbox 1904 1636 1908 1643; x_wconf 90' lang='lat'>&#39;</span> 
     </span>
    </p>
   </div>
   <div class='ocr_carea' id='block_1_19' title="bbox 298 1713 1879 1787">
    <p class='ocr_par' dir='ltr' id='par_1_19' title="bbox 298 1713 1879 1787">
     <span class='ocr_line' id='line_1_19' title="bbox 298 1713 1879 1787; baseline 0.004 -18"><span class='ocrx_word' id='word_1_141' title='bbox 298 1713 428 1772; x_wconf 80' lang='lat' dir='ltr'><strong>Item</strong></span> <span class='ocrx_word' id='word_1_142' title='bbox 454 1716 508 1770; x_wconf 90' lang='lat' dir='ltr'><strong>in</strong></span> <span class='ocrx_word' id='word_1_143' title='bbox 537 1716 744 1787; x_wconf 85' lang='lat' dir='ltr'><strong>psalmo</strong></span> <span class='ocrx_word' id='word_1_144' title='bbox 771 1717 1033 1785; x_wconf 87' lang='lat' dir='ltr'><strong>vigesima</strong></span> <span class='ocrx_word' id='word_1_145' title='bbox 1063 1725 1235 1783; x_wconf 88' lang='lat' dir='ltr'><strong>sexto,</strong></span> <span class='ocrx_word' id='word_1_146' title='bbox 1284 1716 1523 1773; x_wconf 86' lang='lat' dir='ltr'><strong>Ecclesia</strong></span> <span class='ocrx_word' id='word_1_147' title='bbox 1568 1718 1636 1773; x_wconf 89' lang='lat' dir='ltr'><strong>de</strong></span> <span class='ocrx_word' id='word_1_148' title='bbox 1663 1719 1879 1775; x_wconf 86' lang='lat' dir='ltr'><strong>Christo</strong></span> 
     </span>
    </p>
   </div>
   <div class='ocr_carea' id='block_1_20' title="bbox 1988 537 3567 609">
    <p class='ocr_par' dir='ltr' id='par_1_20' title="bbox 1988 537 3567 609">
     <span class='ocr_line' id='line_1_20' title="bbox 1988 537 3567 609; baseline 0.003 -18"><span class='ocrx_word' id='word_1_149' title='bbox 1988 552 2151 605; x_wconf 91' lang='lat' dir='ltr'><strong>quam</strong></span> <span class='ocrx_word' id='word_1_150' title='bbox 2174 537 2227 591; x_wconf 93' lang='lat' dir='ltr'><strong>in</strong></span> <span class='ocrx_word' id='word_1_151' title='bbox 2250 545 2459 608; x_wconf 88' lang='lat' dir='ltr'><strong>petram</strong></span> <span class='ocrx_word' id='word_1_152' title='bbox 2480 553 2895 609; x_wconf 87' lang='lat' dir='ltr'><strong>memoraveras,</strong></span> <span class='ocrx_word' id='word_1_153' title='bbox 2915 538 3247 593; x_wconf 88' lang='lat' dir='ltr'><strong>evidentibus</strong></span> <span class='ocrx_word' id='word_1_154' title='bbox 3265 538 3567 595; x_wconf 88' lang='lat' dir='ltr'><strong>divinarum</strong></span> 
     </span>
    </p>
   </div>
   <div class='ocr_carea' id='block_1_21' title="bbox 1986 627 3567 699">
    <p class='ocr_par' dir='ltr' id='par_1_21' title="bbox 1986 627 3567 699">
     <span class='ocr_line' id='line_1_21' title="bbox 1986 627 3567 699; baseline 0.002 -18"><span class='ocrx_word' id='word_1_155' title='bbox 1986 627 2322 682; x_wconf 88' lang='lat' dir='ltr'><strong>voluminum</strong></span> <span class='ocrx_word' id='word_1_156' title='bbox 2350 627 2671 683; x_wconf 84' lang='lat' dir='ltr'><strong>testimoniis</strong></span> <span class='ocrx_word' id='word_1_157' title='bbox 2690 627 2983 694; x_wconf 90' lang='lat' dir='ltr'><strong>exsalvisti,</strong></span> <span class='ocrx_word' id='word_1_158' title='bbox 3006 627 3090 683; x_wconf 88' lang='lat' dir='ltr'><strong>his</strong></span> <span class='ocrx_word' id='word_1_159' title='bbox 3117 627 3334 698; x_wconf 89' lang='lat' dir='ltr'><strong>reliquis</strong></span> <span class='ocrx_word' id='word_1_160' title='bbox 3360 636 3567 699; x_wconf 81' lang='lat' dir='ltr'><strong>septem</strong></span> 
     </span>
    </p>
   </div>
   <div class='ocr_carea' id='block_1_22' title="bbox 1987 717 3569 788">
    <p class='ocr_par' dir='ltr' id='par_1_22' title="bbox 1987 717 3569 788">
     <span class='ocr_line' id='line_1_22' title="bbox 1987 717 3569 788; baseline 0.002 -16"><span class='ocrx_word' id='word_1_161' title='bbox 1987 718 2250 788; x_wconf 81' lang='lat' dir='ltr'><strong>exemplis</strong></span> <span class='ocrx_word' id='word_1_162' title='bbox 2276 718 2521 788; x_wconf 80' lang='lat' dir='ltr'><strong>expletis,</strong></span> <span class='ocrx_word' id='word_1_163' title='bbox 2550 733 2656 772; x_wconf 91' lang='lat' dir='ltr'><strong>una</strong></span> <span class='ocrx_word' id='word_1_164' title='bbox 2684 717 2815 772; x_wconf 92' lang='lat' dir='ltr'><strong>mihi</strong></span> <span class='ocrx_word' id='word_1_165' title='bbox 2839 717 3145 787; x_wconf 85' lang='lat' dir='ltr'><strong>explanatio</strong></span> <span class='ocrx_word' id='word_1_166' title='bbox 3173 718 3464 774; x_wconf 66' lang='lat' dir='ltr'><strong>Dominicaa</strong></span> <span class='ocrx_word' id='word_1_167' title='bbox 3485 720 3569 776; x_wconf 79' lang='lat' dir='ltr'><strong>in-</strong></span> 
     </span>
    </p>
   </div>
   <div class='ocr_carea' id='block_1_23' title="bbox 1987 809 3567 880">
    <p class='ocr_par' dir='ltr' id='par_1_23' title="bbox 1987 809 3567 880">
     <span class='ocr_line' id='line_1_23' title="bbox 1987 809 3567 880; baseline 0.002 -16"><span class='ocrx_word' id='word_1_168' title='bbox 1987 811 2313 865; x_wconf 89' lang='lat' dir='ltr'><strong>carnatianis</strong></span> <span class='ocrx_word' id='word_1_169' title='bbox 2331 811 2611 880; x_wconf 90' lang='lat' dir='ltr'><strong>supererit.</strong></span> <span class='ocrx_word' id='word_1_170' title='bbox 2636 809 2860 880; x_wconf 85' lang='lat' dir='ltr'><strong>Propter</strong></span> <span class='ocrx_word' id='word_1_171' title='bbox 2879 811 3036 865; x_wconf 90' lang='lat' dir='ltr'><strong>istam</strong></span> <span class='ocrx_word' id='word_1_172' title='bbox 3056 810 3196 865; x_wconf 89' lang='lat' dir='ltr'><strong>enim</strong></span> <span class='ocrx_word' id='word_1_173' title='bbox 3217 810 3384 866; x_wconf 90' lang='lat' dir='ltr'><strong>solam</strong></span> <span class='ocrx_word' id='word_1_174' title='bbox 3406 812 3567 867; x_wconf 90' lang='lat' dir='ltr'><strong>istum</strong></span> 
     </span>
    </p>
   </div>
   <div class='ocr_carea' id='block_1_24' title="bbox 1987 889 3568 973">
    <p class='ocr_par' dir='ltr' id='par_1_24' title="bbox 1987 889 3568 973">
     <span class='ocr_line' id='line_1_24' title="bbox 1987 889 3568 973; baseline 0.001 -16"><span class='ocrx_word' id='word_1_175' title='bbox 1987 889 2239 972; x_wconf 75' lang='lat' dir='ltr'><strong>putamus</strong></span> <span class='ocrx_word' id='word_1_176' title='bbox 2269 903 2451 957; x_wconf 89' lang='lat' dir='ltr'><strong>iniisse</strong></span> <span class='ocrx_word' id='word_1_177' title='bbox 2480 902 2804 957; x_wconf 82' lang='lat' dir='ltr'><strong>conﬂictum.</strong></span> <span class='ocrx_word' id='word_1_178' title='bbox 2840 900 2991 957; x_wconf 89' lang='lat' dir='ltr'><strong>Unde</strong></span> <span class='ocrx_word' id='word_1_179' title='bbox 3017 903 3181 957; x_wconf 90' lang='lat' dir='ltr'><strong>etiam</strong></span> <span class='ocrx_word' id='word_1_180' title='bbox 3209 911 3265 958; x_wconf 91' lang='lat' dir='ltr'><strong>te</strong></span> <span class='ocrx_word' id='word_1_181' title='bbox 3292 918 3399 958; x_wconf 91' lang='lat' dir='ltr'><strong>nan</strong></span> <span class='ocrx_word' id='word_1_182' title='bbox 3436 913 3568 973; x_wconf 91' lang='lat' dir='ltr'><strong>puto</strong></span> 
     </span>
    </p>
   </div>
   <div class='ocr_carea' id='block_1_25' title="bbox 1987 992 3563 1062">
    <p class='ocr_par' dir='ltr' id='par_1_25' title="bbox 1987 992 3563 1062">
     <span class='ocr_line' id='line_1_25' title="bbox 1987 992 3563 1062; baseline 0.004 -16"><span class='ocrx_word' id='word_1_183' title='bbox 1987 992 2239 1050; x_wconf 80' lang='lat' dir='ltr'><strong>effectum</strong></span> <span class='ocrx_word' id='word_1_184' title='bbox 2268 1009 2561 1050; x_wconf 86' lang='lat' dir='ltr'><strong>memorem</strong></span> <span class='ocrx_word' id='word_1_185' title='bbox 2590 994 2734 1062; x_wconf 88' lang='lat' dir='ltr'><strong>quod</strong></span> <span class='ocrx_word' id='word_1_186' title='bbox 2783 995 2924 1049; x_wconf 91' lang='lat' dir='ltr'><strong>inter</strong></span> <span class='ocrx_word' id='word_1_187' title='bbox 2969 995 3119 1050; x_wconf 88' lang='lat' dir='ltr'><strong>initia</strong></span> <span class='ocrx_word' id='word_1_188' title='bbox 3165 995 3270 1052; x_wconf 90' lang='lat' dir='ltr'><strong>hoc</strong></span> <span class='ocrx_word' id='word_1_189' title='bbox 3315 996 3563 1061; x_wconf 80' lang='lat' dir='ltr'><strong>dixerim,</strong></span> 
     </span>
    </p>
   </div>
   <div class='ocr_carea' id='block_1_26' title="bbox 1981 1080 3561 1152">
    <p class='ocr_par' dir='ltr' id='par_1_26' title="bbox 1981 1080 3561 1152">
     <span class='ocr_line' id='line_1_26' title="bbox 1981 1080 3561 1152; baseline 0.003 -15"><span class='ocrx_word' id='word_1_190' title='bbox 1981 1080 2188 1151; x_wconf 88' lang='lat' dir='ltr'><strong>justum</strong></span> <span class='ocrx_word' id='word_1_191' title='bbox 2216 1100 2334 1140; x_wconf 89' lang='lat' dir='ltr'><strong>esse</strong></span> <span class='ocrx_word' id='word_1_192' title='bbox 2362 1091 2423 1138; x_wconf 89' lang='lat' dir='ltr'><strong>ut</strong></span> <span class='ocrx_word' id='word_1_193' title='bbox 2442 1090 2619 1147; x_wconf 89' lang='lat' dir='ltr'><strong>tecum</strong></span> <span class='ocrx_word' id='word_1_194' title='bbox 2648 1097 2865 1152; x_wconf 81' lang='lat' dir='ltr'><strong>agerem</strong></span> <span class='ocrx_word' id='word_1_195' title='bbox 2890 1084 3043 1152; x_wconf 90' lang='lat' dir='ltr'><strong>quasi</strong></span> <span class='ocrx_word' id='word_1_196' title='bbox 3068 1100 3206 1140; x_wconf 90' lang='lat' dir='ltr'><strong>unus</strong></span> <span class='ocrx_word' id='word_1_197' title='bbox 3233 1100 3300 1139; x_wconf 87' lang='lat' dir='ltr'><strong>ex</strong></span> <span class='ocrx_word' id='word_1_198' title='bbox 3329 1086 3561 1149; x_wconf 88' lang='lat' dir='ltr'><strong>Arianis.</strong></span> 
     </span>
    </p>
   </div>
   <div class='ocr_carea' id='block_1_27' title="bbox 1986 1169 3563 1241">
    <p class='ocr_par' dir='ltr' id='par_1_27' title="bbox 1986 1169 3563 1241">
     <span class='ocr_line' id='line_1_27' title="bbox 1986 1169 3563 1241; baseline 0.004 -15"><span class='ocrx_word' id='word_1_199' title='bbox 1986 1181 2082 1227; x_wconf 91' lang='lat' dir='ltr'><strong>aut</strong></span> <span class='ocrx_word' id='word_1_200' title='bbox 2107 1170 2480 1238; x_wconf 84' lang='lat' dir='ltr'><strong>Eunamianis,</strong></span> <span class='ocrx_word' id='word_1_201' title='bbox 2523 1181 2615 1227; x_wconf 92' lang='lat' dir='ltr'><strong>aut</strong></span> <span class='ocrx_word' id='word_1_202' title='bbox 2656 1171 2997 1238; x_wconf 88' lang='lat' dir='ltr'><strong>Sabellianis,</strong></span> <span class='ocrx_word' id='word_1_203' title='bbox 3028 1181 3121 1227; x_wconf 90' lang='lat' dir='ltr'><strong>aut</strong></span> <span class='ocrx_word' id='word_1_204' title='bbox 3148 1169 3563 1241; x_wconf 81' lang='lat' dir='ltr'><strong>Macedonianis,</strong></span> 
     </span>
    </p>
   </div>
   <div class='ocr_carea' id='block_1_28' title="bbox 1985 1264 3564 1327">
    <p class='ocr_par' dir='ltr' id='par_1_28' title="bbox 1985 1264 3564 1327">
     <span class='ocr_line' id='line_1_28' title="bbox 1985 1264 3564 1327; baseline 0.004 -9"><span class='ocrx_word' id='word_1_205' title='bbox 1985 1272 2042 1319; x_wconf 91' lang='lat' dir='ltr'><strong>et</strong></span> <span class='ocrx_word' id='word_1_206' title='bbox 2069 1264 2254 1321; x_wconf 83' lang='lat' dir='ltr'><strong>favere</strong></span> <span class='ocrx_word' id='word_1_207' title='bbox 2278 1266 2426 1320; x_wconf 87' lang='lat' dir='ltr'><strong>salva</strong></span> <span class='ocrx_word' id='word_1_208' title='bbox 2456 1264 2560 1320; x_wconf 93' lang='lat' dir='ltr'><strong>ﬁde</strong></span> <span class='ocrx_word' id='word_1_209' title='bbox 2588 1280 2707 1319; x_wconf 90' lang='lat' dir='ltr'><strong>mea</strong></span> <span class='ocrx_word' id='word_1_210' title='bbox 2725 1303 2741 1327; x_wconf 89' lang='lat'><strong>,</strong></span> <span class='ocrx_word' id='word_1_211' title='bbox 2790 1265 3001 1319; x_wconf 89' lang='lat' dir='ltr'><strong>illarum</strong></span> <span class='ocrx_word' id='word_1_212' title='bbox 3031 1266 3431 1324; x_wconf 87' lang='lat' dir='ltr'><strong>assertionibus.</strong></span> <span class='ocrx_word' id='word_1_213' title='bbox 3476 1270 3564 1325; x_wconf 89' lang='lat' dir='ltr'><strong>ld-</strong></span> 
     </span>
    </p>
   </div>
   <div class='ocr_carea' id='block_1_29' title="bbox 1984 1355 3565 1435">
    <p class='ocr_par' dir='ltr' id='par_1_29' title="bbox 1984 1355 3565 1435">
     <span class='ocr_line' id='line_1_29' title="bbox 1984 1355 3565 1435; baseline 0.002 -25"><span class='ocrx_word' id='word_1_214' title='bbox 1984 1355 2149 1421; x_wconf 88' lang='lat' dir='ltr'><strong>circa,</strong></span> <span class='ocrx_word' id='word_1_215' title='bbox 2181 1361 2241 1410; x_wconf 91' lang='lat' dir='ltr'><strong>ut</strong></span> <span class='ocrx_word' id='word_1_216' title='bbox 2267 1355 2398 1420; x_wconf 89' lang='lat' dir='ltr'><strong>dixi,</strong></span> <span class='ocrx_word' id='word_1_217' title='bbox 2428 1363 2607 1435; x_wconf 82' lang='lat' dir='ltr'><strong>tecum</strong></span> <span class='ocrx_word' id='word_1_218' title='bbox 2634 1370 2721 1410; x_wconf 90' lang='lat' dir='ltr'><strong>me</strong></span> <span class='ocrx_word' id='word_1_219' title='bbox 2743 1355 2925 1410; x_wconf 91' lang='lat' dir='ltr'><strong>iniisse</strong></span> <span class='ocrx_word' id='word_1_220' title='bbox 2962 1355 3291 1419; x_wconf 81' lang='lat' dir='ltr'><strong>conﬂictum.</strong></span> <span class='ocrx_word' id='word_1_221' title='bbox 3324 1365 3382 1411; x_wconf 92' lang='lat' dir='ltr'><strong>ut</strong></span> <span class='ocrx_word' id='word_1_222' title='bbox 3407 1359 3451 1411; x_wconf 90' lang='lat' dir='ltr'><strong>si</strong></span> <span class='ocrx_word' id='word_1_223' title='bbox 3482 1359 3565 1413; x_wconf 90' lang='lat' dir='ltr'><strong>in-</strong></span> 
     </span>
    </p>
   </div>
   <div class='ocr_carea' id='block_1_30' title="bbox 1983 1445 3566 1524">
    <p class='ocr_par' dir='ltr' id='par_1_30' title="bbox 1983 1445 3566 1524">
     <span class='ocr_line' id='line_1_30' title="bbox 1983 1445 3566 1524; baseline 0.003 -25"><span class='ocrx_word' id='word_1_224' title='bbox 1983 1446 2250 1501; x_wconf 79' lang='lat' dir='ltr'><strong>venissem</strong></span> <span class='ocrx_word' id='word_1_225' title='bbox 2271 1453 2325 1501; x_wconf 90' lang='lat' dir='ltr'><strong>te</strong></span> <span class='ocrx_word' id='word_1_226' title='bbox 2345 1447 2397 1500; x_wconf 91' lang='lat' dir='ltr'><strong>in</strong></span> <span class='ocrx_word' id='word_1_227' title='bbox 2419 1445 2650 1514; x_wconf 87' lang='lat' dir='ltr'><strong>aliquem</strong></span> <span class='ocrx_word' id='word_1_228' title='bbox 2672 1446 2959 1501; x_wconf 85' lang='lat' dir='ltr'><strong>incurrisse</strong></span> <span class='ocrx_word' id='word_1_229' title='bbox 2979 1461 3238 1512; x_wconf 89' lang='lat' dir='ltr'><strong>errarem,</strong></span> <span class='ocrx_word' id='word_1_230' title='bbox 3264 1462 3370 1501; x_wconf 92' lang='lat' dir='ltr'><strong>non</strong></span> <span class='ocrx_word' id='word_1_231' title='bbox 3393 1455 3566 1524; x_wconf 84' lang='lat' dir='ltr'><strong>tecum</strong></span> 
     </span>
    </p>
   </div>
   <div class='ocr_carea' id='block_1_31' title="bbox 1984 1537 3568 1607">
    <p class='ocr_par' dir='ltr' id='par_1_31' title="bbox 1984 1537 3568 1607">
     <span class='ocr_line' id='line_1_31' title="bbox 1984 1537 3568 1607; baseline 0.001 -15"><span class='ocrx_word' id='word_1_232' title='bbox 1984 1538 2088 1593; x_wconf 85' lang='lat' dir='ltr'><strong>hac</strong></span> <span class='ocrx_word' id='word_1_233' title='bbox 2125 1538 2438 1593; x_wconf 89' lang='lat' dir='ltr'><strong>deﬁnitione</strong></span> <span class='ocrx_word' id='word_1_234' title='bbox 2466 1552 2700 1606; x_wconf 78' lang='lat' dir='ltr'><strong>agerem,</strong></span> <span class='ocrx_word' id='word_1_235' title='bbox 2731 1537 2798 1592; x_wconf 91' lang='lat' dir='ltr'><strong>de</strong></span> <span class='ocrx_word' id='word_1_236' title='bbox 2825 1553 2932 1607; x_wconf 91' lang='lat' dir='ltr'><strong>qua</strong></span> <span class='ocrx_word' id='word_1_237' title='bbox 2960 1547 3015 1592; x_wconf 91' lang='lat' dir='ltr'><strong>tu</strong></span> <span class='ocrx_word' id='word_1_238' title='bbox 3047 1553 3077 1591; x_wconf 93' lang='lat' dir='ltr'><strong>a</strong></span> <span class='ocrx_word' id='word_1_239' title='bbox 3107 1552 3212 1601; x_wconf 87' lang='lat' dir='ltr'><strong>me,</strong></span> <span class='ocrx_word' id='word_1_240' title='bbox 3243 1546 3299 1592; x_wconf 91' lang='lat' dir='ltr'><strong>et</strong></span> <span class='ocrx_word' id='word_1_241' title='bbox 3326 1553 3426 1607; x_wconf 87' lang='lat' dir='ltr'><strong>ego</strong></span> <span class='ocrx_word' id='word_1_242' title='bbox 3453 1555 3484 1593; x_wconf 90' lang='lat' dir='ltr'><strong>a</strong></span> <span class='ocrx_word' id='word_1_243' title='bbox 3516 1548 3568 1594; x_wconf 82' lang='lat' dir='ltr'><strong>to</strong></span> 
     </span>
    </p>
   </div>
   <div class='ocr_carea' id='block_1_32' title="bbox 1984 1614 3570 1700">
    <p class='ocr_par' dir='ltr' id='par_1_32' title="bbox 1984 1614 3570 1700">
     <span class='ocr_line' id='line_1_32' title="bbox 1984 1614 3570 1700; baseline 0 -16"><span class='ocrx_word' id='word_1_244' title='bbox 1984 1631 2265 1686; x_wconf 87' lang='lat' dir='ltr'><strong>dissentio.</strong></span> <span class='ocrx_word' id='word_1_245' title='bbox 2297 1629 2437 1685; x_wconf 85' lang='lat' dir='ltr'><strong>Nihil</strong></span> <span class='ocrx_word' id='word_1_246' title='bbox 2465 1614 2595 1684; x_wconf 82' lang='lat' dir='ltr'><strong>milii</strong></span> <span class='ocrx_word' id='word_1_247' title='bbox 2620 1645 2762 1685; x_wconf 90' lang='lat' dir='ltr'><strong>nunc</strong></span> <span class='ocrx_word' id='word_1_248' title='bbox 2787 1638 3050 1700; x_wconf 89' lang='lat' dir='ltr'><strong>superest,</strong></span> <span class='ocrx_word' id='word_1_249' title='bbox 3082 1629 3182 1684; x_wconf 91' lang='lat' dir='ltr'><strong>nisi</strong></span> <span class='ocrx_word' id='word_1_250' title='bbox 3214 1638 3271 1684; x_wconf 92' lang='lat' dir='ltr'><strong>ut</strong></span> <span class='ocrx_word' id='word_1_251' title='bbox 3298 1630 3428 1686; x_wconf 90' lang='lat' dir='ltr'><strong>istas</strong></span> <span class='ocrx_word' id='word_1_252' title='bbox 3447 1638 3570 1686; x_wconf 87' lang='lat' dir='ltr'><strong>octo</strong></span> 
     </span>
    </p>
   </div>
   <div class='ocr_carea' id='block_1_33' title="bbox 1986 1719 3570 1791">
    <p class='ocr_par' dir='ltr' id='par_1_33' title="bbox 1986 1719 3570 1791">
     <span class='ocr_line' id='line_1_33' title="bbox 1986 1719 3570 1791; baseline 0 -15"><span class='ocrx_word' id='word_1_253' title='bbox 1986 1735 2124 1790; x_wconf 86' lang='lat' dir='ltr'><strong>quas</strong></span> <span class='ocrx_word' id='word_1_254' title='bbox 2161 1721 2477 1777; x_wconf 90' lang='lat' dir='ltr'><strong>memorasti</strong></span> <span class='ocrx_word' id='word_1_255' title='bbox 2505 1720 2880 1775; x_wconf 89' lang='lat' dir='ltr'><strong>similitudines</strong></span> <span class='ocrx_word' id='word_1_256' title='bbox 2923 1720 2976 1774; x_wconf 91' lang='lat' dir='ltr'><strong>in</strong></span> <span class='ocrx_word' id='word_1_257' title='bbox 3005 1719 3218 1775; x_wconf 88' lang='lat' dir='ltr'><strong>Christo</strong></span> <span class='ocrx_word' id='word_1_258' title='bbox 3248 1721 3321 1775; x_wconf 89' lang='lat' dir='ltr'><strong>ita</strong></span> <span class='ocrx_word' id='word_1_259' title='bbox 3357 1730 3570 1791; x_wconf 84' lang='lat' dir='ltr'><strong>compte</strong></span> 
     </span>
    </p>
   </div>
   <div class='ocr_carea' id='block_1_34' title="bbox 301 1807 3569 1881">
    <p class='ocr_par' dir='ltr' id='par_1_34' title="bbox 301 1807 3569 1881">
     <span class='ocr_line' id='line_1_34' title="bbox 301 1807 3569 1881; baseline 0.001 -18"><span class='ocrx_word' id='word_1_260' title='bbox 301 1808 458 1863; x_wconf 89' lang='lat' dir='ltr'><strong>dicit:</strong></span> <span class='ocrx_word' id='word_1_261' title='bbox 483 1807 553 1862; x_wconf 88' lang='lat' dir='ltr'><strong>In</strong></span> <span class='ocrx_word' id='word_1_262' title='bbox 578 1816 727 1877; x_wconf 85' lang='lat' dir='ltr'><strong>petra</strong></span> <span class='ocrx_word' id='word_1_263' title='bbox 752 1808 1001 1862; x_wconf 76' lang='lat' dir='ltr'><strong>exaltain</strong></span> <span class='ocrx_word' id='word_1_264' title='bbox 1025 1825 1108 1863; x_wconf 90' lang='lat' dir='ltr'><strong>me</strong></span> <span class='ocrx_word' id='word_1_265' title='bbox 1129 1808 1472 1879; x_wconf 54' lang='lat' dir='ltr'><strong>(Psalnxxvr,</strong></span> <span class='ocrx_word' id='word_1_266' title='bbox 1502 1808 1588 1879; x_wconf 84' lang='lat'><strong>5);</strong></span> <span class='ocrx_word' id='word_1_267' title='bbox 1619 1817 1675 1864; x_wconf 90' lang='lat' dir='ltr'><strong>et</strong></span> <span class='ocrx_word' id='word_1_268' title='bbox 1700 1811 1756 1865; x_wconf 91' lang='lat' dir='ltr'><strong>in</strong></span> <span class='ocrx_word' id='word_1_269' title='bbox 1784 1811 1881 1866; x_wconf 86' lang='lat' dir='ltr'><strong>tri-</strong></span> <span class='ocrx_word' id='word_1_270' title='bbox 1910 1812 1964 1872; x_wconf 87' lang='lat' dir='ltr'><strong>B</strong></span> <span class='ocrx_word' id='word_1_271' title='bbox 1988 1820 2044 1867; x_wconf 88' lang='lat' dir='ltr'><strong>et</strong></span> <span class='ocrx_word' id='word_1_272' title='bbox 2071 1810 2616 1881; x_wconf 87' lang='lat' dir='ltr'><strong>irreprehensibiliter</strong></span> <span class='ocrx_word' id='word_1_273' title='bbox 2641 1809 2917 1880; x_wconf 82' lang='lat' dir='ltr'><strong>expedias,</strong></span> <span class='ocrx_word' id='word_1_274' title='bbox 2948 1818 3008 1865; x_wconf 91' lang='lat' dir='ltr'><strong>ut</strong></span> <span class='ocrx_word' id='word_1_275' title='bbox 3033 1810 3295 1879; x_wconf 86' lang='lat' dir='ltr'><strong>integram</strong></span> <span class='ocrx_word' id='word_1_276' title='bbox 3323 1809 3569 1865; x_wconf 87' lang='lat' dir='ltr'><strong>divinita-</strong></span> 
     </span>
    </p>
   </div>
   <div class='ocr_carea' id='block_1_35' title="bbox 304 1900 1880 1972">
    <p class='ocr_par' dir='ltr' id='par_1_35' title="bbox 304 1900 1880 1972">
     <span class='ocr_line' id='line_1_35' title="bbox 304 1900 1880 1972; baseline 0.001 -16"><span class='ocrx_word' id='word_1_277' title='bbox 304 1901 497 1970; x_wconf 82' lang='lat' dir='ltr'><strong>gesima</strong></span> <span class='ocrx_word' id='word_1_278' title='bbox 524 1916 669 1955; x_wconf 86' lang='lat' dir='ltr'><strong>nona</strong></span> <span class='ocrx_word' id='word_1_279' title='bbox 698 1901 814 1971; x_wconf 85' lang='lat' dir='ltr'><strong>ipse</strong></span> <span class='ocrx_word' id='word_1_280' title='bbox 838 1900 1004 1956; x_wconf 89' lang='lat' dir='ltr'><strong>dicit:</strong></span> <span class='ocrx_word' id='word_1_281' title='bbox 1040 1901 1239 1956; x_wconf 82' lang='lat' dir='ltr'><strong>Statuit</strong></span> <span class='ocrx_word' id='word_1_282' title='bbox 1280 1918 1440 1972; x_wconf 87' lang='lat' dir='ltr'><strong>supra</strong></span> <span class='ocrx_word' id='word_1_283' title='bbox 1486 1909 1687 1972; x_wconf 87' lang='lat' dir='ltr'><strong>petram</strong></span> <span class='ocrx_word' id='word_1_284' title='bbox 1723 1904 1880 1972; x_wconf 83' lang='lat' dir='ltr'><strong>pedes</strong></span> 
     </span>
    </p>
   </div>
   <div class='ocr_carea' id='block_1_36' title="bbox 308 1990 1880 2069">
    <p class='ocr_par' dir='ltr' id='par_1_36' title="bbox 308 1990 1880 2069">
     <span class='ocr_line' id='line_1_36' title="bbox 308 1990 1880 2069; baseline 0.003 -25"><span class='ocrx_word' id='word_1_285' title='bbox 308 2007 437 2045; x_wconf 84' lang='lat' dir='ltr'><strong>meos</strong></span> <span class='ocrx_word' id='word_1_286' title='bbox 457 1990 630 2061; x_wconf 85' lang='lat' dir='ltr'><strong>(Psal.</strong></span> <span class='ocrx_word' id='word_1_287' title='bbox 661 2006 847 2055; x_wconf 79' lang='lat' dir='ltr'><strong>xxxix,</strong></span> <span class='ocrx_word' id='word_1_288' title='bbox 872 1990 964 2060; x_wconf 83' lang='lat'><strong>5);</strong></span> <span class='ocrx_word' id='word_1_289' title='bbox 994 1999 1051 2047; x_wconf 92' lang='lat' dir='ltr'><strong>et</strong></span> <span class='ocrx_word' id='word_1_290' title='bbox 1078 1992 1132 2046; x_wconf 92' lang='lat' dir='ltr'><strong>in</strong></span> <span class='ocrx_word' id='word_1_291' title='bbox 1174 1992 1383 2062; x_wconf 89' lang='lat' dir='ltr'><strong>psalmo</strong></span> <span class='ocrx_word' id='word_1_292' title='bbox 1406 1993 1743 2062; x_wconf 85' lang='lat' dir='ltr'><strong>sexagesimo</strong></span> <span class='ocrx_word' id='word_1_293' title='bbox 1768 2012 1780 2047; x_wconf 93' lang='lat'><strong>:</strong></span> <span class='ocrx_word' id='word_1_294' title='bbox 1802 1992 1880 2069; x_wconf 18' lang='lat' dir='ltr'><strong>&quot;In</strong></span> 
     </span>
    </p>
   </div>
   <div class='ocr_carea' id='block_1_37' title="bbox 313 2081 1882 2155">
    <p class='ocr_par' dir='ltr' id='par_1_37' title="bbox 313 2081 1882 2155">
     <span class='ocr_line' id='line_1_37' title="bbox 313 2081 1882 2155; baseline 0.004 -21"><span class='ocrx_word' id='word_1_295' title='bbox 313 2090 450 2149; x_wconf 83' lang='lat' dir='ltr'><strong>petra</strong></span> <span class='ocrx_word' id='word_1_296' title='bbox 469 2084 708 2137; x_wconf 72' lang='lat' dir='ltr'><strong>exaltasti</strong></span> <span class='ocrx_word' id='word_1_297' title='bbox 727 2099 807 2137; x_wconf 89' lang='lat' dir='ltr'><strong>me</strong></span> <span class='ocrx_word' id='word_1_298' title='bbox 826 2081 997 2153; x_wconf 84' lang='lat' dir='ltr'><strong>(Psal.</strong></span> <span class='ocrx_word' id='word_1_299' title='bbox 1021 2100 1112 2149; x_wconf 77' lang='grc' dir='ltr'><strong>ιχ,</strong></span> <span class='ocrx_word' id='word_1_300' title='bbox 1136 2083 1222 2155; x_wconf 78' lang='grc'><strong>5);</strong></span> <span class='ocrx_word' id='word_1_301' title='bbox 1252 2092 1306 2138; x_wconf 89' lang='lat' dir='ltr'><strong>et</strong></span> <span class='ocrx_word' id='word_1_302' title='bbox 1334 2083 1385 2138; x_wconf 92' lang='lat' dir='ltr'><strong>in</strong></span> <span class='ocrx_word' id='word_1_303' title='bbox 1415 2085 1622 2153; x_wconf 87' lang='lat' dir='ltr'><strong>psalmo</strong></span> <span class='ocrx_word' id='word_1_304' title='bbox 1648 2087 1882 2141; x_wconf 89' lang='lat' dir='ltr'><strong>centesi-</strong></span> 
     </span>
    </p>
   </div>
   <div class='ocr_carea' id='block_1_38' title="bbox 314 2169 1881 2246">
    <p class='ocr_par' dir='ltr' id='par_1_38' title="bbox 314 2169 1881 2246">
     <span class='ocr_line' id='line_1_38' title="bbox 314 2169 1881 2246; baseline 0.003 -24"><span class='ocrx_word' id='word_1_305' title='bbox 314 2185 401 2224; x_wconf 91' lang='lat' dir='ltr'><strong>mo</strong></span> <span class='ocrx_word' id='word_1_306' title='bbox 422 2169 623 2225; x_wconf 89' lang='lat' dir='ltr'><strong>decima</strong></span> <span class='ocrx_word' id='word_1_307' title='bbox 648 2172 801 2227; x_wconf 88' lang='lat' dir='ltr'><strong>tertia</strong></span> <span class='ocrx_word' id='word_1_308' title='bbox 827 2190 839 2224; x_wconf 94' lang='lat'>:</span> <span class='ocrx_word' id='word_1_309' title='bbox 864 2170 1128 2226; x_wconf 83' lang='lat' dir='ltr'><strong>Convertit</strong></span> <span class='ocrx_word' id='word_1_310' title='bbox 1153 2171 1379 2227; x_wconf 81' lang='lat' dir='ltr'><strong>solidam</strong></span> <span class='ocrx_word' id='word_1_311' title='bbox 1399 2181 1598 2242; x_wconf 86' lang='lat' dir='ltr'><strong>petram</strong></span> <span class='ocrx_word' id='word_1_312' title='bbox 1614 2175 1672 2227; x_wconf 89' lang='lat' dir='ltr'><strong>in</strong></span> <span class='ocrx_word' id='word_1_313' title='bbox 1691 2182 1881 2246; x_wconf 84' lang='lat' dir='ltr'><strong>stagna</strong></span> 
     </span>
    </p>
   </div>
   <div class='ocr_carea' id='block_1_39' title="bbox 311 2264 1878 2336">
    <p class='ocr_par' dir='ltr' id='par_1_39' title="bbox 311 2264 1878 2336">
     <span class='ocr_line' id='line_1_39' title="bbox 311 2264 1878 2336; baseline 0.003 -22"><span class='ocrx_word' id='word_1_314' title='bbox 311 2277 577 2332; x_wconf 86' lang='lat' dir='ltr'><strong>aquarum,</strong></span> <span class='ocrx_word' id='word_1_315' title='bbox 598 2270 647 2316; x_wconf 85' lang='lat' dir='ltr'><strong>et</strong></span> <span class='ocrx_word' id='word_1_316' title='bbox 665 2280 832 2333; x_wconf 86' lang='lat' dir='ltr'><strong>rupem</strong></span> <span class='ocrx_word' id='word_1_317' title='bbox 858 2265 914 2318; x_wconf 90' lang='lat' dir='ltr'><strong>in</strong></span> <span class='ocrx_word' id='word_1_318' title='bbox 937 2265 1110 2335; x_wconf 81' lang='lat' dir='ltr'><strong>fontes</strong></span> <span class='ocrx_word' id='word_1_319' title='bbox 1137 2280 1389 2336; x_wconf 85' lang='lat' dir='ltr'><strong>aquarum</strong></span> <span class='ocrx_word' id='word_1_320' title='bbox 1416 2264 1587 2336; x_wconf 88' lang='lat' dir='ltr'><strong>(Psal.</strong></span> <span class='ocrx_word' id='word_1_321' title='bbox 1616 2281 1762 2332; x_wconf 87' lang='lat' dir='ltr'><strong>cxm,</strong></span> <span class='ocrx_word' id='word_1_322' title='bbox 1786 2264 1878 2336; x_wconf 91' lang='lat'><strong>8);</strong></span> 
     </span>
    </p>
   </div>
   <div class='ocr_carea' id='block_1_40' title="bbox 308 2353 1882 2425">
    <p class='ocr_par' dir='ltr' id='par_1_40' title="bbox 308 2353 1882 2425">
     <span class='ocr_line' id='line_1_40' title="bbox 308 2353 1882 2425; baseline 0.001 -18"><span class='ocrx_word' id='word_1_323' title='bbox 308 2361 365 2407; x_wconf 86' lang='lat' dir='ltr'><strong>et</strong></span> <span class='ocrx_word' id='word_1_324' title='bbox 390 2353 438 2408; x_wconf 91' lang='lat' dir='ltr'><strong>in</strong></span> <span class='ocrx_word' id='word_1_325' title='bbox 463 2355 666 2424; x_wconf 84' lang='lat' dir='ltr'><strong>psalmo</strong></span> <span class='ocrx_word' id='word_1_326' title='bbox 686 2356 984 2419; x_wconf 86' lang='lat' dir='ltr'><strong>centesimo</strong></span> <span class='ocrx_word' id='word_1_327' title='bbox 1011 2362 1208 2424; x_wconf 86' lang='lat' dir='ltr'><strong>quarto</strong></span> <span class='ocrx_word' id='word_1_328' title='bbox 1234 2372 1246 2408; x_wconf 78' lang='grc' dir='ltr'>ε</span> <span class='ocrx_word' id='word_1_329' title='bbox 1281 2354 1546 2410; x_wconf 85' lang='lat' dir='ltr'><strong>Percussit</strong></span> <span class='ocrx_word' id='word_1_330' title='bbox 1577 2364 1801 2425; x_wconf 89' lang='lat' dir='ltr'><strong>petram,</strong></span> <span class='ocrx_word' id='word_1_331' title='bbox 1830 2365 1882 2411; x_wconf 91' lang='lat' dir='ltr'><strong>et</strong></span> 
     </span>
    </p>
   </div>
   <div class='ocr_carea' id='block_1_41' title="bbox 217 2444 1880 2519">
    <p class='ocr_par' dir='ltr' id='par_1_41' title="bbox 217 2444 1880 2519">
     <span class='ocr_line' id='line_1_41' title="bbox 217 2444 1880 2519; baseline 0.005 -24"><span class='ocrx_word' id='word_1_332' title='bbox 217 2478 233 2495; x_wconf 88' lang='lat'><strong>.</strong></span> <span class='ocrx_word' id='word_1_333' title='bbox 309 2444 560 2499; x_wconf 63' lang='lat' dir='ltr'><strong>duxerunt</strong></span> <span class='ocrx_word' id='word_1_334' title='bbox 584 2462 730 2517; x_wconf 76' lang='lat' dir='ltr'><strong>aqua:</strong></span> <span class='ocrx_word' id='word_1_335' title='bbox 758 2446 939 2519; x_wconf 79' lang='lat' dir='ltr'><strong>(Psal.</strong></span> <span class='ocrx_word' id='word_1_336' title='bbox 965 2445 1174 2512; x_wconf 66' lang='lat' dir='ltr'><strong>om.“</strong></span> <span class='ocrx_word' id='word_1_337' title='bbox 1198 2446 1238 2516; x_wconf 94' lang='lat'><strong>).</strong></span> <span class='ocrx_word' id='word_1_338' title='bbox 1284 2445 1351 2501; x_wconf 85' lang='lat' dir='ltr'><strong>Et</strong></span> <span class='ocrx_word' id='word_1_339' title='bbox 1380 2447 1434 2501; x_wconf 92' lang='lat' dir='ltr'><strong>in</strong></span> <span class='ocrx_word' id='word_1_340' title='bbox 1470 2446 1696 2503; x_wconf 88' lang='lat' dir='ltr'><strong>Cantica</strong></span> <span class='ocrx_word' id='word_1_341' title='bbox 1723 2446 1880 2503; x_wconf 83' lang='lat' dir='ltr'><strong>Salo-</strong></span> 
     </span>
    </p>
   </div>
   <div class='ocr_carea' id='block_1_42' title="bbox 298 2534 1875 2606">
    <p class='ocr_par' dir='ltr' id='par_1_42' title="bbox 298 2534 1875 2606">
     <span class='ocr_line' id='line_1_42' title="bbox 298 2534 1875 2606; baseline 0.001 -17"><span class='ocrx_word' id='word_1_342' title='bbox 298 2534 467 2590; x_wconf 84' lang='lat' dir='ltr'><strong>monis</strong></span> <span class='ocrx_word' id='word_1_343' title='bbox 484 2534 714 2606; x_wconf 88' lang='lat' dir='ltr'><strong>Spiritus</strong></span> <span class='ocrx_word' id='word_1_344' title='bbox 735 2543 954 2592; x_wconf 87' lang='lat' dir='ltr'><strong>sanctus</strong></span> <span class='ocrx_word' id='word_1_345' title='bbox 972 2536 1203 2592; x_wconf 88' lang='lat' dir='ltr'><strong>invitans</strong></span> <span class='ocrx_word' id='word_1_346' title='bbox 1222 2536 1291 2591; x_wconf 88' lang='lat' dir='ltr'><strong>ad</strong></span> <span class='ocrx_word' id='word_1_347' title='bbox 1311 2552 1371 2592; x_wconf 88' lang='lat' dir='ltr'><strong>se</strong></span> <span class='ocrx_word' id='word_1_348' title='bbox 1384 2535 1699 2603; x_wconf 85' lang='lat' dir='ltr'><strong>Ecclesiam,</strong></span> <span class='ocrx_word' id='word_1_349' title='bbox 1716 2538 1875 2594; x_wconf 87' lang='lat' dir='ltr'><strong>dicit:</strong></span> 
     </span>
    </p>
   </div>
   <div class='ocr_carea' id='block_1_43' title="bbox 304 2622 1915 2699">
    <p class='ocr_par' dir='ltr' id='par_1_43' title="bbox 304 2622 1915 2699">
     <span class='ocr_line' id='line_1_43' title="bbox 304 2622 1915 2699; baseline 0.003 -21"><span class='ocrx_word' id='word_1_350' title='bbox 304 2622 429 2680; x_wconf 82' lang='lat' dir='ltr'><strong>Veni</strong></span> <span class='ocrx_word' id='word_1_351' title='bbox 455 2627 526 2680; x_wconf 87' lang='lat' dir='ltr'><strong>ad</strong></span> <span class='ocrx_word' id='word_1_352' title='bbox 550 2644 652 2693; x_wconf 89' lang='lat' dir='ltr'><strong>me,</strong></span> <span class='ocrx_word' id='word_1_353' title='bbox 684 2628 926 2698; x_wconf 68' lang='lat' dir='ltr'><strong>proxima</strong></span> <span class='ocrx_word' id='word_1_354' title='bbox 945 2644 1080 2689; x_wconf 88' lang='lat' dir='ltr'><strong>mea,</strong></span> <span class='ocrx_word' id='word_1_355' title='bbox 1106 2643 1301 2697; x_wconf 88' lang='lat' dir='ltr'><strong>sponsa</strong></span> <span class='ocrx_word' id='word_1_356' title='bbox 1322 2644 1457 2693; x_wconf 90' lang='lat' dir='ltr'><strong>mea,</strong></span> <span class='ocrx_word' id='word_1_357' title='bbox 1488 2630 1719 2699; x_wconf 79' lang='lat' dir='ltr'><strong>formosa</strong></span> <span class='ocrx_word' id='word_1_358' title='bbox 1739 2645 1875 2691; x_wconf 90' lang='lat' dir='ltr'><strong>mea,</strong></span> <span class='ocrx_word' id='word_1_359' title='bbox 1908 2694 1915 2699; x_wconf 32' lang='lat'><em>.</em></span> 
     </span>
    </p>
   </div>
   <div class='ocr_carea' id='block_1_44' title="bbox 290 2716 1875 2797">
    <p class='ocr_par' dir='ltr' id='par_1_44' title="bbox 290 2716 1875 2797">
     <span class='ocr_line' id='line_1_44' title="bbox 290 2716 1875 2797; baseline 0.002 -28"><span class='ocrx_word' id='word_1_360' title='bbox 290 2726 340 2770; x_wconf 89' lang='lat' dir='ltr'><strong>et</strong></span> <span class='ocrx_word' id='word_1_361' title='bbox 357 2719 411 2772; x_wconf 88' lang='lat' dir='ltr'><strong>in</strong></span> <span class='ocrx_word' id='word_1_362' title='bbox 428 2718 718 2773; x_wconf 82' lang='lat' dir='ltr'><strong>velamento</strong></span> <span class='ocrx_word' id='word_1_363' title='bbox 742 2727 767 2755; x_wconf 77' lang='grc'><strong><em>⁸</em></strong></span> <span class='ocrx_word' id='word_1_364' title='bbox 788 2725 951 2785; x_wconf 70' lang='lat' dir='ltr'><strong>petrae</strong></span> <span class='ocrx_word' id='word_1_365' title='bbox 971 2719 1291 2773; x_wconf 66' lang='lat' dir='ltr'><strong>continuatae</strong></span> <span class='ocrx_word' id='word_1_366' title='bbox 1316 2735 1464 2771; x_wconf 89' lang='lat' dir='ltr'><strong>muro</strong></span> <span class='ocrx_word' id='word_1_367' title='bbox 1486 2716 1659 2789; x_wconf 88' lang='lat' dir='ltr'><strong>(Cant.</strong></span> <span class='ocrx_word' id='word_1_368' title='bbox 1684 2735 1742 2782; x_wconf 89' lang='grc' dir='ltr'><strong>ιι,</strong></span> <span class='ocrx_word' id='word_1_369' title='bbox 1766 2717 1875 2797; x_wconf 61' lang='lat' dir='ltr'><strong>ii).</strong></span> 
     </span>
    </p>
   </div>
   <div class='ocr_carea' id='block_1_45' title="bbox 287 2806 1882 2878">
    <p class='ocr_par' dir='ltr' id='par_1_45' title="bbox 287 2806 1882 2878">
     <span class='ocr_line' id='line_1_45' title="bbox 287 2806 1882 2878; baseline 0.001 -17"><span class='ocrx_word' id='word_1_370' title='bbox 287 2806 354 2862; x_wconf 84' lang='lat' dir='ltr'><strong>Et</strong></span> <span class='ocrx_word' id='word_1_371' title='bbox 393 2808 447 2863; x_wconf 91' lang='lat' dir='ltr'><strong>in</strong></span> <span class='ocrx_word' id='word_1_372' title='bbox 488 2809 627 2863; x_wconf 83' lang='lat' dir='ltr'><strong>Isaia</strong></span> <span class='ocrx_word' id='word_1_373' title='bbox 658 2824 764 2862; x_wconf 92' lang='lat' dir='ltr'><strong>vox</strong></span> <span class='ocrx_word' id='word_1_374' title='bbox 791 2806 915 2860; x_wconf 88' lang='lat' dir='ltr'><strong>Filii</strong></span> <span class='ocrx_word' id='word_1_375' title='bbox 958 2806 1054 2861; x_wconf 90' lang='lat' dir='ltr'><strong>Dei</strong></span> <span class='ocrx_word' id='word_1_376' title='bbox 1092 2824 1104 2859; x_wconf 91' lang='lat'><strong>:</strong></span> <span class='ocrx_word' id='word_1_377' title='bbox 1140 2806 1335 2872; x_wconf 86' lang='lat' dir='ltr'><strong>Posui,</strong></span> <span class='ocrx_word' id='word_1_378' title='bbox 1366 2808 1472 2872; x_wconf 85' lang='lat' dir='ltr'><strong>ait,</strong></span> <span class='ocrx_word' id='word_1_379' title='bbox 1503 2809 1689 2878; x_wconf 81' lang='lat' dir='ltr'><strong>[aciem</strong></span> <span class='ocrx_word' id='word_1_380' title='bbox 1715 2824 1882 2863; x_wconf 89' lang='lat' dir='ltr'><strong>meam</strong></span> 
     </span>
    </p>
   </div>
   <div class='ocr_carea' id='block_1_46' title="bbox 177 2895 1883 2967">
    <p class='ocr_par' dir='ltr' id='par_1_46' title="bbox 177 2895 1883 2967">
     <span class='ocr_line' id='line_1_46' title="bbox 177 2895 1883 2967; baseline 0.002 -18"><span class='ocrx_word' id='word_1_381' title='bbox 177 2895 181 2903; x_wconf 91' lang='grc'><em>’</em></span> <span class='ocrx_word' id='word_1_382' title='bbox 283 2904 489 2967; x_wconf 85' lang='lat' dir='ltr'><strong>petram</strong></span> <span class='ocrx_word' id='word_1_383' title='bbox 517 2895 1064 2966; x_wconf 76' lang='lat' dir='ltr'><strong>ﬁrmissimamUsai.</strong></span> <span class='ocrx_word' id='word_1_384' title='bbox 1113 2912 1177 2961; x_wconf 78' lang='grc' dir='ltr'><strong>ι,</strong></span> <span class='ocrx_word' id='word_1_385' title='bbox 1221 2896 1297 2965; x_wconf 87' lang='lat'><strong>7).</strong></span> <span class='ocrx_word' id='word_1_386' title='bbox 1327 2895 1459 2950; x_wconf 84' lang='lat' dir='ltr'><strong>Item</strong></span> <span class='ocrx_word' id='word_1_387' title='bbox 1505 2897 1558 2950; x_wconf 93' lang='lat' dir='ltr'><strong>in</strong></span> <span class='ocrx_word' id='word_1_388' title='bbox 1602 2896 1883 2953; x_wconf 83' lang='lat' dir='ltr'><strong>Ezechiele</strong></span> 
     </span>
    </p>
   </div>
   <div class='ocr_carea' id='block_1_47' title="bbox 279 2985 1884 3067">
    <p class='ocr_par' dir='ltr' id='par_1_47' title="bbox 279 2985 1884 3067">
     <span class='ocr_line' id='line_1_47' title="bbox 279 2985 1884 3067; baseline 0 -22"><span class='ocrx_word' id='word_1_389' title='bbox 279 2990 556 3061; x_wconf 81' lang='lat' dir='ltr'><strong>propheta</strong></span> <span class='ocrx_word' id='word_1_390' title='bbox 576 2988 707 3043; x_wconf 84' lang='lat' dir='ltr'><strong>dicit</strong></span> <span class='ocrx_word' id='word_1_391' title='bbox 736 2987 992 3067; x_wconf 67' lang='lat' dir='ltr'><strong>Dominus</strong></span> <span class='ocrx_word' id='word_1_392' title='bbox 1015 3004 1028 3038; x_wconf 92' lang='lat'>:</span> <span class='ocrx_word' id='word_1_393' title='bbox 1054 2985 1222 3057; x_wconf 86' lang='lat' dir='ltr'><strong>Super</strong></span> <span class='ocrx_word' id='word_1_394' title='bbox 1253 2988 1580 3051; x_wconf 84' lang='lat' dir='ltr'><strong>adamqntem</strong></span> <span class='ocrx_word' id='word_1_395' title='bbox 1604 2996 1654 3043; x_wconf 88' lang='lat' dir='ltr'><strong>et</strong></span> <span class='ocrx_word' id='word_1_396' title='bbox 1685 2996 1884 3059; x_wconf 85' lang='lat' dir='ltr'><strong>petram</strong></span> 
     </span>
    </p>
   </div>
   <div class='ocr_carea' id='block_1_48' title="bbox 281 3076 1877 3151">
    <p class='ocr_par' dir='ltr' id='par_1_48' title="bbox 281 3076 1877 3151">
     <span class='ocr_line' id='line_1_48' title="bbox 281 3076 1877 3151; baseline 0.004 -19"><span class='ocrx_word' id='word_1_397' title='bbox 281 3080 501 3150; x_wconf 72' lang='lat' dir='ltr'><strong>ﬁrmavi</strong></span> <span class='ocrx_word' id='word_1_398' title='bbox 532 3079 719 3149; x_wconf 84' lang='lat' dir='ltr'><strong>faciem</strong></span> <span class='ocrx_word' id='word_1_399' title='bbox 747 3085 889 3131; x_wconf 89' lang='lat' dir='ltr'><strong>tuam</strong></span> <span class='ocrx_word' id='word_1_400' title='bbox 916 3076 1124 3149; x_wconf 79' lang='lat' dir='ltr'><strong>(Ezech.</strong></span> <span class='ocrx_word' id='word_1_401' title='bbox 1150 3095 1223 3143; x_wconf 79' lang='grc' dir='ltr'>ιιι,</span> <span class='ocrx_word' id='word_1_402' title='bbox 1261 3078 1336 3150; x_wconf 85' lang='grc'><strong>9).</strong></span> <span class='ocrx_word' id='word_1_403' title='bbox 1369 3078 1435 3132; x_wconf 86' lang='lat' dir='ltr'><strong>Et</strong></span> <span class='ocrx_word' id='word_1_404' title='bbox 1475 3082 1528 3134; x_wconf 93' lang='lat' dir='ltr'><strong>in</strong></span> <span class='ocrx_word' id='word_1_405' title='bbox 1567 3080 1877 3151; x_wconf 84' lang='lat' dir='ltr'><strong>Evangelia,</strong></span> 
     </span>
    </p>
   </div>
   <div class='ocr_carea' id='block_1_49' title="bbox 1988 1900 3570 1972">
    <p class='ocr_par' dir='ltr' id='par_1_49' title="bbox 1988 1900 3570 1972">
     <span class='ocr_line' id='line_1_49' title="bbox 1988 1900 3570 1972; baseline -0.001 -14"><span class='ocrx_word' id='word_1_406' title='bbox 1988 1912 2099 1958; x_wconf 89' lang='lat' dir='ltr'><strong>tem</strong></span> <span class='ocrx_word' id='word_1_407' title='bbox 2127 1904 2181 1957; x_wconf 91' lang='lat' dir='ltr'><strong>in</strong></span> <span class='ocrx_word' id='word_1_408' title='bbox 2205 1900 2423 1957; x_wconf 90' lang='lat' dir='ltr'><strong>Christo</strong></span> <span class='ocrx_word' id='word_1_409' title='bbox 2444 1902 2717 1971; x_wconf 84' lang='lat' dir='ltr'><strong>expedias,</strong></span> <span class='ocrx_word' id='word_1_410' title='bbox 2749 1902 2996 1972; x_wconf 87' lang='lat' dir='ltr'><strong>aperiens</strong></span> <span class='ocrx_word' id='word_1_411' title='bbox 3024 1916 3093 1963; x_wconf 83' lang='lat' dir='ltr'><strong>ne</strong></span> <span class='ocrx_word' id='word_1_412' title='bbox 3120 1903 3283 1957; x_wconf 90' lang='lat' dir='ltr'><strong>etiam</strong></span> <span class='ocrx_word' id='word_1_413' title='bbox 3309 1903 3414 1957; x_wconf 91' lang='lat' dir='ltr'><strong>hac</strong></span> <span class='ocrx_word' id='word_1_414' title='bbox 3440 1902 3570 1958; x_wconf 88' lang='lat' dir='ltr'><strong>mihi</strong></span> 
     </span>
    </p>
   </div>
   <div class='ocr_carea' id='block_1_50' title="bbox 1987 1991 3566 2061">
    <p class='ocr_par' dir='ltr' id='par_1_50' title="bbox 1987 1991 3566 2061">
     <span class='ocr_line' id='line_1_50' title="bbox 1987 1991 3566 2061; baseline -0.001 -14"><span class='ocrx_word' id='word_1_415' title='bbox 1987 1992 2181 2048; x_wconf 83' lang='lat' dir='ltr'><strong>aﬁeras</strong></span> <span class='ocrx_word' id='word_1_416' title='bbox 2221 2006 2329 2047; x_wconf 91' lang='lat' dir='ltr'><strong>non</strong></span> <span class='ocrx_word' id='word_1_417' title='bbox 2361 2000 2533 2047; x_wconf 91' lang='lat' dir='ltr'><strong>totum</strong></span> <span class='ocrx_word' id='word_1_418' title='bbox 2573 1992 2718 2061; x_wconf 92' lang='lat' dir='ltr'><strong>quod</strong></span> <span class='ocrx_word' id='word_1_419' title='bbox 2750 1992 2966 2047; x_wconf 82' lang='lat' dir='ltr'><strong>exstitit</strong></span> <span class='ocrx_word' id='word_1_420' title='bbox 3010 1991 3247 2047; x_wconf 91' lang='lat' dir='ltr'><strong>divinum</strong></span> <span class='ocrx_word' id='word_1_421' title='bbox 3294 1993 3566 2048; x_wconf 84' lang='lat' dir='ltr'><strong>ostendas.</strong></span> 
     </span>
    </p>
   </div>
   <div class='ocr_carea' id='block_1_51' title="bbox 1986 2080 3569 2158">
    <p class='ocr_par' dir='ltr' id='par_1_51' title="bbox 1986 2080 3569 2158">
     <span class='ocr_line' id='line_1_51' title="bbox 1986 2080 3569 2158; baseline 0.001 -21"><span class='ocrx_word' id='word_1_422' title='bbox 1986 2080 2220 2137; x_wconf 88' lang='lat' dir='ltr'><strong>Ostende</strong></span> <span class='ocrx_word' id='word_1_423' title='bbox 2245 2082 2430 2150; x_wconf 87' lang='lat' dir='ltr'><strong>itaque</strong></span> <span class='ocrx_word' id='word_1_424' title='bbox 2471 2098 2613 2137; x_wconf 92' lang='lat' dir='ltr'><strong>nunc</strong></span> <span class='ocrx_word' id='word_1_425' title='bbox 2644 2093 2666 2121; x_wconf 76' lang='grc' dir='ltr'><strong><em>ο</em></strong></span> <span class='ocrx_word' id='word_1_426' title='bbox 2697 2097 2863 2158; x_wconf 79' lang='lat' dir='ltr'><strong>quare</strong></span> <span class='ocrx_word' id='word_1_427' title='bbox 2911 2090 3121 2138; x_wconf 91' lang='lat' dir='ltr'><strong>tantum</strong></span> <span class='ocrx_word' id='word_1_428' title='bbox 3161 2091 3284 2137; x_wconf 92' lang='lat' dir='ltr'><strong>octo</strong></span> <span class='ocrx_word' id='word_1_429' title='bbox 3329 2097 3569 2139; x_wconf 90' lang='lat' dir='ltr'><strong>comme-</strong></span> 
     </span>
    </p>
   </div>
   <div class='ocr_carea' id='block_1_52' title="bbox 1985 2160 3569 2241">
    <p class='ocr_par' dir='ltr' id='par_1_52' title="bbox 1985 2160 3569 2241">
     <span class='ocr_line' id='line_1_52' title="bbox 1985 2160 3569 2241; baseline -0.001 -13"><span class='ocrx_word' id='word_1_430' title='bbox 1985 2173 2231 2239; x_wconf 89' lang='lat' dir='ltr'><strong>morasti,</strong></span> <span class='ocrx_word' id='word_1_431' title='bbox 2262 2160 2384 2227; x_wconf 87' lang='lat' dir='ltr'><strong>cum</strong></span> <span class='ocrx_word' id='word_1_432' title='bbox 2411 2173 2519 2228; x_wconf 92' lang='lat' dir='ltr'><strong>sint</strong></span> <span class='ocrx_word' id='word_1_433' title='bbox 2539 2172 2657 2227; x_wconf 70' lang='lat' dir='ltr'><strong>alia:</strong></span> <span class='ocrx_word' id='word_1_434' title='bbox 2685 2173 2863 2227; x_wconf 61' lang='lat' dir='ltr'><strong>multa:</strong></span> <span class='ocrx_word' id='word_1_435' title='bbox 2885 2173 2936 2227; x_wconf 89' lang='lat' dir='ltr'><strong>in</strong></span> <span class='ocrx_word' id='word_1_436' title='bbox 2966 2172 3180 2229; x_wconf 88' lang='lat' dir='ltr'><strong>Christo</strong></span> <span class='ocrx_word' id='word_1_437' title='bbox 3202 2171 3422 2241; x_wconf 78' lang='lat' dir='ltr'><strong>efﬁgies,</strong></span> <span class='ocrx_word' id='word_1_438' title='bbox 3450 2186 3569 2241; x_wconf 72' lang='lat' dir='ltr'><strong>qua)</strong></span> 
     </span>
    </p>
   </div>
   <div class='ocr_carea' id='block_1_53' title="bbox 1986 2262 3569 2334">
    <p class='ocr_par' dir='ltr' id='par_1_53' title="bbox 1986 2262 3569 2334">
     <span class='ocr_line' id='line_1_53' title="bbox 1986 2262 3569 2334; baseline -0.001 -15"><span class='ocrx_word' id='word_1_439' title='bbox 1986 2264 2092 2320; x_wconf 90' lang='lat' dir='ltr'><strong>dici</strong></span> <span class='ocrx_word' id='word_1_440' title='bbox 2120 2270 2389 2334; x_wconf 88' lang='lat' dir='ltr'><strong>poterant,</strong></span> <span class='ocrx_word' id='word_1_441' title='bbox 2413 2272 2472 2318; x_wconf 91' lang='lat' dir='ltr'><strong>ut</strong></span> <span class='ocrx_word' id='word_1_442' title='bbox 2496 2264 2613 2334; x_wconf 89' lang='lat' dir='ltr'><strong>ipse</strong></span> <span class='ocrx_word' id='word_1_443' title='bbox 2639 2263 2913 2318; x_wconf 87' lang='lat' dir='ltr'><strong>dixisti.—</strong></span> <span class='ocrx_word' id='word_1_444' title='bbox 2934 2264 3202 2319; x_wconf 85' lang='lat' dir='ltr'><strong>Arnobius</strong></span> <span class='ocrx_word' id='word_1_445' title='bbox 3228 2263 3363 2318; x_wconf 83' lang='lat' dir='ltr'><strong>dixit</strong></span> <span class='ocrx_word' id='word_1_446' title='bbox 3388 2281 3400 2316; x_wconf 86' lang='lat'>:</span> <span class='ocrx_word' id='word_1_447' title='bbox 3427 2262 3569 2318; x_wconf 89' lang='lat' dir='ltr'><strong>Con-</strong></span> 
     </span>
    </p>
   </div>
   <div class='ocr_carea' id='block_1_54' title="bbox 1985 2353 3570 2424">
    <p class='ocr_par' dir='ltr' id='par_1_54' title="bbox 1985 2353 3570 2424">
     <span class='ocr_line' id='line_1_54' title="bbox 1985 2353 3570 2424; baseline 0 -15"><span class='ocrx_word' id='word_1_448' title='bbox 1985 2353 2218 2409; x_wconf 89' lang='lat' dir='ltr'><strong>sideravi</strong></span> <span class='ocrx_word' id='word_1_449' title='bbox 2239 2353 2405 2408; x_wconf 90' lang='lat' dir='ltr'><strong>multa</strong></span> <span class='ocrx_word' id='word_1_450' title='bbox 2433 2363 2891 2409; x_wconf 88' lang='lat' dir='ltr'><strong>sacramentorum</strong></span> <span class='ocrx_word' id='word_1_451' title='bbox 2911 2369 3110 2424; x_wconf 86' lang='lat' dir='ltr'><strong>genera</strong></span> <span class='ocrx_word' id='word_1_452' title='bbox 3134 2356 3189 2410; x_wconf 92' lang='lat' dir='ltr'><strong>in</strong></span> <span class='ocrx_word' id='word_1_453' title='bbox 3209 2355 3314 2411; x_wconf 90' lang='lat' dir='ltr'><strong>ista</strong></span> <span class='ocrx_word' id='word_1_454' title='bbox 3343 2370 3570 2411; x_wconf 91' lang='lat' dir='ltr'><strong>numero</strong></span> 
     </span>
    </p>
   </div>
   <div class='ocr_carea' id='block_1_55' title="bbox 1986 2429 3568 2516">
    <p class='ocr_par' dir='ltr' id='par_1_55' title="bbox 1986 2429 3568 2516">
     <span class='ocr_line' id='line_1_55' title="bbox 1986 2429 3568 2516; baseline 0.001 -16"><span class='ocrx_word' id='word_1_455' title='bbox 1986 2429 2275 2511; x_wconf 78' lang='lat' dir='ltr'><strong>contineri,</strong></span> <span class='ocrx_word' id='word_1_456' title='bbox 2298 2446 2472 2516; x_wconf 91' lang='lat' dir='ltr'><strong>prima</strong></span> <span class='ocrx_word' id='word_1_457' title='bbox 2492 2445 2764 2515; x_wconf 91' lang='lat' dir='ltr'><strong>quomoda</strong></span> <span class='ocrx_word' id='word_1_458' title='bbox 2784 2446 2839 2500; x_wconf 91' lang='lat' dir='ltr'><strong>in</strong></span> <span class='ocrx_word' id='word_1_459' title='bbox 2860 2447 3028 2502; x_wconf 88' lang='lat' dir='ltr'><strong>veteri</strong></span> <span class='ocrx_word' id='word_1_460' title='bbox 3050 2447 3416 2512; x_wconf 86' lang='lat' dir='ltr'><strong>Testamento,</strong></span> <span class='ocrx_word' id='word_1_461' title='bbox 3442 2463 3568 2503; x_wconf 91' lang='lat' dir='ltr'><strong>cum</strong></span> 
     </span>
    </p>
   </div>
   <div class='ocr_carea' id='block_1_56' title="bbox 1985 2535 3569 2609">
    <p class='ocr_par' dir='ltr' id='par_1_56' title="bbox 1985 2535 3569 2609">
     <span class='ocr_line' id='line_1_56' title="bbox 1985 2535 3569 2609; baseline 0.002 -19"><span class='ocrx_word' id='word_1_462' title='bbox 1985 2536 2057 2605; x_wconf 85' lang='lat' dir='ltr'><strong>sit</strong></span> <span class='ocrx_word' id='word_1_463' title='bbox 2096 2536 2269 2605; x_wconf 89' lang='lat' dir='ltr'><strong>prima</strong></span> <span class='ocrx_word' id='word_1_464' title='bbox 2315 2535 2449 2599; x_wconf 88' lang='lat' dir='ltr'><strong>dies,</strong></span> <span class='ocrx_word' id='word_1_465' title='bbox 2501 2536 2552 2590; x_wconf 92' lang='lat' dir='ltr'><strong>in</strong></span> <span class='ocrx_word' id='word_1_466' title='bbox 2600 2552 2706 2605; x_wconf 90' lang='lat' dir='ltr'><strong>qua</strong></span> <span class='ocrx_word' id='word_1_467' title='bbox 2753 2537 2905 2602; x_wconf 85' lang='lat' dir='ltr'><strong>dixit,</strong></span> <span class='ocrx_word' id='word_1_468' title='bbox 2936 2536 3063 2591; x_wconf 84' lang='lat' dir='ltr'><strong>Fiat</strong></span> <span class='ocrx_word' id='word_1_469' title='bbox 3087 2539 3178 2592; x_wconf 79' lang='lat' dir='ltr'><strong>tua:</strong></span> <span class='ocrx_word' id='word_1_470' title='bbox 3209 2538 3373 2609; x_wconf 85' lang='lat' dir='ltr'><strong>(Cen.</strong></span> <span class='ocrx_word' id='word_1_471' title='bbox 3401 2557 3446 2605; x_wconf 93' lang='grc' dir='ltr'><strong>ι,</strong></span> <span class='ocrx_word' id='word_1_472' title='bbox 3480 2539 3569 2609; x_wconf 81' lang='grc'><strong>5);</strong></span> 
     </span>
    </p>
   </div>
   <div class='ocr_carea' id='block_1_57' title="bbox 1985 2626 3570 2698">
    <p class='ocr_par' dir='ltr' id='par_1_57' title="bbox 1985 2626 3570 2698">
     <span class='ocr_line' id='line_1_57' title="bbox 1985 2626 3570 2698; baseline 0.003 -17"><span class='ocrx_word' id='word_1_473' title='bbox 1985 2626 2152 2681; x_wconf 91' lang='lat' dir='ltr'><strong>etiam</strong></span> <span class='ocrx_word' id='word_1_474' title='bbox 2174 2626 2229 2679; x_wconf 92' lang='lat' dir='ltr'><strong>in</strong></span> <span class='ocrx_word' id='word_1_475' title='bbox 2252 2641 2391 2681; x_wconf 90' lang='lat' dir='ltr'><strong>novo</strong></span> <span class='ocrx_word' id='word_1_476' title='bbox 2410 2627 2527 2697; x_wconf 90' lang='lat' dir='ltr'><strong>ipsa</strong></span> <span class='ocrx_word' id='word_1_477' title='bbox 2554 2628 2753 2682; x_wconf 88' lang='lat' dir='ltr'><strong>meruit</strong></span> <span class='ocrx_word' id='word_1_478' title='bbox 2775 2642 2872 2698; x_wconf 92' lang='lat' dir='ltr'><strong>per</strong></span> <span class='ocrx_word' id='word_1_479' title='bbox 2895 2629 3341 2684; x_wconf 87' lang='lat' dir='ltr'><strong>resurrectionem</strong></span> <span class='ocrx_word' id='word_1_480' title='bbox 3371 2629 3570 2686; x_wconf 86' lang='lat' dir='ltr'><strong>Christi</strong></span> 
     </span>
    </p>
   </div>
   <div class='ocr_carea' id='block_1_58' title="bbox 1985 2717 3666 2791">
    <p class='ocr_par' dir='ltr' id='par_1_58' title="bbox 1985 2717 3666 2791">
     <span class='ocr_line' id='line_1_58' title="bbox 1985 2717 3666 2791; baseline 0.002 -18"><span class='ocrx_word' id='word_1_481' title='bbox 1985 2726 2043 2773; x_wconf 89' lang='lat' dir='ltr'><strong>et</strong></span> <span class='ocrx_word' id='word_1_482' title='bbox 2070 2718 2243 2788; x_wconf 92' lang='lat' dir='ltr'><strong>prima</strong></span> <span class='ocrx_word' id='word_1_483' title='bbox 2272 2717 2411 2772; x_wconf 79' lang='lat' dir='ltr'><strong>efﬁci</strong></span> <span class='ocrx_word' id='word_1_484' title='bbox 2437 2725 2492 2772; x_wconf 89' lang='lat' dir='ltr'><strong>et</strong></span> <span class='ocrx_word' id='word_1_485' title='bbox 2526 2725 2737 2774; x_wconf 88' lang='lat' dir='ltr'><strong>octava.</strong></span> <span class='ocrx_word' id='word_1_486' title='bbox 2783 2718 2917 2774; x_wconf 84' lang='lat' dir='ltr'><strong>Nam</strong></span> <span class='ocrx_word' id='word_1_487' title='bbox 2963 2720 3102 2775; x_wconf 89' lang='lat' dir='ltr'><strong>sicut</strong></span> <span class='ocrx_word' id='word_1_488' title='bbox 3140 2721 3256 2789; x_wconf 89' lang='lat' dir='ltr'><strong>ipsa</strong></span> <span class='ocrx_word' id='word_1_489' title='bbox 3283 2720 3371 2776; x_wconf 90' lang='lat' dir='ltr'><strong>die</strong></span> <span class='ocrx_word' id='word_1_490' title='bbox 3397 2724 3570 2791; x_wconf 90' lang='lat' dir='ltr'><strong>aperti</strong></span> <span class='ocrx_word' id='word_1_491' title='bbox 3660 2734 3666 2739; x_wconf 92' lang='lat'>&#39;</span> 
     </span>
    </p>
   </div>
   <div class='ocr_carea' id='block_1_59' title="bbox 1983 2808 3569 2885">
    <p class='ocr_par' dir='ltr' id='par_1_59' title="bbox 1983 2808 3569 2885">
     <span class='ocr_line' id='line_1_59' title="bbox 1983 2808 3569 2885; baseline 0.001 -21"><span class='ocrx_word' id='word_1_492' title='bbox 1983 2816 2112 2864; x_wconf 89' lang='lat' dir='ltr'><strong>sunt</strong></span> <span class='ocrx_word' id='word_1_493' title='bbox 2128 2808 2273 2873; x_wconf 78' lang='lat' dir='ltr'><strong>eteli,</strong></span> <span class='ocrx_word' id='word_1_494' title='bbox 2297 2817 2356 2863; x_wconf 92' lang='lat' dir='ltr'><strong>ut</strong></span> <span class='ocrx_word' id='word_1_495' title='bbox 2383 2808 2692 2864; x_wconf 79' lang='lat' dir='ltr'><strong>funderetur</strong></span> <span class='ocrx_word' id='word_1_496' title='bbox 2710 2825 2906 2865; x_wconf 89' lang='lat' dir='ltr'><strong>manna</strong></span> <span class='ocrx_word' id='word_1_497' title='bbox 2930 2810 3128 2880; x_wconf 72' lang='lat' dir='ltr'><strong>(Exod.</strong></span> <span class='ocrx_word' id='word_1_498' title='bbox 3154 2829 3258 2878; x_wconf 74' lang='lat' dir='ltr'><strong>xvn,</strong></span> <span class='ocrx_word' id='word_1_499' title='bbox 3285 2813 3353 2866; x_wconf 77' lang='grc'><strong>14</strong></span> <span class='ocrx_word' id='word_1_500' title='bbox 3374 2822 3423 2868; x_wconf 89' lang='lat' dir='ltr'><strong>et</strong></span> <span class='ocrx_word' id='word_1_501' title='bbox 3456 2814 3569 2885; x_wconf 79' lang='grc'><strong>16),</strong></span> 
     </span>
    </p>
   </div>
   <div class='ocr_carea' id='block_1_60' title="bbox 1986 2898 3569 2972">
    <p class='ocr_par' dir='ltr' id='par_1_60' title="bbox 1986 2898 3569 2972">
     <span class='ocr_line' id='line_1_60' title="bbox 1986 2898 3569 2972; baseline 0.004 -19"><span class='ocrx_word' id='word_1_502' title='bbox 1986 2898 2155 2953; x_wconf 84' lang='lat' dir='ltr'><strong>David</strong></span> <span class='ocrx_word' id='word_1_503' title='bbox 2183 2913 2397 2968; x_wconf 90' lang='lat' dir='ltr'><strong>quoque</strong></span> <span class='ocrx_word' id='word_1_504' title='bbox 2425 2906 2647 2953; x_wconf 90' lang='lat' dir='ltr'><strong>octavus</strong></span> <span class='ocrx_word' id='word_1_505' title='bbox 2675 2907 2759 2953; x_wconf 90' lang='lat' dir='ltr'><strong>est</strong></span> <span class='ocrx_word' id='word_1_506' title='bbox 2794 2899 2933 2955; x_wconf 83' lang='lat' dir='ltr'><strong>lilius</strong></span> <span class='ocrx_word' id='word_1_507' title='bbox 2958 2901 3050 2969; x_wconf 89' lang='lat' dir='ltr'><strong>qui</strong></span> <span class='ocrx_word' id='word_1_508' title='bbox 3080 2917 3176 2972; x_wconf 90' lang='lat' dir='ltr'><strong>per</strong></span> <span class='ocrx_word' id='word_1_509' title='bbox 3203 2902 3569 2959; x_wconf 82' lang='lat' dir='ltr'><strong>defensionem</strong></span> 
     </span>
    </p>
   </div>
   <div class='ocr_carea' id='block_1_61' title="bbox 1986 2990 3565 3080">
    <p class='ocr_par' dir='ltr' id='par_1_61' title="bbox 1986 2990 3565 3080">
     <span class='ocr_line' id='line_1_61' title="bbox 1986 2990 3565 3080; baseline 0.002 -34"><span class='ocrx_word' id='word_1_510' title='bbox 1986 2992 2168 3046; x_wconf 90' lang='lat' dir='ltr'><strong>ovium</strong></span> <span class='ocrx_word' id='word_1_511' title='bbox 2184 2990 2415 3046; x_wconf 79' lang='lat' dir='ltr'><strong>ferarum</strong></span> <span class='ocrx_word' id='word_1_512' title='bbox 2432 2990 2743 3047; x_wconf 85' lang='lat' dir='ltr'><strong>interfector</strong></span> <span class='ocrx_word' id='word_1_513' title='bbox 2759 2992 2980 3049; x_wconf 73' lang='lat' dir='ltr'><strong>effectus</strong></span> <span class='ocrx_word' id='word_1_514' title='bbox 3004 3002 3086 3050; x_wconf 90' lang='lat' dir='ltr'><strong>est</strong></span> <span class='ocrx_word' id='word_1_515' title='bbox 3100 2995 3150 3067; x_wconf 88' lang='grc' dir='ltr'>(Ι</span> <span class='ocrx_word' id='word_1_516' title='bbox 3174 2995 3303 3080; x_wconf 79' lang='lat' dir='ltr'><strong>Reg.</strong></span> <span class='ocrx_word' id='word_1_517' title='bbox 3325 3012 3431 3061; x_wconf 78' lang='lat' dir='ltr'><strong>xvi,</strong></span> <span class='ocrx_word' id='word_1_518' title='bbox 3453 2996 3565 3068; x_wconf 81' lang='lat' dir='ltr'><strong>ll),</strong></span> 
     </span>
    </p>
   </div>
   <div class='ocr_carea' id='block_1_62' title="bbox 1984 3082 3673 3160">
    <p class='ocr_par' dir='ltr' id='par_1_62' title="bbox 1984 3082 3673 3160">
     <span class='ocr_line' id='line_1_62' title="bbox 1984 3082 3673 3160; baseline 0.003 -21"><span class='ocrx_word' id='word_1_519' title='bbox 1984 3092 2041 3139; x_wconf 89' lang='lat' dir='ltr'><strong>et</strong></span> <span class='ocrx_word' id='word_1_520' title='bbox 2059 3100 2157 3154; x_wconf 89' lang='lat' dir='ltr'><strong>per</strong></span> <span class='ocrx_word' id='word_1_521' title='bbox 2175 3082 2540 3139; x_wconf 77' lang='lat' dir='ltr'><strong>defensionem</strong></span> <span class='ocrx_word' id='word_1_522' title='bbox 2561 3084 2764 3155; x_wconf 88' lang='lat' dir='ltr'><strong>populi,</strong></span> <span class='ocrx_word' id='word_1_523' title='bbox 2786 3085 3094 3142; x_wconf 83' lang='lat' dir='ltr'><strong>interfector</strong></span> <span class='ocrx_word' id='word_1_524' title='bbox 3112 3088 3339 3158; x_wconf 90' lang='lat' dir='ltr'><strong>gigantis</strong></span> <span class='ocrx_word' id='word_1_525' title='bbox 3363 3089 3413 3159; x_wconf 93' lang='lat' dir='ltr'><strong>(l</strong></span> <span class='ocrx_word' id='word_1_526' title='bbox 3436 3088 3567 3160; x_wconf 80' lang='lat' dir='ltr'><strong>Reg.</strong></span> <span class='ocrx_word' id='word_1_527' title='bbox 3618 3126 3621 3129; x_wconf 93' lang='lat'><strong><em>-</em></strong></span> <span class='ocrx_word' id='word_1_528' title='bbox 3668 3138 3673 3143; x_wconf 83' lang='lat'><strong>.</strong></span> 
     </span>
    </p>
   </div>
   <div class='ocr_carea' id='block_1_63' title="bbox 282 3166 3566 3250">
    <p class='ocr_par' dir='ltr' id='par_1_63' title="bbox 282 3166 3566 3250">
     <span class='ocr_line' id='line_1_63' title="bbox 282 3166 3566 3250; baseline 0.004 -27"><span class='ocrx_word' id='word_1_529' title='bbox 282 3167 562 3223; x_wconf 88' lang='lat' dir='ltr'><strong>Dominus</strong></span> <span class='ocrx_word' id='word_1_530' title='bbox 587 3168 885 3237; x_wconf 88' lang='lat' dir='ltr'><strong>sapientem</strong></span> <span class='ocrx_word' id='word_1_531' title='bbox 904 3168 1077 3222; x_wconf 91' lang='lat' dir='ltr'><strong>virum</strong></span> <span class='ocrx_word' id='word_1_532' title='bbox 1104 3166 1450 3225; x_wconf 79' lang='lat' dir='ltr'><strong>fabricantem</strong></span> <span class='ocrx_word' id='word_1_533' title='bbox 1473 3169 1690 3225; x_wconf 91' lang='lat' dir='ltr'><strong>domum</strong></span> <span class='ocrx_word' id='word_1_534' title='bbox 1719 3187 1880 3242; x_wconf 86' lang='lat' dir='ltr'><strong>super</strong></span> <span class='ocrx_word' id='word_1_535' title='bbox 1905 3177 1953 3241; x_wconf 75' lang='grc' dir='ltr'>ο</span> <span class='ocrx_word' id='word_1_536' title='bbox 1986 3191 2095 3229; x_wconf 85' lang='lat' dir='ltr'><strong>xvn</strong></span> <span class='ocrx_word' id='word_1_537' title='bbox 2114 3214 2129 3237; x_wconf 89' lang='lat'><strong>,</strong></span> <span class='ocrx_word' id='word_1_538' title='bbox 2163 3172 2233 3227; x_wconf 74' lang='lat'><strong>49</strong></span> <span class='ocrx_word' id='word_1_539' title='bbox 2259 3183 2307 3228; x_wconf 89' lang='lat' dir='ltr'><strong>et</strong></span> <span class='ocrx_word' id='word_1_540' title='bbox 2337 3172 2459 3245; x_wconf 87' lang='lat'><strong>50).</strong></span> <span class='ocrx_word' id='word_1_541' title='bbox 2498 3172 2679 3230; x_wconf 90' lang='lat' dir='ltr'><strong>Primo</strong></span> <span class='ocrx_word' id='word_1_542' title='bbox 2706 3192 2827 3231; x_wconf 87' lang='lat' dir='ltr'><strong>cum</strong></span> <span class='ocrx_word' id='word_1_543' title='bbox 2856 3176 3029 3232; x_wconf 89' lang='lat' dir='ltr'><strong>adhuc</strong></span> <span class='ocrx_word' id='word_1_544' title='bbox 3056 3185 3199 3234; x_wconf 87' lang='lat' dir='ltr'><strong>esset</strong></span> <span class='ocrx_word' id='word_1_545' title='bbox 3225 3181 3509 3250; x_wconf 90' lang='lat' dir='ltr'><strong>parvulus,</strong></span> <span class='ocrx_word' id='word_1_546' title='bbox 3538 3198 3566 3235; x_wconf 70' lang='grc' dir='ltr'>ει</span> 
     </span>
    </p>
   </div>
   <div class='ocr_carea' id='block_1_64' title="bbox 278 3260 1874 3334">
    <p class='ocr_par' dir='ltr' id='par_1_64' title="bbox 278 3260 1874 3334">
     <span class='ocr_line' id='line_1_64' title="bbox 278 3260 1874 3334; baseline 0.001 -17"><span class='ocrx_word' id='word_1_547' title='bbox 278 3270 498 3334; x_wconf 88' lang='lat' dir='ltr'><strong>petram</strong></span> <span class='ocrx_word' id='word_1_548' title='bbox 527 3261 659 3316; x_wconf 90' lang='lat' dir='ltr'><strong>dicit</strong></span> <span class='ocrx_word' id='word_1_549' title='bbox 689 3261 911 3332; x_wconf 75' lang='lat' dir='ltr'><strong>(Matth.</strong></span> <span class='ocrx_word' id='word_1_550' title='bbox 938 3278 1040 3326; x_wconf 89' lang='lat' dir='ltr'><strong>vn,</strong></span> <span class='ocrx_word' id='word_1_551' title='bbox 1083 3260 1202 3332; x_wconf 76' lang='grc'><strong>24).</strong></span> <span class='ocrx_word' id='word_1_552' title='bbox 1247 3261 1417 3329; x_wconf 85' lang='lat' dir='ltr'><strong>Quam</strong></span> <span class='ocrx_word' id='word_1_553' title='bbox 1456 3270 1635 3330; x_wconf 84' lang='lat' dir='ltr'><strong>autem</strong></span> <span class='ocrx_word' id='word_1_554' title='bbox 1664 3270 1874 3333; x_wconf 89' lang='lat' dir='ltr'><strong>petram</strong></span> 
     </span>
    </p>
   </div>
   <div class='ocr_carea' id='block_1_65' title="bbox 281 3351 1875 3422">
    <p class='ocr_par' dir='ltr' id='par_1_65' title="bbox 281 3351 1875 3422">
     <span class='ocr_line' id='line_1_65' title="bbox 281 3351 1875 3422; baseline 0.001 -13"><span class='ocrx_word' id='word_1_555' title='bbox 281 3354 388 3409; x_wconf 87' lang='lat' dir='ltr'><strong>nisi</strong></span> <span class='ocrx_word' id='word_1_556' title='bbox 431 3353 577 3407; x_wconf 86' lang='lat' dir='ltr'><strong>illam</strong></span> <span class='ocrx_word' id='word_1_557' title='bbox 606 3351 674 3407; x_wconf 91' lang='lat' dir='ltr'><strong>de</strong></span> <span class='ocrx_word' id='word_1_558' title='bbox 701 3367 807 3421; x_wconf 92' lang='lat' dir='ltr'><strong>qua</strong></span> <span class='ocrx_word' id='word_1_559' title='bbox 837 3352 967 3408; x_wconf 86' lang='lat' dir='ltr'><strong>dicit</strong></span> <span class='ocrx_word' id='word_1_560' title='bbox 993 3352 1280 3422; x_wconf 90' lang='lat' dir='ltr'><strong>Apostolus</strong></span> <span class='ocrx_word' id='word_1_561' title='bbox 1307 3372 1319 3407; x_wconf 94' lang='lat'>:</span> <span class='ocrx_word' id='word_1_562' title='bbox 1343 3352 1761 3410; x_wconf 87' lang='lat' dir='ltr'><strong>Fundamentum</strong></span> <span class='ocrx_word' id='word_1_563' title='bbox 1780 3373 1875 3410; x_wconf 87' lang='lat' dir='ltr'><strong>au-</strong></span> 
     </span>
    </p>
   </div>
   <div class='ocr_carea' id='block_1_66' title="bbox 208 3442 1875 3516">
    <p class='ocr_par' dir='ltr' id='par_1_66' title="bbox 208 3442 1875 3516">
     <span class='ocr_line' id='line_1_66' title="bbox 208 3442 1875 3516; baseline 0.002 -18"><span class='ocrx_word' id='word_1_564' title='bbox 208 3442 211 3443; x_wconf 52' lang='grc'><strong><em>⁷</em></strong></span> <span class='ocrx_word' id='word_1_565' title='bbox 283 3454 388 3500; x_wconf 89' lang='lat' dir='ltr'><strong>tem</strong></span> <span class='ocrx_word' id='word_1_566' title='bbox 407 3443 552 3498; x_wconf 84' lang='lat' dir='ltr'><strong>aliud</strong></span> <span class='ocrx_word' id='word_1_567' title='bbox 582 3460 730 3498; x_wconf 90' lang='lat' dir='ltr'><strong>nemo</strong></span> <span class='ocrx_word' id='word_1_568' title='bbox 762 3451 929 3512; x_wconf 87' lang='lat' dir='ltr'><strong>potest</strong></span> <span class='ocrx_word' id='word_1_569' title='bbox 953 3460 1160 3514; x_wconf 86' lang='lat' dir='ltr'><strong>ponere,</strong></span> <span class='ocrx_word' id='word_1_570' title='bbox 1188 3452 1375 3509; x_wconf 71' lang='lat' dir='ltr'><strong>prwter</strong></span> <span class='ocrx_word' id='word_1_571' title='bbox 1399 3446 1455 3498; x_wconf 89' lang='lat' dir='ltr'><strong>id</strong></span> <span class='ocrx_word' id='word_1_572' title='bbox 1481 3447 1619 3516; x_wconf 87' lang='lat' dir='ltr'><strong>quod</strong></span> <span class='ocrx_word' id='word_1_573' title='bbox 1647 3448 1875 3515; x_wconf 75' lang='lat' dir='ltr'><strong>positum</strong></span> 
     </span>
    </p>
   </div>
   <div class='ocr_carea' id='block_1_67' title="bbox 282 3532 1872 3606">
    <p class='ocr_par' dir='ltr' id='par_1_67' title="bbox 282 3532 1872 3606">
     <span class='ocr_line' id='line_1_67' title="bbox 282 3532 1872 3606; baseline 0.001 -16"><span class='ocrx_word' id='word_1_574' title='bbox 282 3542 360 3590; x_wconf 90' lang='lat' dir='ltr'><strong>est</strong></span> <span class='ocrx_word' id='word_1_575' title='bbox 385 3534 543 3589; x_wconf 79' lang='lat' dir='ltr'><strong>Iesus</strong></span> <span class='ocrx_word' id='word_1_576' title='bbox 574 3532 812 3588; x_wconf 84' lang='lat' dir='ltr'><strong>Christus</strong></span> <span class='ocrx_word' id='word_1_577' title='bbox 838 3532 889 3605; x_wconf 90' lang='grc' dir='ltr'><strong>(Ι</strong></span> <span class='ocrx_word' id='word_1_578' title='bbox 914 3532 1034 3589; x_wconf 90' lang='lat' dir='ltr'><strong>Cor.</strong></span> <span class='ocrx_word' id='word_1_579' title='bbox 1058 3550 1142 3594; x_wconf 86' lang='grc' dir='ltr'>ιιι,</span> <span class='ocrx_word' id='word_1_580' title='bbox 1170 3534 1300 3606; x_wconf 77' lang='lat' dir='ltr'><strong>ll)?</strong></span> <span class='ocrx_word' id='word_1_581' title='bbox 1328 3535 1464 3590; x_wconf 90' lang='lat' dir='ltr'><strong>Sunt</strong></span> <span class='ocrx_word' id='word_1_582' title='bbox 1491 3545 1547 3591; x_wconf 91' lang='lat' dir='ltr'><strong>et</strong></span> <span class='ocrx_word' id='word_1_583' title='bbox 1578 3536 1683 3591; x_wconf 91' lang='lat' dir='ltr'><strong>alia</strong></span> <span class='ocrx_word' id='word_1_584' title='bbox 1705 3538 1872 3592; x_wconf 89' lang='lat' dir='ltr'><strong>multa</strong></span> 
     </span>
    </p>
   </div>
   <div class='ocr_carea' id='block_1_68' title="bbox 284 3625 1870 3697">
    <p class='ocr_par' dir='ltr' id='par_1_68' title="bbox 284 3625 1870 3697">
     <span class='ocr_line' id='line_1_68' title="bbox 284 3625 1870 3697; baseline 0.001 -16"><span class='ocrx_word' id='word_1_585' title='bbox 284 3642 403 3697; x_wconf 74' lang='lat' dir='ltr'><strong>quae</strong></span> <span class='ocrx_word' id='word_1_586' title='bbox 431 3639 736 3682; x_wconf 88' lang='lat' dir='ltr'><strong>memorare</strong></span> <span class='ocrx_word' id='word_1_587' title='bbox 776 3625 993 3693; x_wconf 88' lang='lat' dir='ltr'><strong>longum</strong></span> <span class='ocrx_word' id='word_1_588' title='bbox 1034 3631 1147 3688; x_wconf 89' lang='lat' dir='ltr'><strong>est,</strong></span> <span class='ocrx_word' id='word_1_589' title='bbox 1180 3640 1299 3694; x_wconf 63' lang='lat' dir='ltr'><strong>qua:</strong></span> <span class='ocrx_word' id='word_1_590' title='bbox 1327 3634 1381 3680; x_wconf 91' lang='lat' dir='ltr'><strong>et</strong></span> <span class='ocrx_word' id='word_1_591' title='bbox 1407 3626 1638 3681; x_wconf 89' lang='lat' dir='ltr'><strong>doceant</strong></span> <span class='ocrx_word' id='word_1_592' title='bbox 1664 3636 1870 3697; x_wconf 89' lang='lat' dir='ltr'><strong>petram</strong></span> 
     </span>
    </p>
   </div>
   <div class='ocr_carea' id='block_1_69' title="bbox 282 3714 1874 3785">
    <p class='ocr_par' dir='ltr' id='par_1_69' title="bbox 282 3714 1874 3785">
     <span class='ocr_line' id='line_1_69' title="bbox 282 3714 1874 3785; baseline 0.002 -14"><span class='ocrx_word' id='word_1_593' title='bbox 282 3726 385 3784; x_wconf 83' lang='lat' dir='ltr'><strong>pro</strong></span> <span class='ocrx_word' id='word_1_594' title='bbox 414 3714 848 3770; x_wconf 88' lang='lat' dir='ltr'><strong>immutabilitate</strong></span> <span class='ocrx_word' id='word_1_595' title='bbox 894 3721 949 3768; x_wconf 90' lang='lat' dir='ltr'><strong>et</strong></span> <span class='ocrx_word' id='word_1_596' title='bbox 994 3730 1093 3785; x_wconf 90' lang='lat' dir='ltr'><strong>pro</strong></span> <span class='ocrx_word' id='word_1_597' title='bbox 1138 3716 1567 3771; x_wconf 86' lang='lat' dir='ltr'><strong>canstantissima</strong></span> <span class='ocrx_word' id='word_1_598' title='bbox 1596 3718 1874 3774; x_wconf 89' lang='lat' dir='ltr'><strong>voluntate</strong></span> 
     </span>
    </p>
   </div>
   <div class='ocr_carea' id='block_1_70' title="bbox 284 3794 1870 3874">
    <p class='ocr_par' dir='ltr' id='par_1_70' title="bbox 284 3794 1870 3874">
     <span class='ocr_line' id='line_1_70' title="bbox 284 3794 1870 3874; baseline 0.003 -14"><span class='ocrx_word' id='word_1_599' title='bbox 284 3801 498 3860; x_wconf 87' lang='lat' dir='ltr'><strong>Domini</strong></span> <span class='ocrx_word' id='word_1_600' title='bbox 525 3806 694 3861; x_wconf 91' lang='lat' dir='ltr'><strong>nostri</strong></span> <span class='ocrx_word' id='word_1_601' title='bbox 722 3805 849 3861; x_wconf 86' lang='lat' dir='ltr'><strong>Jesu</strong></span> <span class='ocrx_word' id='word_1_602' title='bbox 877 3794 1098 3870; x_wconf 86' lang='lat' dir='ltr'><strong>Christi,</strong></span> <span class='ocrx_word' id='word_1_603' title='bbox 1128 3820 1289 3874; x_wconf 91' lang='lat' dir='ltr'><strong>quam</strong></span> <span class='ocrx_word' id='word_1_604' title='bbox 1318 3806 1371 3860; x_wconf 91' lang='lat' dir='ltr'><strong>in</strong></span> <span class='ocrx_word' id='word_1_605' title='bbox 1400 3822 1561 3862; x_wconf 89' lang='lat' dir='ltr'><strong>carne</strong></span> <span class='ocrx_word' id='word_1_606' title='bbox 1588 3824 1683 3862; x_wconf 88' lang='lat' dir='ltr'><strong>sua</strong></span> <span class='ocrx_word' id='word_1_607' title='bbox 1712 3824 1870 3864; x_wconf 87' lang='lat' dir='ltr'><strong>exer-</strong></span> 
     </span>
    </p>
   </div>
   <div class='ocr_carea' id='block_1_71' title="bbox 284 3896 1870 3969">
    <p class='ocr_par' dir='ltr' id='par_1_71' title="bbox 284 3896 1870 3969">
     <span class='ocr_line' id='line_1_71' title="bbox 284 3896 1870 3969; baseline 0.003 -18"><span class='ocrx_word' id='word_1_608' title='bbox 284 3897 418 3964; x_wconf 87' lang='lat' dir='ltr'><strong>cuit,</strong></span> <span class='ocrx_word' id='word_1_609' title='bbox 449 3905 683 3951; x_wconf 88' lang='lat' dir='ltr'><strong>tentatus</strong></span> <span class='ocrx_word' id='word_1_610' title='bbox 708 3914 739 3952; x_wconf 92' lang='lat' dir='ltr'><strong>a</strong></span> <span class='ocrx_word' id='word_1_611' title='bbox 768 3896 1005 3957; x_wconf 87' lang='lat' dir='ltr'><strong>diabolo,</strong></span> <span class='ocrx_word' id='word_1_612' title='bbox 1038 3898 1266 3953; x_wconf 89' lang='lat' dir='ltr'><strong>traditus</strong></span> <span class='ocrx_word' id='word_1_613' title='bbox 1292 3904 1322 3952; x_wconf 84' lang='lat' dir='ltr'><strong>a’</strong></span> <span class='ocrx_word' id='word_1_614' title='bbox 1344 3899 1625 3969; x_wconf 88' lang='lat' dir='ltr'><strong>discipula,</strong></span> <span class='ocrx_word' id='word_1_615' title='bbox 1658 3900 1793 3955; x_wconf 84' lang='lat' dir='ltr'><strong>ﬁxus</strong></span> <span class='ocrx_word' id='word_1_616' title='bbox 1818 3902 1870 3956; x_wconf 94' lang='lat' dir='ltr'><strong>in</strong></span> 
     </span>
    </p>
   </div>
   <div class='ocr_carea' id='block_1_72' title="bbox 283 3986 1873 4061">
    <p class='ocr_par' dir='ltr' id='par_1_72' title="bbox 283 3986 1873 4061">
     <span class='ocr_line' id='line_1_72' title="bbox 283 3986 1873 4061; baseline 0.005 -20"><span class='ocrx_word' id='word_1_617' title='bbox 283 3986 552 4057; x_wconf 88' lang='lat' dir='ltr'><strong>patibula,</strong></span> <span class='ocrx_word' id='word_1_618' title='bbox 573 3989 777 4043; x_wconf 86' lang='lat' dir='ltr'><strong>cibatus</strong></span> <span class='ocrx_word' id='word_1_619' title='bbox 808 3989 948 4052; x_wconf 77' lang='lat' dir='ltr'><strong>felle,</strong></span> <span class='ocrx_word' id='word_1_620' title='bbox 979 3997 1195 4059; x_wconf 89' lang='lat' dir='ltr'><strong>potatus</strong></span> <span class='ocrx_word' id='word_1_621' title='bbox 1222 3999 1396 4055; x_wconf 88' lang='lat' dir='ltr'><strong>aceto,</strong></span> <span class='ocrx_word' id='word_1_622' title='bbox 1429 3991 1730 4061; x_wconf 80' lang='lat' dir='ltr'><strong>perfaratus</strong></span> <span class='ocrx_word' id='word_1_623' title='bbox 1756 3994 1873 4049; x_wconf 88' lang='lat' dir='ltr'><strong>lan-</strong></span> 
     </span>
    </p>
   </div>
   <div class='ocr_carea' id='block_1_73' title="bbox 284 4076 1873 4150">
    <p class='ocr_par' dir='ltr' id='par_1_73' title="bbox 284 4076 1873 4150">
     <span class='ocr_line' id='line_1_73' title="bbox 284 4076 1873 4150; baseline 0.003 -17"><span class='ocrx_word' id='word_1_624' title='bbox 284 4092 410 4141; x_wconf 80' lang='lat' dir='ltr'><strong>cea,</strong></span> <span class='ocrx_word' id='word_1_625' title='bbox 435 4076 728 4131; x_wconf 78' lang='lat' dir='ltr'><strong>humiliatus</strong></span> <span class='ocrx_word' id='word_1_626' title='bbox 745 4096 903 4150; x_wconf 82' lang='lat' dir='ltr'><strong>usque</strong></span> <span class='ocrx_word' id='word_1_627' title='bbox 924 4079 993 4133; x_wconf 84' lang='lat' dir='ltr'><strong>ad</strong></span> <span class='ocrx_word' id='word_1_628' title='bbox 1024 4089 1256 4146; x_wconf 90' lang='lat' dir='ltr'><strong>mortem,</strong></span> <span class='ocrx_word' id='word_1_629' title='bbox 1281 4090 1496 4136; x_wconf 88' lang='lat' dir='ltr'><strong>mortem</strong></span> <span class='ocrx_word' id='word_1_630' title='bbox 1516 4091 1685 4137; x_wconf 86' lang='lat' dir='ltr'><strong>autem</strong></span> <span class='ocrx_word' id='word_1_631' title='bbox 1706 4085 1873 4137; x_wconf 83' lang='lat' dir='ltr'><strong>crucis</strong></span> 
     </span>
    </p>
   </div>
   <div class='ocr_carea' id='block_1_74' title="bbox 282 4165 1871 4243">
    <p class='ocr_par' dir='ltr' id='par_1_74' title="bbox 282 4165 1871 4243">
     <span class='ocr_line' id='line_1_74' title="bbox 282 4165 1871 4243; baseline 0.006 -24"><span class='ocrx_word' id='word_1_632' title='bbox 282 4165 518 4237; x_wconf 84' lang='lat' dir='ltr'><strong>(Philip.</strong></span> <span class='ocrx_word' id='word_1_633' title='bbox 560 4182 615 4231; x_wconf 89' lang='grc' dir='ltr'><strong>ιι,</strong></span> <span class='ocrx_word' id='word_1_634' title='bbox 641 4165 718 4233; x_wconf 85' lang='grc'><strong>8).</strong></span> <span class='ocrx_word' id='word_1_635' title='bbox 752 4166 961 4223; x_wconf 89' lang='lat' dir='ltr'><strong>Etcum</strong></span> <span class='ocrx_word' id='word_1_636' title='bbox 1007 4171 1186 4224; x_wconf 88' lang='lat' dir='ltr'><strong>omnia</strong></span> <span class='ocrx_word' id='word_1_637' title='bbox 1212 4170 1346 4243; x_wconf 67' lang='lat' dir='ltr'><strong>haec</strong></span> <span class='ocrx_word' id='word_1_638' title='bbox 1390 4173 1552 4227; x_wconf 85' lang='lat' dir='ltr'><strong>homo</strong></span> <span class='ocrx_word' id='word_1_639' title='bbox 1598 4165 1871 4243; x_wconf 81' lang='lat' dir='ltr'><strong>perfectus</strong></span> 
     </span>
    </p>
   </div>
   <div class='ocr_carea' id='block_1_75' title="bbox 280 4255 1868 4330">
    <p class='ocr_par' dir='ltr' id='par_1_75' title="bbox 280 4255 1868 4330">
     <span class='ocr_line' id='line_1_75' title="bbox 280 4255 1868 4330; baseline 0.004 -18"><span class='ocrx_word' id='word_1_640' title='bbox 280 4255 624 4322; x_wconf 87' lang='lat' dir='ltr'><strong>sustinuerit,</strong></span> <span class='ocrx_word' id='word_1_641' title='bbox 657 4255 787 4310; x_wconf 90' lang='lat' dir='ltr'><strong>nihil</strong></span> <span class='ocrx_word' id='word_1_642' title='bbox 816 4266 987 4313; x_wconf 89' lang='lat' dir='ltr'><strong>tamen</strong></span> <span class='ocrx_word' id='word_1_643' title='bbox 1018 4258 1085 4314; x_wconf 94' lang='lat' dir='ltr'><strong>de</strong></span> <span class='ocrx_word' id='word_1_644' title='bbox 1114 4261 1445 4330; x_wconf 85' lang='lat' dir='ltr'><strong>impatientia</strong></span> <span class='ocrx_word' id='word_1_645' title='bbox 1490 4263 1721 4318; x_wconf 88' lang='lat' dir='ltr'><strong>hominis</strong></span> <span class='ocrx_word' id='word_1_646' title='bbox 1747 4264 1837 4318; x_wconf 89' lang='lat' dir='ltr'><strong>imi</strong></span> <span class='ocrx_word' id='word_1_647' title='bbox 1856 4295 1868 4305; x_wconf 85' lang='lat'><strong>-</strong></span> 
     </span>
    </p>
   </div>
   <div class='ocr_carea' id='block_1_76' title="bbox 279 4346 1870 4421">
    <p class='ocr_par' dir='ltr' id='par_1_76' title="bbox 279 4346 1870 4421">
     <span class='ocr_line' id='line_1_76' title="bbox 279 4346 1870 4421; baseline 0.004 -21"><span class='ocrx_word' id='word_1_648' title='bbox 279 4353 451 4411; x_wconf 83' lang='lat' dir='ltr'><strong>tatus,</strong></span> <span class='ocrx_word' id='word_1_649' title='bbox 482 4346 717 4402; x_wconf 87' lang='lat' dir='ltr'><strong>ostendit</strong></span> <span class='ocrx_word' id='word_1_650' title='bbox 744 4347 909 4402; x_wconf 91' lang='lat' dir='ltr'><strong>Deum</strong></span> <span class='ocrx_word' id='word_1_651' title='bbox 960 4364 1058 4418; x_wconf 79' lang='lat' dir='ltr'><strong>per</strong></span> <span class='ocrx_word' id='word_1_652' title='bbox 1098 4350 1367 4405; x_wconf 89' lang='lat' dir='ltr'><strong>hominem</strong></span> <span class='ocrx_word' id='word_1_653' title='bbox 1396 4351 1702 4406; x_wconf 89' lang='lat' dir='ltr'><strong>hominibus</strong></span> <span class='ocrx_word' id='word_1_654' title='bbox 1728 4368 1870 4421; x_wconf 69' lang='lat' dir='ltr'><strong>pra:-</strong></span> 
     </span>
    </p>
   </div>
   <div class='ocr_carea' id='block_1_77' title="bbox 278 4439 1869 4512">
    <p class='ocr_par' dir='ltr' id='par_1_77' title="bbox 278 4439 1869 4512">
     <span class='ocr_line' id='line_1_77' title="bbox 278 4439 1869 4512; baseline 0.001 -18"><span class='ocrx_word' id='word_1_655' title='bbox 278 4439 488 4495; x_wconf 87' lang='lat' dir='ltr'><strong>stitisse</strong></span> <span class='ocrx_word' id='word_1_656' title='bbox 507 4439 810 4504; x_wconf 90' lang='lat' dir='ltr'><strong>victoriam,</strong></span> <span class='ocrx_word' id='word_1_657' title='bbox 839 4441 978 4495; x_wconf 88' lang='lat' dir='ltr'><strong>sicut</strong></span> <span class='ocrx_word' id='word_1_658' title='bbox 1022 4441 1074 4495; x_wconf 91' lang='lat' dir='ltr'><strong>in</strong></span> <span class='ocrx_word' id='word_1_659' title='bbox 1103 4442 1274 4510; x_wconf 90' lang='lat' dir='ltr'><strong>prima</strong></span> <span class='ocrx_word' id='word_1_660' title='bbox 1303 4441 1699 4497; x_wconf 86' lang='lat' dir='ltr'><strong>Carinthiorinn</strong></span> <span class='ocrx_word' id='word_1_661' title='bbox 1739 4441 1869 4512; x_wconf 87' lang='lat' dir='ltr'><strong>Epi-</strong></span> 
     </span>
    </p>
   </div>
   <div class='ocr_carea' id='block_1_78' title="bbox 1984 3264 3567 3335">
    <p class='ocr_par' dir='ltr' id='par_1_78' title="bbox 1984 3264 3567 3335">
     <span class='ocr_line' id='line_1_78' title="bbox 1984 3264 3567 3335; baseline 0.005 -17"><span class='ocrx_word' id='word_1_662' title='bbox 1984 3264 2098 3321; x_wconf 89' lang='lat' dir='ltr'><strong>Deo</strong></span> <span class='ocrx_word' id='word_1_663' title='bbox 2127 3265 2498 3335; x_wconf 91' lang='lat' dir='ltr'><strong>omnipotente</strong></span> <span class='ocrx_word' id='word_1_664' title='bbox 2541 3265 2763 3323; x_wconf 82' lang='lat' dir='ltr'><strong>eﬁ&#39;ectus</strong></span> <span class='ocrx_word' id='word_1_665' title='bbox 2806 3276 2889 3323; x_wconf 91' lang='lat' dir='ltr'><strong>est</strong></span> <span class='ocrx_word' id='word_1_666' title='bbox 2937 3266 3198 3325; x_wconf 89' lang='lat' dir='ltr'><strong>Christus.</strong></span> <span class='ocrx_word' id='word_1_667' title='bbox 3249 3269 3353 3326; x_wconf 91' lang='lat' dir='ltr'><strong>Sed</strong></span> <span class='ocrx_word' id='word_1_668' title='bbox 3407 3279 3462 3327; x_wconf 92' lang='lat' dir='ltr'><strong>et</strong></span> <span class='ocrx_word' id='word_1_669' title='bbox 3514 3271 3567 3326; x_wconf 90' lang='lat' dir='ltr'><strong>in</strong></span> 
     </span>
    </p>
   </div>
   <div class='ocr_carea' id='block_1_79' title="bbox 1983 3355 3567 3426">
    <p class='ocr_par' dir='ltr' id='par_1_79' title="bbox 1983 3355 3567 3426">
     <span class='ocr_line' id='line_1_79' title="bbox 1983 3355 3567 3426; baseline 0.006 -18"><span class='ocrx_word' id='word_1_670' title='bbox 1983 3355 2300 3426; x_wconf 90' lang='lat' dir='ltr'><strong>Evangelia,</strong></span> <span class='ocrx_word' id='word_1_671' title='bbox 2331 3374 2426 3414; x_wconf 92' lang='lat' dir='ltr'><strong>ore</strong></span> <span class='ocrx_word' id='word_1_672' title='bbox 2454 3358 2664 3415; x_wconf 89' lang='lat' dir='ltr'><strong>Domini</strong></span> <span class='ocrx_word' id='word_1_673' title='bbox 2696 3361 2863 3418; x_wconf 88' lang='lat' dir='ltr'><strong>nostri</strong></span> <span class='ocrx_word' id='word_1_674' title='bbox 2893 3360 3019 3417; x_wconf 89' lang='lat' dir='ltr'><strong>Jesu</strong></span> <span class='ocrx_word' id='word_1_675' title='bbox 3058 3361 3256 3418; x_wconf 88' lang='lat' dir='ltr'><strong>Christi</strong></span> <span class='ocrx_word' id='word_1_676' title='bbox 3285 3372 3409 3419; x_wconf 88' lang='lat' dir='ltr'><strong>octo</strong></span> <span class='ocrx_word' id='word_1_677' title='bbox 3437 3365 3567 3419; x_wconf 87' lang='lat' dir='ltr'><strong>bea-</strong></span> 
     </span>
    </p>
   </div>
   <div class='ocr_carea' id='block_1_80' title="bbox 1984 3445 3567 3525">
    <p class='ocr_par' dir='ltr' id='par_1_80' title="bbox 1984 3445 3567 3525">
     <span class='ocr_line' id='line_1_80' title="bbox 1984 3445 3567 3525; baseline 0.008 -26"><span class='ocrx_word' id='word_1_678' title='bbox 1984 3445 2238 3503; x_wconf 91' lang='lat' dir='ltr'><strong>titudines</strong></span> <span class='ocrx_word' id='word_1_679' title='bbox 2283 3458 2592 3505; x_wconf 65' lang='lat' dir='ltr'><strong>memorata:</strong></span> <span class='ocrx_word' id='word_1_680' title='bbox 2638 3460 2763 3506; x_wconf 92' lang='lat' dir='ltr'><strong>sunt</strong></span> <span class='ocrx_word' id='word_1_681' title='bbox 2812 3452 3033 3523; x_wconf 77' lang='lat' dir='ltr'><strong>(Matth.</strong></span> <span class='ocrx_word' id='word_1_682' title='bbox 3075 3454 3170 3523; x_wconf 88' lang='lat' dir='ltr'><strong>v),</strong></span> <span class='ocrx_word' id='word_1_683' title='bbox 3217 3471 3338 3510; x_wconf 89' lang='lat' dir='ltr'><strong>cum</strong></span> <span class='ocrx_word' id='word_1_684' title='bbox 3385 3456 3567 3525; x_wconf 85' lang='lat' dir='ltr'><strong>utique</strong></span> 
     </span>
    </p>
   </div>
   <div class='ocr_carea' id='block_1_81' title="bbox 1982 3538 3567 3609">
    <p class='ocr_par' dir='ltr' id='par_1_81' title="bbox 1982 3538 3567 3609">
     <span class='ocr_line' id='line_1_81' title="bbox 1982 3538 3567 3609; baseline 0.005 -18"><span class='ocrx_word' id='word_1_685' title='bbox 1982 3545 2164 3592; x_wconf 87' lang='lat' dir='ltr'><strong>essent</strong></span> <span class='ocrx_word' id='word_1_686' title='bbox 2187 3544 2243 3592; x_wconf 90' lang='lat' dir='ltr'><strong>et</strong></span> <span class='ocrx_word' id='word_1_687' title='bbox 2269 3538 2386 3593; x_wconf 78' lang='lat' dir='ltr'><strong>alia:</strong></span> <span class='ocrx_word' id='word_1_688' title='bbox 2413 3539 2639 3595; x_wconf 88' lang='lat' dir='ltr'><strong>virtutes</strong></span> <span class='ocrx_word' id='word_1_689' title='bbox 2678 3542 2878 3606; x_wconf 70' lang='lat' dir='ltr'><strong>multae,</strong></span> <span class='ocrx_word' id='word_1_690' title='bbox 2909 3556 3028 3609; x_wconf 68' lang='lat' dir='ltr'><strong>quae</strong></span> <span class='ocrx_word' id='word_1_691' title='bbox 3056 3545 3308 3598; x_wconf 89' lang='lat' dir='ltr'><strong>meritum</strong></span> <span class='ocrx_word' id='word_1_692' title='bbox 3336 3545 3567 3599; x_wconf 80' lang='lat' dir='ltr'><strong>beatitu-</strong></span> 
     </span>
    </p>
   </div>
   <div class='ocr_carea' id='block_1_82' title="bbox 1982 3622 3568 3699">
    <p class='ocr_par' dir='ltr' id='par_1_82' title="bbox 1982 3622 3568 3699">
     <span class='ocr_line' id='line_1_82' title="bbox 1982 3622 3568 3699; baseline 0.008 -23"><span class='ocrx_word' id='word_1_693' title='bbox 1982 3622 2123 3677; x_wconf 90' lang='lat' dir='ltr'><strong>dinis</strong></span> <span class='ocrx_word' id='word_1_694' title='bbox 2142 3624 2342 3678; x_wconf 87' lang='lat' dir='ltr'><strong>habere</strong></span> <span class='ocrx_word' id='word_1_695' title='bbox 2362 3626 2653 3693; x_wconf 91' lang='lat' dir='ltr'><strong>potuerint.</strong></span> <span class='ocrx_word' id='word_1_696' title='bbox 2680 3624 2795 3681; x_wconf 84' lang='lat' dir='ltr'><strong>Hoc</strong></span> <span class='ocrx_word' id='word_1_697' title='bbox 2818 3628 2998 3694; x_wconf 85' lang='lat' dir='ltr'><strong>itaque</strong></span> <span class='ocrx_word' id='word_1_698' title='bbox 3020 3630 3267 3699; x_wconf 86' lang='lat' dir='ltr'><strong>exemplo</strong></span> <span class='ocrx_word' id='word_1_699' title='bbox 3288 3631 3459 3685; x_wconf 91' lang='lat' dir='ltr'><strong>visum</strong></span> <span class='ocrx_word' id='word_1_700' title='bbox 3485 3643 3568 3687; x_wconf 86' lang='lat' dir='ltr'><strong>est</strong></span> 
     </span>
    </p>
   </div>
   <div class='ocr_carea' id='block_1_83' title="bbox 1980 3713 3566 3781">
    <p class='ocr_par' dir='ltr' id='par_1_83' title="bbox 1980 3713 3566 3781">
     <span class='ocr_line' id='line_1_83' title="bbox 1980 3713 3566 3781; baseline 0.005 -15"><span class='ocrx_word' id='word_1_701' title='bbox 1980 3713 2112 3767; x_wconf 91' lang='lat' dir='ltr'><strong>mihi</strong></span> <span class='ocrx_word' id='word_1_702' title='bbox 2141 3721 2200 3767; x_wconf 88' lang='lat' dir='ltr'><strong>ut</strong></span> <span class='ocrx_word' id='word_1_703' title='bbox 2227 3714 2373 3766; x_wconf 87' lang='lat' dir='ltr'><strong>salva</strong></span> <span class='ocrx_word' id='word_1_704' title='bbox 2412 3713 2750 3767; x_wconf 87' lang='lat' dir='ltr'><strong>multitudine</strong></span> <span class='ocrx_word' id='word_1_705' title='bbox 2777 3714 3201 3781; x_wconf 90' lang='lat' dir='ltr'><strong>similitudinum,</strong></span> <span class='ocrx_word' id='word_1_706' title='bbox 3234 3716 3331 3771; x_wconf 90' lang='lat' dir='ltr'><strong>has</strong></span> <span class='ocrx_word' id='word_1_707' title='bbox 3358 3726 3566 3775; x_wconf 87' lang='lat' dir='ltr'><strong>tantum</strong></span> 
     </span>
    </p>
   </div>
   <div class='ocr_carea' id='block_1_84' title="bbox 1980 3802 3565 3881">
    <p class='ocr_par' dir='ltr' id='par_1_84' title="bbox 1980 3802 3565 3881">
     <span class='ocr_line' id='line_1_84' title="bbox 1980 3802 3565 3881; baseline 0.007 -24"><span class='ocrx_word' id='word_1_708' title='bbox 1980 3811 2107 3858; x_wconf 91' lang='lat' dir='ltr'><strong>acta</strong></span> <span class='ocrx_word' id='word_1_709' title='bbox 2151 3802 2480 3871; x_wconf 88' lang='lat' dir='ltr'><strong>trapolagias</strong></span> <span class='ocrx_word' id='word_1_710' title='bbox 2508 3802 2803 3872; x_wconf 79' lang='lat' dir='ltr'><strong>proferrem</strong></span> <span class='ocrx_word' id='word_1_711' title='bbox 2832 3803 2885 3856; x_wconf 95' lang='lat' dir='ltr'><strong>in</strong></span> <span class='ocrx_word' id='word_1_712' title='bbox 2913 3802 3168 3871; x_wconf 86' lang='lat' dir='ltr'><strong>medium,</strong></span> <span class='ocrx_word' id='word_1_713' title='bbox 3200 3815 3379 3862; x_wconf 90' lang='lat' dir='ltr'><strong>certus</strong></span> <span class='ocrx_word' id='word_1_714' title='bbox 3422 3812 3565 3881; x_wconf 91' lang='lat' dir='ltr'><strong>quod</strong></span> 
     </span>
    </p>
   </div>
   <div class='ocr_carea' id='block_1_85' title="bbox 1979 3892 3541 3969">
    <p class='ocr_par' dir='ltr' id='par_1_85' title="bbox 1979 3892 3541 3969">
     <span class='ocr_line' id='line_1_85' title="bbox 1979 3892 3541 3969; baseline 0.004 -20"><span class='ocrx_word' id='word_1_715' title='bbox 1979 3910 2049 3949; x_wconf 89' lang='lat' dir='ltr'><strong>ex</strong></span> <span class='ocrx_word' id='word_1_716' title='bbox 2078 3894 2163 3948; x_wconf 89' lang='lat' dir='ltr'><strong>his</strong></span> <span class='ocrx_word' id='word_1_717' title='bbox 2192 3908 2311 3962; x_wconf 79' lang='lat' dir='ltr'><strong>qua:</strong></span> <span class='ocrx_word' id='word_1_718' title='bbox 2337 3892 2560 3963; x_wconf 73' lang='lat' dir='ltr'><strong>prolatm</strong></span> <span class='ocrx_word' id='word_1_719' title='bbox 2589 3899 2731 3960; x_wconf 88' lang='lat' dir='ltr'><strong>sunt,</strong></span> <span class='ocrx_word' id='word_1_720' title='bbox 2763 3901 2969 3949; x_wconf 60' lang='lat' dir='ltr'><strong>cetera:</strong></span> <span class='ocrx_word' id='word_1_721' title='bbox 2994 3907 3113 3962; x_wconf 74' lang='lat' dir='ltr'><strong>qua:</strong></span> <span class='ocrx_word' id='word_1_722' title='bbox 3140 3910 3245 3951; x_wconf 91' lang='lat' dir='ltr'><strong>non</strong></span> <span class='ocrx_word' id='word_1_723' title='bbox 3290 3909 3414 3952; x_wconf 91' lang='lat' dir='ltr'><strong>sunt</strong></span> <span class='ocrx_word' id='word_1_724' title='bbox 3441 3916 3541 3969; x_wconf 93' lang='lat' dir='ltr'><strong>pro</strong></span> 
     </span>
    </p>
   </div>
   <div class='ocr_carea' id='block_1_86' title="bbox 1978 3984 3561 4057">
    <p class='ocr_par' dir='ltr' id='par_1_86' title="bbox 1978 3984 3561 4057">
     <span class='ocr_line' id='line_1_86' title="bbox 1978 3984 3561 4057; baseline 0.004 -18"><span class='ocrx_word' id='word_1_725' title='bbox 1978 3986 2101 4041; x_wconf 61' lang='lat' dir='ltr'><strong>latae</strong></span> <span class='ocrx_word' id='word_1_726' title='bbox 2143 3986 2336 4057; x_wconf 89' lang='lat' dir='ltr'><strong>inquiri</strong></span> <span class='ocrx_word' id='word_1_727' title='bbox 2376 3987 2611 4056; x_wconf 89' lang='lat' dir='ltr'><strong>possint,</strong></span> <span class='ocrx_word' id='word_1_728' title='bbox 2640 3994 2695 4041; x_wconf 92' lang='lat' dir='ltr'><strong>et</strong></span> <span class='ocrx_word' id='word_1_729' title='bbox 2724 3984 2942 4054; x_wconf 80' lang='lat' dir='ltr'><strong>intelligi</strong></span> <span class='ocrx_word' id='word_1_730' title='bbox 2974 3985 3223 4051; x_wconf 63' lang='lat' dir='ltr'><strong>inventae,</strong></span> <span class='ocrx_word' id='word_1_731' title='bbox 3255 3996 3311 4043; x_wconf 90' lang='lat' dir='ltr'><strong>et</strong></span> <span class='ocrx_word' id='word_1_732' title='bbox 3333 3988 3443 4045; x_wconf 87' lang='lat' dir='ltr'><strong>oris</strong></span> <span class='ocrx_word' id='word_1_733' title='bbox 3470 4005 3561 4046; x_wconf 85' lang='lat' dir='ltr'><strong>ra-</strong></span> 
     </span>
    </p>
   </div>
   <div class='ocr_carea' id='block_1_87' title="bbox 1979 4068 2685 4147">
    <p class='ocr_par' dir='ltr' id='par_1_87' title="bbox 1979 4068 2685 4147">
     <span class='ocr_line' id='line_1_87' title="bbox 1979 4068 2685 4147; baseline -0.006 -14"><span class='ocrx_word' id='word_1_734' title='bbox 1979 4077 2129 4133; x_wconf 85' lang='lat' dir='ltr'><strong>tione</strong></span> <span class='ocrx_word' id='word_1_735' title='bbox 2158 4068 2362 4132; x_wconf 84' lang='lat' dir='ltr'><strong>utiliter</strong></span> <span class='ocrx_word' id='word_1_736' title='bbox 2388 4077 2685 4147; x_wconf 85' lang='lat' dir='ltr'><strong>explanari.</strong></span> 
     </span>
    </p>
   </div>
   <div class='ocr_carea' id='block_1_88' title="bbox 2052 4165 3560 4238">
    <p class='ocr_par' dir='ltr' id='par_1_88' title="bbox 2052 4165 3560 4238">
     <span class='ocr_line' id='line_1_88' title="bbox 2052 4165 3560 4238; baseline 0.006 -19"><span class='ocrx_word' id='word_1_737' title='bbox 2052 4165 2561 4236; x_wconf 81' lang='lat' dir='ltr'><strong>XVl.—Serapion</strong></span> <span class='ocrx_word' id='word_1_738' title='bbox 2604 4166 2739 4221; x_wconf 81' lang='lat' dir='ltr'><strong>dixit</strong></span> <span class='ocrx_word' id='word_1_739' title='bbox 2776 4186 2787 4219; x_wconf 89' lang='lat'>:</span> <span class='ocrx_word' id='word_1_740' title='bbox 2837 4166 3017 4223; x_wconf 80' lang='lat' dir='ltr'><strong>Primo</strong></span> <span class='ocrx_word' id='word_1_741' title='bbox 3072 4183 3170 4238; x_wconf 87' lang='lat' dir='ltr'><strong>per</strong></span> <span class='ocrx_word' id='word_1_742' title='bbox 3223 4171 3560 4228; x_wconf 83' lang='lat' dir='ltr'><strong>occasionem</strong></span> 
     </span>
    </p>
   </div>
   <div class='ocr_carea' id='block_1_89' title="bbox 1980 4240 3563 4334">
    <p class='ocr_par' dir='ltr' id='par_1_89' title="bbox 1980 4240 3563 4334">
     <span class='ocr_line' id='line_1_89' title="bbox 1980 4240 3563 4334; baseline 0.004 -20"><span class='ocrx_word' id='word_1_743' title='bbox 1980 4240 2342 4328; x_wconf 81' lang='lat' dir='ltr'><strong>objectianum</strong></span> <span class='ocrx_word' id='word_1_744' title='bbox 2390 4274 2630 4313; x_wconf 89' lang='lat' dir='ltr'><strong>mearum</strong></span> <span class='ocrx_word' id='word_1_745' title='bbox 2660 4258 2891 4328; x_wconf 89' lang='lat' dir='ltr'><strong>lapidem</strong></span> <span class='ocrx_word' id='word_1_746' title='bbox 2922 4262 3250 4329; x_wconf 85' lang='lat' dir='ltr'><strong>exposuisti;</strong></span> <span class='ocrx_word' id='word_1_747' title='bbox 3280 4278 3404 4317; x_wconf 89' lang='lat' dir='ltr'><strong>cum</strong></span> <span class='ocrx_word' id='word_1_748' title='bbox 3433 4280 3563 4334; x_wconf 88' lang='lat' dir='ltr'><strong>ergo</strong></span> 
     </span>
    </p>
   </div>
   <div class='ocr_carea' id='block_1_90' title="bbox 1979 4350 3564 4423">
    <p class='ocr_par' dir='ltr' id='par_1_90' title="bbox 1979 4350 3564 4423">
     <span class='ocr_line' id='line_1_90' title="bbox 1979 4350 3564 4423; baseline 0.004 -17"><span class='ocrx_word' id='word_1_749' title='bbox 1979 4350 2294 4406; x_wconf 87' lang='lat' dir='ltr'><strong>subsecutus</strong></span> <span class='ocrx_word' id='word_1_750' title='bbox 2314 4365 2487 4405; x_wconf 89' lang='lat' dir='ltr'><strong>essem</strong></span> <span class='ocrx_word' id='word_1_751' title='bbox 2516 4350 2748 4420; x_wconf 90' lang='lat' dir='ltr'><strong>capitula</strong></span> <span class='ocrx_word' id='word_1_752' title='bbox 2774 4351 3105 4420; x_wconf 89' lang='lat' dir='ltr'><strong>evangelica,</strong></span> <span class='ocrx_word' id='word_1_753' title='bbox 3135 4353 3407 4423; x_wconf 89' lang='lat' dir='ltr'><strong>inquibus</strong></span> <span class='ocrx_word' id='word_1_754' title='bbox 3433 4356 3564 4412; x_wconf 88' lang='lat' dir='ltr'><strong>dicit</strong></span> 
     </span>
    </p>
   </div>
   <div class='ocr_carea' id='block_1_91' title="bbox 1980 4441 3619 4516">
    <p class='ocr_par' dir='ltr' id='par_1_91' title="bbox 1980 4441 3619 4516">
     <span class='ocr_line' id='line_1_91' title="bbox 1980 4441 3619 4516; baseline 0.006 -20"><span class='ocrx_word' id='word_1_755' title='bbox 1980 4442 2269 4508; x_wconf 90' lang='lat' dir='ltr'><strong>Dominus,</strong></span> <span class='ocrx_word' id='word_1_756' title='bbox 2311 4441 2474 4496; x_wconf 90' lang='lat' dir='ltr'><strong>Pater</strong></span> <span class='ocrx_word' id='word_1_757' title='bbox 2500 4445 2673 4514; x_wconf 86' lang='lat' dir='ltr'><strong>major</strong></span> <span class='ocrx_word' id='word_1_758' title='bbox 2710 4460 2791 4497; x_wconf 88' lang='lat' dir='ltr'><strong>me</strong></span> <span class='ocrx_word' id='word_1_759' title='bbox 2818 4452 2894 4497; x_wconf 90' lang='lat' dir='ltr'><strong>est</strong></span> <span class='ocrx_word' id='word_1_760' title='bbox 2923 4443 3102 4516; x_wconf 81' lang='lat' dir='ltr'><strong>(Joan.</strong></span> <span class='ocrx_word' id='word_1_761' title='bbox 3130 4461 3237 4511; x_wconf 68' lang='lat' dir='ltr'><strong>xxv,</strong></span> <span class='ocrx_word' id='word_1_762' title='bbox 3278 4446 3392 4515; x_wconf 76' lang='grc'><strong>98),</strong></span> <span class='ocrx_word' id='word_1_763' title='bbox 3424 4449 3564 4505; x_wconf 87' lang='lat' dir='ltr'><strong>unde</strong></span> <span class='ocrx_word' id='word_1_764' title='bbox 3610 4476 3619 4481; x_wconf 61' lang='grc'><strong>’</strong></span> 
     </span>
    </p>
   </div>
   <div class='ocr_carea' id='block_1_92' title="bbox 277 4529 3565 4611">
    <p class='ocr_par' dir='ltr' id='par_1_92' title="bbox 277 4529 3565 4611">
     <span class='ocr_line' id='line_1_92' title="bbox 277 4529 3565 4611; baseline 0.004 -26"><span class='ocrx_word' id='word_1_765' title='bbox 277 4530 425 4585; x_wconf 87' lang='lat' dir='ltr'><strong>stola</strong></span> <span class='ocrx_word' id='word_1_766' title='bbox 447 4529 638 4584; x_wconf 90' lang='lat' dir='ltr'><strong>asserit</strong></span> <span class='ocrx_word' id='word_1_767' title='bbox 665 4530 955 4600; x_wconf 88' lang='lat' dir='ltr'><strong>Apostolus</strong></span> <span class='ocrx_word' id='word_1_768' title='bbox 975 4530 1158 4587; x_wconf 91' lang='lat' dir='ltr'><strong>dicens</strong></span> <span class='ocrx_word' id='word_1_769' title='bbox 1183 4550 1194 4585; x_wconf 94' lang='lat'>:</span> <span class='ocrx_word' id='word_1_770' title='bbox 1225 4531 1335 4586; x_wconf 90' lang='lat' dir='ltr'><strong>Deo</strong></span> <span class='ocrx_word' id='word_1_771' title='bbox 1370 4534 1765 4602; x_wconf 83' lang='lat' dir='ltr'><strong>autem-gratias</strong></span> <span class='ocrx_word' id='word_1_772' title='bbox 1785 4535 1870 4603; x_wconf 88' lang='lat' dir='ltr'><strong>qui</strong></span> <span class='ocrx_word' id='word_1_773' title='bbox 1898 4543 1954 4606; x_wconf 79' lang='grc' dir='ltr'><strong>Ῑ)</strong></span> <span class='ocrx_word' id='word_1_774' title='bbox 1978 4534 2082 4589; x_wconf 91' lang='lat' dir='ltr'><strong>alia</strong></span> <span class='ocrx_word' id='word_1_775' title='bbox 2111 4534 2400 4603; x_wconf 85' lang='lat' dir='ltr'><strong>protulisti.</strong></span> <span class='ocrx_word' id='word_1_776' title='bbox 2435 4533 2584 4589; x_wconf 90' lang='lat' dir='ltr'><strong>Unde</strong></span> <span class='ocrx_word' id='word_1_777' title='bbox 2629 4550 2697 4589; x_wconf 92' lang='lat' dir='ltr'><strong>ne</strong></span> <span class='ocrx_word' id='word_1_778' title='bbox 2744 4534 2976 4591; x_wconf 87' lang='lat' dir='ltr'><strong>videaris</strong></span> <span class='ocrx_word' id='word_1_779' title='bbox 3016 4536 3117 4592; x_wconf 81' lang='lat' dir='ltr'><strong>iSta</strong></span> <span class='ocrx_word' id='word_1_780' title='bbox 3145 4540 3390 4611; x_wconf 87' lang='lat' dir='ltr'><strong>exempla</strong></span> <span class='ocrx_word' id='word_1_781' title='bbox 3442 4542 3565 4598; x_wconf 87' lang='lat' dir='ltr'><strong>idea</strong></span> 
     </span>
    </p>
   </div>
   <div class='ocr_carea' id='block_1_93' title="bbox 276 4617 3568 4703">
    <p class='ocr_par' dir='ltr' id='par_1_93' title="bbox 276 4617 3568 4703">
     <span class='ocr_line' id='line_1_93' title="bbox 276 4617 3568 4703; baseline 0.005 -31"><span class='ocrx_word' id='word_1_782' title='bbox 276 4619 445 4675; x_wconf 84' lang='lat' dir='ltr'><strong>dedit.</strong></span> <span class='ocrx_word' id='word_1_783' title='bbox 477 4617 936 4675; x_wconf 56' lang='lat' dir='ltr'><strong>nobismictoriam</strong></span> <span class='ocrx_word' id='word_1_784' title='bbox 978 4638 1069 4691; x_wconf 89' lang='lat' dir='ltr'><strong>per</strong></span> <span class='ocrx_word' id='word_1_785' title='bbox 1113 4621 1391 4676; x_wconf 88' lang='lat' dir='ltr'><strong>Dominum</strong></span> <span class='ocrx_word' id='word_1_786' title='bbox 1435 4628 1668 4675; x_wconf 88' lang='lat' dir='ltr'><strong>nostrum</strong></span> <span class='ocrx_word' id='word_1_787' title='bbox 1696 4621 1875 4676; x_wconf 83' lang='lat' dir='ltr'><strong>Jesum</strong></span> <span class='ocrx_word' id='word_1_788' title='bbox 1980 4626 2223 4682; x_wconf 89' lang='lat' dir='ltr'><strong>attulisse</strong></span> <span class='ocrx_word' id='word_1_789' title='bbox 2252 4634 2311 4680; x_wconf 91' lang='lat' dir='ltr'><strong>nt</strong></span> <span class='ocrx_word' id='word_1_790' title='bbox 2351 4626 2439 4680; x_wconf 91' lang='lat' dir='ltr'><strong>illa</strong></span> <span class='ocrx_word' id='word_1_791' title='bbox 2490 4627 2793 4682; x_wconf 91' lang='lat' dir='ltr'><strong>testimonia</strong></span> <span class='ocrx_word' id='word_1_792' title='bbox 2822 4627 3457 4703; x_wconf 38' lang='lat' dir='ltr'><strong>declinarem-expositis</strong></span> <span class='ocrx_word' id='word_1_793' title='bbox 3487 4635 3568 4690; x_wconf 84' lang='lat' dir='ltr'><strong>his</strong></span> 
     </span>
    </p>
   </div>
   <div class='ocr_carea' id='block_1_94' title="bbox 277 4709 3565 4791">
    <p class='ocr_par' dir='ltr' id='par_1_94' title="bbox 277 4709 3565 4791">
     <span class='ocr_line' id='line_1_94' title="bbox 277 4709 3565 4791; baseline 0.005 -25"><span class='ocrx_word' id='word_1_794' title='bbox 277 4711 545 4766; x_wconf 80' lang='lat' dir='ltr'><strong>Christum</strong></span> <span class='ocrx_word' id='word_1_795' title='bbox 567 4712 585 4781; x_wconf 98' lang='lat'><strong>(</strong></span> <span class='ocrx_word' id='word_1_796' title='bbox 600 4711 620 4765; x_wconf 89' lang='grc' dir='ltr'><strong>Ι</strong></span> <span class='ocrx_word' id='word_1_797' title='bbox 639 4709 759 4767; x_wconf 87' lang='lat' dir='ltr'><strong>Cor.</strong></span> <span class='ocrx_word' id='word_1_798' title='bbox 784 4728 875 4779; x_wconf 88' lang='lat' dir='ltr'><strong>xv,</strong></span> <span class='ocrx_word' id='word_1_799' title='bbox 898 4712 1021 4783; x_wconf 84' lang='lat'><strong>57).</strong></span> <span class='ocrx_word' id='word_1_800' title='bbox 1044 4710 1117 4756; x_wconf 56' lang='grc' dir='ltr'><strong>-ὲ</strong></span> <span class='ocrx_word' id='word_1_801' title='bbox 1134 4713 1395 4784; x_wconf 90' lang='lat' dir='ltr'><strong>Serapion</strong></span> <span class='ocrx_word' id='word_1_802' title='bbox 1416 4714 1551 4769; x_wconf 89' lang='lat' dir='ltr'><strong>dixit</strong></span> <span class='ocrx_word' id='word_1_803' title='bbox 1575 4732 1586 4767; x_wconf 95' lang='lat'>:</span> <span class='ocrx_word' id='word_1_804' title='bbox 1612 4713 1639 4752; x_wconf 68' lang='grc' dir='ltr'>δ</span> <span class='ocrx_word' id='word_1_805' title='bbox 1662 4714 1873 4770; x_wconf 81' lang='lat' dir='ltr'><strong>Sollici-</strong></span> <span class='ocrx_word' id='word_1_806' title='bbox 1980 4734 2099 4788; x_wconf 75' lang='lat' dir='ltr'><strong>qua:</strong></span> <span class='ocrx_word' id='word_1_807' title='bbox 2125 4717 2412 4788; x_wconf 90' lang='lat' dir='ltr'><strong>protulisti,</strong></span> <span class='ocrx_word' id='word_1_808' title='bbox 2443 4717 2511 4772; x_wconf 91' lang='lat' dir='ltr'><strong>de</strong></span> <span class='ocrx_word' id='word_1_809' title='bbox 2536 4717 2640 4773; x_wconf 91' lang='lat' dir='ltr'><strong>illis</strong></span> <span class='ocrx_word' id='word_1_810' title='bbox 2664 4718 2795 4773; x_wconf 90' lang='lat' dir='ltr'><strong>mibi</strong></span> <span class='ocrx_word' id='word_1_811' title='bbox 2839 4718 2992 4775; x_wconf 89' lang='lat' dir='ltr'><strong>dabis</strong></span> <span class='ocrx_word' id='word_1_812' title='bbox 3018 4736 3365 4791; x_wconf 88' lang='lat' dir='ltr'><strong>responsum;</strong></span> <span class='ocrx_word' id='word_1_813' title='bbox 3407 4733 3463 4781; x_wconf 88' lang='lat' dir='ltr'><strong>et</strong></span> <span class='ocrx_word' id='word_1_814' title='bbox 3494 4728 3565 4782; x_wconf 82' lang='lat' dir='ltr'><strong>ita</strong></span> 
     </span>
    </p>
   </div>
   <div class='ocr_carea' id='block_1_95' title="bbox 279 4801 3561 4883">
    <p class='ocr_par' dir='ltr' id='par_1_95' title="bbox 279 4801 3561 4883">
     <span class='ocr_line' id='line_1_95' title="bbox 279 4801 3561 4883; baseline 0.004 -28"><span class='ocrx_word' id='word_1_815' title='bbox 279 4810 396 4855; x_wconf 90' lang='lat' dir='ltr'><strong>tum</strong></span> <span class='ocrx_word' id='word_1_816' title='bbox 413 4801 589 4856; x_wconf 86' lang='lat' dir='ltr'><strong>reddit</strong></span> <span class='ocrx_word' id='word_1_817' title='bbox 603 4817 690 4857; x_wconf 92' lang='lat' dir='ltr'><strong>me</strong></span> <span class='ocrx_word' id='word_1_818' title='bbox 703 4803 1014 4873; x_wconf 87' lang='lat' dir='ltr'><strong>explanatio</strong></span> <span class='ocrx_word' id='word_1_819' title='bbox 1034 4810 1146 4871; x_wconf 91' lang='lat' dir='ltr'><strong>tua,</strong></span> <span class='ocrx_word' id='word_1_820' title='bbox 1170 4819 1276 4874; x_wconf 90' lang='lat' dir='ltr'><strong>qua</strong></span> <span class='ocrx_word' id='word_1_821' title='bbox 1295 4803 1363 4859; x_wconf 89' lang='lat' dir='ltr'><strong>de</strong></span> <span class='ocrx_word' id='word_1_822' title='bbox 1383 4806 1753 4860; x_wconf 85' lang='lat' dir='ltr'><strong>incarnatione</strong></span> <span class='ocrx_word' id='word_1_823' title='bbox 1767 4806 1874 4861; x_wconf 91' lang='lat' dir='ltr'><strong>Do-</strong></span> <span class='ocrx_word' id='word_1_824' title='bbox 1977 4811 2191 4864; x_wconf 91' lang='lat' dir='ltr'><strong>demum</strong></span> <span class='ocrx_word' id='word_1_825' title='bbox 2222 4807 2537 4864; x_wconf 86' lang='lat' dir='ltr'><strong>accedemus</strong></span> <span class='ocrx_word' id='word_1_826' title='bbox 2557 4808 2625 4863; x_wconf 86' lang='lat' dir='ltr'><strong>ad</strong></span> <span class='ocrx_word' id='word_1_827' title='bbox 2652 4817 2894 4864; x_wconf 89' lang='lat' dir='ltr'><strong>nostrum</strong></span> <span class='ocrx_word' id='word_1_828' title='bbox 2923 4810 3210 4883; x_wconf 87' lang='lat' dir='ltr'><strong>specialem</strong></span> <span class='ocrx_word' id='word_1_829' title='bbox 3230 4814 3561 4870; x_wconf 82' lang='lat' dir='ltr'><strong>conﬂictum.</strong></span> 
     </span>
    </p>
   </div>
   <div class='ocr_carea' id='block_1_96' title="bbox 278 4894 3560 4969">
    <p class='ocr_par' dir='ltr' id='par_1_96' title="bbox 278 4894 3560 4969">
     <span class='ocr_line' id='line_1_96' title="bbox 278 4894 3560 4969; baseline 0.003 -22"><span class='ocrx_word' id='word_1_830' title='bbox 278 4894 414 4948; x_wconf 86' lang='lat' dir='ltr'><strong>mini</strong></span> <span class='ocrx_word' id='word_1_831' title='bbox 431 4895 599 4949; x_wconf 87' lang='lat' dir='ltr'><strong>nostri</strong></span> <span class='ocrx_word' id='word_1_832' title='bbox 620 4895 695 4948; x_wconf 87' lang='lat' dir='ltr'><strong>ita</strong></span> <span class='ocrx_word' id='word_1_833' title='bbox 716 4895 1059 4965; x_wconf 89' lang='lat' dir='ltr'><strong>interpretari</strong></span> <span class='ocrx_word' id='word_1_834' title='bbox 1078 4896 1282 4961; x_wconf 89' lang='lat' dir='ltr'><strong>studes,</strong></span> <span class='ocrx_word' id='word_1_835' title='bbox 1299 4898 1663 4963; x_wconf 92' lang='lat' dir='ltr'><strong>uthominem,</strong></span> <span class='ocrx_word' id='word_1_836' title='bbox 1687 4907 1871 4954; x_wconf 91' lang='lat' dir='ltr'><strong>etnon</strong></span> <span class='ocrx_word' id='word_1_837' title='bbox 1976 4931 2049 4943; x_wconf 89' lang='lat'><strong>——</strong></span> <span class='ocrx_word' id='word_1_838' title='bbox 2068 4898 2335 4954; x_wconf 91' lang='lat' dir='ltr'><strong>Arnobius</strong></span> <span class='ocrx_word' id='word_1_839' title='bbox 2361 4898 2497 4953; x_wconf 87' lang='lat' dir='ltr'><strong>dixit</strong></span> <span class='ocrx_word' id='word_1_840' title='bbox 2521 4916 2533 4951; x_wconf 94' lang='lat'>:</span> <span class='ocrx_word' id='word_1_841' title='bbox 2558 4897 2881 4969; x_wconf 88' lang='lat' dir='ltr'><strong>Oportuerat</strong></span> <span class='ocrx_word' id='word_1_842' title='bbox 2908 4917 3008 4957; x_wconf 88' lang='lat' dir='ltr'><strong>nas</strong></span> <span class='ocrx_word' id='word_1_843' title='bbox 3033 4901 3101 4958; x_wconf 93' lang='lat' dir='ltr'><strong>de</strong></span> <span class='ocrx_word' id='word_1_844' title='bbox 3126 4902 3231 4959; x_wconf 89' lang='lat' dir='ltr'><strong>hoc</strong></span> <span class='ocrx_word' id='word_1_845' title='bbox 3256 4904 3375 4960; x_wconf 91' lang='lat' dir='ltr'><strong>solo</strong></span> <span class='ocrx_word' id='word_1_846' title='bbox 3402 4919 3560 4958; x_wconf 88' lang='lat' dir='ltr'><strong>sensu</strong></span> 
     </span>
    </p>
   </div>
   <div class='ocr_carea' id='block_1_97' title="bbox 282 4982 3562 5060">
    <p class='ocr_par' dir='ltr' id='par_1_97' title="bbox 282 4982 3562 5060">
     <span class='ocr_line' id='line_1_97' title="bbox 282 4982 3562 5060; baseline 0.003 -22"><span class='ocrx_word' id='word_1_847' title='bbox 282 4982 453 5038; x_wconf 88' lang='lat' dir='ltr'><strong>Deum</strong></span> <span class='ocrx_word' id='word_1_848' title='bbox 480 4999 784 5040; x_wconf 88' lang='lat' dir='ltr'><strong>memorare</strong></span> <span class='ocrx_word' id='word_1_849' title='bbox 807 4985 1054 5040; x_wconf 89' lang='lat' dir='ltr'><strong>videaris.</strong></span> <span class='ocrx_word' id='word_1_850' title='bbox 1090 4984 1244 5041; x_wconf 88' lang='lat' dir='ltr'><strong>Unde</strong></span> <span class='ocrx_word' id='word_1_851' title='bbox 1270 4987 1391 5055; x_wconf 88' lang='lat' dir='ltr'><strong>quia</strong></span> <span class='ocrx_word' id='word_1_852' title='bbox 1422 4996 1546 5042; x_wconf 88' lang='lat' dir='ltr'><strong>acta</strong></span> <span class='ocrx_word' id='word_1_853' title='bbox 1574 4986 1778 5057; x_wconf 82' lang='lat' dir='ltr'><strong>efﬁgies</strong></span> <span class='ocrx_word' id='word_1_854' title='bbox 1803 4987 1870 5042; x_wconf 91' lang='lat' dir='ltr'><strong>ad</strong></span> <span class='ocrx_word' id='word_1_855' title='bbox 1976 4998 2230 5054; x_wconf 88' lang='lat' dir='ltr'><strong>tractare,</strong></span> <span class='ocrx_word' id='word_1_856' title='bbox 2256 4988 2325 5044; x_wconf 90' lang='lat' dir='ltr'><strong>de</strong></span> <span class='ocrx_word' id='word_1_857' title='bbox 2364 5003 2473 5057; x_wconf 90' lang='lat' dir='ltr'><strong>quo</strong></span> <span class='ocrx_word' id='word_1_858' title='bbox 2501 5004 2627 5044; x_wconf 85' lang='lat' dir='ltr'><strong>vere</strong></span> <span class='ocrx_word' id='word_1_859' title='bbox 2652 4991 2924 5057; x_wconf 89' lang='lat' dir='ltr'><strong>dissentis,</strong></span> <span class='ocrx_word' id='word_1_860' title='bbox 2953 4993 3009 5049; x_wconf 93' lang='lat' dir='ltr'><strong>id</strong></span> <span class='ocrx_word' id='word_1_861' title='bbox 3043 5002 3147 5058; x_wconf 89' lang='lat' dir='ltr'><strong>est,</strong></span> <span class='ocrx_word' id='word_1_862' title='bbox 3176 4993 3245 5048; x_wconf 90' lang='lat' dir='ltr'><strong>de</strong></span> <span class='ocrx_word' id='word_1_863' title='bbox 3285 4994 3391 5048; x_wconf 90' lang='lat' dir='ltr'><strong>hoc</strong></span> <span class='ocrx_word' id='word_1_864' title='bbox 3417 4993 3562 5060; x_wconf 86' lang='lat' dir='ltr'><strong>quod</strong></span> 
     </span>
    </p>
   </div>
   <div class='ocr_carea' id='block_1_98' title="bbox 1453 5121 2350 5179">
    <p class='ocr_par' dir='ltr' id='par_1_98' title="bbox 1453 5121 2350 5179">
     <span class='ocr_line' id='line_1_98' title="bbox 1453 5121 2350 5179; baseline -0.001 -3"><span class='ocrx_word' id='word_1_865' title='bbox 1453 5122 1562 5176; x_wconf 80' lang='lat' dir='ltr'><strong>FB.</strong></span> <span class='ocrx_word' id='word_1_866' title='bbox 1601 5122 2090 5179; x_wconf 79' lang='lat' dir='ltr'><strong>FEU-ARDENTII</strong></span> <span class='ocrx_word' id='word_1_867' title='bbox 2125 5121 2350 5179; x_wconf 72' lang='lat' dir='ltr'><strong>NOT/E.</strong></span> 
     </span>
    </p>
   </div>
   <div class='ocr_carea' id='block_1_99' title="bbox 353 5231 3567 5311">
    <p class='ocr_par' dir='ltr' id='par_1_99' title="bbox 353 5231 3567 5311">
     <span class='ocr_line' id='line_1_99' title="bbox 353 5231 3567 5311; baseline 0.003 -26"><span class='ocrx_word' id='word_1_868' title='bbox 353 5240 384 5268; x_wconf 77' lang='grc'><strong>⁸</strong></span> <span class='ocrx_word' id='word_1_869' title='bbox 413 5231 495 5286; x_wconf 84' lang='lat' dir='ltr'><strong>ita</strong></span> <span class='ocrx_word' id='word_1_870' title='bbox 523 5235 863 5311; x_wconf 27' lang='lat' dir='ltr'><strong>{correximus</strong></span> <span class='ocrx_word' id='word_1_871' title='bbox 884 5235 952 5311; x_wconf 63' lang='lat' dir='ltr'><strong>It.</strong></span> <span class='ocrx_word' id='word_1_872' title='bbox 981 5235 1039 5290; x_wconf 85' lang='lat' dir='ltr'><strong>P.</strong></span> <span class='ocrx_word' id='word_1_873' title='bbox 1066 5235 1353 5311; x_wconf 79' lang='lat' dir='ltr'><strong>Frontonis</strong></span> <span class='ocrx_word' id='word_1_874' title='bbox 1377 5234 1569 5311; x_wconf 40' lang='lat' dir='ltr'><strong>Duqei.</strong></span> <span class='ocrx_word' id='word_1_875' title='bbox 1595 5235 1870 5292; x_wconf 89' lang='lat' dir='ltr'><strong>societatis</strong></span> <span class='ocrx_word' id='word_1_876' title='bbox 1978 5238 2115 5311; x_wconf 65' lang='lat' dir='ltr'><strong>Laus,</strong></span> <span class='ocrx_word' id='word_1_877' title='bbox 2147 5246 2197 5290; x_wconf 89' lang='lat' dir='ltr'><strong>et</strong></span> <span class='ocrx_word' id='word_1_878' title='bbox 2226 5236 2518 5311; x_wconf 72' lang='lat' dir='ltr'><strong>Sapientia,</strong></span> <span class='ocrx_word' id='word_1_879' title='bbox 2538 5248 2588 5295; x_wconf 89' lang='lat' dir='ltr'><strong>et</strong></span> <span class='ocrx_word' id='word_1_880' title='bbox 2618 5241 2855 5311; x_wconf 75' lang='lat' dir='ltr'><strong>Verbum,</strong></span> <span class='ocrx_word' id='word_1_881' title='bbox 2873 5249 2922 5294; x_wconf 92' lang='lat' dir='ltr'><strong>et</strong></span> <span class='ocrx_word' id='word_1_882' title='bbox 2948 5239 3147 5311; x_wconf 64' lang='lat' dir='ltr'><strong>Filius,</strong></span> <span class='ocrx_word' id='word_1_883' title='bbox 3162 5244 3213 5291; x_wconf 88' lang='lat' dir='ltr'><strong>et</strong></span> <span class='ocrx_word' id='word_1_884' title='bbox 3237 5239 3483 5311; x_wconf 81' lang='lat' dir='ltr'><strong>Angelus,</strong></span> <span class='ocrx_word' id='word_1_885' title='bbox 3518 5254 3567 5297; x_wconf 68' lang='lat' dir='ltr'><strong>et</strong></span> 
     </span>
    </p>
   </div>
   <div class='ocr_carea' id='block_1_100' title="bbox 279 5300 3565 5384">
    <p class='ocr_par' dir='ltr' id='par_1_100' title="bbox 279 5300 3565 5384">
     <span class='ocr_line' id='line_1_100' title="bbox 279 5300 3565 5384; baseline 0.004 -27"><span class='ocrx_word' id='word_1_886' title='bbox 279 5300 426 5384; x_wconf 81' lang='lat' dir='ltr'><strong>Jesu_</strong></span> <span class='ocrx_word' id='word_1_887' title='bbox 440 5300 684 5384; x_wconf 74' lang='lat' dir='ltr'><strong>perdocti</strong></span> <span class='ocrx_word' id='word_1_888' title='bbox 706 5304 944 5384; x_wconf 72' lang='lat' dir='ltr'><strong>theologi</strong></span> <span class='ocrx_word' id='word_1_889' title='bbox 964 5313 1020 5384; x_wconf 77' lang='lat' dir='ltr'><strong>et</strong></span> <span class='ocrx_word' id='word_1_890' title='bbox 1040 5306 1200 5384; x_wconf 85' lang='lat' dir='ltr'><strong>amici</strong></span> <span class='ocrx_word' id='word_1_891' title='bbox 1218 5306 1657 5384; x_wconf 61' lang='lat' dir='ltr'><strong>cominonitiane,</strong></span> <span class='ocrx_word' id='word_1_892' title='bbox 1679 5320 1779 5375; x_wconf 89' lang='lat' dir='ltr'><strong>pro</strong></span> <span class='ocrx_word' id='word_1_893' title='bbox 1797 5319 1866 5360; x_wconf 91' lang='lat' dir='ltr'><strong>ea</strong></span> <span class='ocrx_word' id='word_1_894' title='bbox 1974 5300 2238 5384; x_wconf 71' lang='lat' dir='ltr'><strong>Christus,</strong></span> <span class='ocrx_word' id='word_1_895' title='bbox 2272 5300 2327 5384; x_wconf 70' lang='lat' dir='ltr'><strong>et</strong></span> <span class='ocrx_word' id='word_1_896' title='bbox 2352 5300 2622 5384; x_wconf 69' lang='lat' dir='ltr'><strong>Salvator,</strong></span> <span class='ocrx_word' id='word_1_897' title='bbox 2646 5319 2702 5384; x_wconf 78' lang='lat' dir='ltr'><strong>et</strong></span> <span class='ocrx_word' id='word_1_898' title='bbox 2722 5300 3003 5384; x_wconf 71' lang='lat' dir='ltr'><strong>Dominus,</strong></span> <span class='ocrx_word' id='word_1_899' title='bbox 3041 5315 3091 5362; x_wconf 91' lang='lat' dir='ltr'><strong>et</strong></span> <span class='ocrx_word' id='word_1_900' title='bbox 3125 5300 3305 5384; x_wconf 78' lang='lat' dir='ltr'><strong>homo,</strong></span> <span class='ocrx_word' id='word_1_901' title='bbox 3322 5300 3390 5364; x_wconf 53' lang='lat' dir='ltr'><strong>&quot;et</strong></span> <span class='ocrx_word' id='word_1_902' title='bbox 3422 5300 3565 5384; x_wconf 82' lang='lat' dir='ltr'><strong>ﬁlius</strong></span> 
     </span>
    </p>
   </div>
   <div class='ocr_carea' id='block_1_101' title="bbox 280 5371 3561 5455">
    <p class='ocr_par' dir='ltr' id='par_1_101' title="bbox 280 5371 3561 5455">
     <span class='ocr_line' id='line_1_101' title="bbox 280 5371 3561 5455; baseline 0.005 -31"><span class='ocrx_word' id='word_1_903' title='bbox 280 5371 613 5455; x_wconf 52' lang='lat' dir='ltr'><strong>qupd&#39;vetus</strong></span> <span class='ocrx_word' id='word_1_904' title='bbox 639 5372 812 5455; x_wconf 77' lang='lat' dir='ltr'><strong>codex</strong></span> <span class='ocrx_word' id='word_1_905' title='bbox 841 5371 1103 5455; x_wconf 68' lang='lat' dir='ltr'><strong>habebat,</strong></span> <span class='ocrx_word' id='word_1_906' title='bbox 1135 5377 1364 5430; x_wconf 84' lang='lat' dir='ltr'><strong>continui</strong></span> <span class='ocrx_word' id='word_1_907' title='bbox 1385 5384 1434 5429; x_wconf 92' lang='lat' dir='ltr'><strong>te</strong></span> <span class='ocrx_word' id='word_1_908' title='bbox 1455 5383 1613 5430; x_wconf 90' lang='lat' dir='ltr'><strong>muto.</strong></span> <span class='ocrx_word' id='word_1_909' title='bbox 1682 5371 1697 5433; x_wconf 61' lang='grc' dir='ltr'>ἶ</span> <span class='ocrx_word' id='word_1_910' title='bbox 1868 5440 1876 5445; x_wconf 34' lang='grc' dir='ltr'><strong>η</strong></span> <span class='ocrx_word' id='word_1_911' title='bbox 1975 5376 2215 5455; x_wconf 89' lang='lat' dir='ltr'><strong>hominis,</strong></span> <span class='ocrx_word' id='word_1_912' title='bbox 2238 5385 2288 5430; x_wconf 90' lang='lat' dir='ltr'><strong>et</strong></span> <span class='ocrx_word' id='word_1_913' title='bbox 2309 5379 2444 5455; x_wconf 68' lang='lat' dir='ltr'><strong>lapis</strong></span> <span class='ocrx_word' id='word_1_914' title='bbox 2464 5371 2751 5450; x_wconf 79' lang='lat' dir='ltr'><strong>angularis,</strong></span> <span class='ocrx_word' id='word_1_915' title='bbox 2771 5388 2821 5455; x_wconf 79' lang='lat' dir='ltr'><strong>et</strong></span> <span class='ocrx_word' id='word_1_916' title='bbox 2838 5379 2936 5455; x_wconf 78' lang='lat' dir='ltr'><strong>sol,</strong></span> <span class='ocrx_word' id='word_1_917' title='bbox 2959 5385 3010 5430; x_wconf 89' lang='lat' dir='ltr'><strong>et</strong></span> <span class='ocrx_word' id='word_1_918' title='bbox 3028 5371 3302 5449; x_wconf 75' lang='lat' dir='ltr'><strong>propheta,</strong></span> <span class='ocrx_word' id='word_1_919' title='bbox 3319 5390 3368 5436; x_wconf 91' lang='lat' dir='ltr'><strong>et</strong></span> <span class='ocrx_word' id='word_1_920' title='bbox 3388 5371 3561 5455; x_wconf 75' lang='lat' dir='ltr'><strong>panis,</strong></span> 
     </span>
    </p>
   </div>
   <div class='ocr_carea' id='block_1_102' title="bbox 356 5439 3564 5519">
    <p class='ocr_par' dir='ltr' id='par_1_102' title="bbox 356 5439 3564 5519">
     <span class='ocr_line' id='line_1_102' title="bbox 356 5439 3564 5519; baseline 0.005 -23"><span class='ocrx_word' id='word_1_921' title='bbox 356 5441 382 5479; x_wconf 73' lang='grc' dir='ltr'>δ</span> <span class='ocrx_word' id='word_1_922' title='bbox 405 5439 583 5519; x_wconf 54' lang='lat' dir='ltr'><strong>Ictus</strong></span> <span class='ocrx_word' id='word_1_923' title='bbox 606 5442 1029 5519; x_wconf 33' lang='lat' dir='ltr'><strong>cgdexkreddet.</strong></span> <span class='ocrx_word' id='word_1_924' title='bbox 1090 5439 1097 5442; x_wconf 48' lang='grc'><strong>⁷</strong></span> <span class='ocrx_word' id='word_1_925' title='bbox 1204 5514 1277 5519; x_wconf 48' lang='grc' dir='ltr'>ω</span> <span class='ocrx_word' id='word_1_926' title='bbox 1452 5516 1462 5519; x_wconf 90' lang='lat'>_</span> <span class='ocrx_word' id='word_1_927' title='bbox 1514 5515 1526 5519; x_wconf 91' lang='lat'><em>_</em></span> <span class='ocrx_word' id='word_1_928' title='bbox 1683 5516 1694 5519; x_wconf 90' lang='lat'><em>_</em></span> <span class='ocrx_word' id='word_1_929' title='bbox 1766 5513 1777 5519; x_wconf 82' lang='lat'>_</span> <span class='ocrx_word' id='word_1_930' title='bbox 1868 5440 1876 5445; x_wconf 73' lang='grc'><em>’</em></span> <span class='ocrx_word' id='word_1_931' title='bbox 1975 5454 2024 5498; x_wconf 88' lang='lat' dir='ltr'><strong>et</strong></span> <span class='ocrx_word' id='word_1_932' title='bbox 2045 5463 2158 5511; x_wconf 74' lang='lat' dir='ltr'><strong>rex,</strong></span> <span class='ocrx_word' id='word_1_933' title='bbox 2188 5439 2239 5499; x_wconf 82' lang='lat' dir='ltr'><strong>et</strong></span> <span class='ocrx_word' id='word_1_934' title='bbox 2267 5439 2580 5517; x_wconf 63' lang='lat' dir='ltr'><strong>mdiﬁcator,</strong></span> <span class='ocrx_word' id='word_1_935' title='bbox 2610 5456 2659 5500; x_wconf 86' lang='lat' dir='ltr'><strong>et</strong></span> <span class='ocrx_word' id='word_1_936' title='bbox 2682 5439 2935 5516; x_wconf 75' lang='lat' dir='ltr'><strong>agricola,</strong></span> <span class='ocrx_word' id='word_1_937' title='bbox 2968 5439 3243 5519; x_wconf 64' lang='lat' dir='ltr'><strong>et&#39;pastor,</strong></span> <span class='ocrx_word' id='word_1_938' title='bbox 3275 5439 3325 5505; x_wconf 79' lang='lat' dir='ltr'><strong>et</strong></span> <span class='ocrx_word' id='word_1_939' title='bbox 3345 5439 3483 5518; x_wconf 72' lang='lat' dir='ltr'><strong>vitis,</strong></span> <span class='ocrx_word' id='word_1_940' title='bbox 3507 5439 3564 5511; x_wconf 75' lang='lat' dir='ltr'><strong>et</strong></span> 
     </span>
    </p>
   </div>
   <div class='ocr_carea' id='block_1_103' title="bbox 356 5508 3560 5594">
    <p class='ocr_par' dir='ltr' id='par_1_103' title="bbox 356 5508 3560 5594">
     <span class='ocr_line' id='line_1_103' title="bbox 356 5508 3560 5594; baseline 0.004 -30"><span class='ocrx_word' id='word_1_941' title='bbox 356 5508 1287 5594; x_wconf 38' lang='lat' dir='ltr'><strong>{Epipbaiiius&#39;wontratransﬁgi)</strong></span> <span class='ocrx_word' id='word_1_942' title='bbox 1309 5516 1494 5585; x_wconf 87' lang='lat' dir='ltr'><strong>paucis</strong></span> <span class='ocrx_word' id='word_1_943' title='bbox 1514 5515 1627 5594; x_wconf 69' lang='lat' dir='ltr'><strong>hmo</strong></span> <span class='ocrx_word' id='word_1_944' title='bbox 1644 5513 1869 5594; x_wconf 81' lang='lat' dir='ltr'><strong>plurima</strong></span> <span class='ocrx_word' id='word_1_945' title='bbox 1978 5508 2307 5594; x_wconf 64' lang='lat' dir='ltr'><strong>qutucunqne</strong></span> <span class='ocrx_word' id='word_1_946' title='bbox 2342 5508 2500 5594; x_wconf 56' lang='lat' dir='ltr'><strong>talia,</strong></span> <span class='ocrx_word' id='word_1_947' title='bbox 2544 5508 2671 5594; x_wconf 53' lang='lat' dir='ltr'><strong>ae,</strong></span> <span class='ocrx_word' id='word_1_948' title='bbox 2716 5508 2837 5594; x_wconf 60' lang='lat' dir='ltr'><strong>igua:</strong></span> <span class='ocrx_word' id='word_1_949' title='bbox 2869 5508 3148 5575; x_wconf 80' lang='lat' dir='ltr'><strong>contendit</strong></span> <span class='ocrx_word' id='word_1_950' title='bbox 3183 5508 3281 5591; x_wconf 85' lang='lat' dir='ltr'><strong>per</strong></span> <span class='ocrx_word' id='word_1_951' title='bbox 3318 5508 3560 5594; x_wconf 49' lang='lat' dir='ltr'><strong>trapo&#39;la:</strong></span> 
     </span>
    </p>
   </div>
   <div class='ocr_carea' id='block_1_104' title="bbox 281 5580 3560 5674">
    <p class='ocr_par' dir='ltr' id='par_1_104' title="bbox 281 5580 3560 5674">
     <span class='ocr_line' id='line_1_104' title="bbox 281 5580 3560 5674; baseline 0.003 -39"><span class='ocrx_word' id='word_1_952' title='bbox 281 5580 832 5674; x_wconf 39' lang='lat' dir='ltr'><strong>Christi&#39;cognomina</strong></span> <span class='ocrx_word' id='word_1_953' title='bbox 854 5584 1091 5674; x_wconf 74' lang='lat' dir='ltr'><strong>colligit:</strong></span> <span class='ocrx_word' id='word_1_954' title='bbox 1124 5580 1359 5674; x_wconf 67' lang='lat' dir='ltr'><strong>Christus</strong></span> <span class='ocrx_word' id='word_1_955' title='bbox 1382 5592 1593 5674; x_wconf 51' lang='lat' dir='ltr'><strong>pacatus</strong></span> <span class='ocrx_word' id='word_1_956' title='bbox 1619 5580 1695 5674; x_wconf 65' lang='lat' dir='ltr'><strong>est</strong></span> <span class='ocrx_word' id='word_1_957' title='bbox 1717 5584 1872 5674; x_wconf 44' lang='lat' dir='ltr'><strong>et‘ja-</strong></span> <span class='ocrx_word' id='word_1_958' title='bbox 1980 5580 2121 5666; x_wconf 72' lang='lat' dir='ltr'><strong>giam</strong></span> <span class='ocrx_word' id='word_1_959' title='bbox 2159 5580 2568 5674; x_wconf 43' lang='lat' dir='ltr'><strong>illican&#39;venirc,</strong></span> <span class='ocrx_word' id='word_1_960' title='bbox 2589 5580 3249 5674; x_wconf 42' lang='lat' dir='ltr'><strong>tsicut&#39;e‘tuvox‘c&#39;reatutia,</strong></span> <span class='ocrx_word' id='word_1_961' title='bbox 3280 5580 3439 5674; x_wconf 75' lang='lat' dir='ltr'><strong>quam</strong></span> <span class='ocrx_word' id='word_1_962' title='bbox 3479 5595 3560 5646; x_wconf 89' lang='lat' dir='ltr'><strong>ni-</strong></span> 
     </span>
    </p>
   </div>
   <div class='ocr_carea' id='block_1_105' title="bbox 284 5651 3560 5727">
    <p class='ocr_par' dir='ltr' id='par_1_105' title="bbox 284 5651 3560 5727">
     <span class='ocr_line' id='line_1_105' title="bbox 284 5651 3560 5727; baseline 0.003 -24"><span class='ocrx_word' id='word_1_963' title='bbox 284 5667 421 5716; x_wconf 73' lang='lat' dir='ltr'><strong>mia,</strong></span> <span class='ocrx_word' id='word_1_964' title='bbox 450 5660 501 5704; x_wconf 86' lang='lat' dir='ltr'><strong>et</strong></span> <span class='ocrx_word' id='word_1_965' title='bbox 521 5653 738 5716; x_wconf 86' lang='lat' dir='ltr'><strong>ostium,</strong></span> <span class='ocrx_word' id='word_1_966' title='bbox 770 5663 819 5705; x_wconf 90' lang='lat' dir='ltr'><strong>et</strong></span> <span class='ocrx_word' id='word_1_967' title='bbox 845 5656 956 5718; x_wconf 82' lang='lat' dir='ltr'><strong>uia,</strong></span> <span class='ocrx_word' id='word_1_968' title='bbox 986 5651 1037 5708; x_wconf 78' lang='lat' dir='ltr'><strong>et</strong></span> <span class='ocrx_word' id='word_1_969' title='bbox 1062 5656 1323 5718; x_wconf 87' lang='lat' dir='ltr'><strong>columna,</strong></span> <span class='ocrx_word' id='word_1_970' title='bbox 1347 5664 1395 5727; x_wconf 84' lang='lat' dir='ltr'><strong>et</strong></span> <span class='ocrx_word' id='word_1_971' title='bbox 1428 5655 1603 5727; x_wconf 68' lang='lat' dir='ltr'><strong>nubes,</strong></span> <span class='ocrx_word' id='word_1_972' title='bbox 1627 5651 1868 5727; x_wconf 67' lang='lat' dir='ltr'><strong>etpeira,</strong></span> <span class='ocrx_word' id='word_1_973' title='bbox 1981 5651 2082 5727; x_wconf 57' lang='lat' dir='ltr'><strong>[nis</strong></span> <span class='ocrx_word' id='word_1_974' title='bbox 2109 5651 2457 5727; x_wconf 75' lang='lat' dir='ltr'><strong>pervicaciter</strong></span> <span class='ocrx_word' id='word_1_975' title='bbox 2495 5670 2559 5706; x_wconf 88' lang='lat' dir='ltr'><strong>cx</strong></span> <span class='ocrx_word' id='word_1_976' title='bbox 2588 5651 2892 5711; x_wconf 79' lang='lat' dir='ltr'><strong>Proverbiis</strong></span> <span class='ocrx_word' id='word_1_977' title='bbox 2917 5667 2975 5713; x_wconf 89' lang='lat' dir='ltr'><strong>et</strong></span> <span class='ocrx_word' id='word_1_978' title='bbox 3001 5651 3377 5715; x_wconf 81' lang='lat' dir='ltr'><strong>Ecclesiastica</strong></span> <span class='ocrx_word' id='word_1_979' title='bbox 3406 5674 3560 5727; x_wconf 80' lang='lat' dir='ltr'><strong>urge-</strong></span> 
     </span>
    </p>
   </div>
   <div class='ocr_carea' id='block_1_106' title="bbox 283 5724 2715 5795">
    <p class='ocr_par' dir='ltr' id='par_1_106' title="bbox 283 5724 2715 5795">
     <span class='ocr_line' id='line_1_106' title="bbox 283 5724 2715 5795; baseline -0.003 -20"><span class='ocrx_word' id='word_1_980' title='bbox 283 5730 333 5772; x_wconf 77' lang='lat' dir='ltr'><strong>et</strong></span> <span class='ocrx_word' id='word_1_981' title='bbox 372 5736 579 5791; x_wconf 79' lang='lat' dir='ltr'><strong>agnus,</strong></span> <span class='ocrx_word' id='word_1_982' title='bbox 604 5729 654 5775; x_wconf 86' lang='lat' dir='ltr'><strong>et</strong></span> <span class='ocrx_word' id='word_1_983' title='bbox 684 5738 909 5787; x_wconf 81' lang='lat' dir='ltr'><strong>manna,</strong></span> <span class='ocrx_word' id='word_1_984' title='bbox 941 5730 990 5777; x_wconf 90' lang='lat' dir='ltr'><strong>et</strong></span> <span class='ocrx_word' id='word_1_985' title='bbox 1029 5742 1202 5795; x_wconf 85' lang='lat' dir='ltr'><strong>caper,</strong></span> <span class='ocrx_word' id='word_1_986' title='bbox 1233 5732 1282 5777; x_wconf 87' lang='lat' dir='ltr'><strong>et</strong></span> <span class='ocrx_word' id='word_1_987' title='bbox 1325 5724 1537 5791; x_wconf 81' lang='lat' dir='ltr'><strong>vitulus,</strong></span> <span class='ocrx_word' id='word_1_988' title='bbox 1581 5732 1628 5779; x_wconf 92' lang='lat' dir='ltr'><strong>et</strong></span> <span class='ocrx_word' id='word_1_989' title='bbox 1677 5724 1781 5789; x_wconf 87' lang='lat' dir='ltr'><strong>leo,</strong></span> <span class='ocrx_word' id='word_1_990' title='bbox 1824 5731 1871 5777; x_wconf 82' lang='lat' dir='ltr'><strong>et</strong></span> <span class='ocrx_word' id='word_1_991' title='bbox 1979 5724 2108 5777; x_wconf 88' lang='lat' dir='ltr'><strong>bant</strong></span> <span class='ocrx_word' id='word_1_992' title='bbox 2133 5724 2331 5777; x_wconf 83' lang='lat' dir='ltr'><strong>Ariani.</strong></span> <span class='ocrx_word' id='word_1_993' title='bbox 2710 5750 2715 5755; x_wconf 52' lang='grc' dir='ltr'><strong><em>λ</em></strong></span> 
     </span>
    </p>
   </div>
   <div class='ocr_carea' id='block_1_107' title="bbox 572 5814 3001 5903">
    <p class='ocr_par' dir='ltr' id='par_1_107' title="bbox 572 5814 3001 5903">
     <span class='ocr_line' id='line_1_107' title="bbox 572 5814 3001 5903; baseline 0.002 -29"><span class='ocrx_word' id='word_1_994' title='bbox 572 5815 847 5877; x_wconf 63' lang='lat' dir='ltr'><strong>Panos.</strong></span> <span class='ocrx_word' id='word_1_995' title='bbox 882 5814 1045 5878; x_wconf 77' lang='lat' dir='ltr'>LIII.</span> <span class='ocrx_word' id='word_1_996' title='bbox 1408 5898 1413 5903; x_wconf 11' lang='grc' dir='ltr'><strong><em>ἢ</em></strong></span> <span class='ocrx_word' id='word_1_997' title='bbox 2958 5814 3001 5878; x_wconf 66' lang='grc'><strong>9</strong></span> 
     </span>
    </p>
   </div>
  </div>
