  <div class='ocr_page' id='page_1' title='image "/cluster/home/n/w/nwhite01/storage/ocr_20150623/53/hvd.32044073505232/139.png"; bbox 0 0 4246 6264; ppageno 0'>
   <div class='ocr_carea' id='block_1_1' title="bbox 694 376 798 432">
    <p class='ocr_par' dir='ltr' id='par_1_1' title="bbox 694 376 798 432">
     <span class='ocr_line' id='line_1_1' title="bbox 694 376 798 432; baseline 0 0"><span class='ocrx_word' id='word_1_1' title='bbox 694 376 798 432; x_wconf 77' lang='lat'><strong>267</strong></span> 
     </span>
    </p>
   </div>
   <div class='ocr_carea' id='block_1_2' title="bbox 2029 368 2634 430">
    <p class='ocr_par' dir='ltr' id='par_1_2' title="bbox 2029 368 2634 430">
     <span class='ocr_line' id='line_1_2' title="bbox 2029 368 2634 430; baseline 0.007 -4"><span class='ocrx_word' id='word_1_2' title='bbox 2029 371 2300 429; x_wconf 80' lang='lat' dir='ltr'><strong>ARNOBII</strong></span> <span class='ocrx_word' id='word_1_3' title='bbox 2335 368 2634 430; x_wconf 83' lang='lat' dir='ltr'><strong>JUNIORIS</strong></span> 
     </span>
    </p>
   </div>
   <div class='ocr_carea' id='block_1_3' title="bbox 3758 378 3998 460">
    <p class='ocr_par' dir='ltr' id='par_1_3' title="bbox 3758 378 3998 460">
     <span class='ocr_line' id='line_1_3' title="bbox 3758 378 3998 460; baseline 0.004 -27"><span class='ocrx_word' id='word_1_4' title='bbox 3758 378 3998 460; x_wconf 14' lang='lat'><strong>-263.</strong></span> 
     </span>
    </p>
   </div>
   <div class='ocr_carea' id='block_1_4' title="bbox 694 484 3940 581">
    <p class='ocr_par' dir='ltr' id='par_1_4' title="bbox 694 484 3940 581">
     <span class='ocr_line' id='line_1_4' title="bbox 694 484 3940 581; baseline 0 -30"><span class='ocrx_word' id='word_1_5' title='bbox 694 511 805 551; x_wconf 87' lang='lat' dir='ltr'><strong>non</strong></span> <span class='ocrx_word' id='word_1_6' title='bbox 833 493 912 549; x_wconf 90' lang='lat' dir='ltr'><strong>vis</strong></span> <span class='ocrx_word' id='word_1_7' title='bbox 939 490 1212 550; x_wconf 67' lang='lat' dir='ltr'><strong>catholica:</strong></span> <span class='ocrx_word' id='word_1_8' title='bbox 1256 488 1377 544; x_wconf 85' lang='lat' dir='ltr'><strong>ﬁdei</strong></span> <span class='ocrx_word' id='word_1_9' title='bbox 1423 487 1623 543; x_wconf 90' lang='lat' dir='ltr'><strong>utiliter</strong></span> <span class='ocrx_word' id='word_1_10' title='bbox 1663 486 1882 542; x_wconf 90' lang='lat' dir='ltr'><strong>erodere</strong></span> <span class='ocrx_word' id='word_1_11' title='bbox 1900 527 1914 553; x_wconf 95' lang='lat'><strong>,</strong></span> <span class='ocrx_word' id='word_1_12' title='bbox 1962 487 2013 541; x_wconf 91' lang='lat' dir='ltr'><strong>in</strong></span> <span class='ocrx_word' id='word_1_13' title='bbox 2043 484 2258 543; x_wconf 98' lang='lat' dir='ltr'><strong>Christo</strong></span> <span class='ocrx_word' id='word_1_14' title='bbox 2286 493 2339 553; x_wconf 76' lang='grc' dir='ltr'><strong>Δ</strong></span> <span class='ocrx_word' id='word_1_15' title='bbox 2362 490 2472 544; x_wconf 84' lang='lat' dir='ltr'><strong>sine</strong></span> <span class='ocrx_word' id='word_1_16' title='bbox 2496 490 2717 557; x_wconf 79' lang='lat' dir='ltr'><strong>macula,</strong></span> <span class='ocrx_word' id='word_1_17' title='bbox 2745 498 2847 547; x_wconf 90' lang='lat' dir='ltr'><strong>etc.</strong></span> <span class='ocrx_word' id='word_1_18' title='bbox 2875 491 3045 566; x_wconf 85' lang='lat' dir='ltr'><strong>(Psal.</strong></span> <span class='ocrx_word' id='word_1_19' title='bbox 3074 510 3181 561; x_wconf 78' lang='lat' dir='ltr'><strong>xlv,</strong></span> <span class='ocrx_word' id='word_1_20' title='bbox 3207 495 3230 548; x_wconf 89' lang='grc'><strong>1</strong></span> <span class='ocrx_word' id='word_1_21' title='bbox 3257 504 3304 549; x_wconf 88' lang='lat' dir='ltr'><strong>et</strong></span> <span class='ocrx_word' id='word_1_22' title='bbox 3324 494 3400 565; x_wconf 73' lang='lat'><strong>2).</strong></span> <span class='ocrx_word' id='word_1_23' title='bbox 3428 494 3495 549; x_wconf 85' lang='lat' dir='ltr'><strong>Et</strong></span> <span class='ocrx_word' id='word_1_24' title='bbox 3521 494 3641 575; x_wconf 84' lang='lat' dir='ltr'><strong>quis</strong></span> <span class='ocrx_word' id='word_1_25' title='bbox 3668 493 3804 581; x_wconf 78' lang='lat' dir='ltr'><strong>alius</strong></span> <span class='ocrx_word' id='word_1_26' title='bbox 3820 496 3940 551; x_wconf 83' lang='lat' dir='ltr'><strong>sine</strong></span> 
     </span>
    </p>
   </div>
   <div class='ocr_carea' id='block_1_5' title="bbox 696 577 2259 651">
    <p class='ocr_par' dir='ltr' id='par_1_5' title="bbox 696 577 2259 651">
     <span class='ocr_line' id='line_1_5' title="bbox 696 577 2259 651; baseline -0.004 -11"><span class='ocrx_word' id='word_1_27' title='bbox 696 585 808 641; x_wconf 89' lang='lat' dir='ltr'><strong>Deo</strong></span> <span class='ocrx_word' id='word_1_28' title='bbox 838 591 1023 639; x_wconf 88' lang='lat' dir='ltr'><strong>nostro</strong></span> <span class='ocrx_word' id='word_1_29' title='bbox 1048 582 1179 637; x_wconf 86' lang='lat' dir='ltr'><strong>duas</strong></span> <span class='ocrx_word' id='word_1_30' title='bbox 1203 596 1321 637; x_wconf 90' lang='lat' dir='ltr'><strong>esse</strong></span> <span class='ocrx_word' id='word_1_31' title='bbox 1338 594 1494 636; x_wconf 88' lang='lat' dir='ltr'><strong>veras</strong></span> <span class='ocrx_word' id='word_1_32' title='bbox 1520 578 1888 651; x_wconf 75' lang='lat' dir='ltr'><strong>perfectasque</strong></span> <span class='ocrx_word' id='word_1_33' title='bbox 1914 577 2259 646; x_wconf 77' lang='lat' dir='ltr'><strong>substantias;</strong></span> 
     </span>
    </p>
   </div>
   <div class='ocr_carea' id='block_1_6' title="bbox 696 662 2264 739">
    <p class='ocr_par' dir='ltr' id='par_1_6' title="bbox 696 662 2264 739">
     <span class='ocr_line' id='line_1_6' title="bbox 696 662 2264 739; baseline -0.005 -7"><span class='ocrx_word' id='word_1_34' title='bbox 696 662 751 735; x_wconf 75' lang='lat' dir='ltr'><strong>et</strong></span> <span class='ocrx_word' id='word_1_35' title='bbox 769 677 905 731; x_wconf 85' lang='lat' dir='ltr'><strong>sicut</strong></span> <span class='ocrx_word' id='word_1_36' title='bbox 923 689 1108 731; x_wconf 83' lang='lat' dir='ltr'><strong>verum</strong></span> <span class='ocrx_word' id='word_1_37' title='bbox 1127 672 1223 728; x_wconf 86' lang='lat' dir='ltr'><strong>Dei</strong></span> <span class='ocrx_word' id='word_1_38' title='bbox 1243 670 1454 739; x_wconf 82' lang='lat' dir='ltr'><strong>Filium,</strong></span> <span class='ocrx_word' id='word_1_39' title='bbox 1481 672 1553 727; x_wconf 90' lang='lat' dir='ltr'><strong>ita</strong></span> <span class='ocrx_word' id='word_1_40' title='bbox 1576 686 1759 727; x_wconf 90' lang='lat' dir='ltr'><strong>verum</strong></span> <span class='ocrx_word' id='word_1_41' title='bbox 1772 662 2048 726; x_wconf 79' lang='lat' dir='ltr'><strong>hominem</strong></span> <span class='ocrx_word' id='word_1_42' title='bbox 2069 666 2264 724; x_wconf 88' lang='lat' dir='ltr'><strong>Filium</strong></span> 
     </span>
    </p>
   </div>
   <div class='ocr_carea' id='block_1_7' title="bbox 697 758 2267 835">
    <p class='ocr_par' dir='ltr' id='par_1_7' title="bbox 697 758 2267 835">
     <span class='ocr_line' id='line_1_7' title="bbox 697 758 2267 835; baseline -0.003 -14"><span class='ocrx_word' id='word_1_43' title='bbox 697 765 925 821; x_wconf 85' lang='lat' dir='ltr'><strong>hominis</strong></span> <span class='ocrx_word' id='word_1_44' title='bbox 950 758 1339 821; x_wconf 76' lang='lat' dir='ltr'><strong>conﬁteri.Sed</strong></span> <span class='ocrx_word' id='word_1_45' title='bbox 1364 762 1632 835; x_wconf 91' lang='lat' dir='ltr'><strong>quomodo</strong></span> <span class='ocrx_word' id='word_1_46' title='bbox 1677 770 1731 819; x_wconf 91' lang='lat' dir='ltr'><strong>te</strong></span> <span class='ocrx_word' id='word_1_47' title='bbox 1756 761 2014 835; x_wconf 77' lang='lat' dir='ltr'><strong>praevides</strong></span> <span class='ocrx_word' id='word_1_48' title='bbox 2048 760 2170 833; x_wconf 74' lang='lat' dir='ltr'><strong>iure</strong></span> <span class='ocrx_word' id='word_1_49' title='bbox 2212 769 2267 817; x_wconf 91' lang='lat' dir='ltr'><strong>et</strong></span> 
     </span>
    </p>
   </div>
   <div class='ocr_carea' id='block_1_8' title="bbox 694 852 2266 928">
    <p class='ocr_par' dir='ltr' id='par_1_8' title="bbox 694 852 2266 928">
     <span class='ocr_line' id='line_1_8' title="bbox 694 852 2266 928; baseline 0 -18"><span class='ocrx_word' id='word_1_50' title='bbox 694 854 899 926; x_wconf 77' lang='lat' dir='ltr'><strong>legibus</strong></span> <span class='ocrx_word' id='word_1_51' title='bbox 919 852 1308 911; x_wconf 80' lang='lat' dir='ltr'><strong>rationabiliter</strong></span> <span class='ocrx_word' id='word_1_52' title='bbox 1326 855 1702 928; x_wconf 87' lang='lat' dir='ltr'><strong>superandum,</strong></span> <span class='ocrx_word' id='word_1_53' title='bbox 1728 869 1795 910; x_wconf 90' lang='lat' dir='ltr'><strong>ne</strong></span> <span class='ocrx_word' id='word_1_54' title='bbox 1818 861 1870 909; x_wconf 88' lang='lat' dir='ltr'><strong>te</strong></span> <span class='ocrx_word' id='word_1_55' title='bbox 1890 854 2062 911; x_wconf 87' lang='lat' dir='ltr'><strong>solum</strong></span> <span class='ocrx_word' id='word_1_56' title='bbox 2083 852 2266 910; x_wconf 85' lang='lat' dir='ltr'><strong>doleas</strong></span> 
     </span>
    </p>
   </div>
   <div class='ocr_carea' id='block_1_9' title="bbox 694 942 2268 1016">
    <p class='ocr_par' dir='ltr' id='par_1_9' title="bbox 694 942 2268 1016">
     <span class='ocr_line' id='line_1_9' title="bbox 694 942 2268 1016; baseline -0.001 -16"><span class='ocrx_word' id='word_1_57' title='bbox 694 948 911 1012; x_wconf 87' lang='lat' dir='ltr'><strong>victum,</strong></span> <span class='ocrx_word' id='word_1_58' title='bbox 935 946 1025 1014; x_wconf 80' lang='lat' dir='ltr'><strong>qui</strong></span> <span class='ocrx_word' id='word_1_59' title='bbox 1054 944 1400 1016; x_wconf 88' lang='lat' dir='ltr'><strong>plurimorum</strong></span> <span class='ocrx_word' id='word_1_60' title='bbox 1429 945 1483 1001; x_wconf 89' lang='lat' dir='ltr'><strong>in</strong></span> <span class='ocrx_word' id='word_1_61' title='bbox 1513 950 1565 999; x_wconf 91' lang='lat' dir='ltr'><strong>te</strong></span> <span class='ocrx_word' id='word_1_62' title='bbox 1586 942 1961 999; x_wconf 66' lang='lat' dir='ltr'><strong>haereticorum</strong></span> <span class='ocrx_word' id='word_1_63' title='bbox 2000 944 2268 1016; x_wconf 72' lang='lat' dir='ltr'><strong>sumpsisti</strong></span> 
     </span>
    </p>
   </div>
   <div class='ocr_carea' id='block_1_10' title="bbox 696 1036 2268 1109">
    <p class='ocr_par' dir='ltr' id='par_1_10' title="bbox 696 1036 2268 1109">
     <span class='ocr_line' id='line_1_10' title="bbox 696 1036 2268 1109; baseline -0.001 -17"><span class='ocrx_word' id='word_1_64' title='bbox 696 1042 1061 1108; x_wconf 84' lang='lat' dir='ltr'><strong>personas,&#39;ut</strong></span> <span class='ocrx_word' id='word_1_65' title='bbox 1086 1052 1208 1091; x_wconf 90' lang='lat' dir='ltr'><strong>cum</strong></span> <span class='ocrx_word' id='word_1_66' title='bbox 1230 1036 1371 1091; x_wconf 85' lang='lat' dir='ltr'><strong>cives</strong></span> <span class='ocrx_word' id='word_1_67' title='bbox 1410 1037 1485 1091; x_wconf 91' lang='lat' dir='ltr'><strong>tui</strong></span> <span class='ocrx_word' id='word_1_68' title='bbox 1525 1043 1578 1091; x_wconf 89' lang='lat' dir='ltr'><strong>te</strong></span> <span class='ocrx_word' id='word_1_69' title='bbox 1619 1036 2268 1109; x_wconf 52' lang='lat' dir='ltr'><strong>superatnm‘increpave—</strong></span> 
     </span>
    </p>
   </div>
   <div class='ocr_carea' id='block_1_11' title="bbox 690 1118 2268 1197">
    <p class='ocr_par' dir='ltr' id='par_1_11' title="bbox 690 1118 2268 1197">
     <span class='ocr_line' id='line_1_11' title="bbox 690 1118 2268 1197; baseline 0 -15"><span class='ocrx_word' id='word_1_70' title='bbox 690 1129 821 1193; x_wconf 88' lang='lat' dir='ltr'><strong>rint,</strong></span> <span class='ocrx_word' id='word_1_71' title='bbox 852 1130 909 1181; x_wconf 92' lang='lat' dir='ltr'><strong>tu</strong></span> <span class='ocrx_word' id='word_1_72' title='bbox 939 1118 1084 1183; x_wconf 86' lang='lat' dir='ltr'><strong>dicas</strong></span> <span class='ocrx_word' id='word_1_73' title='bbox 1112 1142 1208 1197; x_wconf 90' lang='lat' dir='ltr'><strong>per</strong></span> <span class='ocrx_word' id='word_1_74' title='bbox 1237 1135 1491 1193; x_wconf 87' lang='lat' dir='ltr'><strong>nostram,</strong></span> <span class='ocrx_word' id='word_1_75' title='bbox 1525 1129 1687 1181; x_wconf 89' lang='lat' dir='ltr'><strong>immo</strong></span> <span class='ocrx_word' id='word_1_76' title='bbox 1727 1142 1837 1182; x_wconf 89' lang='lat' dir='ltr'><strong>non</strong></span> <span class='ocrx_word' id='word_1_77' title='bbox 1885 1135 2142 1194; x_wconf 87' lang='lat' dir='ltr'><strong>nostram,</strong></span> <span class='ocrx_word' id='word_1_78' title='bbox 2174 1128 2268 1186; x_wconf 85' lang='lat' dir='ltr'><strong>sed</strong></span> 
     </span>
    </p>
   </div>
   <div class='ocr_carea' id='block_1_12' title="bbox 693 1217 2270 1295">
    <p class='ocr_par' dir='ltr' id='par_1_12' title="bbox 693 1217 2270 1295">
     <span class='ocr_line' id='line_1_12' title="bbox 693 1217 2270 1295; baseline -0.003 -19"><span class='ocrx_word' id='word_1_79' title='bbox 693 1218 892 1276; x_wconf 80' lang='lat' dir='ltr'><strong>Christi</strong></span> <span class='ocrx_word' id='word_1_80' title='bbox 923 1220 1203 1274; x_wconf 85' lang='lat' dir='ltr'><strong>victoriam</strong></span> <span class='ocrx_word' id='word_1_81' title='bbox 1232 1234 1262 1272; x_wconf 89' lang='lat' dir='ltr'><strong>a</strong></span> <span class='ocrx_word' id='word_1_82' title='bbox 1288 1219 1384 1272; x_wconf 82' lang='lat' dir='ltr'><strong>tali</strong></span> <span class='ocrx_word' id='word_1_83' title='bbox 1415 1226 1466 1276; x_wconf 91' lang='lat' dir='ltr'><strong>te</strong></span> <span class='ocrx_word' id='word_1_84' title='bbox 1494 1224 1823 1293; x_wconf 83' lang='lat' dir='ltr'><strong>superatum,</strong></span> <span class='ocrx_word' id='word_1_85' title='bbox 1858 1228 1882 1255; x_wconf 67' lang='grc' dir='ltr'><strong>τι</strong></span> <span class='ocrx_word' id='word_1_86' title='bbox 1911 1218 2003 1291; x_wconf 89' lang='lat' dir='ltr'><strong>qui</strong></span> <span class='ocrx_word' id='word_1_87' title='bbox 2034 1217 2270 1295; x_wconf 86' lang='lat' dir='ltr'><strong>potuerit</strong></span> 
     </span>
    </p>
   </div>
   <div class='ocr_carea' id='block_1_13' title="bbox 695 1306 2271 1383">
    <p class='ocr_par' dir='ltr' id='par_1_13' title="bbox 695 1306 2271 1383">
     <span class='ocr_line' id='line_1_13' title="bbox 695 1306 2271 1383; baseline -0.004 -17"><span class='ocrx_word' id='word_1_88' title='bbox 695 1310 1045 1382; x_wconf 88' lang='lat' dir='ltr'><strong>plurimorum</strong></span> <span class='ocrx_word' id='word_1_89' title='bbox 1089 1309 1141 1363; x_wconf 91' lang='lat' dir='ltr'><strong>in</strong></span> <span class='ocrx_word' id='word_1_90' title='bbox 1186 1314 1241 1363; x_wconf 88' lang='lat' dir='ltr'><strong>te</strong></span> <span class='ocrx_word' id='word_1_91' title='bbox 1266 1306 1635 1367; x_wconf 65' lang='lat' dir='ltr'><strong>hiere‘ticorum</strong></span> <span class='ocrx_word' id='word_1_92' title='bbox 1675 1308 1823 1383; x_wconf 90' lang='lat' dir='ltr'><strong>prius</strong></span> <span class='ocrx_word' id='word_1_93' title='bbox 1852 1306 2128 1371; x_wconf 87' lang='lat' dir='ltr'><strong>acumina,</strong></span> <span class='ocrx_word' id='word_1_94' title='bbox 2175 1322 2271 1378; x_wconf 89' lang='lat' dir='ltr'><strong>per</strong></span> 
     </span>
    </p>
   </div>
   <div class='ocr_carea' id='block_1_14' title="bbox 698 1388 2288 1470">
    <p class='ocr_par' dir='ltr' id='par_1_14' title="bbox 698 1388 2288 1470">
     <span class='ocr_line' id='line_1_14' title="bbox 698 1388 2288 1470; baseline -0.005 -13"><span class='ocrx_word' id='word_1_95' title='bbox 698 1403 886 1458; x_wconf 89' lang='lat' dir='ltr'><strong>miram</strong></span> <span class='ocrx_word' id='word_1_96' title='bbox 916 1407 1077 1469; x_wconf 83' lang='lat' dir='ltr'><strong>atque</strong></span> <span class='ocrx_word' id='word_1_97' title='bbox 1100 1399 1521 1470; x_wconf 83' lang='lat' dir='ltr'><strong>potentissimam</strong></span> <span class='ocrx_word' id='word_1_98' title='bbox 1562 1388 1685 1456; x_wconf 77' lang='lat' dir='ltr'><strong>lidei</strong></span> <span class='ocrx_word' id='word_1_99' title='bbox 1732 1394 2008 1457; x_wconf 74' lang='lat' dir='ltr'><strong>catholicae</strong></span> <span class='ocrx_word' id='word_1_100' title='bbox 2049 1394 2288 1466; x_wconf 75' lang='lat' dir='ltr'><strong>januam‘</strong></span> 
     </span>
    </p>
   </div>
   <div class='ocr_carea' id='block_1_15' title="bbox 700 1482 2271 1566">
    <p class='ocr_par' dir='ltr' id='par_1_15' title="bbox 700 1482 2271 1566">
     <span class='ocr_line' id='line_1_15' title="bbox 700 1482 2271 1566; baseline -0.007 -16"><span class='ocrx_word' id='word_1_101' title='bbox 700 1482 1293 1566; x_wconf 67' lang='lat' dir='ltr'><strong>aperire—Serapion</strong></span> <span class='ocrx_word' id='word_1_102' title='bbox 1326 1489 1460 1545; x_wconf 79' lang='lat' dir='ltr'><strong>dixit</strong></span> <span class='ocrx_word' id='word_1_103' title='bbox 1484 1508 1495 1544; x_wconf 77' lang='grc' dir='ltr'><strong>ι</strong></span> <span class='ocrx_word' id='word_1_104' title='bbox 1523 1486 1752 1562; x_wconf 83' lang='lat' dir='ltr'><strong>Sapiens</strong></span> <span class='ocrx_word' id='word_1_105' title='bbox 1778 1497 1902 1543; x_wconf 88' lang='lat' dir='ltr'><strong>tunc</strong></span> <span class='ocrx_word' id='word_1_106' title='bbox 1928 1488 2092 1544; x_wconf 86' lang='lat' dir='ltr'><strong>vincit</strong></span> <span class='ocrx_word' id='word_1_107' title='bbox 2112 1486 2271 1559; x_wconf 87' lang='lat' dir='ltr'><strong>perli-</strong></span> 
     </span>
    </p>
   </div>
   <div class='ocr_carea' id='block_1_16' title="bbox 699 1578 2272 1652">
    <p class='ocr_par' dir='ltr' id='par_1_16' title="bbox 699 1578 2272 1652">
     <span class='ocr_line' id='line_1_16' title="bbox 699 1578 2272 1652; baseline -0.006 -10"><span class='ocrx_word' id='word_1_108' title='bbox 699 1586 841 1643; x_wconf 90' lang='lat' dir='ltr'><strong>diam</strong></span> <span class='ocrx_word' id='word_1_109' title='bbox 869 1596 989 1642; x_wconf 86' lang='lat' dir='ltr'><strong>cum</strong></span> <span class='ocrx_word' id='word_1_110' title='bbox 1014 1601 1132 1641; x_wconf 86' lang='lat' dir='ltr'><strong>eam</strong></span> <span class='ocrx_word' id='word_1_111' title='bbox 1156 1582 1223 1638; x_wconf 85' lang='lat' dir='ltr'><strong>de</strong></span> <span class='ocrx_word' id='word_1_112' title='bbox 1246 1584 1356 1638; x_wconf 86' lang='lat' dir='ltr'><strong>suis</strong></span> <span class='ocrx_word' id='word_1_113' title='bbox 1386 1580 1676 1638; x_wconf 82' lang='lat' dir='ltr'><strong>visceribus</strong></span> <span class='ocrx_word' id='word_1_114' title='bbox 1698 1579 1879 1652; x_wconf 86' lang='lat' dir='ltr'><strong>pellit;</strong></span> <span class='ocrx_word' id='word_1_115' title='bbox 1910 1588 1963 1636; x_wconf 91' lang='lat' dir='ltr'><strong>et</strong></span> <span class='ocrx_word' id='word_1_116' title='bbox 1991 1581 2082 1650; x_wconf 83' lang='lat' dir='ltr'><strong>qui</strong></span> <span class='ocrx_word' id='word_1_117' title='bbox 2107 1578 2272 1635; x_wconf 88' lang='lat' dir='ltr'><strong>vincit</strong></span> 
     </span>
    </p>
   </div>
   <div class='ocr_carea' id='block_1_17' title="bbox 698 1668 2272 1744">
    <p class='ocr_par' dir='ltr' id='par_1_17' title="bbox 698 1668 2272 1744">
     <span class='ocr_line' id='line_1_17' title="bbox 698 1668 2272 1744; baseline -0.008 -11"><span class='ocrx_word' id='word_1_118' title='bbox 698 1679 782 1735; x_wconf 88' lang='lat' dir='ltr'><strong>bis</strong></span> <span class='ocrx_word' id='word_1_119' title='bbox 803 1677 973 1731; x_wconf 87' lang='lat' dir='ltr'><strong>victor</strong></span> <span class='ocrx_word' id='word_1_120' title='bbox 992 1681 1094 1743; x_wconf 89' lang='lat' dir='ltr'><strong>est,</strong></span> <span class='ocrx_word' id='word_1_121' title='bbox 1118 1675 1241 1744; x_wconf 86' lang='lat' dir='ltr'><strong>quia</strong></span> <span class='ocrx_word' id='word_1_122' title='bbox 1263 1681 1317 1728; x_wconf 89' lang='lat' dir='ltr'><strong>et</strong></span> <span class='ocrx_word' id='word_1_123' title='bbox 1340 1668 1407 1727; x_wconf 89' lang='lat' dir='ltr'><strong>de</strong></span> <span class='ocrx_word' id='word_1_124' title='bbox 1436 1673 1731 1729; x_wconf 86' lang='lat' dir='ltr'><strong>assertione</strong></span> <span class='ocrx_word' id='word_1_125' title='bbox 1757 1686 1859 1728; x_wconf 82' lang='lat' dir='ltr'><strong>sua</strong></span> <span class='ocrx_word' id='word_1_126' title='bbox 1872 1670 1997 1725; x_wconf 84' lang='lat' dir='ltr'><strong>lidei</strong></span> <span class='ocrx_word' id='word_1_127' title='bbox 2017 1685 2272 1725; x_wconf 84' lang='lat' dir='ltr'><strong>coronam</strong></span> 
     </span>
    </p>
   </div>
   <div class='ocr_carea' id='block_1_18' title="bbox 700 1750 2215 1836">
    <p class='ocr_par' dir='ltr' id='par_1_18' title="bbox 700 1750 2215 1836">
     <span class='ocr_line' id='line_1_18' title="bbox 700 1750 2215 1836; baseline -0.007 -15"><span class='ocrx_word' id='word_1_128' title='bbox 700 1765 910 1836; x_wconf 88' lang='lat' dir='ltr'><strong>accipit,</strong></span> <span class='ocrx_word' id='word_1_129' title='bbox 939 1772 994 1819; x_wconf 86' lang='lat' dir='ltr'><strong>et</strong></span> <span class='ocrx_word' id='word_1_130' title='bbox 1021 1764 1088 1817; x_wconf 95' lang='lat' dir='ltr'><strong>de</strong></span> <span class='ocrx_word' id='word_1_131' title='bbox 1116 1763 1264 1817; x_wconf 89' lang='lat' dir='ltr'><strong>lucro</strong></span> <span class='ocrx_word' id='word_1_132' title='bbox 1290 1762 1565 1817; x_wconf 89' lang='lat' dir='ltr'><strong>hominum</strong></span> <span class='ocrx_word' id='word_1_133' title='bbox 1595 1750 1939 1827; x_wconf 83' lang='lat' dir='ltr'><strong>consequitur</strong></span> <span class='ocrx_word' id='word_1_134' title='bbox 1965 1757 2215 1829; x_wconf 87' lang='lat' dir='ltr'><strong>palmam.</strong></span> 
     </span>
    </p>
   </div>
   <div class='ocr_carea' id='block_1_19' title="bbox 2366 581 3939 657">
    <p class='ocr_par' dir='ltr' id='par_1_19' title="bbox 2366 581 3939 657">
     <span class='ocr_line' id='line_1_19' title="bbox 2366 581 3939 657; baseline 0.005 -23"><span class='ocrx_word' id='word_1_135' title='bbox 2366 581 2588 647; x_wconf 88' lang='lat' dir='ltr'><strong>macula,</strong></span> <span class='ocrx_word' id='word_1_136' title='bbox 2622 581 2723 636; x_wconf 91' lang='lat' dir='ltr'><strong>nisi</strong></span> <span class='ocrx_word' id='word_1_137' title='bbox 2749 584 2891 639; x_wconf 91' lang='lat' dir='ltr'><strong>solus</strong></span> <span class='ocrx_word' id='word_1_138' title='bbox 2910 583 3165 641; x_wconf 89' lang='lat' dir='ltr'><strong>Dominus</strong></span> <span class='ocrx_word' id='word_1_139' title='bbox 3191 583 3344 645; x_wconf 74' lang='lat' dir='ltr'><strong>Iesus</strong></span> <span class='ocrx_word' id='word_1_140' title='bbox 3361 586 3620 650; x_wconf 84' lang='lat' dir='ltr'><strong>Christus,</strong></span> <span class='ocrx_word' id='word_1_141' title='bbox 3648 586 3735 657; x_wconf 74' lang='lat' dir='ltr'><strong>qui</strong></span> <span class='ocrx_word' id='word_1_142' title='bbox 3759 604 3939 654; x_wconf 80' lang='lat' dir='ltr'><strong>pecca-</strong></span> 
     </span>
    </p>
   </div>
   <div class='ocr_carea' id='block_1_20' title="bbox 2365 677 3936 751">
    <p class='ocr_par' dir='ltr' id='par_1_20' title="bbox 2365 677 3936 751">
     <span class='ocr_line' id='line_1_20' title="bbox 2365 677 3936 751; baseline 0.006 -25"><span class='ocrx_word' id='word_1_143' title='bbox 2365 680 2472 727; x_wconf 95' lang='lat' dir='ltr'><strong>tum</strong></span> <span class='ocrx_word' id='word_1_144' title='bbox 2500 690 2605 728; x_wconf 88' lang='lat' dir='ltr'><strong>non</strong></span> <span class='ocrx_word' id='word_1_145' title='bbox 2622 677 2767 746; x_wconf 79' lang='lat' dir='ltr'><strong>fecit,</strong></span> <span class='ocrx_word' id='word_1_146' title='bbox 2791 693 2885 737; x_wconf 85' lang='lat' dir='ltr'><strong>nec</strong></span> <span class='ocrx_word' id='word_1_147' title='bbox 2904 679 3133 738; x_wconf 79' lang='lat' dir='ltr'><strong>inventus</strong></span> <span class='ocrx_word' id='word_1_148' title='bbox 3157 684 3235 735; x_wconf 87' lang='lat' dir='ltr'><strong>es&#39;t</strong></span> <span class='ocrx_word' id='word_1_149' title='bbox 3262 679 3413 737; x_wconf 83' lang='lat' dir='ltr'><strong>dolus</strong></span> <span class='ocrx_word' id='word_1_150' title='bbox 3433 681 3487 739; x_wconf 85' lang='lat' dir='ltr'><strong>in</strong></span> <span class='ocrx_word' id='word_1_151' title='bbox 3507 697 3597 741; x_wconf 83' lang='lat' dir='ltr'><strong>ore</strong></span> <span class='ocrx_word' id='word_1_152' title='bbox 3609 681 3722 751; x_wconf 79' lang='lat' dir='ltr'><strong>ejus</strong></span> <span class='ocrx_word' id='word_1_153' title='bbox 3745 679 3797 751; x_wconf 90' lang='grc' dir='ltr'><strong>(ι</strong></span> <span class='ocrx_word' id='word_1_154' title='bbox 3817 680 3936 739; x_wconf 79' lang='lat' dir='ltr'><strong>Pet.</strong></span> 
     </span>
    </p>
   </div>
   <div class='ocr_carea' id='block_1_21' title="bbox 2366 760 3937 843">
    <p class='ocr_par' dir='ltr' id='par_1_21' title="bbox 2366 760 3937 843">
     <span class='ocr_line' id='line_1_21' title="bbox 2366 760 3937 843; baseline 0.012 -23"><span class='ocrx_word' id='word_1_155' title='bbox 2366 782 2430 833; x_wconf 91' lang='grc' dir='ltr'><strong>ιι,</strong></span> <span class='ocrx_word' id='word_1_156' title='bbox 2469 760 2596 843; x_wconf 67' lang='lat'><strong>22)?</strong></span> <span class='ocrx_word' id='word_1_157' title='bbox 2620 765 2755 823; x_wconf 87' lang='lat' dir='ltr'><strong>Nam</strong></span> <span class='ocrx_word' id='word_1_158' title='bbox 2783 769 2838 824; x_wconf 92' lang='lat' dir='ltr'><strong>in</strong></span> <span class='ocrx_word' id='word_1_159' title='bbox 2866 772 3124 839; x_wconf 76' lang='lat' dir='ltr'><strong>vigesimo</strong></span> <span class='ocrx_word' id='word_1_160' title='bbox 3154 773 3312 831; x_wconf 83' lang='lat' dir='ltr'><strong>tertio</strong></span> <span class='ocrx_word' id='word_1_161' title='bbox 3339 772 3545 843; x_wconf 81' lang='lat' dir='ltr'><strong>psalmo</strong></span> <span class='ocrx_word' id='word_1_162' title='bbox 3586 789 3601 824; x_wconf 86' lang='lat'><strong>:</strong></span> <span class='ocrx_word' id='word_1_163' title='bbox 3639 769 3800 837; x_wconf 64' lang='lat' dir='ltr'><strong>Quit.</strong></span> <span class='ocrx_word' id='word_1_164' title='bbox 3829 773 3937 838; x_wconf 59' lang='grc' dir='ltr'><strong>δίε,</strong></span> 
     </span>
    </p>
   </div>
   <div class='ocr_carea' id='block_1_22' title="bbox 2367 858 3943 935">
    <p class='ocr_par' dir='ltr' id='par_1_22' title="bbox 2367 858 3943 935">
     <span class='ocr_line' id='line_1_22' title="bbox 2367 858 3943 935; baseline 0.004 -22"><span class='ocrx_word' id='word_1_165' title='bbox 2367 858 2609 913; x_wconf 81' lang='lat' dir='ltr'><strong>ascendet</strong></span> <span class='ocrx_word' id='word_1_166' title='bbox 2647 862 2700 923; x_wconf 85' lang='lat' dir='ltr'><strong>in</strong></span> <span class='ocrx_word' id='word_1_167' title='bbox 2728 870 2949 919; x_wconf 81' lang='lat' dir='ltr'><strong>montem</strong></span> <span class='ocrx_word' id='word_1_168' title='bbox 2983 862 3222 921; x_wconf 78' lang='lat' dir='ltr'><strong>Domini?</strong></span> <span class='ocrx_word' id='word_1_169' title='bbox 3248 863 3318 919; x_wconf 86' lang='lat' dir='ltr'><strong>Et</strong></span> <span class='ocrx_word' id='word_1_170' title='bbox 3340 863 3615 935; x_wconf 78' lang='lat' dir='ltr'><strong>respondit</strong></span> <span class='ocrx_word' id='word_1_171' title='bbox 3643 881 3656 915; x_wconf 92' lang='lat'><strong>:</strong></span> <span class='ocrx_word' id='word_1_172' title='bbox 3685 862 3943 919; x_wconf 78' lang='lat' dir='ltr'><strong>Innocons</strong></span> 
     </span>
    </p>
   </div>
   <div class='ocr_carea' id='block_1_23' title="bbox 2367 948 3940 1026">
    <p class='ocr_par' dir='ltr' id='par_1_23' title="bbox 2367 948 3940 1026">
     <span class='ocr_line' id='line_1_23' title="bbox 2367 948 3940 1026; baseline 0.002 -22"><span class='ocrx_word' id='word_1_173' title='bbox 2367 948 2622 1016; x_wconf 84' lang='lat' dir='ltr'><strong>manibus,</strong></span> <span class='ocrx_word' id='word_1_174' title='bbox 2640 959 2744 1006; x_wconf 87' lang='lat' dir='ltr'><strong>etc.</strong></span> <span class='ocrx_word' id='word_1_175' title='bbox 2764 951 2937 1022; x_wconf 82' lang='lat' dir='ltr'><strong>(Psat.</strong></span> <span class='ocrx_word' id='word_1_176' title='bbox 2956 970 3104 1019; x_wconf 72' lang='lat' dir='ltr'><strong>nm,</strong></span> <span class='ocrx_word' id='word_1_177' title='bbox 3121 954 3155 1008; x_wconf 82' lang='lat'><strong>&#39;5</strong></span> <span class='ocrx_word' id='word_1_178' title='bbox 3176 963 3223 1011; x_wconf 85' lang='lat' dir='ltr'><strong>et</strong></span> <span class='ocrx_word' id='word_1_179' title='bbox 3243 954 3318 1026; x_wconf 65' lang='grc'><strong>4).</strong></span> <span class='ocrx_word' id='word_1_180' title='bbox 3337 954 3411 1013; x_wconf 77' lang='lat' dir='ltr'><strong>Et</strong></span> <span class='ocrx_word' id='word_1_181' title='bbox 3430 956 3556 1021; x_wconf 80' lang='lat' dir='ltr'><strong>item</strong></span> <span class='ocrx_word' id='word_1_182' title='bbox 3574 953 3746 1013; x_wconf 84' lang='lat' dir='ltr'><strong>David</strong></span> <span class='ocrx_word' id='word_1_183' title='bbox 3763 955 3940 1012; x_wconf 85' lang='lat' dir='ltr'><strong>canit:</strong></span> 
     </span>
    </p>
   </div>
   <div class='ocr_carea' id='block_1_24' title="bbox 2368 1034 3944 1113">
    <p class='ocr_par' dir='ltr' id='par_1_24' title="bbox 2368 1034 3944 1113">
     <span class='ocr_line' id='line_1_24' title="bbox 2368 1034 3944 1113; baseline 0.004 -20"><span class='ocrx_word' id='word_1_184' title='bbox 2368 1034 2595 1111; x_wconf 78' lang='lat' dir='ltr'><strong>iIlagnus</strong></span> <span class='ocrx_word' id='word_1_185' title='bbox 2624 1039 2878 1099; x_wconf 76' lang='lat' dir='ltr'><strong>Dominus</strong></span> <span class='ocrx_word' id='word_1_186' title='bbox 2903 1050 2950 1097; x_wconf 88' lang='lat' dir='ltr'><strong>et</strong></span> <span class='ocrx_word' id='word_1_187' title='bbox 2978 1043 3253 1099; x_wconf 78' lang='lat' dir='ltr'><strong>laudabilis</strong></span> <span class='ocrx_word' id='word_1_188' title='bbox 3283 1045 3455 1103; x_wconf 81' lang='lat' dir='ltr'><strong>nimis.</strong></span> <span class='ocrx_word' id='word_1_189' title='bbox 3474 1052 3604 1113; x_wconf 81' lang='lat' dir='ltr'><strong>etc.;</strong></span> <span class='ocrx_word' id='word_1_190' title='bbox 3626 1050 3682 1103; x_wconf 78' lang='lat' dir='ltr'><strong>et</strong></span> <span class='ocrx_word' id='word_1_191' title='bbox 3714 1043 3944 1112; x_wconf 77' lang='lat' dir='ltr'><strong>subjun-</strong></span> 
     </span>
    </p>
   </div>
   <div class='ocr_carea' id='block_1_25' title="bbox 2368 1127 3945 1207">
    <p class='ocr_par' dir='ltr' id='par_1_25' title="bbox 2368 1127 3945 1207">
     <span class='ocr_line' id='line_1_25' title="bbox 2368 1127 3945 1207; baseline 0.004 -24"><span class='ocrx_word' id='word_1_192' title='bbox 2368 1128 2444 1200; x_wconf 78' lang='lat' dir='ltr'><strong>git</strong></span> <span class='ocrx_word' id='word_1_193' title='bbox 2472 1149 2485 1183; x_wconf 90' lang='lat'><strong>:</strong></span> <span class='ocrx_word' id='word_1_194' title='bbox 2514 1127 2670 1191; x_wconf 80' lang='lat' dir='ltr'><strong>Mons</strong></span> <span class='ocrx_word' id='word_1_195' title='bbox 2695 1130 2824 1193; x_wconf 86' lang='lat' dir='ltr'><strong>Sion</strong></span> <span class='ocrx_word' id='word_1_196' title='bbox 2849 1133 3014 1191; x_wconf 75' lang='lat' dir='ltr'><strong>latera</strong></span> <span class='ocrx_word' id='word_1_197' title='bbox 3040 1134 3318 1203; x_wconf 81' lang='lat' dir='ltr'><strong>aquilonis,</strong></span> <span class='ocrx_word' id='word_1_198' title='bbox 3340 1143 3442 1191; x_wconf 77' lang='lat' dir='ltr'><strong>etc.</strong></span> <span class='ocrx_word' id='word_1_199' title='bbox 3460 1134 3642 1207; x_wconf 71' lang='lat' dir='ltr'><strong>(Psat.</strong></span> <span class='ocrx_word' id='word_1_200' title='bbox 3668 1150 3838 1200; x_wconf 70' lang='lat' dir='ltr'><strong>sun,</strong></span> <span class='ocrx_word' id='word_1_201' title='bbox 3860 1134 3945 1204; x_wconf 77' lang='lat'><strong>3).</strong></span> 
     </span>
    </p>
   </div>
   <div class='ocr_carea' id='block_1_26' title="bbox 2367 1212 3948 1297">
    <p class='ocr_par' dir='ltr' id='par_1_26' title="bbox 2367 1212 3948 1297">
     <span class='ocr_line' id='line_1_26' title="bbox 2367 1212 3948 1297; baseline 0.002 -20"><span class='ocrx_word' id='word_1_202' title='bbox 2367 1212 2527 1277; x_wconf 79' lang='lat' dir='ltr'><strong>Unde</strong></span> <span class='ocrx_word' id='word_1_203' title='bbox 2571 1231 2626 1276; x_wconf 90' lang='lat' dir='ltr'><strong>et</strong></span> <span class='ocrx_word' id='word_1_204' title='bbox 2661 1218 2821 1281; x_wconf 76' lang='lat' dir='ltr'><strong>Isaias</strong></span> <span class='ocrx_word' id='word_1_205' title='bbox 2850 1224 2958 1295; x_wconf 85' lang='lat' dir='ltr'><strong>ait:</strong></span> <span class='ocrx_word' id='word_1_206' title='bbox 2986 1223 3049 1278; x_wconf 92' lang='lat' dir='ltr'><strong>In</strong></span> <span class='ocrx_word' id='word_1_207' title='bbox 3092 1226 3381 1285; x_wconf 78' lang='lat' dir='ltr'><strong>novissimis</strong></span> <span class='ocrx_word' id='word_1_208' title='bbox 3417 1225 3595 1281; x_wconf 81' lang='lat' dir='ltr'><strong>diebus</strong></span> <span class='ocrx_word' id='word_1_209' title='bbox 3637 1227 3948 1297; x_wconf 75' lang='lat' dir='ltr'><strong>manifestus</strong></span> 
     </span>
    </p>
   </div>
   <div class='ocr_carea' id='block_1_27' title="bbox 2370 1311 3949 1389">
    <p class='ocr_par' dir='ltr' id='par_1_27' title="bbox 2370 1311 3949 1389">
     <span class='ocr_line' id='line_1_27' title="bbox 2370 1311 3949 1389; baseline 0.003 -23"><span class='ocrx_word' id='word_1_210' title='bbox 2370 1314 2465 1366; x_wconf 84' lang='lat' dir='ltr'><strong>erit</strong></span> <span class='ocrx_word' id='word_1_211' title='bbox 2510 1330 2657 1368; x_wconf 86' lang='lat' dir='ltr'><strong>mons</strong></span> <span class='ocrx_word' id='word_1_212' title='bbox 2698 1311 2941 1381; x_wconf 64' lang='lat' dir='ltr'><strong>Domini,</strong></span> <span class='ocrx_word' id='word_1_213' title='bbox 2986 1324 3035 1370; x_wconf 85' lang='lat' dir='ltr'><strong>et</strong></span> <span class='ocrx_word' id='word_1_214' title='bbox 3083 1319 3283 1371; x_wconf 66' lang='lat' dir='ltr'><strong>varient</strong></span> <span class='ocrx_word' id='word_1_215' title='bbox 3328 1318 3397 1371; x_wconf 78' lang='lat' dir='ltr'><strong>ad</strong></span> <span class='ocrx_word' id='word_1_216' title='bbox 3422 1324 3949 1389; x_wconf 53' lang='lat' dir='ltr'><strong>“submouit!”</strong></span> 
     </span>
    </p>
   </div>
   <div class='ocr_carea' id='block_1_28' title="bbox 2374 1396 3949 1477">
    <p class='ocr_par' dir='ltr' id='par_1_28' title="bbox 2374 1396 3949 1477">
     <span class='ocr_line' id='line_1_28' title="bbox 2374 1396 3949 1477; baseline 0.004 -22"><span class='ocrx_word' id='word_1_217' title='bbox 2374 1396 2538 1472; x_wconf 85' lang='lat' dir='ltr'><strong>(Isai.</strong></span> <span class='ocrx_word' id='word_1_218' title='bbox 2568 1420 2628 1469; x_wconf 79' lang='grc' dir='ltr'><strong>ιι,</strong></span> <span class='ocrx_word' id='word_1_219' title='bbox 2659 1403 2733 1474; x_wconf 72' lang='grc'><strong>2).</strong></span> <span class='ocrx_word' id='word_1_220' title='bbox 2768 1403 2907 1465; x_wconf 88' lang='lat' dir='ltr'><strong>Dicit</strong></span> <span class='ocrx_word' id='word_1_221' title='bbox 2931 1396 2986 1460; x_wconf 82' lang='lat' dir='ltr'><strong>et</strong></span> <span class='ocrx_word' id='word_1_222' title='bbox 3011 1407 3066 1461; x_wconf 84' lang='lat' dir='ltr'><strong>in</strong></span> <span class='ocrx_word' id='word_1_223' title='bbox 3091 1407 3200 1463; x_wconf 87' lang='lat' dir='ltr'><strong>alio</strong></span> <span class='ocrx_word' id='word_1_224' title='bbox 3229 1407 3347 1471; x_wconf 77' lang='lat' dir='ltr'><strong>loco</strong></span> <span class='ocrx_word' id='word_1_225' title='bbox 3374 1405 3541 1465; x_wconf 83' lang='lat' dir='ltr'><strong>David</strong></span> <span class='ocrx_word' id='word_1_226' title='bbox 3567 1423 3582 1460; x_wconf 89' lang='lat'><strong>:</strong></span> <span class='ocrx_word' id='word_1_227' title='bbox 3606 1404 3949 1477; x_wconf 73' lang='lat' dir='ltr'><strong>Quiconﬁdit</strong></span> 
     </span>
    </p>
   </div>
   <div class='ocr_carea' id='block_1_29' title="bbox 2370 1488 3947 1568">
    <p class='ocr_par' dir='ltr' id='par_1_29' title="bbox 2370 1488 3947 1568">
     <span class='ocr_line' id='line_1_29' title="bbox 2370 1488 3947 1568; baseline 0.004 -23"><span class='ocrx_word' id='word_1_228' title='bbox 2370 1490 2425 1545; x_wconf 90' lang='lat' dir='ltr'><strong>in</strong></span> <span class='ocrx_word' id='word_1_229' title='bbox 2453 1488 2674 1551; x_wconf 86' lang='lat' dir='ltr'><strong>Domino</strong></span> <span class='ocrx_word' id='word_1_230' title='bbox 2694 1534 2709 1559; x_wconf 94' lang='lat'><strong>,</strong></span> <span class='ocrx_word' id='word_1_231' title='bbox 2740 1496 2870 1548; x_wconf 80' lang='lat' dir='ltr'><strong>sicut</strong></span> <span class='ocrx_word' id='word_1_232' title='bbox 2904 1512 3055 1553; x_wconf 84' lang='lat' dir='ltr'><strong>mons</strong></span> <span class='ocrx_word' id='word_1_233' title='bbox 3085 1495 3249 1562; x_wconf 87' lang='lat' dir='ltr'><strong>Sion,</strong></span> <span class='ocrx_word' id='word_1_234' title='bbox 3279 1505 3384 1554; x_wconf 87' lang='lat' dir='ltr'><strong>etc.</strong></span> <span class='ocrx_word' id='word_1_235' title='bbox 3412 1488 3600 1568; x_wconf 75' lang='lat' dir='ltr'><strong>(PsaL</strong></span> <span class='ocrx_word' id='word_1_236' title='bbox 3636 1513 3813 1564; x_wconf 64' lang='grc' dir='ltr'><strong>οων,</strong></span> <span class='ocrx_word' id='word_1_237' title='bbox 3854 1497 3880 1551; x_wconf 82' lang='grc'><strong>1</strong></span> <span class='ocrx_word' id='word_1_238' title='bbox 3903 1497 3947 1568; x_wconf 83' lang='lat'><strong>).</strong></span> 
     </span>
    </p>
   </div>
   <div class='ocr_carea' id='block_1_30' title="bbox 2338 1577 3948 1667">
    <p class='ocr_par' dir='ltr' id='par_1_30' title="bbox 2338 1577 3948 1667">
     <span class='ocr_line' id='line_1_30' title="bbox 2338 1577 3948 1667; baseline 0.004 -31"><span class='ocrx_word' id='word_1_239' title='bbox 2338 1628 2344 1636; x_wconf 91' lang='lat'><strong>.</strong></span> <span class='ocrx_word' id='word_1_240' title='bbox 2374 1577 2527 1638; x_wconf 86' lang='lat' dir='ltr'><strong>Unde</strong></span> <span class='ocrx_word' id='word_1_241' title='bbox 2556 1591 2609 1645; x_wconf 83' lang='lat' dir='ltr'><strong>et</strong></span> <span class='ocrx_word' id='word_1_242' title='bbox 2637 1585 2689 1667; x_wconf 82' lang='lat' dir='ltr'><strong>in</strong></span> <span class='ocrx_word' id='word_1_243' title='bbox 2720 1585 2827 1641; x_wconf 87' lang='lat' dir='ltr'><strong>alio</strong></span> <span class='ocrx_word' id='word_1_244' title='bbox 2862 1587 3069 1659; x_wconf 80' lang='lat' dir='ltr'><strong>psalmo</strong></span> <span class='ocrx_word' id='word_1_245' title='bbox 3094 1606 3106 1639; x_wconf 88' lang='lat'><strong>:</strong></span> <span class='ocrx_word' id='word_1_246' title='bbox 3138 1586 3293 1645; x_wconf 79' lang='lat' dir='ltr'><strong>Mons</strong></span> <span class='ocrx_word' id='word_1_247' title='bbox 3338 1588 3489 1653; x_wconf 85' lang='lat' dir='ltr'><strong>Sion,</strong></span> <span class='ocrx_word' id='word_1_248' title='bbox 3520 1589 3577 1643; x_wconf 85' lang='lat' dir='ltr'><strong>iu</strong></span> <span class='ocrx_word' id='word_1_249' title='bbox 3614 1605 3714 1659; x_wconf 84' lang='lat' dir='ltr'><strong>quo</strong></span> <span class='ocrx_word' id='word_1_250' title='bbox 3743 1587 3948 1645; x_wconf 75' lang='lat' dir='ltr'><strong>habitas</strong></span> 
     </span>
    </p>
   </div>
   <div class='ocr_carea' id='block_1_31' title="bbox 2371 1668 3950 1751">
    <p class='ocr_par' dir='ltr' id='par_1_31' title="bbox 2371 1668 3950 1751">
     <span class='ocr_line' id='line_1_31' title="bbox 2371 1668 3950 1751; baseline 0.004 -21"><span class='ocrx_word' id='word_1_251' title='bbox 2371 1676 2426 1737; x_wconf 85' lang='lat' dir='ltr'><strong>in</strong></span> <span class='ocrx_word' id='word_1_252' title='bbox 2448 1679 2512 1733; x_wconf 72' lang='lat' dir='ltr'><strong>&#39;eo</strong></span> <span class='ocrx_word' id='word_1_253' title='bbox 2543 1676 2715 1747; x_wconf 82' lang='lat' dir='ltr'><strong>(Psal.</strong></span> <span class='ocrx_word' id='word_1_254' title='bbox 2740 1694 2899 1745; x_wconf 76' lang='lat' dir='ltr'><strong>vau,</strong></span> <span class='ocrx_word' id='word_1_255' title='bbox 2923 1679 3034 1748; x_wconf 83' lang='grc'>17).</span> <span class='ocrx_word' id='word_1_256' title='bbox 3064 1679 3203 1736; x_wconf 87' lang='lat' dir='ltr'><strong>Dicit</strong></span> <span class='ocrx_word' id='word_1_257' title='bbox 3231 1687 3285 1736; x_wconf 89' lang='lat' dir='ltr'><strong>ct</strong></span> <span class='ocrx_word' id='word_1_258' title='bbox 3311 1668 3377 1741; x_wconf 84' lang='lat' dir='ltr'><strong>de</strong></span> <span class='ocrx_word' id='word_1_259' title='bbox 3398 1681 3514 1751; x_wconf 78' lang='lat' dir='ltr'><strong>ipso</strong></span> <span class='ocrx_word' id='word_1_260' title='bbox 3542 1689 3724 1739; x_wconf 88' lang='lat' dir='ltr'><strong>monte</strong></span> <span class='ocrx_word' id='word_1_261' title='bbox 3752 1699 3766 1734; x_wconf 88' lang='lat'><strong>:</strong></span> <span class='ocrx_word' id='word_1_262' title='bbox 3790 1680 3950 1737; x_wconf 69' lang='lat' dir='ltr'><strong>Hauc</strong></span> 
     </span>
    </p>
   </div>
   <div class='ocr_carea' id='block_1_32' title="bbox 2375 1767 3950 1841">
    <p class='ocr_par' dir='ltr' id='par_1_32' title="bbox 2375 1767 3950 1841">
     <span class='ocr_line' id='line_1_32' title="bbox 2375 1767 3950 1841; baseline 0.003 -23"><span class='ocrx_word' id='word_1_263' title='bbox 2375 1782 2522 1834; x_wconf 88' lang='lat' dir='ltr'><strong>quem</strong></span> <span class='ocrx_word' id='word_1_264' title='bbox 2548 1768 2814 1839; x_wconf 77' lang='lat' dir='ltr'><strong>acquisivit</strong></span> <span class='ocrx_word' id='word_1_265' title='bbox 2832 1767 3046 1829; x_wconf 74' lang='lat' dir='ltr'><strong>dextera</strong></span> <span class='ocrx_word' id='word_1_266' title='bbox 3066 1769 3178 1841; x_wconf 73' lang='lat' dir='ltr'><strong>ejus</strong></span> <span class='ocrx_word' id='word_1_267' title='bbox 3201 1768 3370 1841; x_wconf 75' lang='lat' dir='ltr'><strong>(Psal.</strong></span> <span class='ocrx_word' id='word_1_268' title='bbox 3394 1784 3591 1834; x_wconf 66' lang='lat' dir='ltr'><strong>tum,</strong></span> <span class='ocrx_word' id='word_1_269' title='bbox 3616 1767 3728 1839; x_wconf 74' lang='grc'>54).</span> <span class='ocrx_word' id='word_1_270' title='bbox 3748 1767 3950 1839; x_wconf 72' lang='lat' dir='ltr'><strong>Aequi-</strong></span> 
     </span>
    </p>
   </div>
   <div class='ocr_carea' id='block_1_33' title="bbox 776 1842 3949 1931">
    <p class='ocr_par' dir='ltr' id='par_1_33' title="bbox 776 1842 3949 1931">
     <span class='ocr_line' id='line_1_33' title="bbox 776 1842 3949 1931; baseline -0.002 -21"><span class='ocrx_word' id='word_1_271' title='bbox 776 1856 1043 1911; x_wconf 79' lang='lat' dir='ltr'><strong>Arnobius</strong></span> <span class='ocrx_word' id='word_1_272' title='bbox 1069 1854 1204 1908; x_wconf 86' lang='lat' dir='ltr'><strong>dixit</strong></span> <span class='ocrx_word' id='word_1_273' title='bbox 1230 1872 1241 1906; x_wconf 84' lang='lat'><strong>&#39;.</strong></span> <span class='ocrx_word' id='word_1_274' title='bbox 1270 1848 1387 1931; x_wconf 76' lang='lat' dir='ltr'><strong>Hoc</strong></span> <span class='ocrx_word' id='word_1_275' title='bbox 1415 1858 1586 1907; x_wconf 86' lang='lat' dir='ltr'><strong>totum</strong></span> <span class='ocrx_word' id='word_1_276' title='bbox 1615 1848 1993 1929; x_wconf 66' lang='lat' dir='ltr'><strong>misericordia:</strong></span> <span class='ocrx_word' id='word_1_277' title='bbox 2034 1842 2130 1903; x_wconf 89' lang='lat' dir='ltr'><strong>Dei</strong></span> <span class='ocrx_word' id='word_1_278' title='bbox 2176 1864 2272 1918; x_wconf 91' lang='lat' dir='ltr'><strong>ap-</strong></span> <span class='ocrx_word' id='word_1_279' title='bbox 2292 1845 2347 1910; x_wconf 80' lang='grc' dir='ltr'><strong>’Β</strong></span> <span class='ocrx_word' id='word_1_280' title='bbox 2373 1854 2496 1913; x_wconf 62' lang='lat' dir='ltr'><strong>sivit</strong></span> <span class='ocrx_word' id='word_1_281' title='bbox 2522 1857 2793 1919; x_wconf 61' lang='lat' dir='ltr'><strong>hominem</strong></span> <span class='ocrx_word' id='word_1_282' title='bbox 2821 1858 3041 1917; x_wconf 55' lang='lat' dir='ltr'><strong>deme”</strong></span> <span class='ocrx_word' id='word_1_283' title='bbox 3079 1860 3194 1929; x_wconf 68' lang='lat' dir='ltr'><strong>ejus</strong></span> <span class='ocrx_word' id='word_1_284' title='bbox 3223 1861 3515 1931; x_wconf 50' lang='lat' dir='ltr'><strong>perlatum</strong></span> <span class='ocrx_word' id='word_1_285' title='bbox 3533 1901 3548 1928; x_wconf 60' lang='lat'><strong>,</strong></span> <span class='ocrx_word' id='word_1_286' title='bbox 3590 1862 3806 1916; x_wconf 62' lang='grc' dir='ltr'><strong>άεπιειια</strong></span> <span class='ocrx_word' id='word_1_287' title='bbox 3833 1860 3949 1916; x_wconf 59' lang='lat' dir='ltr'><strong>De-</strong></span> 
     </span>
    </p>
   </div>
   <div class='ocr_carea' id='block_1_34' title="bbox 700 1930 2267 2015">
    <p class='ocr_par' dir='ltr' id='par_1_34' title="bbox 700 1930 2267 2015">
     <span class='ocr_line' id='line_1_34' title="bbox 700 1930 2267 2015; baseline -0.004 -17"><span class='ocrx_word' id='word_1_288' title='bbox 700 1944 1007 2015; x_wconf 88' lang='lat' dir='ltr'><strong>plicandum</strong></span> <span class='ocrx_word' id='word_1_289' title='bbox 1034 1950 1116 1997; x_wconf 82' lang='lat' dir='ltr'><strong>es’t</strong></span> <span class='ocrx_word' id='word_1_290' title='bbox 1142 1961 1152 1996; x_wconf 94' lang='lat'><strong>:</strong></span> <span class='ocrx_word' id='word_1_291' title='bbox 1184 1930 1314 1996; x_wconf 79' lang='lat' dir='ltr'><strong>nihil</strong></span> <span class='ocrx_word' id='word_1_292' title='bbox 1339 1940 1481 1996; x_wconf 89' lang='lat' dir='ltr'><strong>enim</strong></span> <span class='ocrx_word' id='word_1_293' title='bbox 1509 1939 1707 1994; x_wconf 84' lang='lat' dir='ltr'><strong>nostris</strong></span> <span class='ocrx_word' id='word_1_294' title='bbox 1743 1934 1943 1992; x_wconf 89' lang='lat' dir='ltr'><strong>nisibus</strong></span> <span class='ocrx_word' id='word_1_295' title='bbox 1966 1950 2267 2008; x_wconf 86' lang='lat' dir='ltr'><strong>possumus,</strong></span> 
     </span>
    </p>
   </div>
   <div class='ocr_carea' id='block_1_35' title="bbox 703 2027 2271 2100">
    <p class='ocr_par' dir='ltr' id='par_1_35' title="bbox 703 2027 2271 2100">
     <span class='ocr_line' id='line_1_35' title="bbox 703 2027 2271 2100; baseline -0.005 -10"><span class='ocrx_word' id='word_1_296' title='bbox 703 2027 797 2090; x_wconf 84' lang='lat' dir='ltr'><strong>sed</strong></span> <span class='ocrx_word' id='word_1_297' title='bbox 823 2042 992 2089; x_wconf 87' lang='lat' dir='ltr'><strong>totum</strong></span> <span class='ocrx_word' id='word_1_298' title='bbox 1022 2034 1088 2089; x_wconf 86' lang='lat' dir='ltr'><strong>de</strong></span> <span class='ocrx_word' id='word_1_299' title='bbox 1114 2029 1209 2087; x_wconf 86' lang='lat' dir='ltr'><strong>Dei</strong></span> <span class='ocrx_word' id='word_1_300' title='bbox 1238 2031 1407 2100; x_wconf 85' lang='lat' dir='ltr'><strong>gratia</strong></span> <span class='ocrx_word' id='word_1_301' title='bbox 1437 2039 1492 2086; x_wconf 90' lang='lat' dir='ltr'><strong>et</strong></span> <span class='ocrx_word' id='word_1_302' title='bbox 1516 2028 1881 2086; x_wconf 77' lang='lat' dir='ltr'><strong>misericordia</strong></span> <span class='ocrx_word' id='word_1_303' title='bbox 1909 2029 2052 2098; x_wconf 90' lang='lat' dir='ltr'><strong>quod</strong></span> <span class='ocrx_word' id='word_1_304' title='bbox 2079 2028 2271 2098; x_wconf 64' lang='lat' dir='ltr'><strong>quieri-</strong></span> 
     </span>
    </p>
   </div>
   <div class='ocr_carea' id='block_1_36' title="bbox 701 2119 2275 2193">
    <p class='ocr_par' dir='ltr' id='par_1_36' title="bbox 701 2119 2275 2193">
     <span class='ocr_line' id='line_1_36' title="bbox 701 2119 2275 2193; baseline -0.004 -13"><span class='ocrx_word' id='word_1_305' title='bbox 701 2140 820 2181; x_wconf 88' lang='lat' dir='ltr'><strong>mus</strong></span> <span class='ocrx_word' id='word_1_306' title='bbox 848 2123 1165 2179; x_wconf 85' lang='lat' dir='ltr'><strong>invenimus.</strong></span> <span class='ocrx_word' id='word_1_307' title='bbox 1192 2122 1482 2192; x_wconf 59' lang='lat' dir='ltr'><strong>Aggrediar</strong></span> <span class='ocrx_word' id='word_1_308' title='bbox 1504 2137 1643 2176; x_wconf 83' lang='lat' dir='ltr'><strong>nunc</strong></span> <span class='ocrx_word' id='word_1_309' title='bbox 1662 2119 1895 2189; x_wconf 84' lang='lat' dir='ltr'><strong>reliquas</strong></span> <span class='ocrx_word' id='word_1_310' title='bbox 1917 2126 2120 2190; x_wconf 91' lang='lat' dir='ltr'><strong>septem</strong></span> <span class='ocrx_word' id='word_1_311' title='bbox 2142 2133 2275 2193; x_wconf 90' lang='lat' dir='ltr'><strong>quas</strong></span> 
     </span>
    </p>
   </div>
   <div class='ocr_carea' id='block_1_37' title="bbox 630 2206 2273 2288">
    <p class='ocr_par' dir='ltr' id='par_1_37' title="bbox 630 2206 2273 2288">
     <span class='ocr_line' id='line_1_37' title="bbox 630 2206 2273 2288; baseline -0.007 -15"><span class='ocrx_word' id='word_1_312' title='bbox 630 2242 636 2247; x_wconf 64' lang='grc' dir='ltr'><strong>ι</strong></span> <span class='ocrx_word' id='word_1_313' title='bbox 700 2214 956 2288; x_wconf 81' lang='lat' dir='ltr'><strong>proposui</strong></span> <span class='ocrx_word' id='word_1_314' title='bbox 981 2212 1384 2269; x_wconf 84' lang='lat' dir='ltr'><strong>similitudinum</strong></span> <span class='ocrx_word' id='word_1_315' title='bbox 1410 2206 1640 2280; x_wconf 72' lang='lat' dir='ltr'><strong>ferinas;</strong></span> <span class='ocrx_word' id='word_1_316' title='bbox 1663 2208 1857 2264; x_wconf 88' lang='lat' dir='ltr'><strong>dehinc</strong></span> <span class='ocrx_word' id='word_1_317' title='bbox 1876 2207 2008 2263; x_wconf 90' lang='lat' dir='ltr'><strong>duas</strong></span> <span class='ocrx_word' id='word_1_318' title='bbox 2025 2207 2273 2278; x_wconf 73' lang='lat' dir='ltr'><strong>quzestio-</strong></span> 
     </span>
    </p>
   </div>
   <div class='ocr_carea' id='block_1_38' title="bbox 702 2296 2270 2379">
    <p class='ocr_par' dir='ltr' id='par_1_38' title="bbox 702 2296 2270 2379">
     <span class='ocr_line' id='line_1_38' title="bbox 702 2296 2270 2379; baseline -0.006 -15"><span class='ocrx_word' id='word_1_319' title='bbox 702 2327 818 2373; x_wconf 90' lang='lat' dir='ltr'><strong>nes,</strong></span> <span class='ocrx_word' id='word_1_320' title='bbox 844 2323 976 2379; x_wconf 83' lang='lat' dir='ltr'><strong>quas</strong></span> <span class='ocrx_word' id='word_1_321' title='bbox 996 2324 1062 2363; x_wconf 85' lang='lat' dir='ltr'><strong>ex</strong></span> <span class='ocrx_word' id='word_1_322' title='bbox 1082 2303 1382 2373; x_wconf 74' lang='lat' dir='ltr'><strong>E‘vangeliis</strong></span> <span class='ocrx_word' id='word_1_323' title='bbox 1402 2301 1688 2375; x_wconf 77' lang='lat' dir='ltr'><strong>protulisti,</strong></span> <span class='ocrx_word' id='word_1_324' title='bbox 1708 2302 1828 2373; x_wconf 85' lang='lat' dir='ltr'><strong>ipso</strong></span> <span class='ocrx_word' id='word_1_325' title='bbox 1850 2300 2073 2355; x_wconf 89' lang='lat' dir='ltr'><strong>Domino</strong></span> <span class='ocrx_word' id='word_1_326' title='bbox 2092 2296 2270 2366; x_wconf 83' lang='lat' dir='ltr'><strong>dante,</strong></span> 
     </span>
    </p>
   </div>
   <div class='ocr_carea' id='block_1_39' title="bbox 703 2388 2276 2468">
    <p class='ocr_par' dir='ltr' id='par_1_39' title="bbox 703 2388 2276 2468">
     <span class='ocr_line' id='line_1_39' title="bbox 703 2388 2276 2468; baseline -0.006 -15"><span class='ocrx_word' id='word_1_327' title='bbox 703 2412 987 2468; x_wconf 79' lang='lat' dir='ltr'><strong>exponam.</strong></span> <span class='ocrx_word' id='word_1_328' title='bbox 1018 2390 1100 2450; x_wconf 86' lang='lat' dir='ltr'><strong>Tu</strong></span> <span class='ocrx_word' id='word_1_329' title='bbox 1128 2404 1307 2449; x_wconf 89' lang='lat' dir='ltr'><strong>tamen</strong></span> <span class='ocrx_word' id='word_1_330' title='bbox 1348 2388 1524 2462; x_wconf 78' lang='lat' dir='ltr'><strong>sagaci</strong></span> <span class='ocrx_word' id='word_1_331' title='bbox 1558 2392 1815 2447; x_wconf 89' lang='lat' dir='ltr'><strong>memoria</strong></span> <span class='ocrx_word' id='word_1_332' title='bbox 1840 2389 2054 2445; x_wconf 88' lang='lat' dir='ltr'><strong>easdem</strong></span> <span class='ocrx_word' id='word_1_333' title='bbox 2074 2388 2276 2467; x_wconf 73' lang='lat' dir='ltr'><strong>ﬁguras</strong></span> 
     </span>
    </p>
   </div>
   <div class='ocr_carea' id='block_1_40' title="bbox 702 2480 2276 2558">
    <p class='ocr_par' dir='ltr' id='par_1_40' title="bbox 702 2480 2276 2558">
     <span class='ocr_line' id='line_1_40' title="bbox 702 2480 2276 2558; baseline -0.006 -14"><span class='ocrx_word' id='word_1_334' title='bbox 702 2491 963 2554; x_wconf 89' lang='lat' dir='ltr'><strong>recolens,</strong></span> <span class='ocrx_word' id='word_1_335' title='bbox 988 2486 1162 2558; x_wconf 87' lang='lat' dir='ltr'><strong>incipe</strong></span> <span class='ocrx_word' id='word_1_336' title='bbox 1182 2484 1451 2554; x_wconf 76' lang='lat' dir='ltr'><strong>sigilla’tim</strong></span> <span class='ocrx_word' id='word_1_337' title='bbox 1472 2492 1727 2543; x_wconf 77' lang='lat' dir='ltr'><strong>reVocare</strong></span> <span class='ocrx_word' id='word_1_338' title='bbox 1750 2482 1804 2538; x_wconf 91' lang='lat' dir='ltr'><strong>in</strong></span> <span class='ocrx_word' id='word_1_339' title='bbox 1826 2480 2076 2547; x_wconf 84' lang='lat' dir='ltr'><strong>medium,</strong></span> <span class='ocrx_word' id='word_1_340' title='bbox 2102 2486 2160 2537; x_wconf 90' lang='lat' dir='ltr'><strong>ut</strong></span> <span class='ocrx_word' id='word_1_341' title='bbox 2179 2496 2276 2552; x_wconf 88' lang='lat' dir='ltr'><strong>per</strong></span> 
     </span>
    </p>
   </div>
   <div class='ocr_carea' id='block_1_41' title="bbox 696 2570 2273 2648">
    <p class='ocr_par' dir='ltr' id='par_1_41' title="bbox 696 2570 2273 2648">
     <span class='ocr_line' id='line_1_41' title="bbox 696 2570 2273 2648; baseline -0.005 -14"><span class='ocrx_word' id='word_1_342' title='bbox 696 2580 909 2648; x_wconf 76' lang='lat' dir='ltr'><strong>singula</strong></span> <span class='ocrx_word' id='word_1_343' title='bbox 935 2578 1155 2633; x_wconf 85' lang='lat' dir='ltr'><strong>doceam</strong></span> <span class='ocrx_word' id='word_1_344' title='bbox 1183 2574 1249 2632; x_wconf 91' lang='lat' dir='ltr'><strong>de</strong></span> <span class='ocrx_word' id='word_1_345' title='bbox 1277 2570 1442 2631; x_wconf 83' lang='lat' dir='ltr'><strong>sacris</strong></span> <span class='ocrx_word' id='word_1_346' title='bbox 1469 2574 1829 2631; x_wconf 85' lang='lat' dir='ltr'><strong>voluminibus</strong></span> <span class='ocrx_word' id='word_1_347' title='bbox 1847 2588 1934 2627; x_wconf 91' lang='lat' dir='ltr'><strong>me</strong></span> <span class='ocrx_word' id='word_1_348' title='bbox 1961 2573 2061 2628; x_wconf 90' lang='lat' dir='ltr'><strong>ista</strong></span> <span class='ocrx_word' id='word_1_349' title='bbox 2089 2586 2273 2627; x_wconf 82' lang='lat' dir='ltr'><strong>exem-</strong></span> 
     </span>
    </p>
   </div>
   <div class='ocr_carea' id='block_1_42' title="bbox 701 2660 2276 2741">
    <p class='ocr_par' dir='ltr' id='par_1_42' title="bbox 701 2660 2276 2741">
     <span class='ocr_line' id='line_1_42' title="bbox 701 2660 2276 2741; baseline -0.006 -18"><span class='ocrx_word' id='word_1_350' title='bbox 701 2670 873 2741; x_wconf 88' lang='lat' dir='ltr'><strong>plaria</strong></span> <span class='ocrx_word' id='word_1_351' title='bbox 900 2667 1207 2738; x_wconf 86' lang='lat' dir='ltr'><strong>protulisse.</strong></span> <span class='ocrx_word' id='word_1_352' title='bbox 1229 2699 1301 2709; x_wconf 91' lang='lat'><strong>—</strong></span> <span class='ocrx_word' id='word_1_353' title='bbox 1320 2664 1583 2736; x_wconf 85' lang='lat' dir='ltr'><strong>Serapion</strong></span> <span class='ocrx_word' id='word_1_354' title='bbox 1613 2663 1764 2718; x_wconf 83' lang='lat' dir='ltr'><strong>dixit</strong></span> <span class='ocrx_word' id='word_1_355' title='bbox 1789 2681 1801 2715; x_wconf 90' lang='lat'><strong>:</strong></span> <span class='ocrx_word' id='word_1_356' title='bbox 1834 2660 1988 2717; x_wconf 86' lang='lat' dir='ltr'><strong>Prius</strong></span> <span class='ocrx_word' id='word_1_357' title='bbox 2016 2661 2082 2716; x_wconf 91' lang='lat' dir='ltr'><strong>de</strong></span> <span class='ocrx_word' id='word_1_358' title='bbox 2125 2663 2276 2737; x_wconf 86' lang='lat' dir='ltr'><strong>petra</strong></span> 
     </span>
    </p>
   </div>
   <div class='ocr_carea' id='block_1_43' title="bbox 698 2746 2277 2830">
    <p class='ocr_par' dir='ltr' id='par_1_43' title="bbox 698 2746 2277 2830">
     <span class='ocr_line' id='line_1_43' title="bbox 698 2746 2277 2830; baseline -0.007 -13"><span class='ocrx_word' id='word_1_359' title='bbox 698 2770 756 2817; x_wconf 81' lang='lat' dir='ltr'><strong>te</strong></span> <span class='ocrx_word' id='word_1_360' title='bbox 786 2760 1101 2830; x_wconf 78' lang='lat' dir='ltr'><strong>explicuisse</strong></span> <span class='ocrx_word' id='word_1_361' title='bbox 1123 2759 1251 2814; x_wconf 84' lang='lat' dir='ltr'><strong>satis</strong></span> <span class='ocrx_word' id='word_1_362' title='bbox 1278 2762 1514 2823; x_wconf 84' lang='lat' dir='ltr'><strong>constat;</strong></span> <span class='ocrx_word' id='word_1_363' title='bbox 1543 2746 1777 2813; x_wconf 82' lang='lat' dir='ltr'><strong>secundo</strong></span> <span class='ocrx_word' id='word_1_364' title='bbox 1799 2752 1941 2825; x_wconf 86' lang='lat' dir='ltr'><strong>quod</strong></span> <span class='ocrx_word' id='word_1_365' title='bbox 1968 2768 2122 2809; x_wconf 92' lang='lat' dir='ltr'><strong>mons</strong></span> <span class='ocrx_word' id='word_1_366' title='bbox 2144 2766 2277 2824; x_wconf 79' lang='lat' dir='ltr'><strong>prac-</strong></span> 
     </span>
    </p>
   </div>
   <div class='ocr_carea' id='block_1_44' title="bbox 702 2844 2279 2921">
    <p class='ocr_par' dir='ltr' id='par_1_44' title="bbox 702 2844 2279 2921">
     <span class='ocr_line' id='line_1_44' title="bbox 702 2844 2279 2921; baseline -0.008 -13"><span class='ocrx_word' id='word_1_367' title='bbox 702 2854 876 2908; x_wconf 82' lang='lat' dir='ltr'><strong>dictu‘s</strong></span> <span class='ocrx_word' id='word_1_368' title='bbox 903 2854 973 2905; x_wconf 91' lang='lat' dir='ltr'><strong>sit</strong></span> <span class='ocrx_word' id='word_1_369' title='bbox 993 2851 1248 2905; x_wconf 83' lang='lat' dir='ltr'><strong>Dominus</strong></span> <span class='ocrx_word' id='word_1_370' title='bbox 1266 2860 1337 2921; x_wconf 71' lang='lat' dir='ltr'><strong>&quot;ex</strong></span> <span class='ocrx_word' id='word_1_371' title='bbox 1357 2847 1662 2918; x_wconf 87' lang='lat' dir='ltr'><strong>Seripturis,</strong></span> <span class='ocrx_word' id='word_1_372' title='bbox 1692 2853 1751 2901; x_wconf 90' lang='lat' dir='ltr'><strong>ut</strong></span> <span class='ocrx_word' id='word_1_373' title='bbox 1771 2844 2053 2901; x_wconf 85' lang='lat' dir='ltr'><strong>ostendere</strong></span> <span class='ocrx_word' id='word_1_374' title='bbox 2074 2850 2133 2899; x_wconf 82' lang='lat' dir='ltr'><strong>te</strong></span> <span class='ocrx_word' id='word_1_375' title='bbox 2154 2859 2279 2915; x_wconf 89' lang='lat' dir='ltr'><strong>pro-</strong></span> 
     </span>
    </p>
   </div>
   <div class='ocr_carea' id='block_1_45' title="bbox 700 2934 2278 3017">
    <p class='ocr_par' dir='ltr' id='par_1_45' title="bbox 700 2934 2278 3017">
     <span class='ocr_line' id='line_1_45' title="bbox 700 2934 2278 3017; baseline -0.007 -19"><span class='ocrx_word' id='word_1_376' title='bbox 700 2943 899 2998; x_wconf 79' lang='lat' dir='ltr'><strong>misisti</strong></span> <span class='ocrx_word' id='word_1_377' title='bbox 920 2983 934 3008; x_wconf 94' lang='lat'><strong>,</strong></span> <span class='ocrx_word' id='word_1_378' title='bbox 977 2940 1216 2995; x_wconf 86' lang='lat' dir='ltr'><strong>ostende.</strong></span> <span class='ocrx_word' id='word_1_379' title='bbox 1247 2973 1320 2982; x_wconf 89' lang='lat'><strong>—</strong></span> <span class='ocrx_word' id='word_1_380' title='bbox 1346 2938 1609 3017; x_wconf 78' lang='lat' dir='ltr'><strong>Arnobius</strong></span> <span class='ocrx_word' id='word_1_381' title='bbox 1635 2938 1768 2993; x_wconf 72' lang='lat' dir='ltr'><strong>dixit</strong></span> <span class='ocrx_word' id='word_1_382' title='bbox 1797 2979 1809 2990; x_wconf 87' lang='lat'><strong>.</strong></span> <span class='ocrx_word' id='word_1_383' title='bbox 1836 2937 1894 2991; x_wconf 92' lang='lat' dir='ltr'><strong>In</strong></span> <span class='ocrx_word' id='word_1_384' title='bbox 1934 2934 2121 2992; x_wconf 81' lang='lat' dir='ltr'><strong>Exodo</strong></span> <span class='ocrx_word' id='word_1_385' title='bbox 2148 2934 2278 3003; x_wconf 82' lang='lat' dir='ltr'><strong>legi-</strong></span> 
     </span>
    </p>
   </div>
   <div class='ocr_carea' id='block_1_46' title="bbox 704 3022 2278 3098">
    <p class='ocr_par' dir='ltr' id='par_1_46' title="bbox 704 3022 2278 3098">
     <span class='ocr_line' id='line_1_46' title="bbox 704 3022 2278 3098; baseline -0.006 -9"><span class='ocrx_word' id='word_1_386' title='bbox 704 3049 870 3089; x_wconf 90' lang='lat' dir='ltr'><strong>mus:</strong></span> <span class='ocrx_word' id='word_1_387' title='bbox 914 3030 1063 3086; x_wconf 72' lang='lat' dir='ltr'><strong>Dixit</strong></span> <span class='ocrx_word' id='word_1_388' title='bbox 1103 3040 1270 3085; x_wconf 85' lang='lat' dir='ltr'><strong>autem</strong></span> <span class='ocrx_word' id='word_1_389' title='bbox 1313 3028 1564 3085; x_wconf 79' lang='lat' dir='ltr'><strong>Dominus</strong></span> <span class='ocrx_word' id='word_1_390' title='bbox 1606 3029 1672 3082; x_wconf 85' lang='lat' dir='ltr'><strong>ad</strong></span> <span class='ocrx_word' id='word_1_391' title='bbox 1710 3022 1989 3098; x_wconf 74' lang='lat' dir='ltr'><strong>Moysem:</strong></span> <span class='ocrx_word' id='word_1_392' title='bbox 2035 3022 2148 3080; x_wconf 80' lang='lat' dir='ltr'><strong>Hoc</strong></span> <span class='ocrx_word' id='word_1_393' title='bbox 2189 3022 2278 3079; x_wconf 85' lang='lat' dir='ltr'><strong>tibi</strong></span> 
     </span>
    </p>
   </div>
   <div class='ocr_carea' id='block_1_47' title="bbox 2375 1945 3952 2023">
    <p class='ocr_par' dir='ltr' id='par_1_47' title="bbox 2375 1945 3952 2023">
     <span class='ocr_line' id='line_1_47' title="bbox 2375 1945 3952 2023; baseline 0.007 -25"><span class='ocrx_word' id='word_1_394' title='bbox 2375 1946 2502 1999; x_wconf 85' lang='lat' dir='ltr'><strong>mini</strong></span> <span class='ocrx_word' id='word_1_395' title='bbox 2520 1946 2613 2023; x_wconf 80' lang='lat' dir='ltr'><strong>qui</strong></span> <span class='ocrx_word' id='word_1_396' title='bbox 2634 1948 2752 2019; x_wconf 74' lang='lat' dir='ltr'><strong>fecit</strong></span> <span class='ocrx_word' id='word_1_397' title='bbox 2781 1948 3208 2021; x_wconf 38' lang='lat' dir='ltr'><strong>virtutem.(Psal.</strong></span> <span class='ocrx_word' id='word_1_398' title='bbox 3237 1965 3395 2015; x_wconf 80' lang='lat' dir='ltr'><strong>cxvu,</strong></span> <span class='ocrx_word' id='word_1_399' title='bbox 3424 1948 3511 2022; x_wconf 74' lang='grc'><strong>16)</strong></span> <span class='ocrx_word' id='word_1_400' title='bbox 3529 1945 3783 2009; x_wconf 63' lang='lat' dir='ltr'><strong>{dextera</strong></span> <span class='ocrx_word' id='word_1_401' title='bbox 3803 1951 3952 2009; x_wconf 79' lang='lat' dir='ltr'><strong>enim</strong></span> 
     </span>
    </p>
   </div>
   <div class='ocr_carea' id='block_1_48' title="bbox 2384 2028 3952 2115">
    <p class='ocr_par' dir='ltr' id='par_1_48' title="bbox 2384 2028 3952 2115">
     <span class='ocr_line' id='line_1_48' title="bbox 2384 2028 3952 2115; baseline 0.007 -28"><span class='ocrx_word' id='word_1_402' title='bbox 2384 2028 2560 2091; x_wconf 86' lang='lat' dir='ltr'><strong>Patris</strong></span> <span class='ocrx_word' id='word_1_403' title='bbox 2580 2035 2646 2089; x_wconf 91' lang='lat' dir='ltr'><strong>ab</strong></span> <span class='ocrx_word' id='word_1_404' title='bbox 2676 2038 2988 2105; x_wconf 88' lang='lat' dir='ltr'><strong>operatione</strong></span> <span class='ocrx_word' id='word_1_405' title='bbox 3016 2038 3209 2097; x_wconf 91' lang='lat' dir='ltr'><strong>dicitur</strong></span> <span class='ocrx_word' id='word_1_406' title='bbox 3235 2046 3289 2095; x_wconf 90' lang='lat' dir='ltr'><strong>et</strong></span> <span class='ocrx_word' id='word_1_407' title='bbox 3326 2040 3600 2113; x_wconf 78' lang='lat' dir='ltr'><strong>probatur.</strong></span> <span class='ocrx_word' id='word_1_408' title='bbox 3647 2041 3767 2115; x_wconf 89' lang='lat' dir='ltr'><strong>Ipse</strong></span> <span class='ocrx_word' id='word_1_409' title='bbox 3806 2042 3952 2098; x_wconf 87' lang='lat' dir='ltr'><strong>enim</strong></span> 
     </span>
    </p>
   </div>
   <div class='ocr_carea' id='block_1_49' title="bbox 2377 2122 3953 2202">
    <p class='ocr_par' dir='ltr' id='par_1_49' title="bbox 2377 2122 3953 2202">
     <span class='ocr_line' id='line_1_49' title="bbox 2377 2122 3953 2202; baseline 0.006 -23"><span class='ocrx_word' id='word_1_410' title='bbox 2377 2124 2654 2181; x_wconf 86' lang='lat' dir='ltr'><strong>invisibilis</strong></span> <span class='ocrx_word' id='word_1_411' title='bbox 2681 2122 2847 2187; x_wconf 83' lang='lat' dir='ltr'><strong>Filius</strong></span> <span class='ocrx_word' id='word_1_412' title='bbox 2885 2129 3026 2185; x_wconf 84' lang='lat' dir='ltr'><strong>hanc</strong></span> <span class='ocrx_word' id='word_1_413' title='bbox 3062 2130 3314 2189; x_wconf 84' lang='lat' dir='ltr'><strong>virtutem</strong></span> <span class='ocrx_word' id='word_1_414' title='bbox 3359 2146 3459 2201; x_wconf 89' lang='lat' dir='ltr'><strong>per</strong></span> <span class='ocrx_word' id='word_1_415' title='bbox 3502 2132 3953 2202; x_wconf 85' lang='lat' dir='ltr'><strong>omnipotentiam</strong></span> 
     </span>
    </p>
   </div>
   <div class='ocr_carea' id='block_1_50' title="bbox 2376 2221 3954 2297">
    <p class='ocr_par' dir='ltr' id='par_1_50' title="bbox 2376 2221 3954 2297">
     <span class='ocr_line' id='line_1_50' title="bbox 2376 2221 3954 2297; baseline 0.002 -25"><span class='ocrx_word' id='word_1_416' title='bbox 2376 2232 2526 2273; x_wconf 87' lang='lat' dir='ltr'><strong>suam</strong></span> <span class='ocrx_word' id='word_1_417' title='bbox 2559 2226 2810 2287; x_wconf 82' lang='lat' dir='ltr'><strong>operatus</strong></span> <span class='ocrx_word' id='word_1_418' title='bbox 2837 2227 2940 2287; x_wconf 89' lang='lat' dir='ltr'><strong>est,</strong></span> <span class='ocrx_word' id='word_1_419' title='bbox 2972 2227 3029 2273; x_wconf 93' lang='lat' dir='ltr'><strong>ut</strong></span> <span class='ocrx_word' id='word_1_420' title='bbox 3048 2234 3144 2290; x_wconf 87' lang='lat' dir='ltr'><strong>per</strong></span> <span class='ocrx_word' id='word_1_421' title='bbox 3170 2221 3401 2297; x_wconf 82' lang='lat' dir='ltr'><strong>hominis</strong></span> <span class='ocrx_word' id='word_1_422' title='bbox 3427 2222 3851 2291; x_wconf 86' lang='lat' dir='ltr'><strong>assumptionem</strong></span> <span class='ocrx_word' id='word_1_423' title='bbox 3881 2222 3954 2277; x_wconf 81' lang='lat' dir='ltr'><strong>ita</strong></span> 
     </span>
    </p>
   </div>
   <div class='ocr_carea' id='block_1_51' title="bbox 2377 2302 3953 2379">
    <p class='ocr_par' dir='ltr' id='par_1_51' title="bbox 2377 2302 3953 2379">
     <span class='ocr_line' id='line_1_51' title="bbox 2377 2302 3953 2379; baseline 0.002 -18"><span class='ocrx_word' id='word_1_424' title='bbox 2377 2302 2599 2364; x_wconf 76' lang='lat' dir='ltr'><strong>visibilis</strong></span> <span class='ocrx_word' id='word_1_425' title='bbox 2626 2307 2796 2376; x_wconf 88' lang='lat' dir='ltr'><strong>ﬁeret,</strong></span> <span class='ocrx_word' id='word_1_426' title='bbox 2828 2316 2885 2363; x_wconf 91' lang='lat' dir='ltr'><strong>ut</strong></span> <span class='ocrx_word' id='word_1_427' title='bbox 2917 2309 3116 2365; x_wconf 87' lang='lat' dir='ltr'><strong>diceret</strong></span> <span class='ocrx_word' id='word_1_428' title='bbox 3143 2328 3154 2362; x_wconf 90' lang='lat'><strong>:</strong></span> <span class='ocrx_word' id='word_1_429' title='bbox 3190 2308 3290 2375; x_wconf 82' lang='lat' dir='ltr'><strong>Qui</strong></span> <span class='ocrx_word' id='word_1_430' title='bbox 3313 2328 3393 2365; x_wconf 86' lang='lat' dir='ltr'><strong>me</strong></span> <span class='ocrx_word' id='word_1_431' title='bbox 3419 2312 3571 2379; x_wconf 80' lang='lat' dir='ltr'><strong>videt,</strong></span> <span class='ocrx_word' id='word_1_432' title='bbox 3602 2310 3736 2369; x_wconf 79' lang='lat' dir='ltr'><strong>videt</strong></span> <span class='ocrx_word' id='word_1_433' title='bbox 3762 2319 3812 2366; x_wconf 81' lang='lat' dir='ltr'><strong>et</strong></span> <span class='ocrx_word' id='word_1_434' title='bbox 3843 2309 3953 2367; x_wconf 88' lang='lat' dir='ltr'><strong>Pa-</strong></span> 
     </span>
    </p>
   </div>
   <div class='ocr_carea' id='block_1_52' title="bbox 2377 2398 3956 2479">
    <p class='ocr_par' dir='ltr' id='par_1_52' title="bbox 2377 2398 3956 2479">
     <span class='ocr_line' id='line_1_52' title="bbox 2377 2398 3956 2479; baseline 0 -26"><span class='ocrx_word' id='word_1_435' title='bbox 2377 2408 2526 2475; x_wconf 79' lang='lat' dir='ltr'><strong>trem,</strong></span> <span class='ocrx_word' id='word_1_436' title='bbox 2555 2401 2673 2470; x_wconf 84' lang='lat' dir='ltr'><strong>quia</strong></span> <span class='ocrx_word' id='word_1_437' title='bbox 2701 2417 2795 2471; x_wconf 84' lang='lat' dir='ltr'><strong>ego</strong></span> <span class='ocrx_word' id='word_1_438' title='bbox 2816 2401 2869 2453; x_wconf 87' lang='lat' dir='ltr'><strong>in</strong></span> <span class='ocrx_word' id='word_1_439' title='bbox 2891 2398 3069 2479; x_wconf 76' lang='lat' dir='ltr'><strong>Patre,</strong></span> <span class='ocrx_word' id='word_1_440' title='bbox 3090 2409 3140 2454; x_wconf 84' lang='lat' dir='ltr'><strong>et</strong></span> <span class='ocrx_word' id='word_1_441' title='bbox 3169 2400 3329 2459; x_wconf 84' lang='lat' dir='ltr'><strong>Pater</strong></span> <span class='ocrx_word' id='word_1_442' title='bbox 3354 2403 3408 2457; x_wconf 85' lang='lat' dir='ltr'><strong>in</strong></span> <span class='ocrx_word' id='word_1_443' title='bbox 3432 2418 3514 2457; x_wconf 85' lang='lat' dir='ltr'><strong>me</strong></span> <span class='ocrx_word' id='word_1_444' title='bbox 3533 2409 3611 2456; x_wconf 76' lang='lat' dir='ltr'><strong>est</strong></span> <span class='ocrx_word' id='word_1_445' title='bbox 3634 2401 3686 2471; x_wconf 75' lang='grc'>(1</span> <span class='ocrx_word' id='word_1_446' title='bbox 3691 2418 3809 2457; x_wconf 84' lang='grc' dir='ltr'><strong>οαη.</strong></span> <span class='ocrx_word' id='word_1_447' title='bbox 3845 2416 3956 2466; x_wconf 72' lang='lat' dir='ltr'><strong>xxv,</strong></span> 
     </span>
    </p>
   </div>
   <div class='ocr_carea' id='block_1_53' title="bbox 2377 2484 3956 2563">
    <p class='ocr_par' dir='ltr' id='par_1_53' title="bbox 2377 2484 3956 2563">
     <span class='ocr_line' id='line_1_53' title="bbox 2377 2484 3956 2563; baseline 0.003 -21"><span class='ocrx_word' id='word_1_448' title='bbox 2377 2489 2411 2542; x_wconf 83' lang='lat'>9</span> <span class='ocrx_word' id='word_1_449' title='bbox 2431 2498 2481 2543; x_wconf 90' lang='lat' dir='ltr'><strong>et</strong></span> <span class='ocrx_word' id='word_1_450' title='bbox 2508 2484 2691 2560; x_wconf 87' lang='lat' dir='ltr'><strong>l0).-—</strong></span> <span class='ocrx_word' id='word_1_451' title='bbox 2708 2488 2968 2561; x_wconf 90' lang='lat' dir='ltr'><strong>Serapion</strong></span> <span class='ocrx_word' id='word_1_452' title='bbox 2998 2489 3131 2545; x_wconf 75' lang='lat' dir='ltr'><strong>dixit</strong></span> <span class='ocrx_word' id='word_1_453' title='bbox 3154 2508 3167 2542; x_wconf 91' lang='lat'><strong>:</strong></span> <span class='ocrx_word' id='word_1_454' title='bbox 3192 2488 3334 2560; x_wconf 79' lang='lat' dir='ltr'><strong>Ergo</strong></span> <span class='ocrx_word' id='word_1_455' title='bbox 3354 2491 3520 2547; x_wconf 58' lang='lat' dir='ltr'><strong>Judaei</strong></span> <span class='ocrx_word' id='word_1_456' title='bbox 3546 2492 3639 2563; x_wconf 88' lang='lat' dir='ltr'><strong>qui</strong></span> <span class='ocrx_word' id='word_1_457' title='bbox 3661 2506 3783 2547; x_wconf 90' lang='lat' dir='ltr'><strong>eum</strong></span> <span class='ocrx_word' id='word_1_458' title='bbox 3807 2491 3956 2548; x_wconf 88' lang='lat' dir='ltr'><strong>vide-</strong></span> 
     </span>
    </p>
   </div>
   <div class='ocr_carea' id='block_1_54' title="bbox 2377 2577 3957 2653">
    <p class='ocr_par' dir='ltr' id='par_1_54' title="bbox 2377 2577 3957 2653">
     <span class='ocr_line' id='line_1_54' title="bbox 2377 2577 3957 2653; baseline -0.001 -20"><span class='ocrx_word' id='word_1_459' title='bbox 2377 2588 2532 2645; x_wconf 90' lang='lat' dir='ltr'><strong>runt,</strong></span> <span class='ocrx_word' id='word_1_460' title='bbox 2563 2578 2810 2633; x_wconf 87' lang='lat' dir='ltr'><strong>viderunt</strong></span> <span class='ocrx_word' id='word_1_461' title='bbox 2860 2587 2915 2634; x_wconf 90' lang='lat' dir='ltr'><strong>et</strong></span> <span class='ocrx_word' id='word_1_462' title='bbox 2962 2577 3196 2635; x_wconf 85' lang='lat' dir='ltr'><strong>Patrem.</strong></span> <span class='ocrx_word' id='word_1_463' title='bbox 3221 2612 3292 2621; x_wconf 90' lang='lat'><strong>——</strong></span> <span class='ocrx_word' id='word_1_464' title='bbox 3315 2580 3584 2637; x_wconf 82' lang='lat' dir='ltr'><strong>Arnobius</strong></span> <span class='ocrx_word' id='word_1_465' title='bbox 3634 2581 3957 2653; x_wconf 82' lang='lat' dir='ltr'><strong>respondit:</strong></span> 
     </span>
    </p>
   </div>
   <div class='ocr_carea' id='block_1_55' title="bbox 2379 2664 3962 2744">
    <p class='ocr_par' dir='ltr' id='par_1_55' title="bbox 2379 2664 3962 2744">
     <span class='ocr_line' id='line_1_55' title="bbox 2379 2664 3962 2744; baseline 0.001 -19"><span class='ocrx_word' id='word_1_466' title='bbox 2379 2664 2545 2726; x_wconf 57' lang='lat' dir='ltr'><strong>Judaei</strong></span> <span class='ocrx_word' id='word_1_467' title='bbox 2563 2686 2687 2727; x_wconf 90' lang='lat' dir='ltr'><strong>eum</strong></span> <span class='ocrx_word' id='word_1_468' title='bbox 2707 2671 2785 2726; x_wconf 89' lang='lat' dir='ltr'><strong>sic</strong></span> <span class='ocrx_word' id='word_1_469' title='bbox 2803 2671 3067 2737; x_wconf 86' lang='lat' dir='ltr'><strong>viderunt,</strong></span> <span class='ocrx_word' id='word_1_470' title='bbox 3089 2672 3168 2728; x_wconf 84' lang='lat' dir='ltr'><strong>sic</strong></span> <span class='ocrx_word' id='word_1_471' title='bbox 3184 2670 3414 2744; x_wconf 88' lang='lat' dir='ltr'><strong>Spiritus</strong></span> <span class='ocrx_word' id='word_1_472' title='bbox 3436 2679 3655 2729; x_wconf 83' lang='lat' dir='ltr'><strong>sanctus</strong></span> <span class='ocrx_word' id='word_1_473' title='bbox 3674 2671 3740 2729; x_wconf 88' lang='lat' dir='ltr'><strong>ad</strong></span> <span class='ocrx_word' id='word_1_474' title='bbox 3762 2673 3962 2727; x_wconf 83' lang='lat' dir='ltr'><strong>lsaiam</strong></span> 
     </span>
    </p>
   </div>
   <div class='ocr_carea' id='block_1_56' title="bbox 2381 2750 3966 2839">
    <p class='ocr_par' dir='ltr' id='par_1_56' title="bbox 2381 2750 3966 2839">
     <span class='ocr_line' id='line_1_56' title="bbox 2381 2750 3966 2839; baseline 0.001 -23"><span class='ocrx_word' id='word_1_475' title='bbox 2381 2756 2546 2816; x_wconf 86' lang='lat' dir='ltr'><strong>dicit:</strong></span> <span class='ocrx_word' id='word_1_476' title='bbox 2580 2750 2745 2827; x_wconf 75' lang='lat' dir='ltr'><strong>Vade,</strong></span> <span class='ocrx_word' id='word_1_477' title='bbox 2776 2761 2859 2814; x_wconf 85' lang='lat' dir='ltr'><strong>dic</strong></span> <span class='ocrx_word' id='word_1_478' title='bbox 2885 2762 3074 2839; x_wconf 76' lang='lat' dir='ltr'><strong>populo</strong></span> <span class='ocrx_word' id='word_1_479' title='bbox 3105 2763 3250 2828; x_wconf 82' lang='lat' dir='ltr'><strong>huic,</strong></span> <span class='ocrx_word' id='word_1_480' title='bbox 3288 2761 3528 2819; x_wconf 70' lang='lat' dir='ltr'><strong>Videntes</strong></span> <span class='ocrx_word' id='word_1_481' title='bbox 3556 2779 3657 2817; x_wconf 85' lang='lat' dir='ltr'><strong>non</strong></span> <span class='ocrx_word' id='word_1_482' title='bbox 3696 2762 3966 2827; x_wconf 81' lang='lat' dir='ltr'><strong>videbitis,</strong></span> 
     </span>
    </p>
   </div>
   <div class='ocr_carea' id='block_1_57' title="bbox 2380 2853 3966 2929">
    <p class='ocr_par' dir='ltr' id='par_1_57' title="bbox 2380 2853 3966 2929">
     <span class='ocr_line' id='line_1_57' title="bbox 2380 2853 3966 2929; baseline 0.003 -21"><span class='ocrx_word' id='word_1_483' title='bbox 2380 2861 2431 2908; x_wconf 89' lang='lat' dir='ltr'><strong>et</strong></span> <span class='ocrx_word' id='word_1_484' title='bbox 2467 2854 2731 2911; x_wconf 73' lang='lat' dir='ltr'><strong>audientes</strong></span> <span class='ocrx_word' id='word_1_485' title='bbox 2780 2870 2884 2909; x_wconf 86' lang='lat' dir='ltr'><strong>non</strong></span> <span class='ocrx_word' id='word_1_486' title='bbox 2915 2854 3211 2929; x_wconf 72' lang='lat' dir='ltr'><strong>intelligetis</strong></span> <span class='ocrx_word' id='word_1_487' title='bbox 3260 2853 3413 2927; x_wconf 82' lang='lat' dir='ltr'><strong>(Isai.</strong></span> <span class='ocrx_word' id='word_1_488' title='bbox 3449 2871 3501 2921; x_wconf 86' lang='lat' dir='ltr'><strong>v,</strong></span> <span class='ocrx_word' id='word_1_489' title='bbox 3524 2853 3589 2919; x_wconf 83' lang='lat'><strong>9;</strong></span> <span class='ocrx_word' id='word_1_490' title='bbox 3621 2854 3734 2911; x_wconf 83' lang='lat' dir='ltr'><strong>Act.</strong></span> <span class='ocrx_word' id='word_1_491' title='bbox 3765 2868 3966 2921; x_wconf 74' lang='lat' dir='ltr'><strong>uvm,</strong></span> 
     </span>
    </p>
   </div>
   <div class='ocr_carea' id='block_1_58' title="bbox 2385 2938 3964 3022">
    <p class='ocr_par' dir='ltr' id='par_1_58' title="bbox 2385 2938 3964 3022">
     <span class='ocr_line' id='line_1_58' title="bbox 2385 2938 3964 3022; baseline 0.002 -27"><span class='ocrx_word' id='word_1_492' title='bbox 2385 2940 2504 3015; x_wconf 85' lang='grc'>16).</span> <span class='ocrx_word' id='word_1_493' title='bbox 2553 2941 2705 3001; x_wconf 86' lang='lat' dir='ltr'><strong>Unde</strong></span> <span class='ocrx_word' id='word_1_494' title='bbox 2732 2952 2788 2998; x_wconf 91' lang='lat' dir='ltr'><strong>et</strong></span> <span class='ocrx_word' id='word_1_495' title='bbox 2817 2944 2928 3014; x_wconf 90' lang='lat' dir='ltr'><strong>ipse</strong></span> <span class='ocrx_word' id='word_1_496' title='bbox 2952 2938 3212 3001; x_wconf 83' lang='lat' dir='ltr'><strong>Dominus</strong></span> <span class='ocrx_word' id='word_1_497' title='bbox 3238 2944 3305 2999; x_wconf 82' lang='lat' dir='ltr'><strong>ad</strong></span> <span class='ocrx_word' id='word_1_498' title='bbox 3333 2959 3427 3000; x_wconf 89' lang='lat' dir='ltr'><strong>eos</strong></span> <span class='ocrx_word' id='word_1_499' title='bbox 3454 2943 3581 2999; x_wconf 87' lang='lat' dir='ltr'><strong>dicit</strong></span> <span class='ocrx_word' id='word_1_500' title='bbox 3619 2962 3631 2996; x_wconf 88' lang='lat'><strong>:</strong></span> <span class='ocrx_word' id='word_1_501' title='bbox 3666 2941 3855 3015; x_wconf 82' lang='lat' dir='ltr'><strong>Neque</strong></span> <span class='ocrx_word' id='word_1_502' title='bbox 3881 2961 3964 3022; x_wconf 74' lang='lat' dir='ltr'><strong>me</strong></span> 
     </span>
    </p>
   </div>
   <div class='ocr_carea' id='block_1_59' title="bbox 2382 3030 3964 3104">
    <p class='ocr_par' dir='ltr' id='par_1_59' title="bbox 2382 3030 3964 3104">
     <span class='ocr_line' id='line_1_59' title="bbox 2382 3030 3964 3104; baseline 0.001 -19"><span class='ocrx_word' id='word_1_503' title='bbox 2382 3035 2575 3098; x_wconf 86' lang='lat' dir='ltr'><strong>nostis,</strong></span> <span class='ocrx_word' id='word_1_504' title='bbox 2632 3049 2792 3103; x_wconf 82' lang='lat' dir='ltr'><strong>neque</strong></span> <span class='ocrx_word' id='word_1_505' title='bbox 2830 3032 3044 3088; x_wconf 77' lang='lat' dir='ltr'><strong>Patrem</strong></span> <span class='ocrx_word' id='word_1_506' title='bbox 3081 3049 3250 3093; x_wconf 74' lang='lat' dir='ltr'><strong>meum</strong></span> <span class='ocrx_word' id='word_1_507' title='bbox 3279 3032 3469 3104; x_wconf 75' lang='lat' dir='ltr'><strong>(Joan.</strong></span> <span class='ocrx_word' id='word_1_508' title='bbox 3505 3049 3624 3097; x_wconf 73' lang='lat' dir='ltr'><strong>vzn,</strong></span> <span class='ocrx_word' id='word_1_509' title='bbox 3664 3031 3784 3101; x_wconf 82' lang='lat' dir='ltr'><strong>l9).</strong></span> <span class='ocrx_word' id='word_1_510' title='bbox 3839 3030 3964 3089; x_wconf 88' lang='lat' dir='ltr'><strong>Suis</strong></span> 
     </span>
    </p>
   </div>
   <div class='ocr_carea' id='block_1_60' title="bbox 707 3113 4001 3196">
    <p class='ocr_par' dir='ltr' id='par_1_60' title="bbox 707 3113 4001 3196">
     <span class='ocr_line' id='line_1_60' title="bbox 707 3113 4001 3196; baseline 0.001 -22"><span class='ocrx_word' id='word_1_511' title='bbox 707 3125 909 3195; x_wconf 78' lang='lat' dir='ltr'><strong>signum</strong></span> <span class='ocrx_word' id='word_1_512' title='bbox 937 3124 1032 3186; x_wconf 83' lang='lat' dir='ltr'><strong>sit,</strong></span> <span class='ocrx_word' id='word_1_513' title='bbox 1062 3122 1302 3192; x_wconf 82' lang='lat' dir='ltr'><strong>quoniam</strong></span> <span class='ocrx_word' id='word_1_514' title='bbox 1330 3132 1423 3189; x_wconf 84' lang='lat' dir='ltr'><strong>ego</strong></span> <span class='ocrx_word' id='word_1_515' title='bbox 1451 3126 1499 3172; x_wconf 90' lang='lat' dir='ltr'><strong>te</strong></span> <span class='ocrx_word' id='word_1_516' title='bbox 1527 3119 1727 3171; x_wconf 74' lang='lat' dir='ltr'><strong>mittam</strong></span> <span class='ocrx_word' id='word_1_517' title='bbox 1753 3122 1809 3169; x_wconf 66' lang='lat' dir='ltr'><strong>ut</strong></span> <span class='ocrx_word' id='word_1_518' title='bbox 1837 3116 2014 3187; x_wconf 73' lang='lat' dir='ltr'><strong>ejicias</strong></span> <span class='ocrx_word' id='word_1_519' title='bbox 2038 3113 2281 3184; x_wconf 63' lang='lat' dir='ltr'><strong>populum</strong></span> <span class='ocrx_word' id='word_1_520' title='bbox 2385 3131 2562 3177; x_wconf 88' lang='lat' dir='ltr'><strong>autem</strong></span> <span class='ocrx_word' id='word_1_521' title='bbox 2590 3121 2862 3192; x_wconf 88' lang='lat' dir='ltr'><strong>discipulis</strong></span> <span class='ocrx_word' id='word_1_522' title='bbox 2888 3140 2899 3175; x_wconf 91' lang='lat'><strong>:</strong></span> <span class='ocrx_word' id='word_1_523' title='bbox 2931 3122 3076 3195; x_wconf 74' lang='lat' dir='ltr'><strong>Beati</strong></span> <span class='ocrx_word' id='word_1_524' title='bbox 3100 3123 3235 3179; x_wconf 84' lang='lat' dir='ltr'><strong>oculi</strong></span> <span class='ocrx_word' id='word_1_525' title='bbox 3262 3124 3347 3196; x_wconf 85' lang='lat' dir='ltr'><strong>qui</strong></span> <span class='ocrx_word' id='word_1_526' title='bbox 3376 3124 3547 3179; x_wconf 82' lang='lat' dir='ltr'><strong>vident</strong></span> <span class='ocrx_word' id='word_1_527' title='bbox 3574 3140 3687 3196; x_wconf 73' lang='lat' dir='ltr'><strong>qua:</strong></span> <span class='ocrx_word' id='word_1_528' title='bbox 3705 3140 3792 3179; x_wconf 79' lang='lat' dir='ltr'><strong>vos</strong></span> <span class='ocrx_word' id='word_1_529' title='bbox 3824 3124 3962 3179; x_wconf 86' lang='lat' dir='ltr'><strong>vide-</strong></span> <span class='ocrx_word' id='word_1_530' title='bbox 3995 3122 4001 3127; x_wconf 72' lang='grc'><strong><em>’</em></strong></span> 
     </span>
    </p>
   </div>
   <div class='ocr_carea' id='block_1_61' title="bbox 706 3203 3961 3286">
    <p class='ocr_par' dir='ltr' id='par_1_61' title="bbox 706 3203 3961 3286">
     <span class='ocr_line' id='line_1_61' title="bbox 706 3203 3961 3286; baseline -0.002 -20"><span class='ocrx_word' id='word_1_531' title='bbox 706 3228 872 3269; x_wconf 76' lang='lat' dir='ltr'><strong>mann</strong></span> <span class='ocrx_word' id='word_1_532' title='bbox 891 3227 955 3265; x_wconf 77' lang='lat' dir='ltr'><strong>ex</strong></span> <span class='ocrx_word' id='word_1_533' title='bbox 975 3204 1226 3283; x_wconf 78' lang='lat' dir='ltr'><strong>gypto,</strong></span> <span class='ocrx_word' id='word_1_534' title='bbox 1249 3216 1298 3262; x_wconf 87' lang='lat' dir='ltr'><strong>et</strong></span> <span class='ocrx_word' id='word_1_535' title='bbox 1318 3209 1542 3262; x_wconf 81' lang='lat' dir='ltr'><strong>servietis</strong></span> <span class='ocrx_word' id='word_1_536' title='bbox 1562 3208 1685 3260; x_wconf 84' lang='lat' dir='ltr'><strong>mihi</strong></span> <span class='ocrx_word' id='word_1_537' title='bbox 1706 3209 1759 3260; x_wconf 83' lang='lat' dir='ltr'><strong>in</strong></span> <span class='ocrx_word' id='word_1_538' title='bbox 1780 3212 1951 3260; x_wconf 82' lang='lat' dir='ltr'><strong>monte</strong></span> <span class='ocrx_word' id='word_1_539' title='bbox 1970 3204 2063 3259; x_wconf 81' lang='lat' dir='ltr'><strong>hoc</strong></span> <span class='ocrx_word' id='word_1_540' title='bbox 2081 3203 2276 3276; x_wconf 81' lang='lat' dir='ltr'><strong>(Exod.</strong></span> <span class='ocrx_word' id='word_1_541' title='bbox 2307 3208 2352 3277; x_wconf 67' lang='grc' dir='ltr'><strong>Β</strong></span> <span class='ocrx_word' id='word_1_542' title='bbox 2382 3214 2468 3275; x_wconf 86' lang='lat' dir='ltr'><strong>tis,</strong></span> <span class='ocrx_word' id='word_1_543' title='bbox 2499 3221 2550 3266; x_wconf 88' lang='lat' dir='ltr'><strong>et</strong></span> <span class='ocrx_word' id='word_1_544' title='bbox 2576 3213 2790 3267; x_wconf 84' lang='lat' dir='ltr'><strong>audiunt</strong></span> <span class='ocrx_word' id='word_1_545' title='bbox 2817 3230 2931 3279; x_wconf 72' lang='lat' dir='ltr'><strong>qua:</strong></span> <span class='ocrx_word' id='word_1_546' title='bbox 2950 3230 3041 3270; x_wconf 80' lang='lat' dir='ltr'><strong>vos</strong></span> <span class='ocrx_word' id='word_1_547' title='bbox 3067 3214 3257 3269; x_wconf 84' lang='lat' dir='ltr'><strong>auditis</strong></span> <span class='ocrx_word' id='word_1_548' title='bbox 3286 3213 3497 3286; x_wconf 81' lang='lat' dir='ltr'><strong>(Matth.</strong></span> <span class='ocrx_word' id='word_1_549' title='bbox 3527 3230 3644 3281; x_wconf 69' lang='lat' dir='ltr'><strong>ann,</strong></span> <span class='ocrx_word' id='word_1_550' title='bbox 3673 3214 3780 3282; x_wconf 87' lang='lat' dir='ltr'><strong>l6).</strong></span> <span class='ocrx_word' id='word_1_551' title='bbox 3815 3213 3961 3280; x_wconf 67' lang='lat' dir='ltr'><strong>Qua.</strong></span> 
     </span>
    </p>
   </div>
   <div class='ocr_carea' id='block_1_62' title="bbox 614 3294 3960 3374">
    <p class='ocr_par' dir='ltr' id='par_1_62' title="bbox 614 3294 3960 3374">
     <span class='ocr_line' id='line_1_62' title="bbox 614 3294 3960 3374; baseline 0 -16"><span class='ocrx_word' id='word_1_552' title='bbox 614 3312 621 3317; x_wconf 86' lang='lat'><strong>&#39;</strong></span> <span class='ocrx_word' id='word_1_553' title='bbox 706 3320 792 3367; x_wconf 88' lang='lat' dir='ltr'><strong>m,</strong></span> <span class='ocrx_word' id='word_1_554' title='bbox 821 3303 1006 3374; x_wconf 90' lang='grc'>11).-</span> <span class='ocrx_word' id='word_1_555' title='bbox 1025 3301 1285 3371; x_wconf 83' lang='lat' dir='ltr'><strong>Serapion</strong></span> <span class='ocrx_word' id='word_1_556' title='bbox 1313 3299 1446 3353; x_wconf 79' lang='lat' dir='ltr'><strong>dixit</strong></span> <span class='ocrx_word' id='word_1_557' title='bbox 1472 3317 1483 3351; x_wconf 94' lang='lat'><strong>:</strong></span> <span class='ocrx_word' id='word_1_558' title='bbox 1506 3294 1583 3354; x_wconf 85' lang='lat' dir='ltr'><strong>De</strong></span> <span class='ocrx_word' id='word_1_559' title='bbox 1604 3306 1786 3352; x_wconf 90' lang='lat' dir='ltr'><strong>monte</strong></span> <span class='ocrx_word' id='word_1_560' title='bbox 1804 3294 1931 3353; x_wconf 86' lang='lat' dir='ltr'><strong>Sina</strong></span> <span class='ocrx_word' id='word_1_561' title='bbox 1955 3298 2060 3353; x_wconf 87' lang='lat' dir='ltr'><strong>hoc</strong></span> <span class='ocrx_word' id='word_1_562' title='bbox 2080 3296 2277 3352; x_wconf 87' lang='lat' dir='ltr'><strong>dictum</strong></span> <span class='ocrx_word' id='word_1_563' title='bbox 2382 3310 2618 3373; x_wconf 86' lang='lat' dir='ltr'><strong>propter,</strong></span> <span class='ocrx_word' id='word_1_564' title='bbox 2650 3302 2695 3356; x_wconf 90' lang='lat' dir='ltr'><strong>si</strong></span> <span class='ocrx_word' id='word_1_565' title='bbox 2734 3302 2943 3358; x_wconf 89' lang='lat' dir='ltr'><strong>videtur</strong></span> <span class='ocrx_word' id='word_1_566' title='bbox 2961 3302 3027 3358; x_wconf 90' lang='lat' dir='ltr'><strong>de</strong></span> <span class='ocrx_word' id='word_1_567' title='bbox 3049 3311 3233 3359; x_wconf 89' lang='lat' dir='ltr'><strong>monte</strong></span> <span class='ocrx_word' id='word_1_568' title='bbox 3256 3304 3439 3363; x_wconf 85' lang='lat' dir='ltr'><strong>datum</strong></span> <span class='ocrx_word' id='word_1_569' title='bbox 3465 3319 3583 3365; x_wconf 86' lang='lat' dir='ltr'><strong>esse</strong></span> <span class='ocrx_word' id='word_1_570' title='bbox 3622 3320 3960 3374; x_wconf 75' lang='lat' dir='ltr'><strong>reSponsmn,</strong></span> 
     </span>
    </p>
   </div>
   <div class='ocr_carea' id='block_1_63' title="bbox 707 3384 2280 3460">
    <p class='ocr_par' dir='ltr' id='par_1_63' title="bbox 707 3384 2280 3460">
     <span class='ocr_line' id='line_1_63' title="bbox 707 3384 2280 3460; baseline -0.007 -9"><span class='ocrx_word' id='word_1_571' title='bbox 707 3403 808 3451; x_wconf 90' lang='lat' dir='ltr'><strong>est.</strong></span> <span class='ocrx_word' id='word_1_572' title='bbox 834 3392 904 3437; x_wconf 64' lang='lat'><strong>&#39;—</strong></span> <span class='ocrx_word' id='word_1_573' title='bbox 933 3390 1199 3447; x_wconf 79' lang='lat' dir='ltr'><strong>Arnobius</strong></span> <span class='ocrx_word' id='word_1_574' title='bbox 1226 3390 1359 3444; x_wconf 76' lang='lat' dir='ltr'><strong>dixit</strong></span> <span class='ocrx_word' id='word_1_575' title='bbox 1385 3408 1396 3442; x_wconf 90' lang='lat'><strong>:</strong></span> <span class='ocrx_word' id='word_1_576' title='bbox 1428 3384 1485 3443; x_wconf 87' lang='lat' dir='ltr'><strong>Si</strong></span> <span class='ocrx_word' id='word_1_577' title='bbox 1512 3389 1789 3445; x_wconf 81' lang='lat' dir='ltr'><strong>historiam</strong></span> <span class='ocrx_word' id='word_1_578' title='bbox 1837 3404 2046 3460; x_wconf 68' lang='lat' dir='ltr'><strong>qureras</strong></span> <span class='ocrx_word' id='word_1_579' title='bbox 2088 3388 2280 3456; x_wconf 89' lang='lat' dir='ltr'><strong>solam,</strong></span> 
     </span>
    </p>
   </div>
   <div class='ocr_carea' id='block_1_64' title="bbox 707 3476 2282 3555">
    <p class='ocr_par' dir='ltr' id='par_1_64' title="bbox 707 3476 2282 3555">
     <span class='ocr_line' id='line_1_64' title="bbox 707 3476 2282 3555; baseline -0.006 -15"><span class='ocrx_word' id='word_1_580' title='bbox 707 3485 1042 3555; x_wconf 73' lang='lat' dir='ltr'><strong>Synagogam</strong></span> <span class='ocrx_word' id='word_1_581' title='bbox 1091 3479 1397 3548; x_wconf 79' lang='lat' dir='ltr'><strong>ingredere;</strong></span> <span class='ocrx_word' id='word_1_582' title='bbox 1451 3490 1549 3535; x_wconf 90' lang='lat' dir='ltr'><strong>nos</strong></span> <span class='ocrx_word' id='word_1_583' title='bbox 1605 3487 1782 3533; x_wconf 90' lang='lat' dir='ltr'><strong>autem</strong></span> <span class='ocrx_word' id='word_1_584' title='bbox 1834 3478 2112 3533; x_wconf 86' lang='lat' dir='ltr'><strong>historiam</strong></span> <span class='ocrx_word' id='word_1_585' title='bbox 2162 3476 2282 3531; x_wconf 90' lang='lat' dir='ltr'><strong>ideo</strong></span> 
     </span>
    </p>
   </div>
   <div class='ocr_carea' id='block_1_65' title="bbox 708 3568 2285 3643">
    <p class='ocr_par' dir='ltr' id='par_1_65' title="bbox 708 3568 2285 3643">
     <span class='ocr_line' id='line_1_65' title="bbox 708 3568 2285 3643; baseline -0.004 -14"><span class='ocrx_word' id='word_1_586' title='bbox 708 3573 1029 3643; x_wconf 79' lang='lat' dir='ltr'><strong>accipimus,</strong></span> <span class='ocrx_word' id='word_1_587' title='bbox 1058 3579 1118 3624; x_wconf 86' lang='lat' dir='ltr'><strong>ut</strong></span> <span class='ocrx_word' id='word_1_588' title='bbox 1160 3584 1277 3640; x_wconf 70' lang='lat' dir='ltr'><strong>qua:</strong></span> <span class='ocrx_word' id='word_1_589' title='bbox 1322 3577 1449 3623; x_wconf 91' lang='lat' dir='ltr'><strong>sunt</strong></span> <span class='ocrx_word' id='word_1_590' title='bbox 1484 3570 1627 3629; x_wconf 81' lang='lat' dir='ltr'><strong>intra</strong></span> <span class='ocrx_word' id='word_1_591' title='bbox 1666 3568 1947 3625; x_wconf 81' lang='lat' dir='ltr'><strong>histeriam</strong></span> <span class='ocrx_word' id='word_1_592' title='bbox 1975 3568 2285 3640; x_wconf 87' lang='lat' dir='ltr'><strong>spiritaliter</strong></span> 
     </span>
    </p>
   </div>
   <div class='ocr_carea' id='block_1_66' title="bbox 704 3656 2286 3734">
    <p class='ocr_par' dir='ltr' id='par_1_66' title="bbox 704 3656 2286 3734">
     <span class='ocr_line' id='line_1_66' title="bbox 704 3656 2286 3734; baseline -0.003 -16"><span class='ocrx_word' id='word_1_593' title='bbox 704 3658 1056 3734; x_wconf 83' lang='lat' dir='ltr'><strong>explicemus,</strong></span> <span class='ocrx_word' id='word_1_594' title='bbox 1088 3662 1372 3729; x_wconf 76' lang='lat' dir='ltr'><strong>sequentes</strong></span> <span class='ocrx_word' id='word_1_595' title='bbox 1393 3661 1695 3731; x_wconf 90' lang='lat' dir='ltr'><strong>apostolum</strong></span> <span class='ocrx_word' id='word_1_596' title='bbox 1725 3656 1947 3716; x_wconf 88' lang='lat' dir='ltr'><strong>Paulum</strong></span> <span class='ocrx_word' id='word_1_597' title='bbox 1974 3661 2286 3731; x_wconf 77' lang='lat' dir='ltr'><strong>magistrum</strong></span> 
     </span>
    </p>
   </div>
   <div class='ocr_carea' id='block_1_67' title="bbox 710 3748 2285 3822">
    <p class='ocr_par' dir='ltr' id='par_1_67' title="bbox 710 3748 2285 3822">
     <span class='ocr_line' id='line_1_67' title="bbox 710 3748 2285 3822; baseline -0.004 -13"><span class='ocrx_word' id='word_1_598' title='bbox 710 3750 963 3809; x_wconf 71' lang='lat' dir='ltr'><strong>Ecdesize</strong></span> <span class='ocrx_word' id='word_1_599' title='bbox 986 3753 1223 3821; x_wconf 76' lang='lat' dir='ltr'><strong>gentium</strong></span> <span class='ocrx_word' id='word_1_600' title='bbox 1246 3764 1275 3805; x_wconf 87' lang='lat' dir='ltr'><strong>a</strong></span> <span class='ocrx_word' id='word_1_601' title='bbox 1302 3750 1529 3807; x_wconf 90' lang='lat' dir='ltr'><strong>Domino</strong></span> <span class='ocrx_word' id='word_1_602' title='bbox 1556 3750 1888 3817; x_wconf 84' lang='lat' dir='ltr'><strong>attributum,</strong></span> <span class='ocrx_word' id='word_1_603' title='bbox 1918 3751 2009 3820; x_wconf 90' lang='lat' dir='ltr'><strong>qui</strong></span> <span class='ocrx_word' id='word_1_604' title='bbox 2040 3750 2128 3822; x_wconf 87' lang='lat' dir='ltr'><strong>(ut</strong></span> <span class='ocrx_word' id='word_1_605' title='bbox 2146 3748 2285 3821; x_wconf 80' lang='lat' dir='ltr'><strong>dixi)</strong></span> 
     </span>
    </p>
   </div>
   <div class='ocr_carea' id='block_1_68' title="bbox 702 3838 2288 3915">
    <p class='ocr_par' dir='ltr' id='par_1_68' title="bbox 702 3838 2288 3915">
     <span class='ocr_line' id='line_1_68' title="bbox 702 3838 2288 3915; baseline -0.003 -16"><span class='ocrx_word' id='word_1_606' title='bbox 702 3850 779 3899; x_wconf 74' lang='lat' dir='ltr'><strong>eo</strong></span> <span class='ocrx_word' id='word_1_607' title='bbox 796 3856 968 3915; x_wconf 70' lang='lat' dir='ltr'><strong>usque</strong></span> <span class='ocrx_word' id='word_1_608' title='bbox 987 3850 1176 3900; x_wconf 82' lang='lat' dir='ltr'><strong>sensus</strong></span> <span class='ocrx_word' id='word_1_609' title='bbox 1198 3852 1418 3899; x_wconf 83' lang='lat' dir='ltr'><strong>nostros</strong></span> <span class='ocrx_word' id='word_1_610' title='bbox 1440 3844 1751 3915; x_wconf 86' lang='lat' dir='ltr'><strong>provocavit</strong></span> <span class='ocrx_word' id='word_1_611' title='bbox 1772 3850 1825 3897; x_wconf 90' lang='lat' dir='ltr'><strong>et</strong></span> <span class='ocrx_word' id='word_1_612' title='bbox 1852 3838 2033 3906; x_wconf 85' lang='lat' dir='ltr'><strong>corda,</strong></span> <span class='ocrx_word' id='word_1_613' title='bbox 2059 3848 2117 3897; x_wconf 93' lang='lat' dir='ltr'><strong>ut</strong></span> <span class='ocrx_word' id='word_1_614' title='bbox 2135 3850 2288 3912; x_wconf 90' lang='lat' dir='ltr'><strong>petra</strong></span> 
     </span>
    </p>
   </div>
   <div class='ocr_carea' id='block_1_69' title="bbox 714 3930 2287 4005">
    <p class='ocr_par' dir='ltr' id='par_1_69' title="bbox 714 3930 2287 4005">
     <span class='ocr_line' id='line_1_69' title="bbox 714 3930 2287 4005; baseline -0.005 -15"><span class='ocrx_word' id='word_1_615' title='bbox 714 3944 833 4005; x_wconf 65' lang='lat' dir='ltr'><strong>qua:</strong></span> <span class='ocrx_word' id='word_1_616' title='bbox 856 3948 958 4005; x_wconf 88' lang='lat' dir='ltr'><strong>pro</strong></span> <span class='ocrx_word' id='word_1_617' title='bbox 986 3936 1134 3990; x_wconf 86' lang='lat' dir='ltr'><strong>certo</strong></span> <span class='ocrx_word' id='word_1_618' title='bbox 1164 3941 1313 4003; x_wconf 86' lang='lat' dir='ltr'><strong>petra</strong></span> <span class='ocrx_word' id='word_1_619' title='bbox 1352 3942 1464 3995; x_wconf 91' lang='lat' dir='ltr'><strong>est,</strong></span> <span class='ocrx_word' id='word_1_620' title='bbox 1514 3931 1653 3986; x_wconf 84' lang='lat' dir='ltr'><strong>unde</strong></span> <span class='ocrx_word' id='word_1_621' title='bbox 1699 3944 1835 3999; x_wconf 89' lang='lat' dir='ltr'><strong>aqua</strong></span> <span class='ocrx_word' id='word_1_622' title='bbox 1881 3930 2143 4000; x_wconf 85' lang='lat' dir='ltr'><strong>producta</strong></span> <span class='ocrx_word' id='word_1_623' title='bbox 2187 3940 2287 3994; x_wconf 87' lang='lat' dir='ltr'><strong>est,</strong></span> 
     </span>
    </p>
   </div>
   <div class='ocr_carea' id='block_1_70' title="bbox 715 4019 2290 4085">
    <p class='ocr_par' dir='ltr' id='par_1_70' title="bbox 715 4019 2290 4085">
     <span class='ocr_line' id='line_1_70' title="bbox 715 4019 2290 4085; baseline -0.006 -4"><span class='ocrx_word' id='word_1_624' title='bbox 715 4022 1040 4080; x_wconf 57' lang='lat' dir='ltr'><strong>b“Christum</strong></span> <span class='ocrx_word' id='word_1_625' title='bbox 1078 4034 1199 4079; x_wconf 85' lang='lat' dir='ltr'><strong>esse</strong></span> <span class='ocrx_word' id='word_1_626' title='bbox 1241 4023 1515 4078; x_wconf 88' lang='lat' dir='ltr'><strong>evidenter</strong></span> <span class='ocrx_word' id='word_1_627' title='bbox 1549 4028 1831 4085; x_wconf 89' lang='lat' dir='ltr'><strong>assereret,</strong></span> <span class='ocrx_word' id='word_1_628' title='bbox 1874 4021 2057 4074; x_wconf 84' lang='lat' dir='ltr'><strong>dicens</strong></span> <span class='ocrx_word' id='word_1_629' title='bbox 2086 4039 2097 4071; x_wconf 86' lang='lat'><strong>:</strong></span> <span class='ocrx_word' id='word_1_630' title='bbox 2129 4019 2290 4073; x_wconf 87' lang='lat' dir='ltr'><strong>Petra</strong></span> 
     </span>
    </p>
   </div>
   <div class='ocr_carea' id='block_1_71' title="bbox 716 4104 2291 4181">
    <p class='ocr_par' dir='ltr' id='par_1_71' title="bbox 716 4104 2291 4181">
     <span class='ocr_line' id='line_1_71' title="bbox 716 4104 2291 4181; baseline -0.003 -13"><span class='ocrx_word' id='word_1_631' title='bbox 716 4124 887 4169; x_wconf 86' lang='lat' dir='ltr'><strong>autem</strong></span> <span class='ocrx_word' id='word_1_632' title='bbox 912 4122 1023 4167; x_wconf 84' lang='lat' dir='ltr'><strong>erat</strong></span> <span class='ocrx_word' id='word_1_633' title='bbox 1051 4112 1284 4166; x_wconf 83' lang='lat' dir='ltr'><strong>Christus</strong></span> <span class='ocrx_word' id='word_1_634' title='bbox 1327 4110 1378 4181; x_wconf 85' lang='grc' dir='ltr'><strong>(Ι</strong></span> <span class='ocrx_word' id='word_1_635' title='bbox 1403 4110 1522 4164; x_wconf 85' lang='lat' dir='ltr'><strong>Cor.</strong></span> <span class='ocrx_word' id='word_1_636' title='bbox 1546 4126 1608 4174; x_wconf 82' lang='lat' dir='ltr'><strong>x,</strong></span> <span class='ocrx_word' id='word_1_637' title='bbox 1634 4104 1718 4179; x_wconf 76' lang='lat'><strong>5).</strong></span> <span class='ocrx_word' id='word_1_638' title='bbox 1746 4109 1827 4162; x_wconf 80' lang='lat' dir='ltr'><strong>Ita</strong></span> <span class='ocrx_word' id='word_1_639' title='bbox 1858 4117 1913 4162; x_wconf 91' lang='lat' dir='ltr'><strong>et</strong></span> <span class='ocrx_word' id='word_1_640' title='bbox 1940 4115 2205 4175; x_wconf 89' lang='lat' dir='ltr'><strong>montem,</strong></span> <span class='ocrx_word' id='word_1_641' title='bbox 2237 4110 2291 4163; x_wconf 91' lang='lat' dir='ltr'><strong>in</strong></span> 
     </span>
    </p>
   </div>
   <div class='ocr_carea' id='block_1_72' title="bbox 712 4190 2293 4271">
    <p class='ocr_par' dir='ltr' id='par_1_72' title="bbox 712 4190 2293 4271">
     <span class='ocr_line' id='line_1_72' title="bbox 712 4190 2293 4271; baseline 0.001 -16"><span class='ocrx_word' id='word_1_642' title='bbox 712 4214 826 4270; x_wconf 79' lang='lat' dir='ltr'><strong>quo</strong></span> <span class='ocrx_word' id='word_1_643' title='bbox 847 4202 1093 4271; x_wconf 68' lang='lat' dir='ltr'><strong>apparuit</strong></span> <span class='ocrx_word' id='word_1_644' title='bbox 1116 4200 1337 4255; x_wconf 77' lang='lat' dir='ltr'><strong>claritas</strong></span> <span class='ocrx_word' id='word_1_645' title='bbox 1365 4190 1487 4264; x_wconf 91' lang='lat' dir='ltr'><strong>Dei,</strong></span> <span class='ocrx_word' id='word_1_646' title='bbox 1515 4201 1566 4253; x_wconf 92' lang='lat' dir='ltr'><strong>in</strong></span> <span class='ocrx_word' id='word_1_647' title='bbox 1599 4210 1705 4267; x_wconf 76' lang='lat' dir='ltr'><strong>Quo</strong></span> <span class='ocrx_word' id='word_1_648' title='bbox 1734 4199 1869 4268; x_wconf 84' lang='lat' dir='ltr'><strong>ignis</strong></span> <span class='ocrx_word' id='word_1_649' title='bbox 1896 4200 2214 4266; x_wconf 87' lang='lat' dir='ltr'><strong>illuminans,</strong></span> <span class='ocrx_word' id='word_1_650' title='bbox 2239 4210 2293 4256; x_wconf 88' lang='lat' dir='ltr'><strong>et</strong></span> 
     </span>
    </p>
   </div>
   <div class='ocr_carea' id='block_1_73' title="bbox 712 4290 2292 4362">
    <p class='ocr_par' dir='ltr' id='par_1_73' title="bbox 712 4290 2292 4362">
     <span class='ocr_line' id='line_1_73' title="bbox 712 4290 2292 4362; baseline 0.001 -16"><span class='ocrx_word' id='word_1_651' title='bbox 712 4302 828 4347; x_wconf 67' lang='lat' dir='ltr'><strong>non</strong></span> <span class='ocrx_word' id='word_1_652' title='bbox 857 4291 1204 4358; x_wconf 84' lang='lat' dir='ltr'><strong>comburens,</strong></span> <span class='ocrx_word' id='word_1_653' title='bbox 1253 4293 1307 4346; x_wconf 85' lang='lat' dir='ltr'><strong>in</strong></span> <span class='ocrx_word' id='word_1_654' title='bbox 1348 4307 1456 4362; x_wconf 88' lang='lat' dir='ltr'><strong>quo</strong></span> <span class='ocrx_word' id='word_1_655' title='bbox 1496 4290 1634 4346; x_wconf 89' lang='lat' dir='ltr'><strong>Deus</strong></span> <span class='ocrx_word' id='word_1_656' title='bbox 1661 4306 1781 4346; x_wconf 90' lang='lat' dir='ltr'><strong>cum</strong></span> <span class='ocrx_word' id='word_1_657' title='bbox 1824 4292 2040 4347; x_wconf 90' lang='lat' dir='ltr'><strong>homine</strong></span> <span class='ocrx_word' id='word_1_658' title='bbox 2067 4290 2197 4346; x_wconf 79' lang='lat' dir='ltr'><strong>facie</strong></span> <span class='ocrx_word' id='word_1_659' title='bbox 2225 4293 2292 4347; x_wconf 90' lang='lat' dir='ltr'><strong>ad</strong></span> 
     </span>
    </p>
   </div>
   <div class='ocr_carea' id='block_1_74' title="bbox 716 4376 2293 4453">
    <p class='ocr_par' dir='ltr' id='par_1_74' title="bbox 716 4376 2293 4453">
     <span class='ocr_line' id='line_1_74' title="bbox 716 4376 2293 4453; baseline 0.001 -14"><span class='ocrx_word' id='word_1_660' title='bbox 716 4380 910 4439; x_wconf 67' lang='lat' dir='ltr'><strong>hciem</strong></span> <span class='ocrx_word' id='word_1_661' title='bbox 948 4376 1401 4452; x_wconf 53' lang='lat' dir='ltr'><strong>lo&#39;quens‘(E:cod.</strong></span> <span class='ocrx_word' id='word_1_662' title='bbox 1435 4394 1631 4447; x_wconf 73' lang='lat' dir='ltr'><strong>XXXIII,</strong></span> <span class='ocrx_word' id='word_1_663' title='bbox 1668 4380 1776 4451; x_wconf 81' lang='grc'>11),</span> <span class='ocrx_word' id='word_1_664' title='bbox 1820 4381 1874 4435; x_wconf 91' lang='lat' dir='ltr'><strong>in</strong></span> <span class='ocrx_word' id='word_1_665' title='bbox 1912 4397 2018 4453; x_wconf 90' lang='lat' dir='ltr'><strong>quo</strong></span> <span class='ocrx_word' id='word_1_666' title='bbox 2046 4378 2293 4452; x_wconf 75' lang='lat' dir='ltr'><strong>Maiestas</strong></span> 
     </span>
    </p>
   </div>
   <div class='ocr_carea' id='block_1_75' title="bbox 718 4462 2294 4541">
    <p class='ocr_par' dir='ltr' id='par_1_75' title="bbox 718 4462 2294 4541">
     <span class='ocr_line' id='line_1_75' title="bbox 718 4462 2294 4541; baseline 0.002 -17"><span class='ocrx_word' id='word_1_667' title='bbox 718 4472 835 4539; x_wconf 73' lang='lat' dir='ltr'><strong>ipsa</strong></span> <span class='ocrx_word' id='word_1_668' title='bbox 864 4466 1151 4537; x_wconf 71' lang='lat' dir='ltr'><strong>digito-suo</strong></span> <span class='ocrx_word' id='word_1_669' title='bbox 1172 4471 1233 4523; x_wconf 83' lang='lat' dir='ltr'><strong>in</strong></span> <span class='ocrx_word' id='word_1_670' title='bbox 1275 4462 1483 4523; x_wconf 86' lang='lat' dir='ltr'><strong>duabus</strong></span> <span class='ocrx_word' id='word_1_671' title='bbox 1520 4463 1716 4525; x_wconf 82' lang='lat' dir='ltr'><strong>tabulis</strong></span> <span class='ocrx_word' id='word_1_672' title='bbox 1758 4468 1979 4541; x_wconf 83' lang='lat' dir='ltr'><strong>lapideis</strong></span> <span class='ocrx_word' id='word_1_673' title='bbox 2018 4482 2125 4526; x_wconf 77' lang='lat' dir='ltr'><strong>sua:</strong></span> <span class='ocrx_word' id='word_1_674' title='bbox 2162 4472 2294 4541; x_wconf 78' lang='lat' dir='ltr'><strong>legis</strong></span> 
     </span>
    </p>
   </div>
   <div class='ocr_carea' id='block_1_76' title="bbox 2384 3388 3829 3467">
    <p class='ocr_par' dir='ltr' id='par_1_76' title="bbox 2384 3388 3829 3467">
     <span class='ocr_line' id='line_1_76' title="bbox 2384 3388 3829 3467; baseline 0.001 -20"><span class='ocrx_word' id='word_1_675' title='bbox 2384 3408 2743 3450; x_wconf 90' lang='lat' dir='ltr'><strong>commemora</strong></span> <span class='ocrx_word' id='word_1_676' title='bbox 2766 3388 2891 3449; x_wconf 88' lang='lat' dir='ltr'><strong>loco</strong></span> <span class='ocrx_word' id='word_1_677' title='bbox 2921 3395 3078 3451; x_wconf 88' lang='lat' dir='ltr'><strong>tertio</strong></span> <span class='ocrx_word' id='word_1_678' title='bbox 3106 3410 3135 3448; x_wconf 92' lang='lat' dir='ltr'><strong>a</strong></span> <span class='ocrx_word' id='word_1_679' title='bbox 3163 3409 3248 3449; x_wconf 91' lang='lat' dir='ltr'><strong>me</strong></span> <span class='ocrx_word' id='word_1_680' title='bbox 3275 3394 3475 3449; x_wconf 90' lang='lat' dir='ltr'><strong>dictum</strong></span> <span class='ocrx_word' id='word_1_681' title='bbox 3504 3395 3829 3467; x_wconf 83' lang='lat' dir='ltr'><strong>exemplum.</strong></span> 
     </span>
    </p>
   </div>
   <div class='ocr_carea' id='block_1_77' title="bbox 2452 3472 3962 3561">
    <p class='ocr_par' dir='ltr' id='par_1_77' title="bbox 2452 3472 3962 3561">
     <span class='ocr_line' id='line_1_77' title="bbox 2452 3472 3962 3561; baseline 0.003 -25"><span class='ocrx_word' id='word_1_682' title='bbox 2452 3472 2614 3537; x_wconf 74' lang='lat' dir='ltr'><strong>XVII.</strong></span> <span class='ocrx_word' id='word_1_683' title='bbox 2639 3514 2712 3526; x_wconf 88' lang='lat'><strong>—-</strong></span> <span class='ocrx_word' id='word_1_684' title='bbox 2733 3478 2998 3556; x_wconf 87' lang='lat' dir='ltr'><strong>Serapion</strong></span> <span class='ocrx_word' id='word_1_685' title='bbox 3032 3482 3170 3539; x_wconf 78' lang='lat' dir='ltr'><strong>dixit</strong></span> <span class='ocrx_word' id='word_1_686' title='bbox 3194 3502 3208 3537; x_wconf 87' lang='lat'><strong>:</strong></span> <span class='ocrx_word' id='word_1_687' title='bbox 3232 3482 3413 3539; x_wconf 90' lang='lat' dir='ltr'><strong>Primo</strong></span> <span class='ocrx_word' id='word_1_688' title='bbox 3444 3485 3695 3561; x_wconf 84' lang='lat' dir='ltr'><strong>lapidem,</strong></span> <span class='ocrx_word' id='word_1_689' title='bbox 3725 3486 3962 3541; x_wconf 86' lang='lat' dir='ltr'><strong>secundo</strong></span> 
     </span>
    </p>
   </div>
   <div class='ocr_carea' id='block_1_78' title="bbox 2386 3566 3958 3641">
    <p class='ocr_par' dir='ltr' id='par_1_78' title="bbox 2386 3566 3958 3641">
     <span class='ocr_line' id='line_1_78' title="bbox 2386 3566 3958 3641; baseline 0.003 -15"><span class='ocrx_word' id='word_1_690' title='bbox 2386 3582 2641 3641; x_wconf 90' lang='lat' dir='ltr'><strong>montem,</strong></span> <span class='ocrx_word' id='word_1_691' title='bbox 2659 3574 2817 3629; x_wconf 89' lang='lat' dir='ltr'><strong>tertio</strong></span> <span class='ocrx_word' id='word_1_692' title='bbox 2834 3582 3052 3641; x_wconf 87' lang='lat' dir='ltr'><strong>turrem,</strong></span> <span class='ocrx_word' id='word_1_693' title='bbox 3078 3575 3132 3629; x_wconf 90' lang='lat' dir='ltr'><strong>in</strong></span> <span class='ocrx_word' id='word_1_694' title='bbox 3150 3566 3491 3635; x_wconf 84' lang='lat' dir='ltr'><strong>similitudine</strong></span> <span class='ocrx_word' id='word_1_695' title='bbox 3506 3578 3958 3633; x_wconf 86' lang='lat' dir='ltr'><strong>commemorasti.</strong></span> 
     </span>
    </p>
   </div>
   <div class='ocr_carea' id='block_1_79' title="bbox 2386 3662 3964 3734">
    <p class='ocr_par' dir='ltr' id='par_1_79' title="bbox 2386 3662 3964 3734">
     <span class='ocr_line' id='line_1_79' title="bbox 2386 3662 3964 3734; baseline 0.004 -17"><span class='ocrx_word' id='word_1_696' title='bbox 2386 3696 2458 3706; x_wconf 93' lang='lat'>—</span> <span class='ocrx_word' id='word_1_697' title='bbox 2496 3662 2761 3722; x_wconf 77' lang='lat' dir='ltr'><strong>Arnobius</strong></span> <span class='ocrx_word' id='word_1_698' title='bbox 2797 3665 2931 3720; x_wconf 77' lang='lat' dir='ltr'><strong>dixit</strong></span> <span class='ocrx_word' id='word_1_699' title='bbox 2962 3683 2973 3718; x_wconf 91' lang='lat'><strong>:</strong></span> <span class='ocrx_word' id='word_1_700' title='bbox 3017 3664 3161 3721; x_wconf 88' lang='lat' dir='ltr'><strong>Bene</strong></span> <span class='ocrx_word' id='word_1_701' title='bbox 3197 3682 3602 3734; x_wconf 87' lang='lat' dir='ltr'><strong>commemoras,</strong></span> <span class='ocrx_word' id='word_1_702' title='bbox 3645 3667 3692 3722; x_wconf 93' lang='lat' dir='ltr'><strong>si</strong></span> <span class='ocrx_word' id='word_1_703' title='bbox 3731 3674 3785 3722; x_wconf 87' lang='lat' dir='ltr'><strong>et</strong></span> <span class='ocrx_word' id='word_1_704' title='bbox 3825 3667 3964 3724; x_wconf 86' lang='lat' dir='ltr'><strong>bene</strong></span> 
     </span>
    </p>
   </div>
   <div class='ocr_carea' id='block_1_80' title="bbox 2388 3752 3965 3829">
    <p class='ocr_par' dir='ltr' id='par_1_80' title="bbox 2388 3752 3965 3829">
     <span class='ocr_line' id='line_1_80' title="bbox 2388 3752 3965 3829; baseline 0.001 -21"><span class='ocrx_word' id='word_1_705' title='bbox 2388 3754 2616 3825; x_wconf 89' lang='lat' dir='ltr'><strong>recipias</strong></span> <span class='ocrx_word' id='word_1_706' title='bbox 2644 3755 2943 3809; x_wconf 89' lang='lat' dir='ltr'><strong>veritatem.</strong></span> <span class='ocrx_word' id='word_1_707' title='bbox 2974 3752 3093 3825; x_wconf 88' lang='lat' dir='ltr'><strong>Ipse</strong></span> <span class='ocrx_word' id='word_1_708' title='bbox 3121 3763 3205 3829; x_wconf 76' lang='lat' dir='ltr'><strong>est</strong></span> <span class='ocrx_word' id='word_1_709' title='bbox 3241 3755 3401 3821; x_wconf 83' lang='lat' dir='ltr'><strong>enim,</strong></span> <span class='ocrx_word' id='word_1_710' title='bbox 3429 3754 3495 3811; x_wconf 90' lang='lat' dir='ltr'><strong>de</strong></span> <span class='ocrx_word' id='word_1_711' title='bbox 3520 3770 3629 3824; x_wconf 86' lang='lat' dir='ltr'><strong>quo</strong></span> <span class='ocrx_word' id='word_1_712' title='bbox 3669 3757 3721 3810; x_wconf 94' lang='lat' dir='ltr'><strong>in</strong></span> <span class='ocrx_word' id='word_1_713' title='bbox 3757 3757 3965 3826; x_wconf 83' lang='lat' dir='ltr'><strong>psalmo</strong></span> 
     </span>
    </p>
   </div>
   <div class='ocr_carea' id='block_1_81' title="bbox 2390 3842 3965 3917">
    <p class='ocr_par' dir='ltr' id='par_1_81' title="bbox 2390 3842 3965 3917">
     <span class='ocr_line' id='line_1_81' title="bbox 2390 3842 3965 3917; baseline 0.002 -20"><span class='ocrx_word' id='word_1_714' title='bbox 2390 3844 2722 3911; x_wconf 81' lang='lat' dir='ltr'><strong>sexagesimo</strong></span> <span class='ocrx_word' id='word_1_715' title='bbox 2751 3844 2958 3898; x_wconf 87' lang='lat' dir='ltr'><strong>canitur</strong></span> <span class='ocrx_word' id='word_1_716' title='bbox 2993 3842 3136 3913; x_wconf 88' lang='lat' dir='ltr'><strong>quod</strong></span> <span class='ocrx_word' id='word_1_717' title='bbox 3162 3844 3231 3898; x_wconf 85' lang='lat' dir='ltr'><strong>sit</strong></span> <span class='ocrx_word' id='word_1_718' title='bbox 3259 3846 3413 3899; x_wconf 81' lang='lat' dir='ltr'><strong>turris</strong></span> <span class='ocrx_word' id='word_1_719' title='bbox 3443 3845 3801 3917; x_wconf 76' lang='lat' dir='ltr'><strong>fortitudinisa</strong></span> <span class='ocrx_word' id='word_1_720' title='bbox 3830 3847 3965 3915; x_wconf 77' lang='lat' dir='ltr'><strong>[acie</strong></span> 
     </span>
    </p>
   </div>
   <div class='ocr_carea' id='block_1_82' title="bbox 2386 3932 3964 4006">
    <p class='ocr_par' dir='ltr' id='par_1_82' title="bbox 2386 3932 3964 4006">
     <span class='ocr_line' id='line_1_82' title="bbox 2386 3932 3964 4006; baseline 0.003 -19"><span class='ocrx_word' id='word_1_721' title='bbox 2386 3934 2584 3987; x_wconf 88' lang='lat' dir='ltr'><strong>inimici</strong></span> <span class='ocrx_word' id='word_1_722' title='bbox 2612 3932 2729 4002; x_wconf 87' lang='lat' dir='ltr'><strong>(Ps.</strong></span> <span class='ocrx_word' id='word_1_723' title='bbox 2762 3950 2848 3999; x_wconf 73' lang='grc' dir='ltr'><strong>ωε,</strong></span> <span class='ocrx_word' id='word_1_724' title='bbox 2880 3933 2968 4005; x_wconf 76' lang='grc'><strong>4).</strong></span> <span class='ocrx_word' id='word_1_725' title='bbox 2992 3933 3118 3989; x_wconf 75' lang='lat' dir='ltr'><strong>Haec</strong></span> <span class='ocrx_word' id='word_1_726' title='bbox 3145 3944 3226 3989; x_wconf 86' lang='lat' dir='ltr'><strong>est</strong></span> <span class='ocrx_word' id='word_1_727' title='bbox 3250 3936 3429 3999; x_wconf 88' lang='lat' dir='ltr'><strong>turris,</strong></span> <span class='ocrx_word' id='word_1_728' title='bbox 3457 3932 3523 3991; x_wconf 90' lang='lat' dir='ltr'><strong>de</strong></span> <span class='ocrx_word' id='word_1_729' title='bbox 3550 3951 3653 4006; x_wconf 86' lang='lat' dir='ltr'><strong>qua</strong></span> <span class='ocrx_word' id='word_1_730' title='bbox 3678 3936 3806 3991; x_wconf 89' lang='lat' dir='ltr'><strong>dicit</strong></span> <span class='ocrx_word' id='word_1_731' title='bbox 3838 3934 3964 4006; x_wconf 90' lang='lat' dir='ltr'><strong>Spi-</strong></span> 
     </span>
    </p>
   </div>
   <div class='ocr_carea' id='block_1_83' title="bbox 2390 4024 3963 4097">
    <p class='ocr_par' dir='ltr' id='par_1_83' title="bbox 2390 4024 3963 4097">
     <span class='ocr_line' id='line_1_83' title="bbox 2390 4024 3963 4097; baseline 0.002 -18"><span class='ocrx_word' id='word_1_732' title='bbox 2390 4025 2525 4079; x_wconf 86' lang='lat' dir='ltr'><strong>ritus</strong></span> <span class='ocrx_word' id='word_1_733' title='bbox 2554 4034 2766 4078; x_wconf 91' lang='lat' dir='ltr'><strong>sanetus</strong></span> <span class='ocrx_word' id='word_1_734' title='bbox 2795 4040 2892 4094; x_wconf 89' lang='lat' dir='ltr'><strong>per</strong></span> <span class='ocrx_word' id='word_1_735' title='bbox 2915 4024 3106 4081; x_wconf 85' lang='lat' dir='ltr'><strong>Isaiam</strong></span> <span class='ocrx_word' id='word_1_736' title='bbox 3140 4045 3152 4078; x_wconf 87' lang='lat'><strong>:</strong></span> <span class='ocrx_word' id='word_1_737' title='bbox 3189 4026 3470 4097; x_wconf 62' lang='lat' dir='ltr'><strong>At&#39;di/ieaui</strong></span> <span class='ocrx_word' id='word_1_738' title='bbox 3500 4029 3681 4083; x_wconf 86' lang='lat' dir='ltr'><strong>turrim</strong></span> <span class='ocrx_word' id='word_1_739' title='bbox 3717 4028 3769 4083; x_wconf 85' lang='lat' dir='ltr'><strong>in</strong></span> <span class='ocrx_word' id='word_1_740' title='bbox 3799 4029 3963 4082; x_wconf 85' lang='lat' dir='ltr'><strong>medio</strong></span> 
     </span>
    </p>
   </div>
   <div class='ocr_carea' id='block_1_84' title="bbox 2391 4102 3965 4190">
    <p class='ocr_par' dir='ltr' id='par_1_84' title="bbox 2391 4102 3965 4190">
     <span class='ocr_line' id='line_1_84' title="bbox 2391 4102 3965 4190; baseline 0.003 -23"><span class='ocrx_word' id='word_1_741' title='bbox 2391 4117 2567 4181; x_wconf 65' lang='lat' dir='ltr'><strong>vineae,</strong></span> <span class='ocrx_word' id='word_1_742' title='bbox 2592 4133 2741 4186; x_wconf 84' lang='lat' dir='ltr'><strong>quam</strong></span> <span class='ocrx_word' id='word_1_743' title='bbox 2762 4114 2991 4186; x_wconf 80' lang='lat' dir='ltr'><strong>plantavi</strong></span> <span class='ocrx_word' id='word_1_744' title='bbox 3022 4114 3180 4188; x_wconf 84' lang='lat' dir='ltr'><strong>(Isai.</strong></span> <span class='ocrx_word' id='word_1_745' title='bbox 3212 4135 3263 4184; x_wconf 88' lang='lat' dir='ltr'><strong>v,</strong></span> <span class='ocrx_word' id='word_1_746' title='bbox 3292 4117 3326 4170; x_wconf 67' lang='grc' dir='ltr'>Ξ</span> <span class='ocrx_word' id='word_1_747' title='bbox 3348 4120 3386 4188; x_wconf 90' lang='grc'>).</span> <span class='ocrx_word' id='word_1_748' title='bbox 3424 4102 3644 4174; x_wconf 73' lang='lat' dir='ltr'><strong>Vineam</strong></span> <span class='ocrx_word' id='word_1_749' title='bbox 3673 4120 3812 4177; x_wconf 83' lang='lat' dir='ltr'><strong>hanc</strong></span> <span class='ocrx_word' id='word_1_750' title='bbox 3854 4121 3965 4190; x_wconf 85' lang='lat' dir='ltr'><strong>ipse</strong></span> 
     </span>
    </p>
   </div>
   <div class='ocr_carea' id='block_1_85' title="bbox 2392 4200 3962 4278">
    <p class='ocr_par' dir='ltr' id='par_1_85' title="bbox 2392 4200 3962 4278">
     <span class='ocr_line' id='line_1_85' title="bbox 2392 4200 3962 4278; baseline 0.003 -20"><span class='ocrx_word' id='word_1_751' title='bbox 2392 4205 2775 4276; x_wconf 85' lang='lat' dir='ltr'><strong>interpretatur</strong></span> <span class='ocrx_word' id='word_1_752' title='bbox 2819 4206 3056 4278; x_wconf 81' lang='lat' dir='ltr'><strong>Spiritus</strong></span> <span class='ocrx_word' id='word_1_753' title='bbox 3075 4217 3324 4272; x_wconf 87' lang='lat' dir='ltr'><strong>sanctus,</strong></span> <span class='ocrx_word' id='word_1_754' title='bbox 3369 4211 3598 4265; x_wconf 86' lang='lat' dir='ltr'><strong>dicens:</strong></span> <span class='ocrx_word' id='word_1_755' title='bbox 3641 4200 3801 4265; x_wconf 82' lang='lat' dir='ltr'><strong>Vinea</strong></span> <span class='ocrx_word' id='word_1_756' title='bbox 3831 4212 3962 4265; x_wconf 82' lang='lat' dir='ltr'><strong>enim</strong></span> 
     </span>
    </p>
   </div>
   <div class='ocr_carea' id='block_1_86' title="bbox 2384 4296 3961 4379">
    <p class='ocr_par' dir='ltr' id='par_1_86' title="bbox 2384 4296 3961 4379">
     <span class='ocr_line' id='line_1_86' title="bbox 2384 4296 3961 4379; baseline 0.002 -28"><span class='ocrx_word' id='word_1_757' title='bbox 2384 4296 2604 4352; x_wconf 77' lang='lat' dir='ltr'><strong>‘Domini</strong></span> <span class='ocrx_word' id='word_1_758' title='bbox 2632 4298 2879 4366; x_wconf 81' lang='lat' dir='ltr'><strong>Sabaoth,</strong></span> <span class='ocrx_word' id='word_1_759' title='bbox 2908 4303 3086 4358; x_wconf 81' lang='lat' dir='ltr'><strong>domus</strong></span> <span class='ocrx_word' id='word_1_760' title='bbox 3117 4302 3330 4363; x_wconf 74' lang='lat' dir='ltr'><strong>Israelis</strong></span> <span class='ocrx_word' id='word_1_761' title='bbox 3350 4313 3424 4379; x_wconf 83' lang='lat' dir='ltr'><strong>est</strong></span> <span class='ocrx_word' id='word_1_762' title='bbox 3455 4303 3625 4374; x_wconf 76' lang='lat' dir='ltr'><strong>(Psal.</strong></span> <span class='ocrx_word' id='word_1_763' title='bbox 3657 4320 3835 4368; x_wconf 73' lang='lat' dir='ltr'><strong>LXXIV,</strong></span> <span class='ocrx_word' id='word_1_764' title='bbox 3857 4303 3961 4372; x_wconf 86' lang='lat' dir='ltr'><strong>l6).</strong></span> 
     </span>
    </p>
   </div>
   <div class='ocr_carea' id='block_1_87' title="bbox 2395 4387 3965 4463">
    <p class='ocr_par' dir='ltr' id='par_1_87' title="bbox 2395 4387 3965 4463">
     <span class='ocr_line' id='line_1_87' title="bbox 2395 4387 3965 4463; baseline 0.004 -21"><span class='ocrx_word' id='word_1_765' title='bbox 2395 4388 2602 4443; x_wconf 90' lang='lat' dir='ltr'><strong>Turrim</strong></span> <span class='ocrx_word' id='word_1_766' title='bbox 2627 4406 2771 4457; x_wconf 79' lang='lat' dir='ltr'><strong>vero,</strong></span> <span class='ocrx_word' id='word_1_767' title='bbox 2802 4391 2868 4445; x_wconf 90' lang='lat' dir='ltr'><strong>de</strong></span> <span class='ocrx_word' id='word_1_768' title='bbox 2895 4407 3000 4463; x_wconf 87' lang='lat' dir='ltr'><strong>qua</strong></span> <span class='ocrx_word' id='word_1_769' title='bbox 3029 4394 3157 4449; x_wconf 89' lang='lat' dir='ltr'><strong>dicit</strong></span> <span class='ocrx_word' id='word_1_770' title='bbox 3184 4391 3559 4453; x_wconf 55' lang='lat' dir='ltr'><strong>se&#39;mdiﬁcasse</strong></span> <span class='ocrx_word' id='word_1_771' title='bbox 3603 4397 3655 4451; x_wconf 90' lang='lat' dir='ltr'><strong>in</strong></span> <span class='ocrx_word' id='word_1_772' title='bbox 3681 4396 3880 4459; x_wconf 84' lang='lat' dir='ltr'><strong>medio,</strong></span> <span class='ocrx_word' id='word_1_773' title='bbox 3911 4387 3965 4449; x_wconf 84' lang='lat' dir='ltr'><strong>ut</strong></span> 
     </span>
    </p>
   </div>
   <div class='ocr_carea' id='block_1_88' title="bbox 2397 4475 3964 4554">
    <p class='ocr_par' dir='ltr' id='par_1_88' title="bbox 2397 4475 3964 4554">
     <span class='ocr_line' id='line_1_88' title="bbox 2397 4475 3964 4554; baseline 0.003 -20"><span class='ocrx_word' id='word_1_774' title='bbox 2397 4475 2670 4549; x_wconf 86' lang='lat' dir='ltr'><strong>Scriptura</strong></span> <span class='ocrx_word' id='word_1_775' title='bbox 2702 4490 2888 4554; x_wconf 84' lang='lat' dir='ltr'><strong>sancta</strong></span> <span class='ocrx_word' id='word_1_776' title='bbox 2915 4478 3061 4545; x_wconf 88' lang='lat' dir='ltr'><strong>dicit,</strong></span> <span class='ocrx_word' id='word_1_777' title='bbox 3084 4483 3251 4539; x_wconf 87' lang='lat' dir='ltr'><strong>Filius</strong></span> <span class='ocrx_word' id='word_1_778' title='bbox 3272 4493 3358 4541; x_wconf 92' lang='lat' dir='ltr'><strong>est</strong></span> <span class='ocrx_word' id='word_1_779' title='bbox 3379 4485 3627 4550; x_wconf 84' lang='lat' dir='ltr'><strong>hominis,</strong></span> <span class='ocrx_word' id='word_1_780' title='bbox 3658 4500 3818 4554; x_wconf 90' lang='lat' dir='ltr'><strong>quem</strong></span> <span class='ocrx_word' id='word_1_781' title='bbox 3840 4502 3964 4543; x_wconf 83' lang='lat' dir='ltr'><strong>ceu-</strong></span> 
     </span>
    </p>
   </div>
   <div class='ocr_carea' id='block_1_89' title="bbox 708 4552 3964 4650">
    <p class='ocr_par' dir='ltr' id='par_1_89' title="bbox 708 4552 3964 4650">
     <span class='ocr_line' id='line_1_89' title="bbox 708 4552 3964 4650; baseline 0.006 -37"><span class='ocrx_word' id='word_1_782' title='bbox 708 4558 1048 4614; x_wconf 64' lang='lat' dir='ltr'><strong>‘voluntatem</strong></span> <span class='ocrx_word' id='word_1_783' title='bbox 1070 4559 1133 4614; x_wconf 75' lang='lat' dir='ltr'><strong>in</strong></span> <span class='ocrx_word' id='word_1_784' title='bbox 1160 4558 1348 4614; x_wconf 76' lang='lat' dir='ltr'><strong>decem</strong></span> <span class='ocrx_word' id='word_1_785' title='bbox 1368 4561 1647 4630; x_wconf 67' lang='lat' dir='ltr'><strong>prmceptis</strong></span> <span class='ocrx_word' id='word_1_786' title='bbox 1674 4562 1913 4631; x_wconf 84' lang='lat' dir='ltr'><strong>scripsit;</strong></span> <span class='ocrx_word' id='word_1_787' title='bbox 1948 4563 1997 4615; x_wconf 88' lang='lat' dir='ltr'><strong>in</strong></span> <span class='ocrx_word' id='word_1_788' title='bbox 2020 4579 2127 4632; x_wconf 91' lang='lat' dir='ltr'><strong>quo</strong></span> <span class='ocrx_word' id='word_1_789' title='bbox 2151 4564 2296 4619; x_wconf 87' lang='lat' dir='ltr'><strong>Deu-</strong></span> <span class='ocrx_word' id='word_1_790' title='bbox 2320 4554 2371 4623; x_wconf 69' lang='grc' dir='ltr'>ἰ)</span> <span class='ocrx_word' id='word_1_791' title='bbox 2399 4566 2628 4627; x_wconf 76' lang='lat' dir='ltr'><strong>firmavit</strong></span> <span class='ocrx_word' id='word_1_792' title='bbox 2653 4552 2773 4627; x_wconf 81' lang='lat' dir='ltr'><strong>sibi.</strong></span> <span class='ocrx_word' id='word_1_793' title='bbox 2798 4564 2873 4627; x_wconf 89' lang='lat' dir='ltr'><strong>De</strong></span> <span class='ocrx_word' id='word_1_794' title='bbox 2893 4590 3001 4644; x_wconf 90' lang='lat' dir='ltr'><strong>quo</strong></span> <span class='ocrx_word' id='word_1_795' title='bbox 3027 4574 3281 4632; x_wconf 87' lang='lat' dir='ltr'><strong>Salomon</strong></span> <span class='ocrx_word' id='word_1_796' title='bbox 3308 4576 3437 4637; x_wconf 85' lang='lat' dir='ltr'><strong>dicit</strong></span> <span class='ocrx_word' id='word_1_797' title='bbox 3461 4595 3473 4630; x_wconf 88' lang='lat'><strong>:</strong></span> <span class='ocrx_word' id='word_1_798' title='bbox 3507 4552 3779 4650; x_wconf 74' lang='lat' dir='ltr'><strong>Sapientia</strong></span> <span class='ocrx_word' id='word_1_799' title='bbox 3800 4578 3964 4647; x_wconf 75' lang='lat' dir='ltr'><strong>(ediﬁ—</strong></span> 
     </span>
    </p>
   </div>
   <div class='ocr_carea' id='block_1_90' title="bbox 725 4649 2296 4726">
    <p class='ocr_par' dir='ltr' id='par_1_90' title="bbox 725 4649 2296 4726">
     <span class='ocr_line' id='line_1_90' title="bbox 725 4649 2296 4726; baseline 0.005 -23"><span class='ocrx_word' id='word_1_800' title='bbox 725 4650 1007 4716; x_wconf 65' lang='grc' dir='ltr'><strong>ιρι-διιοιηῦ</strong></span> <span class='ocrx_word' id='word_1_801' title='bbox 1028 4691 1043 4716; x_wconf 84' lang='grc'><em>,</em></span> <span class='ocrx_word' id='word_1_802' title='bbox 1068 4651 1125 4704; x_wconf 82' lang='lat' dir='ltr'><strong>id</strong></span> <span class='ocrx_word' id='word_1_803' title='bbox 1152 4658 1262 4714; x_wconf 87' lang='lat' dir='ltr'><strong>est,</strong></span> <span class='ocrx_word' id='word_1_804' title='bbox 1282 4649 1542 4706; x_wconf 61' lang='lat' dir='ltr'><strong>secundae</strong></span> <span class='ocrx_word' id='word_1_805' title='bbox 1570 4652 1656 4707; x_wconf 85' lang='lat' dir='ltr'><strong>vel</strong></span> <span class='ocrx_word' id='word_1_806' title='bbox 1679 4653 1881 4708; x_wconf 69' lang='lat' dir='ltr'><strong>iterata:</strong></span> <span class='ocrx_word' id='word_1_807' title='bbox 1909 4650 2040 4724; x_wconf 74' lang='lat' dir='ltr'><strong>legis</strong></span> <span class='ocrx_word' id='word_1_808' title='bbox 2067 4655 2296 4726; x_wconf 88' lang='lat' dir='ltr'><strong>scriptus</strong></span> 
     </span>
    </p>
   </div>
   <div class='ocr_carea' id='block_1_91' title="bbox 727 4736 2295 4815">
    <p class='ocr_par' dir='ltr' id='par_1_91' title="bbox 727 4736 2295 4815">
     <span class='ocr_line' id='line_1_91' title="bbox 727 4736 2295 4815; baseline 0.003 -19"><span class='ocrx_word' id='word_1_809' title='bbox 727 4750 811 4797; x_wconf 82' lang='lat' dir='ltr'><strong>est</strong></span> <span class='ocrx_word' id='word_1_810' title='bbox 821 4738 993 4807; x_wconf 63' lang='lat' dir='ltr'><strong>lliber;</strong></span> <span class='ocrx_word' id='word_1_811' title='bbox 1019 4742 1262 4795; x_wconf 76' lang='lat' dir='ltr'><strong>‘montetn</strong></span> <span class='ocrx_word' id='word_1_812' title='bbox 1282 4740 1375 4796; x_wconf 78' lang='lat' dir='ltr'><strong>ubi</strong></span> <span class='ocrx_word' id='word_1_813' title='bbox 1388 4736 1533 4797; x_wconf 74' lang='lat' dir='ltr'><strong>Deus</strong></span> <span class='ocrx_word' id='word_1_814' title='bbox 1550 4743 1758 4798; x_wconf 75' lang='lat' dir='ltr'><strong>homini</strong></span> <span class='ocrx_word' id='word_1_815' title='bbox 1780 4752 1964 4798; x_wconf 81' lang='lat' dir='ltr'><strong>notum</strong></span> <span class='ocrx_word' id='word_1_816' title='bbox 1985 4742 2130 4811; x_wconf 74' lang='lat' dir='ltr'><strong>fecit,</strong></span> <span class='ocrx_word' id='word_1_817' title='bbox 2152 4747 2295 4815; x_wconf 84' lang='lat' dir='ltr'><strong>quod</strong></span> 
     </span>
    </p>
   </div>
   <div class='ocr_carea' id='block_1_92' title="bbox 648 4823 2292 4907">
    <p class='ocr_par' dir='ltr' id='par_1_92' title="bbox 648 4823 2292 4907">
     <span class='ocr_line' id='line_1_92' title="bbox 648 4823 2292 4907; baseline 0 -20"><span class='ocrx_word' id='word_1_818' title='bbox 648 4828 651 4829; x_wconf 55' lang='grc'><strong><em>⁷</em></strong></span> <span class='ocrx_word' id='word_1_819' title='bbox 720 4834 781 4887; x_wconf 76' lang='lat' dir='ltr'><strong>in</strong></span> <span class='ocrx_word' id='word_1_820' title='bbox 804 4832 1060 4903; x_wconf 60' lang='lat' dir='ltr'><strong>Wo</strong></span> <span class='ocrx_word' id='word_1_821' title='bbox 1086 4829 1230 4885; x_wconf 64' lang='lat' dir='ltr'><strong>Ms</strong></span> <span class='ocrx_word' id='word_1_822' title='bbox 1256 4829 1462 4902; x_wconf 56' lang='lat' dir='ltr'><strong>{abisset</strong></span> <span class='ocrx_word' id='word_1_823' title='bbox 1481 4828 1659 4887; x_wconf 65' lang='lat' dir='ltr'><strong>etenim</strong></span> <span class='ocrx_word' id='word_1_824' title='bbox 1686 4843 1734 4887; x_wconf 77' lang='lat' dir='ltr'><strong>et</strong></span> <span class='ocrx_word' id='word_1_825' title='bbox 1762 4841 1953 4887; x_wconf 81' lang='lat' dir='ltr'><strong>terram</strong></span> <span class='ocrx_word' id='word_1_826' title='bbox 1977 4823 2128 4907; x_wconf 67' lang='lat' dir='ltr'><strong>(Cen.</strong></span> <span class='ocrx_word' id='word_1_827' title='bbox 2152 4848 2189 4903; x_wconf 87' lang='grc' dir='ltr'><strong>ι,</strong></span> <span class='ocrx_word' id='word_1_828' title='bbox 2215 4830 2292 4905; x_wconf 82' lang='grc'>1),</span> 
     </span>
    </p>
   </div>
   <div class='ocr_carea' id='block_1_93' title="bbox 718 4918 2295 4992">
    <p class='ocr_par' dir='ltr' id='par_1_93' title="bbox 718 4918 2295 4992">
     <span class='ocr_line' id='line_1_93' title="bbox 718 4918 2295 4992; baseline 0.001 -13"><span class='ocrx_word' id='word_1_829' title='bbox 718 4932 782 4979; x_wconf 82' lang='lat' dir='ltr'><strong>et</strong></span> <span class='ocrx_word' id='word_1_830' title='bbox 802 4922 984 4979; x_wconf 77' lang='lat' dir='ltr'><strong>omnia</strong></span> <span class='ocrx_word' id='word_1_831' title='bbox 1011 4925 1131 4992; x_wconf 66' lang='lat' dir='ltr'><strong>qua:</strong></span> <span class='ocrx_word' id='word_1_832' title='bbox 1159 4923 1213 4976; x_wconf 77' lang='lat' dir='ltr'><strong>in</strong></span> <span class='ocrx_word' id='word_1_833' title='bbox 1251 4923 1330 4978; x_wconf 75' lang='lat' dir='ltr'><strong>eis</strong></span> <span class='ocrx_word' id='word_1_834' title='bbox 1370 4918 1525 4987; x_wconf 74' lang='lat' dir='ltr'><strong>sunt,</strong></span> <span class='ocrx_word' id='word_1_835' title='bbox 1572 4932 1627 4978; x_wconf 89' lang='lat' dir='ltr'><strong>et</strong></span> <span class='ocrx_word' id='word_1_836' title='bbox 1662 4924 1833 4979; x_wconf 85' lang='lat' dir='ltr'><strong>multa</strong></span> <span class='ocrx_word' id='word_1_837' title='bbox 1864 4924 1965 4979; x_wconf 87' lang='lat' dir='ltr'><strong>alia</strong></span> <span class='ocrx_word' id='word_1_838' title='bbox 1990 4927 2295 4981; x_wconf 80' lang='lat' dir='ltr'><strong>sanctitatis</strong></span> 
     </span>
    </p>
   </div>
   <div class='ocr_carea' id='block_1_94' title="bbox 722 5010 2293 5084">
    <p class='ocr_par' dir='ltr' id='par_1_94' title="bbox 722 5010 2293 5084">
     <span class='ocr_line' id='line_1_94' title="bbox 722 5010 2293 5084; baseline 0.002 -15"><span class='ocrx_word' id='word_1_839' title='bbox 722 5014 942 5078; x_wconf 75' lang='lat' dir='ltr'><strong>indicia,</strong></span> <span class='ocrx_word' id='word_1_840' title='bbox 962 5010 1093 5083; x_wconf 43' lang='lat' dir='ltr'><strong>bule</strong></span> <span class='ocrx_word' id='word_1_841' title='bbox 1112 5012 1292 5070; x_wconf 75' lang='lat' dir='ltr'><strong>dicere</strong></span> <span class='ocrx_word' id='word_1_842' title='bbox 1330 5013 1547 5081; x_wconf 71' lang='lat' dir='ltr'><strong>longum</strong></span> <span class='ocrx_word' id='word_1_843' title='bbox 1572 5020 1746 5080; x_wconf 77' lang='lat' dir='ltr'><strong>esset;</strong></span> <span class='ocrx_word' id='word_1_844' title='bbox 1785 5012 1852 5071; x_wconf 86' lang='lat' dir='ltr'><strong>de</strong></span> <span class='ocrx_word' id='word_1_845' title='bbox 1879 5026 1986 5084; x_wconf 85' lang='lat' dir='ltr'><strong>quo</strong></span> <span class='ocrx_word' id='word_1_846' title='bbox 2011 5014 2293 5072; x_wconf 78' lang='lat' dir='ltr'><strong>Psalmista</strong></span> 
     </span>
    </p>
   </div>
   <div class='ocr_carea' id='block_1_95' title="bbox 725 5104 2297 5178">
    <p class='ocr_par' dir='ltr' id='par_1_95' title="bbox 725 5104 2297 5178">
     <span class='ocr_line' id='line_1_95' title="bbox 725 5104 2297 5178; baseline 0 -16"><span class='ocrx_word' id='word_1_847' title='bbox 725 5107 856 5162; x_wconf 90' lang='lat' dir='ltr'><strong>dicit</strong></span> <span class='ocrx_word' id='word_1_848' title='bbox 882 5124 894 5158; x_wconf 88' lang='lat'><strong>:</strong></span> <span class='ocrx_word' id='word_1_849' title='bbox 918 5105 1074 5160; x_wconf 79' lang='lat' dir='ltr'><strong>Mons</strong></span> <span class='ocrx_word' id='word_1_850' title='bbox 1105 5104 1221 5171; x_wconf 85' lang='lat' dir='ltr'><strong>Dei,</strong></span> <span class='ocrx_word' id='word_1_851' title='bbox 1250 5120 1399 5159; x_wconf 86' lang='lat' dir='ltr'><strong>mons</strong></span> <span class='ocrx_word' id='word_1_852' title='bbox 1425 5106 1650 5175; x_wconf 80' lang='lat' dir='ltr'><strong>pinguis,</strong></span> <span class='ocrx_word' id='word_1_853' title='bbox 1679 5123 1826 5162; x_wconf 86' lang='lat' dir='ltr'><strong>mons</strong></span> <span class='ocrx_word' id='word_1_854' title='bbox 1856 5109 1911 5161; x_wconf 88' lang='lat' dir='ltr'><strong>in</strong></span> <span class='ocrx_word' id='word_1_855' title='bbox 1938 5122 2036 5178; x_wconf 74' lang='lat' dir='ltr'><strong>quo</strong></span> <span class='ocrx_word' id='word_1_856' title='bbox 2049 5106 2297 5177; x_wconf 59' lang='lat' dir='ltr'><strong>beneﬂc-</strong></span> 
     </span>
    </p>
   </div>
   <div class='ocr_carea' id='block_1_96' title="bbox 725 5195 2296 5267">
    <p class='ocr_par' dir='ltr' id='par_1_96' title="bbox 725 5195 2296 5267">
     <span class='ocr_line' id='line_1_96' title="bbox 725 5195 2296 5267; baseline 0.004 -19"><span class='ocrx_word' id='word_1_857' title='bbox 725 5200 884 5249; x_wconf 80' lang='lat' dir='ltr'><strong>eitum</strong></span> <span class='ocrx_word' id='word_1_858' title='bbox 910 5203 988 5250; x_wconf 88' lang='lat' dir='ltr'><strong>est</strong></span> <span class='ocrx_word' id='word_1_859' title='bbox 1013 5195 1123 5250; x_wconf 89' lang='lat' dir='ltr'><strong>Deo</strong></span> <span class='ocrx_word' id='word_1_860' title='bbox 1150 5196 1381 5257; x_wconf 76' lang='lat' dir='ltr'><strong>habitare</strong></span> <span class='ocrx_word' id='word_1_861' title='bbox 1406 5196 1461 5249; x_wconf 88' lang='lat' dir='ltr'><strong>in</strong></span> <span class='ocrx_word' id='word_1_862' title='bbox 1481 5212 1556 5249; x_wconf 85' lang='lat' dir='ltr'><strong>eo.</strong></span> <span class='ocrx_word' id='word_1_863' title='bbox 1589 5195 1796 5252; x_wconf 82' lang='lat' dir='ltr'><strong>Etenim</strong></span> <span class='ocrx_word' id='word_1_864' title='bbox 1816 5196 2071 5255; x_wconf 80' lang='lat' dir='ltr'><strong>Dominus</strong></span> <span class='ocrx_word' id='word_1_865' title='bbox 2094 5197 2296 5267; x_wconf 59' lang='lat' dir='ltr'><strong>[rabitu-</strong></span> 
     </span>
    </p>
   </div>
   <div class='ocr_carea' id='block_1_97' title="bbox 2397 4661 3965 4741">
    <p class='ocr_par' dir='ltr' id='par_1_97' title="bbox 2397 4661 3965 4741">
     <span class='ocr_line' id='line_1_97' title="bbox 2397 4661 3965 4741; baseline 0.004 -26"><span class='ocrx_word' id='word_1_866' title='bbox 2397 4663 2528 4717; x_wconf 83' lang='lat' dir='ltr'><strong>cavit</strong></span> <span class='ocrx_word' id='word_1_867' title='bbox 2571 4661 2668 4719; x_wconf 84' lang='lat' dir='ltr'><strong>sibi</strong></span> <span class='ocrx_word' id='word_1_868' title='bbox 2708 4664 2912 4719; x_wconf 86' lang='lat' dir='ltr'><strong>domum</strong></span> <span class='ocrx_word' id='word_1_869' title='bbox 2959 4664 3151 4739; x_wconf 80' lang='lat' dir='ltr'><strong>(Prov.</strong></span> <span class='ocrx_word' id='word_1_870' title='bbox 3196 4684 3270 4731; x_wconf 77' lang='grc' dir='ltr'><strong>ιιι,</strong></span> <span class='ocrx_word' id='word_1_871' title='bbox 3306 4669 3391 4737; x_wconf 81' lang='grc'>1).</span> <span class='ocrx_word' id='word_1_872' title='bbox 3421 4668 3541 4740; x_wconf 88' lang='lat' dir='ltr'><strong>lpse</strong></span> <span class='ocrx_word' id='word_1_873' title='bbox 3581 4669 3721 4727; x_wconf 70' lang='lat' dir='ltr'><strong>eniiu</strong></span> <span class='ocrx_word' id='word_1_874' title='bbox 3762 4670 3853 4741; x_wconf 86' lang='lat' dir='ltr'><strong>qui</strong></span> <span class='ocrx_word' id='word_1_875' title='bbox 3890 4677 3965 4722; x_wconf 76' lang='lat' dir='ltr'><strong>est</strong></span> 
     </span>
    </p>
   </div>
   <div class='ocr_carea' id='block_1_98' title="bbox 2397 4741 3967 4829">
    <p class='ocr_par' dir='ltr' id='par_1_98' title="bbox 2397 4741 3967 4829">
     <span class='ocr_line' id='line_1_98' title="bbox 2397 4741 3967 4829; baseline 0.004 -22"><span class='ocrx_word' id='word_1_876' title='bbox 2397 4753 2658 4825; x_wconf 87' lang='lat' dir='ltr'><strong>sapientia</strong></span> <span class='ocrx_word' id='word_1_877' title='bbox 2685 4750 2874 4822; x_wconf 88' lang='lat' dir='ltr'><strong>Patris,</strong></span> <span class='ocrx_word' id='word_1_878' title='bbox 2899 4755 3179 4813; x_wconf 73' lang='lat' dir='ltr'><strong>tediiicavit</strong></span> <span class='ocrx_word' id='word_1_879' title='bbox 3206 4741 3306 4815; x_wconf 86' lang='lat' dir='ltr'><strong>sibi</strong></span> <span class='ocrx_word' id='word_1_880' title='bbox 3341 4759 3394 4815; x_wconf 83' lang='lat' dir='ltr'><strong>in</strong></span> <span class='ocrx_word' id='word_1_881' title='bbox 3422 4767 3575 4819; x_wconf 84' lang='lat' dir='ltr'><strong>utero</strong></span> <span class='ocrx_word' id='word_1_882' title='bbox 3602 4741 3835 4829; x_wconf 52' lang='lat' dir='ltr'><strong>Virginis</strong></span> <span class='ocrx_word' id='word_1_883' title='bbox 3859 4775 3967 4829; x_wconf 84' lang='lat' dir='ltr'><strong>per-</strong></span> 
     </span>
    </p>
   </div>
   <div class='ocr_carea' id='block_1_99' title="bbox 2395 4842 3967 4923">
    <p class='ocr_par' dir='ltr' id='par_1_99' title="bbox 2395 4842 3967 4923">
     <span class='ocr_line' id='line_1_99' title="bbox 2395 4842 3967 4923; baseline 0.004 -26"><span class='ocrx_word' id='word_1_884' title='bbox 2395 4844 2591 4900; x_wconf 84' lang='lat' dir='ltr'><strong>fectum</strong></span> <span class='ocrx_word' id='word_1_885' title='bbox 2622 4844 2891 4900; x_wconf 91' lang='lat' dir='ltr'><strong>hominem</strong></span> <span class='ocrx_word' id='word_1_886' title='bbox 2918 4842 3130 4918; x_wconf 70' lang='lat' dir='ltr'><strong>Iesum,</strong></span> <span class='ocrx_word' id='word_1_887' title='bbox 3160 4851 3245 4922; x_wconf 87' lang='lat' dir='ltr'><strong>qui</strong></span> <span class='ocrx_word' id='word_1_888' title='bbox 3267 4850 3662 4923; x_wconf 64' lang='lat' dir='ltr'><strong>praedestinatus</strong></span> <span class='ocrx_word' id='word_1_889' title='bbox 3699 4860 3776 4906; x_wconf 81' lang='lat' dir='ltr'><strong>est</strong></span> <span class='ocrx_word' id='word_1_890' title='bbox 3802 4849 3967 4918; x_wconf 73' lang='lat' dir='ltr'><strong>FUius</strong></span> 
     </span>
    </p>
   </div>
   <div class='ocr_carea' id='block_1_100' title="bbox 2398 4933 3966 5015">
    <p class='ocr_par' dir='ltr' id='par_1_100' title="bbox 2398 4933 3966 5015">
     <span class='ocr_line' id='line_1_100' title="bbox 2398 4933 3966 5015; baseline 0.003 -27"><span class='ocrx_word' id='word_1_891' title='bbox 2398 4933 2493 4989; x_wconf 88' lang='lat' dir='ltr'><strong>Dei</strong></span> <span class='ocrx_word' id='word_1_892' title='bbox 2517 4938 2571 4989; x_wconf 88' lang='lat' dir='ltr'><strong>in</strong></span> <span class='ocrx_word' id='word_1_893' title='bbox 2590 4933 2769 4992; x_wconf 79' lang='lat' dir='ltr'><strong>virtute</strong></span> <span class='ocrx_word' id='word_1_894' title='bbox 2787 4939 3064 4999; x_wconf 73' lang='lat' dir='ltr'><strong>secundum</strong></span> <span class='ocrx_word' id='word_1_895' title='bbox 3089 4943 3326 5015; x_wconf 62' lang='lat' dir='ltr'><strong>Spiritum</strong></span> <span class='ocrx_word' id='word_1_896' title='bbox 3343 4943 3771 5015; x_wconf 76' lang='lat' dir='ltr'><strong>sanctiﬁcationis</strong></span> <span class='ocrx_word' id='word_1_897' title='bbox 3794 4941 3966 5011; x_wconf 82' lang='lat' dir='ltr'><strong>(Rom.</strong></span> 
     </span>
    </p>
   </div>
   <div class='ocr_carea' id='block_1_101' title="bbox 2398 5020 3962 5104">
    <p class='ocr_par' dir='ltr' id='par_1_101' title="bbox 2398 5020 3962 5104">
     <span class='ocr_line' id='line_1_101' title="bbox 2398 5020 3962 5104; baseline 0.005 -23"><span class='ocrx_word' id='word_1_898' title='bbox 2398 5043 2437 5093; x_wconf 90' lang='grc' dir='ltr'><strong>ι,</strong></span> <span class='ocrx_word' id='word_1_899' title='bbox 2464 5020 2539 5097; x_wconf 69' lang='lat'><strong>&#39;4),</strong></span> <span class='ocrx_word' id='word_1_900' title='bbox 2565 5043 2671 5083; x_wconf 91' lang='lat' dir='ltr'><strong>non</strong></span> <span class='ocrx_word' id='word_1_901' title='bbox 2701 5031 2991 5085; x_wconf 86' lang='lat' dir='ltr'><strong>secundum</strong></span> <span class='ocrx_word' id='word_1_902' title='bbox 3015 5033 3318 5103; x_wconf 75' lang='lat' dir='ltr'><strong>coniugium</strong></span> <span class='ocrx_word' id='word_1_903' title='bbox 3346 5034 3676 5104; x_wconf 88' lang='lat' dir='ltr'><strong>pollutionis.</strong></span> <span class='ocrx_word' id='word_1_904' title='bbox 3706 5066 3779 5077; x_wconf 86' lang='lat'><strong>——</strong></span> <span class='ocrx_word' id='word_1_905' title='bbox 3806 5035 3962 5089; x_wconf 87' lang='lat' dir='ltr'><strong>Sera—</strong></span> 
     </span>
    </p>
   </div>
   <div class='ocr_carea' id='block_1_102' title="bbox 2394 5116 3965 5195">
    <p class='ocr_par' dir='ltr' id='par_1_102' title="bbox 2394 5116 3965 5195">
     <span class='ocr_line' id='line_1_102' title="bbox 2394 5116 3965 5195; baseline 0.003 -22"><span class='ocrx_word' id='word_1_906' title='bbox 2394 5118 2528 5190; x_wconf 67' lang='lat' dir='ltr'><strong>pion</strong></span> <span class='ocrx_word' id='word_1_907' title='bbox 2550 5116 2687 5174; x_wconf 69' lang='lat' dir='ltr'><strong>dixit</strong></span> <span class='ocrx_word' id='word_1_908' title='bbox 2718 5139 2730 5173; x_wconf 87' lang='lat'><strong>:</strong></span> <span class='ocrx_word' id='word_1_909' title='bbox 2762 5116 2879 5177; x_wconf 75' lang='lat' dir='ltr'><strong>Noli</strong></span> <span class='ocrx_word' id='word_1_910' title='bbox 2914 5123 3092 5179; x_wconf 88' lang='lat' dir='ltr'><strong>dicere</strong></span> <span class='ocrx_word' id='word_1_911' title='bbox 3122 5122 3367 5194; x_wconf 79' lang='lat' dir='ltr'><strong>conjugii</strong></span> <span class='ocrx_word' id='word_1_912' title='bbox 3406 5126 3757 5195; x_wconf 89' lang='lat' dir='ltr'><strong>pollutionem</strong></span> <span class='ocrx_word' id='word_1_913' title='bbox 3786 5145 3798 5178; x_wconf 92' lang='lat'><strong>:</strong></span> <span class='ocrx_word' id='word_1_914' title='bbox 3849 5139 3965 5178; x_wconf 88' lang='lat' dir='ltr'><strong>nam</strong></span> 
     </span>
    </p>
   </div>
   <div class='ocr_carea' id='block_1_103' title="bbox 2403 5208 3964 5285">
    <p class='ocr_par' dir='ltr' id='par_1_103' title="bbox 2403 5208 3964 5285">
     <span class='ocr_line' id='line_1_103' title="bbox 2403 5208 3964 5285; baseline 0 -20"><span class='ocrx_word' id='word_1_915' title='bbox 2403 5208 2707 5279; x_wconf 57' lang='lat' dir='ltr'><strong>coniugium</strong></span> <span class='ocrx_word' id='word_1_916' title='bbox 2727 5211 3074 5280; x_wconf 81' lang='lat' dir='ltr'><strong>pollutionem</strong></span> <span class='ocrx_word' id='word_1_917' title='bbox 3104 5224 3211 5271; x_wconf 83' lang='lat' dir='ltr'><strong>non</strong></span> <span class='ocrx_word' id='word_1_918' title='bbox 3230 5214 3408 5281; x_wconf 68' lang='lat' dir='ltr'><strong>habet,</strong></span> <span class='ocrx_word' id='word_1_919' title='bbox 3430 5215 3527 5271; x_wconf 84' lang='lat' dir='ltr'><strong>sed</strong></span> <span class='ocrx_word' id='word_1_920' title='bbox 3554 5217 3835 5272; x_wconf 67' lang='lat' dir='ltr'><strong>tunicam</strong></span> <span class='ocrx_word' id='word_1_921' title='bbox 3850 5214 3964 5285; x_wconf 75' lang='lat' dir='ltr'><strong>pol-</strong></span> 
     </span>
    </p>
   </div>
   <div class='ocr_carea' id='block_1_104' title="bbox 724 5278 3967 5375">
    <p class='ocr_par' dir='ltr' id='par_1_104' title="bbox 724 5278 3967 5375">
     <span class='ocr_line' id='line_1_104' title="bbox 724 5278 3967 5375; baseline 0.006 -35"><span class='ocrx_word' id='word_1_922' title='bbox 724 5288 798 5341; x_wconf 83' lang='lat' dir='ltr'><strong>bit</strong></span> <span class='ocrx_word' id='word_1_923' title='bbox 820 5290 880 5341; x_wconf 59' lang='lat' dir='ltr'><strong>“in</strong></span> <span class='ocrx_word' id='word_1_924' title='bbox 896 5280 1081 5369; x_wconf 66' lang='lat' dir='ltr'><strong>ﬁnem</strong></span> <span class='ocrx_word' id='word_1_925' title='bbox 1098 5287 1271 5363; x_wconf 77' lang='lat' dir='ltr'><strong>(Psa&#39;l.</strong></span> <span class='ocrx_word' id='word_1_926' title='bbox 1297 5302 1456 5359; x_wconf 81' lang='lat' dir='ltr'><strong>van,</strong></span> <span class='ocrx_word' id='word_1_927' title='bbox 1482 5282 1550 5339; x_wconf 70' lang='lat' dir='ltr'><strong>is</strong></span> <span class='ocrx_word' id='word_1_928' title='bbox 1576 5296 1624 5340; x_wconf 82' lang='lat' dir='ltr'><strong>et</strong></span> <span class='ocrx_word' id='word_1_929' title='bbox 1655 5280 1762 5357; x_wconf 77' lang='grc' dir='ltr'><strong>ιι).</strong></span> <span class='ocrx_word' id='word_1_930' title='bbox 1790 5278 1865 5351; x_wconf 80' lang='lat' dir='ltr'><strong>Ut</strong></span> <span class='ocrx_word' id='word_1_931' title='bbox 1887 5290 2194 5347; x_wconf 68' lang='lat' dir='ltr'><strong>estaudieret</strong></span> <span class='ocrx_word' id='word_1_932' title='bbox 2231 5292 2301 5363; x_wconf 75' lang='lat' dir='ltr'><strong>de</strong></span> <span class='ocrx_word' id='word_1_933' title='bbox 2403 5299 2536 5356; x_wconf 65' lang='lat' dir='ltr'><strong>latio</strong></span> <span class='ocrx_word' id='word_1_934' title='bbox 2564 5278 2915 5371; x_wconf 68' lang='grc' dir='ltr'><strong>ηιιηοᾱρυηιιε</strong></span> <span class='ocrx_word' id='word_1_935' title='bbox 2940 5308 3042 5356; x_wconf 81' lang='lat' dir='ltr'><strong>est.</strong></span> <span class='ocrx_word' id='word_1_936' title='bbox 3070 5335 3143 5346; x_wconf 92' lang='grc'><strong><em>-</em></strong></span> <span class='ocrx_word' id='word_1_937' title='bbox 3167 5278 3433 5362; x_wconf 53' lang='grc' dir='ltr'><strong>ηοω-ί,</strong></span> <span class='ocrx_word' id='word_1_938' title='bbox 3457 5304 3593 5360; x_wconf 64' lang='lat' dir='ltr'><strong>dixit</strong></span> <span class='ocrx_word' id='word_1_939' title='bbox 3614 5322 3628 5358; x_wconf 74' lang='grc' dir='ltr'>ε</span> <span class='ocrx_word' id='word_1_940' title='bbox 3650 5278 3967 5375; x_wconf 54' lang='lat' dir='ltr'><strong>Coniugia“?</strong></span> 
     </span>
    </p>
   </div>
   <div class='ocr_carea' id='block_1_105' title="bbox 728 5375 2300 5447">
    <p class='ocr_par' dir='ltr' id='par_1_105' title="bbox 728 5375 2300 5447">
     <span class='ocr_line' id='line_1_105' title="bbox 728 5375 2300 5447; baseline 0.005 -19"><span class='ocrx_word' id='word_1_941' title='bbox 728 5390 836 5444; x_wconf 74' lang='lat' dir='ltr'><strong>quo</strong></span> <span class='ocrx_word' id='word_1_942' title='bbox 859 5375 1137 5433; x_wconf 71' lang='lat' dir='ltr'><strong>diaeresin</strong></span> <span class='ocrx_word' id='word_1_943' title='bbox 1160 5378 1373 5447; x_wconf 68' lang='lat' dir='ltr'><strong>psalmo</strong></span> <span class='ocrx_word' id='word_1_944' title='bbox 1390 5385 1586 5446; x_wconf 76' lang='lat' dir='ltr'><strong>qmrte</strong></span> <span class='ocrx_word' id='word_1_945' title='bbox 1608 5376 1852 5443; x_wconf 74' lang='lat' dir='ltr'><strong>decimo,</strong></span> <span class='ocrx_word' id='word_1_946' title='bbox 1882 5378 1959 5435; x_wconf 78' lang='lat' dir='ltr'><strong>ait</strong></span> <span class='ocrx_word' id='word_1_947' title='bbox 1999 5397 2012 5431; x_wconf 86' lang='lat'><strong>:</strong></span> <span class='ocrx_word' id='word_1_948' title='bbox 2061 5378 2188 5443; x_wconf 74' lang='lat' dir='ltr'><strong>Quis</strong></span> <span class='ocrx_word' id='word_1_949' title='bbox 2210 5396 2300 5436; x_wconf 73' lang='lat' dir='ltr'><strong>re-</strong></span> 
     </span>
    </p>
   </div>
   <div class='ocr_carea' id='block_1_106' title="bbox 2403 5388 3965 5460">
    <p class='ocr_par' dir='ltr' id='par_1_106' title="bbox 2403 5388 3965 5460">
     <span class='ocr_line' id='line_1_106' title="bbox 2403 5388 3965 5460; baseline 0.001 -16"><span class='ocrx_word' id='word_1_950' title='bbox 2403 5390 2748 5460; x_wconf 81' lang='lat' dir='ltr'><strong>pollutionem</strong></span> <span class='ocrx_word' id='word_1_951' title='bbox 2775 5388 2955 5458; x_wconf 79' lang='lat' dir='ltr'><strong>habet,</strong></span> <span class='ocrx_word' id='word_1_952' title='bbox 2980 5394 3043 5448; x_wconf 70' lang='grc' dir='ltr'>ἐἰ</span> <span class='ocrx_word' id='word_1_953' title='bbox 3072 5393 3275 5451; x_wconf 65' lang='lat' dir='ltr'><strong>crimen</strong></span> <span class='ocrx_word' id='word_1_954' title='bbox 3312 5404 3420 5452; x_wconf 86' lang='lat' dir='ltr'><strong>non</strong></span> <span class='ocrx_word' id='word_1_955' title='bbox 3458 5390 3618 5452; x_wconf 84' lang='lat' dir='ltr'><strong>habet</strong></span> <span class='ocrx_word' id='word_1_956' title='bbox 3650 5415 3662 5451; x_wconf 90' lang='lat'><strong>:</strong></span> <span class='ocrx_word' id='word_1_957' title='bbox 3694 5392 3965 5453; x_wconf 69' lang='lat' dir='ltr'><strong>fornicatio</strong></span> 
     </span>
    </p>
   </div>
   <div class='ocr_carea' id='block_1_107' title="bbox 726 5462 3964 5558">
    <p class='ocr_par' dir='ltr' id='par_1_107' title="bbox 726 5462 3964 5558">
     <span class='ocr_line' id='line_1_107' title="bbox 726 5462 3964 5558; baseline 0.007 -43"><span class='ocrx_word' id='word_1_958' title='bbox 726 5465 1409 5535; x_wconf 43' lang='lat' dir='ltr'><strong>«meummeum</strong></span> <span class='ocrx_word' id='word_1_959' title='bbox 1433 5469 1556 5522; x_wconf 66' lang='lat' dir='ltr'><strong>tuo?</strong></span> <span class='ocrx_word' id='word_1_960' title='bbox 1574 5468 1631 5523; x_wconf 83' lang='lat' dir='ltr'><strong>et</strong></span> <span class='ocrx_word' id='word_1_961' title='bbox 1649 5467 1871 5537; x_wconf 66' lang='lat' dir='ltr'><strong>adiecit:</strong></span> <span class='ocrx_word' id='word_1_962' title='bbox 1894 5462 1997 5535; x_wconf 72' lang='lat' dir='ltr'><strong>Qui</strong></span> <span class='ocrx_word' id='word_1_963' title='bbox 2019 5471 2301 5543; x_wconf 81' lang='lat' dir='ltr'><strong>ingreditur</strong></span> <span class='ocrx_word' id='word_1_964' title='bbox 2406 5488 2583 5535; x_wconf 86' lang='lat' dir='ltr'><strong>autem</strong></span> <span class='ocrx_word' id='word_1_965' title='bbox 2622 5488 2678 5535; x_wconf 91' lang='lat' dir='ltr'><strong>et</strong></span> <span class='ocrx_word' id='word_1_966' title='bbox 2714 5482 3065 5552; x_wconf 85' lang='lat' dir='ltr'><strong>pollutionem</strong></span> <span class='ocrx_word' id='word_1_967' title='bbox 3104 5486 3303 5553; x_wconf 68' lang='lat' dir='ltr'><strong>habere</strong></span> <span class='ocrx_word' id='word_1_968' title='bbox 3335 5488 3711 5558; x_wconf 47' lang='lat' dir='ltr'><strong>probaturum:</strong></span> <span class='ocrx_word' id='word_1_969' title='bbox 3751 5487 3964 5543; x_wconf 70' lang='lat' dir='ltr'><strong>crimen.</strong></span> 
     </span>
    </p>
   </div>
   <div class='ocr_carea' id='block_1_108' title="bbox 1890 5579 2791 5648">
    <p class='ocr_par' dir='ltr' id='par_1_108' title="bbox 1890 5579 2791 5648">
     <span class='ocr_line' id='line_1_108' title="bbox 1890 5579 2791 5648; baseline 0.014 -14"><span class='ocrx_word' id='word_1_970' title='bbox 1890 5579 2002 5635; x_wconf 66' lang='grc' dir='ltr'><strong>ΕΒ.</strong></span> <span class='ocrx_word' id='word_1_971' title='bbox 2045 5580 2526 5648; x_wconf 73' lang='lat' dir='ltr'><strong>EEU-ARDENDII</strong></span> <span class='ocrx_word' id='word_1_972' title='bbox 2567 5588 2791 5647; x_wconf 68' lang='lat' dir='ltr'><strong>NOTJE.</strong></span> 
     </span>
    </p>
   </div>
   <div class='ocr_carea' id='block_1_109' title="bbox 802 5665 2298 5731">
    <p class='ocr_par' dir='ltr' id='par_1_109' title="bbox 802 5665 2298 5731">
     <span class='ocr_line' id='line_1_109' title="bbox 802 5665 2298 5731; baseline 0.006 -10"><span class='ocrx_word' id='word_1_973' title='bbox 802 5677 830 5704; x_wconf 78' lang='grc' dir='ltr'><strong>ι</strong></span> <span class='ocrx_word' id='word_1_974' title='bbox 854 5665 1071 5721; x_wconf 63' lang='lat' dir='ltr'><strong>Clarum</strong></span> <span class='ocrx_word' id='word_1_975' title='bbox 1098 5670 1182 5719; x_wconf 76' lang='lat' dir='ltr'><strong>est</strong></span> <span class='ocrx_word' id='word_1_976' title='bbox 1204 5666 1345 5721; x_wconf 64' lang='lat' dir='ltr'><strong>hanc</strong></span> <span class='ocrx_word' id='word_1_977' title='bbox 1371 5670 1687 5726; x_wconf 81' lang='lat' dir='ltr'><strong>sententiam</strong></span> <span class='ocrx_word' id='word_1_978' title='bbox 1727 5672 1968 5727; x_wconf 83' lang='lat' dir='ltr'><strong>mutilam</strong></span> <span class='ocrx_word' id='word_1_979' title='bbox 1995 5686 2113 5729; x_wconf 86' lang='lat' dir='ltr'><strong>esse</strong></span> <span class='ocrx_word' id='word_1_980' title='bbox 2142 5684 2193 5729; x_wconf 80' lang='lat' dir='ltr'><strong>et</strong></span> <span class='ocrx_word' id='word_1_981' title='bbox 2232 5691 2298 5731; x_wconf 81' lang='lat' dir='ltr'><strong>ex</strong></span> 
     </span>
    </p>
   </div>
   <div class='ocr_carea' id='block_1_110' title="bbox 733 5735 1951 5794">
    <p class='ocr_par' dir='ltr' id='par_1_110' title="bbox 733 5735 1951 5794">
     <span class='ocr_line' id='line_1_110' title="bbox 733 5735 1951 5794; baseline 0.002 -4"><span class='ocrx_word' id='word_1_982' title='bbox 733 5737 954 5792; x_wconf 89' lang='lat' dir='ltr'><strong>meliore</strong></span> <span class='ocrx_word' id='word_1_983' title='bbox 982 5735 1608 5794; x_wconf 87' lang='lat' dir='ltr'><strong>codice-resarciendam.</strong></span> <span class='ocrx_word' id='word_1_984' title='bbox 1939 5769 1951 5777; x_wconf 60' lang='grc' dir='ltr'>ν</span> 
     </span>
    </p>
   </div>
   <div class='ocr_carea' id='block_1_111' title="bbox 2482 5678 3210 5757">
    <p class='ocr_par' dir='ltr' id='par_1_111' title="bbox 2482 5678 3210 5757">
     <span class='ocr_line' id='line_1_111' title="bbox 2482 5678 3210 5757; baseline 0.011 -22"><span class='ocrx_word' id='word_1_985' title='bbox 2482 5678 2508 5716; x_wconf 64' lang='grc' dir='ltr'>δ</span> <span class='ocrx_word' id='word_1_986' title='bbox 2538 5680 2703 5757; x_wconf 78' lang='lat' dir='ltr'><strong>Vetus</strong></span> <span class='ocrx_word' id='word_1_987' title='bbox 2731 5682 2932 5754; x_wconf 82' lang='lat' dir='ltr'><strong>codex,</strong></span> <span class='ocrx_word' id='word_1_988' title='bbox 2965 5688 3210 5751; x_wconf 76' lang='lat' dir='ltr'><strong>asserere.</strong></span> 
     </span>
    </p>
   </div>
  </div>
