4246 6264
340 410 454 464 969

1122 405 1543 464 CONFLICTUS
1580 405 1667 460 DE
1702 403 1838 490 ξ)Εο
1876 400 2085 461 TRINO
2120 404 2210 461 ET
2244 396 2406 476 UNO,
2446 408 2599 467 ETC.
2639 410 2765 467 LIB.
2806 412 2846 467 I.

3518 410 3621 476 270

336 523 459 581 Sed
496 526 750 596 permitte
788 540 873 579 me
899 524 1128 597 probare
1164 520 1329 581 turris
1356 517 1667 576 indiculum.
1699 518 1818 591 Ipse
1840 535 1937 573 au-
1964 510 2013 583 λ
2041 527 2124 575 est
2150 522 2483 576 mendacium
2495 523 2861 579 testimonium
2883 525 3199 596 ejus.DaViil
3221 542 3435 602 quoque
3448 532 3506 589 iii
3522 550 3619 592 suo

340 622 463 669 tem
492 614 749 675 Dominus
800 614 851 671 in
896 609 1185 680 Evangelio
1233 611 1311 666 sic
1358 610 1432 665 ait
1472 628 1484 662 :
1539 609 1936 687 Paterfamilias

336 704 608 774 plantavit
634 704 843 767 vineam,
876 712 925 754 et
946 703 1103 771 sepsit
1122 717 1255 766 eam,
1286 710 1335 754 et
1362 699 1634 771 azdiﬁcavit
1661 701 1712 755 in
1736 716 1795 753 ea
1829 710 1938 753 tur-

339 794 472 857 rim,
527 802 576 845 et
622 793 803 863 locavit
845 808 956 845 eam
986 790 1230 863 agricolis
1276 789 1501 863 (Matth.
1536 806 1661 854 xu,
1692 788 1933 859 53),.qid

336 883 547 937 missos
578 881 649 934 ad
684 895 741 935 se
778 879 962 935 serios
997 896 1027 933 a
1064 879 1447 952 patrelamilias
1486 879 1657 949 plagis
1696 877 1933 959 allligere

333 989 457 1028 non
489 981 789 1028 metuerant
822 980 1132 1048 :postremo
1155 972 1221 1026 ab
1261 972 1376 1043 ipso
1406 968 1783 1041 patrefamili'as
1810 970 1933 1025 mis-

328 1082 465 1123 sum
519 1058 687 1119 ﬁliuni
732 1062 1062 1119 occiderunt.
1093 1061 1210 1116 Hoc
1266 1061 1440 1127 dicto,
1473 1063 1869 1130 interrogantur
1898 1077 1929 1114 a

329 1155 589 1221 Domino,
625 1155 750 1209 Cum
776 1156 965 1209 venerit
992 1152 1436 1233 dominusvinete,
1465 1152 1587 1224 quid
1612 1152 1763 1222 faciet
1789 1149 1929 1204 colo-

331 1251 421 1303 nis
468 1238 616 1302 illis?
660 1247 730 1301 Et
781 1246 1146 1316 respondentes
1191 1230 1363 1315 Judaei
1412 1243 1650 1299 dixerunt
1692 1230 1928 1297 {Malos

331 1341 472 1394 male
496 1341 699 1411 perdet,
729 1350 778 1393 et
810 1342 1008 1393 vineam
1037 1356 1184 1397 suam
1213 1339 1330 1391 aliis
1360 1335 1549 1390 locabit
1570 1337 1827 1409 agricolis.
1861 1334 1931 1388 Et

336 1431 589 1487 Dominus
625 1433 697 1487 ad
729 1450 834 1497 eos,
872 1420 1197 1495 Amen‘dico,
1236 1427 1424 1499 inquit,
1462 1424 1618 1491 vobis,
1655 1426 1928 1498 Auferetur

336 1542 369 1577 a
408 1524 545 1579 vobis
583 1540 797 1594 regnum
831 1520 957 1591 Dei,
995 1531 1045 1575 et
1079 1517 1286 1585 dabitur
1314 1521 1453 1591 genti
1488 1519 1697 1590 facienti
1730 1518 1926 1588 fructus

336 1617 466 1686 ejus.

411 1704 587 1762 XVIII.
605 1740 676 1749 ——
689 1705 948 1779 Serapion
968 1705 1129 1760 dixit:
1153 1690 1358 1772 Quarto
1382 1719 1525 1759 nunc
1545 1703 1663 1758 loco
1677 1698 1923 1773 quaeren-

340 1798 436 1853 dus
455 1814 632 1853 sermo
660 1798 944 1853 Dominum
964 1811 1062 1867 per
1091 1796 1293 1865 virgam
1318 1794 1714 1866 prazliguratum
1736 1801 1923 1848 osten-

2038 613 2256 683 proprio
2280 614 2486 683 psalmo
2515 614 2593 670 sic
2618 612 2749 671 dicit
2769 616 2836 673 de
2860 614 2976 675 Deo
3008 638 3020 672 :
3063 610 3185 691 ipse
3212 622 3618 696 misﬂangelum

1988 704 1994 709 ’
2035 718 2202 766 suum,
2245 713 2293 756 et
2328 703 2446 757 'tulit
2485 720 2564 759 me
2602 706 2665 759 de
2703 709 2879 763 ovibus
2911 710 3075 778 patris
3108 714 3228 781 Mei,
3268 724 3317 768 et
3353 719 3504 771 auxit
3535 732 3619 774 me

2033 795 2278 847 unctione
2304 794 2675 853 misericordiae
2703 814 2810 853 suae
2836 790 3010 870 '(Psal.
3040 814 3241 869 Lxxvn,
3270 798 3391 875 70).
3425 840 3496 849 -—
3522 808 3619 864 Se-

2035 886 2224 956 rapion
2264 882 2398 940 dixit
2431 905 2443 939 :
2484 883 2720 957 Propera
2756 886 2820 943 ad
2849 897 3088 956 senum,
3124 893 3187 947 in
3215 894 3617 954 similitudinem

2035 972 2269 1056 hominis
2289 972 2483 1031 Filium
2504 976 2601 1032 Dei
2615 970 2924 1034 ante‘visum
2945 982 3099 1050 :‘quia
3120 978 3314 1039 sufﬁcit
3341 982 3407 1041 de
3428 986 3617 1056 quinto

2032 1065 2177 1134 quod
2232 1054 2431 1121 dictum
2480 1072 2580 1121 est.
2612 1101 2681 1110 —
2710 1066 2976 1125 Arnobius
3004 1058 3139 1126 dixit
3182 1091 3195 1124 :
3224 1080 3251 1112 ι·
3283 1054 3531 1144 Legimus
3560 1077 3634 1134 in‘

2034 1155 2170 1211 libro
2198 1156 2323 1213 Iesu
2345 1157 2512 1224 Nave,
2532 1159 2676 1228 ‘q‘uod
2706 1160 2798 1215 illo
2829 1153 3077 1232 tempore
3104 1170 3223 1219 cum
3248 1164 3461 1224 Jericbo
3487 1161 3617 1225 con-

2032 1245 2237 1299 tinuum
2268 1246 2426 1301 iniret
2462 1247 2721 1317 prmlium,
2752 1250 2885 1304 vidit
2930 1251 3201 1307 hominem
3230 1264 3458 1312 stantem
3484 1270 3651 1314 con-9'

2032 1342 2110 1387 tra
2140 1346 2219 1401 se,
2250 1342 2303 1390 ct
2331 1334 2539 1404 gladius
2566 1337 2618 1391 in
2648 1350 2810 1394 manu
2836 1338 2955 1411 'ejus
2988 1359 3000 1394 :
3040 1356 3269 1412 cumque
3301 1350 3617 1405 accessisses

2030 1424 2097 1479 ad
2122 1436 2263 1491 eum,
2291 1422 2426 1481 dixit
2453 1424 2502 1481 ei
2530 1445 2543 1479 :
2578 1410 2773 1483 Noster
2801 1410 2877 1497 es,
2921 1440 2988 1484 an
3030 1410 3485 1490 adversariorum?
3512 1436 3631 1502 Qni‘

2029 1510 2342 1587 respondens
2373 1518 2448 1571 ait
2477 1535 2493 1571 :
2536 1516 2649 1589 Ego
2678 1534 2791 1573 sum
2818 1521 2924 1575 dum
2959 1522 3279 1594 fortitutﬁnis
3307 1523 3404 1580 Dei
3437 1514 3629 1598 (Iosue-

2030 1606 2082 1671 ἣν,
2116 1598 2201 1671 13,
2234 1600 2355 1678 lli).
2382 1600 2519 1662 item
2544 1606 2711 1666 Isaias
2737 1608 3001 1681 propheta
3032 1612 3162 1668 dicit
3190 1631 3203 1667 :
3228 1609 3627 1689 Clamabi't’po-'

2027 1694 2179 1767 putus
2228 1697 2298 1750 ad
2342 1694 2506 1752 Deum
2538 1708 2691 1754 suum
2734 1703 2790 1755 in
2820 1704 3072 1774 angustiis
3092 1706 3223 1772 suis,
3254 1717 3302 1761 et
3320 1712 3487 1763 mittet
3508 1710 3616 1766 illis

2031 1785 2284 1842 Dominus
2306 1788 2559 1844 hominem
2577 1788 2665 1862 qui
2692 1788 2872 1847 liberet
2898 1810 2982 1848 eos
3012 1794 3166 1866 (Isai.
3196 1812 3307 1862 xix,
3330 1798 3456 1872 ΞΟ).
3479 1801 3616 1860 Item

342 1888 490 1955 dens,
505 1897 565 1963 ut
579 1887 861 1958 promissio
886 1889 974 1941 tua
999 1901 1096 1941 suo
1118 1884 1307 1939 ordine
1326 1885 1642 1957 explicetur.
1659 1882 1923 1938 —Arno-
1953 1876 2002 1936 Il
2031 1876 2162 1963 dicit
2187 1877 2374 1935 Daniel
2408 1898 2419 1933 :
2446 1881 2480 1918 ’δ
2512 1876 2643 1936 ‘Vi‘di
2670 1880 2724 1936 in
2747 1882 2964 1939 nubibus
2981 1886 3090 1940 cati
3118 1890 3399 1944 vadentem
3418 1888 3616 1947 Fuﬁum

343 1979 461 2033 bius
487 1976 622 2031 dixit
656 1997 667 2030 :
704 1977 961 2047 Loquitur
988 1977 1041 2030 in
1064 1972 1251 2030 Exodo
1274 1975 1340 2028 ad
1360 1973 1600 2045 Moysem
1621 1974 1878 2029 Dominus
1905 1968 1929 2027 ε’

348 2068 461 2145 Ego
473 2070 628 2123 stabo
638 2070 695 2122 in
707 2070 977 2123 cacumine
996 2067 1161 2130 collis,
1187 2074 1241 2122 et
1254 2066 1399 2136 virga
1414 2066 1546 2132 lucc,
1564 2081 1683 2136 qua:
1695 2059 1930 2121 in'manu'

352 2172 442 2217 tua
470 2169 571 2226 est,
598 2162 658 2233 in
681 2162 793 2230 ipsa
814 2158 998 2214 faciam
1024 2161 1196 2214 omnia
1217 2161 1363 2229 signa
1391 2158 1666 2216 virtutum.
1698 2154 1840 2215 Dicit
1868 2149 1934 2213 et’

346 2251 517 2309 David
562 2253 614 2305 in
663 2251 894 2320 spiritu:
932 2249 1089 2321 Virga
1135 2253 1399 2325 tequitatis,
1442 2254 1583 2322 virga
1630 2250 1777 2321 regni
1824 2254 1919 2305 tui.

313 2361 322 2370 ·
354 2339 517 2412 Virga
546 2351 633 2393 tua
660 2338 710 2393 et
729 2338 934 2393 baculus
954 2348 1095 2408 tuus,
1127 2348 1228 2396 etc.
1256 2336 1443 2411 (Exod,
1468 2340 1685 2415 tv,‘l7).
1720 2340 1786 2394 Et
1816 2336 1929 2394 Da-'

342 2416 430 2485 vid
460 2428 764 2502 interpellat
791 2424 1069 2487 Dominum
1095 2431 1275 2486 dicens
1308 2450 1320 2484 :
1355 2424 1609 2487 Memento
1635 2450 1922 2503 congrega-

339 2520 491 2575 tionis
515 2532 633 2586 tute,
662 2529 765 2574 etc.
793 2519 1043 2574 Liberasti
1065 2524 1260 2594 virgam
1289 2522 1925 2591 hwreditatistuwﬂ’sal;

338 2627 479 2676 λων,
513 2608 586 2683 7).
618 2608 751 2664 Item
780 2607 946 2664 dicit:
982 2608 1197 2683 Virgam
1218 2615 1420 2666 virtutis
1456 2622 1572 2681 tum,
1605 2622 1708 2668 etc.
1744 2612 1925 2684 (Psal.’

336 2718 515 2764 Lxxm,
535 2700 612 2772 2).
626 2699 940 2756 Evidentins
960 2709 1136 2757 autem
1150 2704 1215 2759 de
1240 2691 1470 2758 Domino
1493 2704 1704 2758 dicitur:
1723 2703 1921 2758 Exsur-

330 2802 415 2862 yet
432 2792 576 2862 virga
606 2792 667 2846 de
696 2791 870 2845 radice
895 2791 1059 2857 Iesse,
1085 2795 1191 2847 etc.
1220 2795 1235 2860 (
1267 2791 1400 2847 Isai.
1433 2809 1504 2857 x1,
1531 2791 1556 2844 i
1581 2793 1620 2863 ).
1649 2793 1776 2860 Qua:
1805 2811 1921 2849 om-

332 2884 420 2937 nia
442 2882 733 2953 adimpleta
753 2891 880 2936 sunt
901 2883 954 2936 in
976 2898 1061 2947 eo,
1092 2884 1176 2952 qui
1206 2885 1375 2954 factus
1402 2893 1476 2936 est
1512 2901 1576 2936 ex
1604 2887 1793 2938 semine
1812 2880 1922 2938 Da—

331 2974 417 3028 vid
444 2974 728 3028 secundum
757 2990 965 3027 carnem
988 2972 1163 3044 (Rom:
1198 2990 1234 3037 ι,
1267 2973 1342 3043 5).
1366 2986 1436 3016 —-‘
1463 2974 1721 3044 Serapion
1751 2977 1915 3031 dixit:

334 3063 507 3118 Serva
545 3063 963 3133 disputationem
1004 3063 1203 3128 carnis,
1235 3063 1301 3117 de
1324 3080 1426 3132 qua
1457 3064 1609 3119 nobis
1632 3067 1732 3119 erit
1761 3082 1918 3122 verus

334 3161 664 3226 apertusque
696 3153 972 3207 conﬂictus
1001 3172 1012 3205 :
1047 3170 1185 3208 nunc
1213 3164 1329 3221 qtae
1353 3155 1623 3224 proposita
1646 3164 1765 3209 sunt
1787 3172 1816 3210 a
1838 3165 1911 3222 te,

2029 1961 2253 2053 nominis
2280 1971 2351 2024 ad
2378 1978 2592 2026 veterem
2620 1973 2838 2040 dierum,
2880 1987 2928 2030 et
2957 1978 3080 2032 data
3104 1989 3179 2033 est
3216 1983 3262 2035 ei
3288 1991 3512 2052 potestas
3530 2000 3616 2039 re-

2028 2061 2118 2131 gtti
2151 2058 2313 2131 (Dan.
2348 2066 2437 2127 Vti,
2464 2056 2574 2133 15).
2598 2062 2729 2119 Item
2751 2065 2865 2135 ipse
2887 2066 3071 2123 Daniel
3099 2072 3173 2124 ait
3205 2090 3218 2124 :
3253 2072 3407 2127 Stetit
3433 2084 3616 2131 contra

2026 2170 2109 2205 me
2128 2155 2276 2221 quasi
2306 2155 2429 2208 visio
2450 2155 2690 2221 hominis,
2723 2168 2773 2211 et
2796 2161 2991 2214 vocavit
3022 2159 3308 2217 Gabrielem
3330 2166 3614 2240 archange-

2027 2245 2151 2309 lum,
2184 2257 2232 2300 et
2261 2248 2393 2327 dicit
2434 2251 2589 2314 ei,'ut
2632 2250 2837 2305 doceret
2882 2254 3129 2309 visionem
3185 2272 3337 2326 quam
3376 2258 3614 2316 ‘videbasts

2030 2338 2194 2409 (Dan.
2242 2352 2354 2404 xm,
2400 2339 2518 2411 16).
2551 2339 2683 2395 Item
2722 2343 2837 2413 ipse
2880 2340 3110 2401 Daniel:
3149 2344 3386 2417 Eleum,
3417 2350 3609 2421 inquit,

2026 2430 2203 2482 oculos
2223 2443 2378 2495 meos,
2394 2440 2443 2483 et
2462 2430 2582 2493 vidi,
2601 2439 2649 2485 et
2674 2450 2789 2486 ecce
2808 2433 2957 2489 homo
2979 2436 3064 2503 qui
3080 2438 3291 2493 indutus
3313 2450 3429 2493 erat
3438 2441 3612 2512 bysso,

2025 2526 2076 2600 et
2110 2516 2277 2599 lumbi
2321 2521 2432 2591 ejus
2480 2524 2699 2575 accincti
2744 2535 2893 2578 erant
2916 2538 3046 2580 auro
3077 2527 3251 2596 (Dan.
3283 2542 3343 2593 x,
3370 2529 3446 2600 5).
3474 2530 3611 2588 Item

2027 2596 2269 2663 Ezechiel
2300 2610 2457 2665 dicit:
2499 2608 2621 2667 Vidi
2649 2629 2801 2684 super
2822 2616 3062 2671 thronum
3090 2621 3237 2689 quasi
3262 2596 3482 2690 ﬁguram
3504 2622 3608 2678 ﬁo-

2025 2700 2179 2752 mniis
2215 2697 2425 2769 (Ezech.
2472 2718 2505 2765 ι,
2538 2698 2661 2771 26).
2702 2700 2837 2758 Item
2878 2705 2995 2775 ipse
3028 2724 3041 2758 :
3088 2704 3213 2761 Vidi
3248 2711 3608 2767 ascendentem

1962 2788 1965 2793 ’
2024 2787 2240 2859 desuper
2268 2789 2526 2843 cherubim
2558 2802 2823 2846 vocantem
2851 2794 2923 2847 ad
2948 2812 3004 2849 se
3030 2795 3305 2861 hominem,
3336 2801 3422 2872 qui
3447 2802 3608 2855 indu-

2025 2889 2103 2933 tus
2142 2890 2254 2934 erat
2291 2882 2506 2952 pudere,
2549 2886 2634 2953 qui
2673 2885 2872 2938 cinctus
2911 2896 3024 2940 erat
3063 2904 3215 2959 super
3253 2890 3449 2947 lumbos
3486 2904 3615 2951 suos

2022 2987 2155 3025 zona
2205 2988 2363 3025 aurea
2415 2971 2625 3043 (Ezech.
2660 2988 2712 3040 x,
2756 2975 2841 3047 2).
2881 3010 2948 3019 —
2986 2976 3247 3051 Serapion
3297 2982 3474 3038 dixit:
3524 2985 3608 3045 Ex

2022 3064 2312 3118 abundanti
2344 3065 2653 3120 testimonia
2701 3067 2769 3122 de
2815 3084 2883 3124 eo
2906 3071 3178 3127 reddenda
3209 3082 3351 3143 sunt,
3374 3078 3518 3146 quod
3548 3079 3607 3137 in

2020 3150 2239 3207 dubium
2270 3147 2415 3208 'venit
2448 3170 2631 3209 :nunc
2648 3172 2779 3212 vero
2794 3146 3045 3216 brevitati
3080 3163 3319 3231 studens,
3352 3181 3512 3238 perge
3537 3169 3608 3227 ad
3681 3194 3690 3205 ε

332 3246 607 3316 explicare
628 3245 781 3299 stude
803 3245 1064 3314 exempla.
1090 3244 1222 3299 Nam
1246 3255 1438 3314 quarto
1458 3247 1576 3300 loco
1602 3248 1800 3316 virgam
1821 3263 1918 3303 cur
1944 3232 1992 3296 (ἶ
2022 3246 2305 3315 septimam
2332 3240 2619 3302 sacerdotii
2648 3258 2680 3302 s
2706 3257 2762 3304 te
2788 3251 3187 3310 similitudinem
3226 3232 3603 3316 memoratam.

330 3338 575 3410 posueris
599 3337 711 3407 jam
740 3336 941 3403 dixisti,
969 3338 1157 3407 quinto
1186 3353 1327 3393 nunc
1358 3338 1493 3401 loco,
1522 3337 1779 3406 Angelum
1808 3344 1917 3409 qua

330 3429 537 3483 ratione
568 3427 789 3491 dixeris,
818 3428 1011 3505 pande.
1136 3500 1139 3507 _

396 3551 467 3560 -
496 3515 760 3570 Arnobius
801 3514 933 3571 dixit
982 3534 993 3569 :
1030 3504 1166 3569 Audi
1213 3514 1279 3570 ad
1317 3504 1555 3587 Moysem
1602 3516 1913 3587 loquentem

330 3594 608 3659 Dominum
635 3624 646 3658 :
682 3602 814 3658 Ecce
841 3622 932 3676 ego
960 3607 1107 3658 mitto
1150 3605 1390 3676 angelum
1419 3620 1584 3659 meum
1607 3617 1725 3660 ante
1746 3619 1810 3672 te,
1843 3609 1915 3662 ad
1953 3620 1957 3624 ‘

330 3698 714 3752 custodiendum
744 3707 791 3751 te
817 3700 871 3751 in
898 3700 1035 3751 omni
1064 3700 1247 3752 itinere
1292 3707 1378 3752 tuo
1409 3715 1426 3751 :
1456 3700 1666 3753 observa
1690 3716 1824 3763 eum,
1862 3699 1921 3753 et

330 3788 514 3841 obaudi
544 3789 591 3841 ei
622 3804 639 3840 :
669 3804 852 3841 nomen
896 3789 1033 3841 enim
1066 3805 1232 3841 meum
1260 3789 1313 3841 in
1342 3805 1399 3842 eo
1421 3798 1496 3841 est
1526 3789 1544 3860 (
1562 3788 1730 3843 Exod.
1760 3800 1906 3855 xuii,

327 3872 449 3948 ω).
482 3879 770 3933 Malacbias
796 3886 973 3934 autem
1001 3879 1164 3937 dicit:
1199 3860 1361 3933 La'bia
1379 3881 1659 3934 sacerdotis
1679 3891 1828 3937 erunt
1855 3884 1913 3935 in

330 3980 408 4033 eo,
441 3969 560 4039 quia
608 3970 814 4040 angelus
861 3969 1069 4023 Domini
1108 3976 1195 4023 est
1242 3968 1491 4041 (Malach.
1526 3987 1580 4034 η,
1611 3973 1700 4041 7).
1758 3969 1911 4025 Unde

329 4060 497 4117 etiam
515 4059 582 4113 de
601 4060 796 4129 populo
818 4069 1119 4116 sanctorum
1138 4061 1393 4124 omnium,
1410 4063 1499 4129 qui
1525 4062 1573 4115 in
1592 4063 1693 4116 isto
1710 4060 1910 4117 mundo

327 4166 493 4207 causa
516 4152 752 4221 nominis
767 4153 933 4206 sancti
960 4150 1137 4205 afﬂicti
1163 4154 1459 4221 probantur
1487 4160 1539 4207 et
1560 4154 1703 4222 passi
1723 4153 1911 4208 dicun-

324 4249 416 4296 tur
440 4261 452 4294 :
490 4240 600 4296 Iste
626 4257 820 4311 pauper
848 4242 1098 4307 clmituvit,
1130 4253 1178 4296 et
1206 4241 1456 4297 Dominus
1486 4242 1744 4298 exaudivit
1769 4256 1905 4309 eum,

326 4333 379 4387 id
406 4342 509 4399 est,
543 4333 796 4403 populum
824 4342 1084 4397 sanctum,
1106 4344 1154 4386 et
1177 4351 1242 4387 ea:
1265 4334 1499 4387 omnibus
1524 4335 1791 4403 angustiis
1807 4335 1909 4387 eri-

321 4427 426 4495 piet
446 4442 561 4479 eum
588 4423 769 4496 (Psol.
798 4441 978 4487 xxxm,
1016 4424 1063 4490 7,
1097 4423 1170 4495 6).
1215 4423 1362 4477 Misit
1388 4423 1627 4493 angelum
1656 4423 1907 4478 Dominus

320 4518 374 4569 in
406 4516 620 4567 circuitu
650 4516 926 4568 timentia»:
969 4531 1102 4579 eum,
1129 4516 1232 4570 hoc
1261 4522 1362 4578 est,
1398 4514 1693 4567 timentium
1721 4515 1904 4570 Domi-

2019 3366 2091 3377 -—
2116 3334 2384 3391 Arnobius
2412 3336 2547 3392 dixit
2572 3358 2585 3391 :
2616 3337 2675 3393 In
2698 3339 2905 3411 Regum
2928 3344 3063 3401 libro
3092 3347 3270 3417 primo
3291 3349 3356 3403 ad
3378 3349 3615 3406 Samue-'

1913 3436 1917 3445 '
2019 3426 2122 3481 lem
2150 3427 2389 3498 loquitur
2415 3428 2557 3485 Deus
2577 3430 2762 3487 dicens
2789 3451 2802 3486 :
2837 3434 3109 3492 Suscitabo
3134 3439 3262 3492 mihi
3288 3442 3606 3496 sacerdotem
3650 3421 3677 3466 π’

2018 3516 2243 3587 ﬁdelem,
2267 3519 2352 3589 qui
2378 3522 2553 3573 omnia
2572 3536 2639 3574 ex
2665 3524 2821 3576 corde
2843 3540 2954 3579 meo
2983 3529 3140 3597 faciet
3162 3527 3217 3596 (Ι
3249 3527 3376 3600 Reg.
3410 3547 3449 3595 ι,
3482 3530 3600 3601 55).

2018 3608 2085 3661 Et
2106 3608 2272 3663 David
2301 3609 2429 3664 dicit
2453 3630 2466 3663 :
2498 3612 2702 3666 Iura-vit
2728 3614 2982 3667 Don’rlnus
3011 3615 3199 3679 David,
3230 3625 3283 3668 et
3310 3630 3415 3671 non
3441 3622 3605 3687 pumi-

2019 3697 2139 3752 te'bit
2165 3714 2299 3763 eum,
2331 3707 2434 3753 etc.
2471 3699 2595 3771 (Ps.
2631 3717 2736 3766 ω,
2766 3702 2933 3771 4).-ι-
2962 3703 3227 3771 Bernpion
3259 3705 3395 3759 dixit
3426 3714 3438 3758 ὲ
3468 3706 3615 3761 Ἑνὶ-ί

2006 3789 2197 3845 dentis
2217 3795 2343 3843 sunt
2371 3789 2473 3845 ista
2497 3789 2603 3844 duo
2634 3791 2939 3844 testimonia
2962 3807 2993 3844 a
3022 3798 3075 3845 te
3102 3792 3311 3860 prolata
3340 3794 3408 3850 de
3436 3797 3600 3866 septi-

2016 3895 2103 3933 ma
2139 3878 2485 3934 similitudine
2515 3898 2527 3932 :
2560 3878 2765 3950 explica
2794 3894 2940 3935 nunc
2966 3886 3231 3947 octavam,
3261 3884 3409 3951 quod
3436 3892 3603 3941 testa.

2015 3976 2257 4024 mentum
2278 3968 2408 4035 Dei,
2431 3969 2598 4025 Filius
2626 3970 2720 4024 Dei
2749 3968 2919 4040 possit
2956 3970 3195 4039 intelligi.
3225 4005 3297 4015 --
3335 3972 3600 4032 Arnobius

2015 4060 2179 4115 dixit:
2212 4060 2372 4115 Liber
2398 4061 2670 4117 Geneseos
2688 4061 2925 4133 loquitur
2951 4059 3095 4132 quod
3115 4060 3308 4129 dixerit
3338 4060 3594 4120 Dominus

2015 4150 2082 4207 ad
2106 4150 2220 4207 Noe
2248 4160 2302 4209 et
2328 4152 2397 4208 ad
2414 4150 2554 4208 ﬁlios
2582 4151 2697 4223 ejus
2724 4170 2738 4205 :
2762 4148 2896 4206 Ecce
2922 4170 3014 4223 ego
3045 4153 3211 4208 excito
3240 4162 3596 4211 testamentum

2013 4262 2181 4299 meum
2226 4246 2383 4309 vobis,
2415 4256 2467 4300 et
2489 4248 2673 4300 semini
2696 4254 2867 4300 vestro
2885 4257 3002 4318 post
3027 4260 3135 4313 ras,
3164 4260 3214 4303 et
3241 4253 3381 4304 omni
3403 4254 3613 4309 unione:

2012 4351 2125 4407 qua:
2150 4337 2271 4390 vivit
2296 4334 2553 4391 vobiscum
2576 4335 2731 4407 (Gen.
2776 4344 2850 4399 ix,
2884 4332 3004 4406 ω).
3030 4336 3162 4393 item
3187 4349 3308 4411 post
3336 4340 3436 4395 alia
3466 4342 3596 4398 dicit

2012 4427 2151 4483 Deus
2172 4426 2237 4481 ad
2261 4426 2374 4482 Noe
2401 4437 2455 4482 et
2493 4426 2559 4483 ad
2598 4426 2734 4483 lilios
2750 4426 2895 4495 ejus:
2946 4420 3147 4483 Memor
3183 4432 3269 4485 ero
3300 4435 3590 4488 testamenti

2010 4523 2108 4574 mei
2136 4520 2270 4594 quod
2289 4529 2365 4574 est
2389 4522 2521 4574 inter
2547 4537 2627 4574 me
2663 4530 2711 4573 et
2729 4536 2834 4587 vos,
2870 4530 2920 4574 et
2951 4538 3150 4576 omnem
3179 4524 3407 4578 animam
3427 4527 3594 4580 vivam

320 4622 471 4670 num,
496 4616 546 4658 et
563 4607 743 4675 eripiet
764 4623 867 4671 eos,
900 4606 1144 4661 eumdem
1172 4604 1429 4675 populum
1452 4604 1738 4675 iustorum.
1771 4599 2173 4685 IteleGen.
2218 4628 2294 4681 ix,
2335 4611 2451 4682 lli).
2498 4612 2632 4668 Item
2680 4628 2786 4667 vox
2833 4613 2928 4669 Dei
2974 4615 3040 4669 ad
3080 4614 3192 4670 Noe
3238 4624 3294 4671 et
3337 4617 3404 4672 ad
3451 4618 3589 4673 ﬁlios

319 4697 508 4750 Daniel
536 4696 781 4767 angelum
810 4704 1196 4750 commemorat
1222 4696 1289 4750 de
1317 4695 1455 4751 coelo
1485 4696 1822 4752 descendisse
1848 4699 1901 4752 in

2011 4706 2126 4774 ejus
2170 4706 2345 4761 dicit:
2399 4704 2606 4759 Ponam
2650 4721 2825 4759 arcum
2878 4722 3044 4760 meum
3088 4708 3144 4760 in
3190 4708 3405 4765 nubibus
3444 4712 3586 4774 caeli,

319 4788 553 4840 medium
580 4784 933 4875 ﬂammarum,
960 4795 1017 4839 ut
1045 4794 1156 4841 tres
1175 4796 1373 4855 pueros
1399 4785 1466 4840 de
1486 4786 1732 4842 incendio
1766 4788 1901 4843 libe-
1976 4794 1981 4800 ’
2004 4805 2054 4848 et
2073 4793 2384 4850 recordabar
2421 4796 2710 4851 (ρειπωιηεί
2734 4797 2856 4858 mei,
2887 4796 3023 4863 quod
3048 4807 3125 4851 est
3151 4799 3287 4854 inter
3306 4817 3387 4855 me
3422 4812 3474 4854 et
3502 4818 3588 4856 vos

317 4887 479 4945 met,
522 4886 649 4934 etim
676 4878 1168 4934 Nabuchodonosor
1193 4879 1261 4934 de
1306 4895 1375 4934 eo
1401 4879 1638 4947 dixisset,
1676 4880 1907 4946 Quartus
2004 4884 2215 4956 (-Ibid.).
2251 4896 2271 4924 ε
2302 4884 2434 4939 Item
2461 4898 2559 4955 per
2582 4883 2774 4940 Isaiam
2796 4885 2931 4942 dicit
2953 4886 3210 4945 Dominus
3243 4907 3256 4943 :
3291 4889 3586 4944 Testamen-

316 4978 463 5039 ξηαπ
498 4971 651 5024 rideo
684 4971 866 5025 similis
903 4979 981 5025 est
1004 4970 1146 5025 Filio
1190 4970 1287 5026 Det
1312 4970 1479 5042 (Dan.
1513 4987 1585 5037 ιιι,
1618 4972 1719 5043 49)
1757 4994 1768 5027 :
1797 4990 1905 5029 non
2009 4986 2113 5031 tum
2138 4968 2305 5031 meum
2331 4978 2428 5031 erit
2465 4992 2580 5031 om
2600 4977 2708 5033 vita
2732 4985 2785 5033 et
2809 4992 2958 5049 pace,
2987 4978 3072 5036 lea:
3115 4988 3166 5034 et
3192 4981 3379 5035 veritas
3405 4979 3503 5032 erit
3528 4978 3585 5029 in

1506 5127 1613 5181 FR.
1654 5117 2136 5186 FEU-ARBEN'I‘H
2174 5129 2400 5186 NOTAE.

391 5249 415 5277 ο
454 5238 693 5312 Justinus
711 5240 1149 5312 martyrAmgltis
1194 5240 1420 5312 seculis,
1445 5248 1569 5295 ante
1606 5242 1897 5296 Arnobium

316 5328 382 5366 ex
414 5311 519 5365 hoc
553 5310 671 5363 loco
698 5304 977 5369 contendit
1009 5304 1199 5363 Filium
1233 5309 1326 5364 Dei
1353 5310 1480 5365 olim
1507 5326 1722 5365 carnem
1749 5327 1897 5365 sum-

316 5389 551 5451 pturum,
580 5394 699 5435 sese
726 5379 1160 5451 conspiciendum
1184 5378 1346 5435 Josue
1372 5381 1628 5451 obtulisse
1654 5387 1707 5433 et
1733 5395 1897 5451 appa-

2008 5250 2250 5315 t'anquam
2298 5243 2492 5299 Filium
2536 5244 2756 5299 hominis
2807 5244 2930 5316 dicit
2981 5248 3317 5316 quamquam
3373 5259 3581 5316 regnum

2009 5307 2272 5378 aeternum,
2310 5324 2480 5369 nonne
2506 5316 2600 5367 nec
2626 5315 2793 5383 ipsum
2819 5307 3314 5383 subindieatiANam
3343 5307 3456 5368 cum
3485 5319 3576 5382 ait,

2004 5385 2150 5459 quasi
2178 5383 2373 5459 Filium
2388 5385 2628 5447 hominis,
2648 5380 2840 5459 nam:
2856 5387 3099 5459 natumst
3117 5380 3279 5435 meum
3300 5380 3579 5459 hominem,

316 5448 484 5520 ruisse
520 5469 532 5500 τ
567 5448 873 5519 [ιι-ξιξεοηίΠὶ
893 5448 1033 5520 quod
1058 5450 1148 5504 hic
1193 5464 1312 5503 eum
1342 5450 1605 5520 adorarit;
1639 5451 1726 5503 ille
1768 5448 1896 5504 item
1964 5462 1975 5473 '
2004 5448 2093 5505 sed
2120 5468 2223 5511 non
2246 5472 2309 5509 ex
2338 5456 2561 5507 humano
2586 5452 2797 5513 semine,
2824 5455 2927 5520 etc.

309 5516 509 5574 dixerit
550 5516 608 5571 se
637 5520 827 5573 durem
877 5516 1077 5573 militiae
1125 5520 1351 5574 Domini.
1383 5516 1647 5582 Clemens,
1683 5520 1894 5574 Tertul-

314 5590 506 5651 linnus,
540 5588 820 5655 Eusebius,
852 5589 1179 5656 Nicephorius
1204 5591 1254 5642 in
1285 5589 1473 5643 eadem
1520 5605 1731 5659 quoque
1778 5592 1893 5643 fue-

314 5669 431 5714 runt
468 5659 751 5713 sententia.

382 5729 410 5767 ιι
450 5729 694 5783 Justimts
722 5737 921 5796 martyr
970 5727 1071 5781 hoc
1115 5729 1421 5783 testimonio
1476 5744 1688 5797 qumple
1716 5731 1891 5793 nixus,

315 5804 386 5855 sic
416 5800 607 5852 Filium
641 5799 733 5853 Dci
764 5795 1035 5853 hominem
1054 5797 1288 5854 futurum
1308 5795 1532 5868 probat:
1560 5795 1684 5852 (ium
1705 5797 1894 5851 Daniel

981 6036 1017 6046 .-
1104 6037 1121 6044 ν
1182 6042 1205 6048 δ
1281 6034 1337 6047 μ’

2077 5522 2615 5592 είδείιυοιιῑίίιίιεᾳὶςε
2666 5518 2970 5592 testimonia
3016 5519 3249 5592 citantur
3288 5537 3601 5579 seeunmnn

2001 5588 2288 5647 editionem
2320 5591 2457 5644 LXX
2490 5607 2502 5640 :
2534 5588 2654 5641 ideo
2680 5588 2735 5641 in
2764 5588 2974 5656 vulgata
3005 5589 3241 5646 editione
3270 5593 3456 5647 Latina
3484 5609 3597 5647 eo-.

1999 5661 2141 5782 dem‘
2165 5664 2378 5729 quidem
2425 5670 2603 5717 sensu,
2657 5656 2750 5711 sed
2801 5674 2906 5713 non
2938 5659 3123 5717 iisdem
3155 5663 3330 5717 verbis
3357 5670 3596 5727 eampse.

2000 5742 2115 5782 nun
2146 5746 2222 5783 ur.
