4246 6264
631 313 744 412 an

1993 338 2264 398 ARNOBII
2301 297 2633 395 JUNIORIS.
2673 293 2678 295 l

3840 337 3944 397 27!

637 486 730 524 ore
754 469 891 540 ejus,
920 475 972 521 et
1008 466 1251 537 iniquitas
1279 479 1381 518 non
1411 464 1698 518 invenietur
1724 463 1780 516 in
1811 449 1962 515 labiis
1994 461 2127 531 ejus.
2162 456 2229 536 In
2260 463 2312 518 Α
2338 457 2506 511 oculis
2530 457 2695 511 videri
2725 472 2830 512 non
2857 458 3052 527 potuit.
3079 455 3393 540 Quicunque
3418 471 3546 527 ergo
3575 465 3737 525 negat
3762 455 3935 512 Deum

635 576 766 629 pace
789 558 1018 627 dirigens
1041 553 1292 608 habitabit
1312 553 1586 615 vobiscum,
1611 561 1661 607 et
1680 554 1866 607 multos
1888 559 2143 606 convertet
2168 549 2233 603 ab

637 650 904 721 iniquitate
931 663 1025 699 sua
1054 645 1310 716 (Malach.
1340 661 1395 708 ll,
1431 642 1518 713 5).
1547 644 1677 698 Item
1707 659 1805 713 per
1833 643 2022 698 Isaiam
2050 642 2232 696 Domi-

636 753 738 792 nus
761 737 888 792 dicit
914 753 927 788 :
961 735 1076 806 Ego
1103 734 1356 790 Dominus
1382 736 1553 788 vocavi
1576 744 1641 799 te,
1659 743 1709 787 et
1737 733 1858 786 dedi
1882 742 1928 785 te
1958 742 2233 786 testamu-

636 841 742 884 tum
771 831 1016 901 gentium,
1059 829 1263 898 aperire
1289 830 1463 883 oculos
1492 844 1745 883 caecorum
1775 826 1936 896 (Isai.
1971 842 2108 892 ml,
2143 827 2226 895 7).

631 919 764 974 Item
789 934 885 988 per
905 918 1094 972 Isaiam
1120 917 1378 972 Dominus
1400 918 1530 972 dicit
1555 936 1567 970 :
1595 917 1785 971 Audite
1805 934 1905 981 me,
1934 926 1985 970 et
2009 917 2230 970 mandu-

631 1008 812 1062 rabitis
842 1007 997 1072 bona,
1018 1006 1276 1062 ambulate
1304 1009 1359 1061 in
1388 1009 1480 1062 viis
1509 1009 1640 1078 ejus,
1668 1017 1719 1062 et
1751 1007 2035 1062 salvabitur
2053 1011 2229 1062 anima

628 1108 816 1163 vestra,
847 1109 898 1151 et
925 1097 1201 1168 disponam
1230 1097 1368 1151 vobis
1401 1107 1758 1151 testamentum
1787 1108 2038 1152 attentum
2067 1097 2226 1166 (Isai.

630 1206 717 1254 LV,
745 1189 820 1259 5).
853 1189 987 1242 Item
1015 1203 1112 1258 per
1136 1189 1328 1243 lsaiam
1356 1188 1614 1243 Dominus
1638 1187 1768 1243 dicit
1792 1206 1804 1240 :
1838 1187 2056 1241 Faciam
2087 1186 2228 1242 vobis

629 1298 746 1335 cum
791 1298 937 1351 pace,
970 1297 1084 1333 cum
1113 1281 1236 1351 fide,
1287 1290 1338 1334 et
1381 1281 1656 1351 disponam
1703 1281 1840 1335 vobis
1870 1290 2228 1335 testamentum

629 1386 919 1430 mternum:
950 1389 1070 1442 qua:
1090 1375 1269 1428 omnia
1308 1390 1471 1427 unum
1501 1374 1595 1428 Dei
1623 1373 1813 1428 Filium
1860 1373 2221 1444 prmﬁgurant.

630 1466 960 1521 Sunt'etiam
989 1467 1090 1520 alia
1120 1465 1288 1519 multa
1317 1479 1515 1533 genera
1556 1464 1868 1534 ﬁgurarum,
1910 1479 2029 1534 qua:
2056 1465 2101 1519 si
2130 1479 2225 1519 ex-

558 1581 563 1586 ·
630 1557 803 1625 egerit
819 1556 959 1611 ratio
980 1565 1038 1610 ut
1058 1557 1398 1627 proferantur
1419 1557 1473 1610 in
1490 1555 1745 1619 medium,
1761 1563 2068 1610 sanctarum
2086 1553 2226 1608 Scri-

628 1655 906 1718 pturarum
926 1647 1248 1701 auctoritate
1263 1655 1288 1683 ι
1306 1645 1685 1712 assignabo.—
1702 1643 1917 1699 Judices
1936 1643 2187 1698 dixerunt
2205 1659 2218 1694 :

631 1737 764 1791 Tam
793 1737 1099 1792 rationabili
1131 1736 1565 1791 manifestatione
1596 1749 1759 1803 quam
1790 1734 1948 1803 legali
1982 1732 2218 1788 auctori-

2340 563 2458 604 esse
2488 549 2540 602 in
2568 549 2802 613 Christo,
2847 549 2899 603 id
2937 557 3048 614 est,
3089 549 3141 602 in
3171 534 3408 613 homine,
3455 551 3550 604 hic
3571 548 3930 606 Antichristus

2339 640 2503 711 est‘(l
2530 640 2688 695 loan.
2714 658 2769 705 ιι,
2802 639 2871 693 22
2896 651 2946 694 et
2974 640 3098 711 45).
3123 640 3224 706 Qui
3248 650 3426 696 autem
3454 648 3616 710 negat
3635 640 3833 709 aliquid
3861 641 3932 698 de

2339 731 2424 786 his
2453 732 2921 798 similitudinibus,
2965 739 3145 802 potest
3192 739 3285 793 aut
3330 732 3784 802 reprehensibilis,
3835 740 3931 788 aut

2335 813 2475 879 forte
2523 840 2624 879 nec
2676 824 3114 894 reprehensibilis
3143 825 3389 880 inveniri.
3437 825 3607 893 Negat
3643 826 3786 879 enim
3828 840 3924 896 pe-

2337 924 2493 981 tram,
2529 924 2687 984 negat
2714 916 2916 984 virgam
2935 957 2949 980 ,
2981 923 3141 984 negat
3185 924 3423 970 montem
3445 957 3460 982 ,
3493 924 3548 970 et
3574 915 3832 986 quidquid
3861 916 3926 972 il-

2336 1003 2427 1058 lud
2457 1013 2633 1074 potest
2677 1005 2784 1060 dici
2812 1005 3029 1060 Christo
3058 1021 3217 1076 posse
3260 1013 3588 1076 competere.
3617 1005 3805 1061 Virum
3833 1024 3928 1064 au-

2336 1106 2442 1152 tem
2465 1097 2762 1168 perfectum
2803 1105 2860 1151 et
2888 1096 3183 1167 perfectum
3213 1098 3383 1152 Deum
3415 1097 3507 1166 qui
3538 1099 3835 1165 negaverit,
3860 1099 3925 1154 ab
3963 1155 3965 1158 .

2331 1197 2534 1242 aeterna
2581 1185 2927 1242 damnatione
2967 1204 3073 1242 non
3120 1195 3302 1258 potest
3345 1187 3585 1242 liberari.
3616 1199 3638 1227 ε
3670 1187 3926 1246 Similiter

2331 1280 2424 1348 qui
2453 1279 2589 1334 duos
2621 1279 2759 1334 ﬁlios
2785 1279 2882 1334 Dei
2912 1295 3072 1334 ausus
3101 1281 3260 1334 fuerit
3295 1281 3536 1348 cogitare
3566 1281 3646 1335 vel
3675 1281 3922 1349 credere,

2331 1386 2495 1424 unum
2519 1371 2608 1439 qui
2635 1379 2758 1425 ante
2787 1379 3030 1440 tempora
3051 1387 3118 1425 ex
3149 1369 3308 1427 Patre
3327 1372 3537 1439 genitus
3557 1379 3640 1426 est
3667 1372 3781 1426 sine
3809 1389 3922 1428 ma-

2330 1468 2431 1526 tre,
2463 1468 2518 1515 et
2545 1461 2708 1515 alium
2727 1461 2820 1529 qui
2847 1469 3005 1516 natus
3032 1469 3114 1516 est
3134 1462 3202 1516 de
3221 1461 3423 1532 Spiritu
3450 1469 3637 1517 sancto
3659 1479 3726 1517 ex
3758 1463 3920 1519 Maria

2330 1550 2577 1619 Virgine,
2599 1559 2803 1606 :eterno
2833 1553 3180 1608 anathemate
3207 1552 3447 1608 ferietur.
3484 1554 3692 1609 Nostrae
3717 1560 3914 1621 autem,

2327 1640 2381 1694 id
2413 1651 2514 1707 est,
2557 1643 2867 1711 apostolicae
2905 1643 3047 1698 sedis
3075 1643 3135 1697 Β.
3171 1643 3334 1709 Petri,
3365 1660 3484 1713 qua:
3523 1645 3590 1700 ab
3633 1646 3748 1715 ipso
3778 1647 3913 1718 Apo-

2330 1735 2471 1788 stolo
2491 1736 2673 1804 coepit,
2706 1734 2731 1771 ἀ
2762 1735 2884 1790 ﬁdei
2915 1724 3183 1791 confessio
3212 1737 3325 1792 haec
3351 1746 3434 1792 est
3463 1756 3481 1804 :,
3511 1737 3686 1793 Unum
3717 1740 3809 1795 Dei
3831 1740 3914 1796 Fi-

629 1835 760 1890 tate,
802 1827 870 1882 ab
910 1827 1148 1882 Arnobio
1176 1841 1295 1895 quae
1323 1833 1446 1880 sum
1477 1824 1696 1879 defensa
1736 1821 1946 1878 ﬁrmata
1973 1831 2117 1890 sunt,
2149 1823 2221 1877 ita
2253 1829 2300 1889 Β
2329 1826 2456 1880 lium
2497 1842 2565 1881 ex
2604 1827 2810 1883 duabus
2848 1829 3163 1886 substantiis
3207 1830 3459 1900 perfectis
3481 1839 3535 1886 et
3563 1832 3914 1900 integerrimis

626 1929 686 1974 ut
714 1920 997 1990 Serapion,
1039 1920 1128 1989 qui
1157 1935 1189 1973 e
1216 1919 1430 1973 diverso
1459 1926 1558 1983 est,
1591 1918 1747 1972 nobis
1785 1917 2106 1981 tacentibus,
2140 1915 2214 1969 ita

625 2011 873 2066 universa
904 2026 1022 2066 esse
1043 2018 1102 2064 ut
1124 2011 1192 2064 ab
1212 2024 1278 2064 eo
1307 2008 1524 2064 defensa
1553 2015 1679 2064 sunt
1709 2023 1808 2062 suo
1836 2007 1907 2063 sit
1933 2023 2029 2062 ore
2052 2014 2215 2062 testa-

625 2109 732 2156 tus.
768 2100 835 2155 Et
853 2100 1124 2170 quomodo
1145 2107 1523 2155 aurorescente
1542 2099 1628 2153 die
1652 2099 1956 2153 inchoatam
1985 2098 2214 2152 alterca-

622 2194 830 2266 tionem
858 2192 1222 2263 vespertinum
1245 2200 1456 2262 tempus
1476 2191 1700 2255 invenit,
1724 2198 1998 2245 nocturnae
2019 2189 2216 2259 quietis

624 2297 898 2344 transacto
919 2288 1152 2353 silentio,
1175 2286 1261 2342 die
1283 2287 1435 2341 nobis
1455 2301 1486 2340 a
1505 2285 1618 2340 Deo
1638 2284 1922 2340 salubriter
1943 2284 2212 2347 restituto,

623 2381 887 2452 permissa
917 2379 1071 2434 nobis
1099 2379 1377 2446 utriusque
1406 2376 1574 2447 partis
1597 2375 1866 2432 confessio
1890 2365 2112 2431 orietur.
2143 2407 2215 2417 --

624 2472 887 2542 Serapion
914 2471 1084 2535 dixit:
1129 2469 1262 2524 Peto
1285 2476 1341 2522 ut
1381 2468 1616 2524 sermoni
1645 2475 1831 2522 nostro
1866 2467 1918 2520 in
1949 2482 2015 2529 eo
2054 2465 2216 2520 hodie

623 2563 748 2617 ﬁnis
768 2568 1036 2624 occurrat,
1070 2565 1129 2615 ut
1175 2561 1314 2614 scire
1362 2576 1448 2614 me
1479 2559 1636 2613 faciat
1661 2557 1949 2621 Arnobius,
1981 2573 2080 2626 pro
2108 2572 2213 2627 qua

622 2670 785 2710 causa
806 2651 1264 2724 prgeﬁgurationes
1311 2651 1408 2705 has
1435 2649 1646 2704 Domini
1687 2648 1861 2711 nostri
1894 2649 1947 2702 in
1977 2647 2212 2702 medium

621 2744 866 2815 proferre
889 2743 1219 2798 voluerit.——
1235 2741 1503 2796 Arnobius
1523 2740 1657 2795 dixit
1690 2758 1702 2792 :
1735 2739 1761 2777 δ
1783 2738 2066 2806 Quomodo
2091 2745 2215 2792 sunt

623 2836 866 2906 quaedam
890 2850 1008 2904 qua:
1028 2835 1167 2889 inter
1181 2834 1311 2888 istas
1340 2832 1818 2903 prmligurationes,
1835 2831 1997 2885 etiam
2017 2831 2213 2899 ipsum,

620 2941 724 2996 pro
752 2940 860 2994 quo
891 2923 1131 2992 ﬁgurate
1158 2931 1302 2989 sunt,
1341 2923 1435 2977 Dei
1475 2922 1669 2976 Filium
1701 2921 1966 2976 aestiment
1993 2934 2214 2988 compu-

620 3016 866 3080 tandum,
897 3031 1018 3071 cum
1046 3016 1295 3072 omnibus
1324 3015 1429 3069 illis
1459 3015 1635 3081 imago
1665 3014 1736 3068 sit
1763 3012 2005 3066 veritatis
2033 3011 2086 3065 in
2111 3011 2214 3065 isto

549 3149 560 3161 .
618 3108 857 3173 homine,
888 3122 1048 3176 quem
1079 3107 1239 3175 Virgo
1261 3106 1471 3177 peperit
1499 3106 1612 3175 ipsa
1636 3105 1707 3160 sit
1737 3104 1969 3158 veritas:
2003 3110 2058 3156 et
2077 3102 2215 3156 sicut

617 3213 780 3253 verus
799 3197 896 3252 Dei
925 3197 1090 3253 Filius
1119 3197 1281 3262 Deus,
1323 3197 1401 3251 sic
1428 3211 1589 3250 verus
1619 3195 1760 3249 ﬁlius
1785 3193 2018 3248 hominis
2045 3193 2210 3247 homo
2236 3189 2282 3250 C

617 3306 726 3345 non
747 3290 819 3344 ita
842 3291 1060 3354 mixtus,
1094 3298 1150 3342 ut
1179 3290 1457 3356 utriusque
1497 3288 1574 3341 rei
1603 3286 1928 3356 permutatio
1957 3285 2094 3338 facta
2115 3285 2205 3348 sit,

539 3378 568 3398 ·’
613 3381 709 3437 sed
736 3381 787 3434 in
819 3383 1045 3435 veritate
1072 3379 1287 3434 deitatis
1314 3387 1371 3434 et
1418 3377 1808 3448 omnipotentia
1855 3391 1951 3430 sua
1989 3391 2206 3446 perma-

513 3513 521 3520 .
612 3489 769 3535 nens,
795 3472 1077 3528 invisibilis
1095 3471 1261 3526 Filius
1288 3471 1386 3527 Dei
1414 3472 1730 3527 societatem
1769 3485 1920 3526 suam
1950 3486 2072 3524 cum
2101 3471 2204 3525 ho-

611 3564 759 3618 mine
786 3564 1008 3622 habens.
1027 3572 1082 3618 et
1101 3578 1289 3618 verum
1317 3562 1488 3619 Deum
1513 3562 1608 3618 Dei
1629 3562 1822 3618 Filium
1851 3571 2048 3617 nostra:
2073 3563 2204 3618 libe-

611 3653 804 3708 rationi
825 3653 1130 3709 exhibuisse
1149 3653 1418 3710 credatur.
1454 3652 1623 3707 Aliter
1658 3653 1802 3708 enim
1832 3654 1974 3710 Deus
1993 3657 2204 3710 carneis

2324 1920 2626 1986 credentes,
2651 1935 2720 1975 ex
2742 1921 2937 1976 visibili
2966 1930 3023 1976 et
3052 1922 3318 1988 invisibili,
3351 1939 3419 1978 ex
3447 1939 3712 1994 corporeo
3740 1934 3795 1979 et
3834 1926 3908 1980 in-

2320 2031 2606 2085 corporeo,
2640 2032 2706 2071 ex
2755 2017 3228 2086 comprehensibili
3266 2025 3321 2072 et
3367 2017 3906 2088 incomprehensibili,

2318 2120 2385 2160 ex
2437 2106 2675 2176 passibili
2731 2116 2787 2162 et
2833 2108 3171 2177 impassibili,
3222 2124 3292 2163 ex
3340 2110 3557 2164 mortali
3603 2118 3658 2164 et
3697 2111 3913 2167 immor-

2318 2197 2432 2261 tali,
2488 2212 2558 2250 ex
2601 2214 2728 2252 vero
2787 2198 2900 2253 Deo
2951 2207 3005 2253 et
3063 2215 3194 2254 vero
3254 2200 3472 2255 homine
3505 2200 3792 2266 fateamur,
3833 2202 3912 2256 di-

2317 2297 2531 2350 centes,
2576 2298 2632 2343 et
2693 2289 2977 2345 credentes
3022 2291 3189 2346 Deum
3233 2292 3286 2346 in
3345 2292 3594 2358 Christo,
3661 2302 3716 2348 et
3752 2292 3908 2348 Chri-

2317 2386 2458 2434 stum
2502 2379 2694 2434 Jesum'
2741 2381 2793 2433 in
2845 2381 3015 2448 gloria
3069 2380 3244 2436 Patris
3297 2384 3368 2436 ita
3426 2400 3584 2438 unam
3651 2365 3941 2440 Deitaka

2317 2471 2538 2531 habere,
2569 2470 2706 2524 sicut
2736 2470 2787 2524 in
2828 2471 3039 2526 duobus
3075 2473 3247 2527 oculis
3277 2490 3414 2528 unus
3441 2484 3693 2544 aspectus
3729 2483 3830 2540 est,
3857 2476 3912 2532 in

2317 2561 2525 2616 duabus
2544 2562 2762 2616 auribus
2788 2578 2924 2615 unus
2952 2562 3185 2626 auditus,
3206 2563 3257 2616 in
3280 2564 3507 2630 geminis
3538 2567 3756 2621 naribus
3776 2583 3915 2620 unus

2318 2651 2575 2707 odoratus
2603 2659 2686 2706 est
2714 2670 2726 2705 :
2761 2653 2832 2706 ita
2862 2659 2917 2705 et
2945 2652 2998 2705 in
3029 2653 3113 2706 his
3141 2652 3351 2707 duabus
3391 2654 3706 2708 substantiis
3735 2657 3830 2711 Dei
3858 2665 3915 2711 et

2319 2743 2552 2799 hominis
2578 2733 2776 2798 unus'F
2781 2743 2901 2797 ilius
2926 2752 3010 2797 est
3035 2742 3148 2796 Dei.
3182 2741 3327 2796 Sane
3352 2734 3632 2812 quomodo
3661 2746 3786 2799 novi
3817 2762 3911 2802 so-

2318 2837 2525 2892 licitum
2547 2834 2846 2889 auditorem
2877 2848 3169 2888 memorem
3191 2848 3311 2887 esse
3337 2848 3423 2887 me
3450 2833 3517 2887 ad
3545 2850 3704 2888 unam
3732 2817 3918 2892 Patris

2319 2937 2374 2985 ct
2394 2928 2510 2982 Filii
2534 2927 2907 2990 substantiam,
2925 2926 2977 2979 in
2999 2925 3208 2978 duobus
3222 2925 3392 2978 oculis
3417 2941 3580 2979 unum
3609 2933 3909 2995 aspectum,

2321 3021 2373 3076 in
2402 3019 2715 3087 duabusque
2741 3017 2961 3072 auribus
3007 3031 3171 3070 unum
3201 3015 3463 3081 auditum,
3507 3025 3562 3070 et
3591 3033 3756 3072 unum
3793 3035 3908 3073 meo

2319 3127 2560 3166 morasse
2580 3110 2632 3163 in
2654 3108 2880 3177 geminis
2903 3107 3123 3161 naribus
3138 3105 3422 3162 odoratum
3447 3125 3459 3159 :
3493 3124 3636 3163 nunc
3656 3109 3769 3174 tibi,
3802 3125 3905 3168 non

2315 3219 2420 3259 una
2449 3201 2767 3266 substantia,
2799 3198 2892 3253 sed
2922 3215 3028 3252 una
3069 3199 3121 3251 in
3151 3198 3358 3252 duabus
3396 3199 3709 3255 substantiis
3738 3210 3760 3236 °
3789 3215 3905 3255 esse

2316 3292 2582 3349 credenda
2610 3306 2860 3362 persona,
2905 3305 3015 3343 non
3063 3288 3308 3342 videatur
3344 3289 3717 3358 incongruum.
3752 3291 3904 3348 Nisus

2315 3385 2457 3439 enim
2486 3399 2603 3437 sum
2633 3380 2918 3435 ostendere
2956 3379 3079 3442 hoc,
3123 3387 3182 3432 ut
3205 3379 3344 3434 sicut
3373 3380 3426 3434 in
3457 3381 3627 3435 tribus
3665 3384 3903 3452 personis

2315 3490 2478 3530 unam
2504 3473 2772 3528 credimus
2795 3485 2913 3525 esse
2953 3462 3330 3534 substantiam,
3362 3470 3435 3524 ita
3465 3470 3521 3524 in
3542 3471 3749 3526 duabus
3777 3474 3902 3528 sub-

2313 3545 2533 3622 stantiis.
2545 3565 2640 3619 Dei
2678 3571 2731 3617 et
2753 3561 2985 3617 hominis
3012 3576 3172 3614 unam
3214 3559 3334 3614 Filii
3355 3560 3449 3616 Dei
3479 3561 3758 3618 credamus
3783 3579 3902 3622 esse

2305 3672 2611 3730 personam.

1797 3773 1906 3827 FR.
1950 3775 2435 3834 FEU-ARDENTII
2473 3773 2702 3831 NOTAE.

685 3869 712 3934 fl
748 3859 913 3934 Xetus
939 3862 1129 3928 codex,
1160 3864 1444 3934 assignant.

679 3929 709 3969 ι’
746 3930 844 4002 llic
865 3932 1015 4002 locus
1027 3948 1129 4002 sua
1157 3929 1487 3987 obscuritate
1506 3934 1752 4001 designat
1780 3935 1953 4002 aliqua
1983 3937 2190 3994 deesse.

691 4011 713 4038 ε
746 4001 872 4055 Haec
900 4000 997 4076 fuit
1026 4001 1244 4076 hmresis
1273 4001 1506 4076 Nestorii
1553 4000 1804 4076 dicentis,
1846 4000 1904 4056 ut
1945 4015 2028 4059 est
2055 4009 2194 4076 apud

607 4073 904 4133 Socratem,
946 4067 1232 4135 Evagrium
1270 4077 1325 4120 et
1360 4069 1685 4135 Liberatum,
1727 4071 1861 4126 duos
1895 4089 2013 4128 esse
2041 4067 2194 4131 Chri-

607 4151 739 4200 stos,
767 4138 934 4191 Deum
961 4152 1145 4200 unum,
1179 4137 1451 4193 hominem
1493 4140 1754 4206 alterum;
1787 4141 1918 4196 duas
1949 4145 2195 4201 videlicet

607 4217 844 4271 naturas,
875 4206 1010 4262 duas
1035 4207 1322 4262 arbitratus
1346 4217 1432 4280 est
1460 4224 1578 4280 esse
1624 4225 1882 4280 personas
1908 4231 1918 4264 :
1950 4216 2035 4268 cui
2075 4231 2194 4272 sese

607 4284 923 4352 constanter
951 4278 1606 4352 opposueruntEusebius
1627 4278 1928 4352 Dorylaeus,
1960 4284 2195 4343 Joannes

612 4346 991 4412 Antiochenns,
1023 4347 1250 4416 Cyrillus
1272 4347 1679 4416 Alexandrinus,
1711 4346 2048 4421 C'telestinus,
2084 4356 2194 4413 Leo

2309 3877 2365 3924 et
2411 3867 2658 3922 Gelasius
2715 3849 3303 3935 ltomalii'_pontiﬁ6es,
3339 3864 3632 3935 Patresque
3681 3867 3900 3928 concilii

2304 3939 2581 4008 Ephesini,
2639 3943 2694 3989 et
2746 3933 3220 3999 Chalcedonensis,
3251 3944 3310 3989 ut
3365 3933 3558 4006 postea
3599 3935 3766 3991 fusius
3810 3939 3896 3992 di-

2338 4016 2473 4062 etur.

2305 4024 2335 4063 c
2377 4076 2402 4114 ιι
2444 4078 2587 4201 Dq’as
2609 4075 2819 4145 priores
2836 4089 2999 4129 voces
3019 4071 3337 4141 addidimus,
3357 4076 3488 4130 alias
3507 4077 3684 4131 nullus
3704 4093 3896 4134 sensus

2305 4162 2503 4201 armare
2543 4156 2614 4200 at.

2302 4156 2718 4272 apiaigbfiaam
2762 4232 2894 4279 esse,
2936 4231 3036 4285 pro
3076 4225 3183 4280 est,
3226 4218 3595 4286 reponendum
3632 4217 3894 4288 judicavi-

2301 4303 2440 4343 mus.

621 4467 3870 4493 MM

1533 4579 2010 4687 LIBER
2088 4584 2944 4691 SECUNDUS.

675 4762 713 4816 l.
747 4795 820 4805 —-
847 4760 1070 4816 Postera
1094 4760 1200 4826 die,
1235 4760 1376 4816 inter
1415 4761 1566 4814 initia
1593 4761 1719 4827 diei,
1755 4778 1944 4818 eorum
1991 4780 2192 4834 reprm-
2220 4769 2272 4829 D
2297 4775 2423 4822 sunt
2449 4765 2514 4822 de
2548 4768 2801 4842 hesterno
2829 4769 3100 4834 conflictu,
3129 4770 3173 4824 si
3201 4771 3449 4826 voluntas
3485 4751 3571 4828 est
3609 4792 3620 4826 :
3661 4775 3882 4845 pandat.

602 4865 815 4914 sentato
843 4863 1131 4920 conventu,
1154 4855 1512 4910 residentibus
1539 4855 1856 4911 Constantio
1885 4865 1940 4911 et
1968 4859 2190 4914 Ammo-

600 4952 714 5016 nio,
745 4983 816 4994 —-
845 4947 1113 5004 Arnobius
1139 4947 1275 5001 dixit
1308 4965 1319 4998 ε
1353 4945 1410 5000 Si
1455 4945 1736 5016 Serapioni
1780 4948 1957 5017 aliqua
2000 4946 2191 5019 super-

2299 4889 2371 4900 -——
2395 4859 2656 4929 Serapion
2687 4860 2821 4915 dixit
2854 4903 2865 4914 .
2905 4860 3016 4916 Una
3047 4863 3270 4948 qnazstio
3298 4865 3604 4932 evangelica
3644 4869 3886 4938 noscitur

2299 4951 2642 5016 remansisse,
2671 4951 2757 5005 illa
2777 4952 2998 5016 scilicet,
3022 4968 3184 5020 quam
3206 4952 3363 5009 Arius
3391 4955 3603 5012 videtur
3629 4967 3653 4994 α
3683 4959 3884 5015 habere

1788 5089 1897 5143 FR.
1941 5090 2424 5147 FEU-ARDENTII
2462 5092 2689 5147 NOTAE.

679 5212 703 5239 ι
735 5202 953 5269 Aliquot
973 5200 1082 5254 Arii
1117 5199 1371 5270 epistolas
1404 5206 1459 5253 et
1484 5200 1698 5270 librum,
1725 5215 1886 5270 quem
1915 5201 2188 5258 Thaleiam

603 5272 912 5339 appellavit,
937 5270 1103 5324 citant
1114 5269 1436 5324 Athanasius
1455 5285 1520 5324 ac
1541 5269 1886 5338 Epiphanius,
1905 5271 1999 5324 sed
2028 5274 2190 5326 verba

604 5339 844 5406 subjecta
894 5339 1086 5394 ibidem
1135 5356 1242 5394 non
1283 5341 1559 5409 leguntur;
1604 5347 1817 5394 constat
1845 5341 2193 5396 nihilominus

603 5424 728 5463 eum
779 5409 919 5461 hunc
955 5410 1248 5476 pmsertim
1299 5411 1472 5464 locum
1515 5411 1711 5464 ursisse
1762 5410 2017 5464 adversus
2072 5411 2190 5467 Filii
2232 5441 2245 5453 -

605 5477 1117 5548 consubstantialem
1168 5481 1548 5546 aequalitatem,
1596 5497 1662 5534 ex
1712 5495 1778 5533 eo
1833 5480 1976 5548 quod
2005 5480 2190 5536 Patres

608 5561 806 5621 magna
833 5544 1104 5621 s_tudio_ad
1130 5544 1252 5621 eum
1282 5550 1626 5621 respondent.
1657 5548 1735 5621 Eu
1766 5544 2188 5621 natilqtle_respi-

602 5619 752 5690 ciens
783 5616 1102 5690 Athanasius
1137 5617 1347 5690 scripsit
1375 5616 1441 5673 'in
1480 5619 1735 5690 Symbolo
1765 5635 1862 5674 suo
1897 5616 1922 5671 ί
1942 5616 2185 5690 ιιΕᾳιιᾰιὶδ

603 5687 756 5742 Patri
803 5686 1079 5740 secundum
1127 5687 1459 5751 divinitatem,
1502 5686 1669 5743 minor
1708 5689 1868 5743 Patre
1906 5686 2183 5745 secundum

2297 5220 2396 5258 suo
2426 5205 2492 5259 ad
2520 5205 3250 5279 Flacillam,_seu_l’lacillam
3291 5220 3590 5279 augustam,
3639 5212 3708 5266 de
3752 5212 3882 5269 Fide

2299 5284 2491 5354 contra
2519 5277 2762 5354 Arianos,
2795 5276 2869 5329 ait
2900 5294 2910 5327 :
2948 5276 3061 5354 Hoc
3090 5295 3124 5354 a_
3151 5277 3290 5354 ilio
3321 5276 3514 5354 dictum
3542 5290 3647 5346 est,
3678 5283 3751 5354 de
3769 5284 3880 5354 0/75-

2301 5346 2379 5399 cio
2423 5347 2797 5416 ministrantis,
2836 5363 2939 5399 non
2986 5347 3050 5398 de
3089 5348 3295 5404 deitate.
3329 5349 3394 5404 Et
3424 5368 3633 5406 rursum
3671 5371 3682 5404 :
3731 5346 3880 5416 Quod

2296 5415 2449 5493 dixit,
2484 5414 2832 5493 Patermaj-or
2858 5432 2935 5468 me
2960 5425 3054 5481 est,
3097 5435 3198 5472 non
3253 5421 3520 5493 impugnat
3562 5414 3880 5492 wqualitatis

2295 5485 2640 5560 maiestatem;
2687 5486 2776 5560 sed
2824 5497 3234 5560 sacramentum;
3261 5485 3511 5560 suscepta:
3567 5485 3877 5547 humilitatis

2293 5553 2548 5633 designat.
2578 5553 2673 5633 “bit
2724 5557 3048 5633 Augustinus
3085 5559 3136 5612 in
3160 5553 3501 5633 _Enchiridio
3551 5561 3740 5633 (Cap._
3772 5563 3874 5629 55)

2291 5622 2474 5676 scribit
2513 5642 2523 5675 :
2570 5622 2736 5702 Filius
2776 5622 2828 5678 in
2869 5637 3110 5695 quantum
3153 5628 3289 5702 Deus
3333 5641 3427 5690 est,
3476 5622 3585 5702 ipse
3623 5622 3872 5702 cippum"

2288 5709 2448 5770 unum
2475 5703 2629 5756 sunt;
2654 5696 2704 5748 in
2735 5705 2977 5767 quantum
3008 5708 3176 5752 autent
3202 5699 3350 5755 homo
3373 5712 3470 5767 est,
3495 5696 3869 5770 'Pater'major

603 5757 970 5812 humanitatem
1001 5756 1155 5827 (Cap.
1190 5755 1220 5810 ι
1242 5757 1280 5827 ),
1321 5757 1385 5811 Et
1421 5759 1702 5812 Faustinus
1722 5761 2015 5832 presbyter,
2047 5761 2182 5816 libro
2288 5771 2364 5817 est
2391 5762 2496 5817 illo.
