4246 6270
355 470 466 528 275

1122 461 1540 520 CONFLICTUS
1581 462 1668 516 DE
1709 463 1841 516 DEO
1882 463 2086 516 TRlNO
2124 458 2212 516 ET
2255 461 2406 526 UNO,
2450 462 2601 517 ETC.
2645 463 2768 516 LIB.
2813 464 2874 517 ll.

3528 467 3632 523 ευ

363 583 680 654 palmarem,
731 594 854 632 cum
880 577 1004 630 dicit
1040 594 1052 627 :
1100 573 1182 628 Me
1211 574 1340 642 quid
1390 574 1606 643 culpant
1660 573 1946 635 dicentem,
1978 575 2025 630 Α
2054 570 2243 639 replet,
2277 579 2329 623 et
2361 572 2687 626 transcendit
2715 587 2962 626 mensura
2984 573 3098 642 ejus
3127 576 3290 630 cmlos
3319 590 3545 641 sursum,
3579 587 3632 632 et

367 671 530 724 Pater
567 669 734 738 major
763 685 841 720 me
875 676 951 719 est
981 664 1158 732 (Joan.
1194 679 1301 728 xw,
1326 661 1449 730 98),
1484 677 1606 716 cum
1636 662 1747 729 ipse
1782 658 1952 712 Filius

319 765 328 773 '
362 764 434 818 de
462 763 640 832 seipse
670 767 894 814 testetur
931 756 1114 812 dicens
1141 774 1154 808 :
1191 754 1352 808 Pater
1370 755 1454 824 qui
1485 755 1626 806 misit
1653 769 1750 815 me,
1782 751 1953 820 major

364 871 450 907 me
477 852 589 906 est?
610 883 681 893 -
706 848 976 913 Arnobius
994 847 1162 902 dixit:
1194 846 1252 900 ln
1273 860 1338 899 ea
1356 843 1549 907 forma,
1580 845 1632 896 in
1658 857 1762 911 qua
1789 841 1954 895 Filius

368 942 548 996 Patris
573 949 655 995 est
681 940 798 994 sine
826 946 1022 1002 matre,
1051 937 1166 1007 ipse
1207 945 1265 990 et
1304 933 1464 990 Pater
1491 949 1652 987 unum
1699 941 1822 986 sunt
1853 950 1865 984 :
1898 933 1952 986 in

364 1044 433 1084 ea
481 1045 610 1084 vero
653 1027 844 1088 forma,
898 1027 951 1080 in
978 1041 1084 1095 qua
1112 1025 1280 1079 Filius
1305 1024 1495 1078 matris
1522 1030 1606 1077 est
1636 1023 1751 1077 sine
1772 1021 1950 1087 Patre,

361 1119 530 1178 Patre
569 1119 745 1172 minor
770 1126 873 1171 est.
905 1116 1164 1170 Naturam
1193 1114 1338 1169 enim
1369 1113 1615 1168 servilem
1649 1112 1952 1182 assumpsit,

365 1211 422 1264 in
450 1225 557 1279 qua
578 1227 688 1264 non
715 1210 892 1264 solum
921 1208 1035 1263 Deo
1058 1206 1218 1262 Patre
1244 1207 1423 1261 minor
1450 1213 1610 1270 esset,
1639 1204 1732 1260 sed
1761 1214 1816 1258 et
1841 1220 1956 1259 ma-

365 1311 450 1357 tre
480 1311 690 1357 tantum
717 1283 897 1357 minor
925 1309 1086 1365 esset,
1109 1308 1369 1369 quantum
1397 1299 1584 1353 matris
1610 1297 1837 1365 Virginis
1861 1312 1956 1350 an-

367 1393 576 1448 nositas
604 1391 919 1447 exstitisset.
947 1422 1022 1432 ——
1047 1388 1308 1458 Serapion
1349 1388 1486 1443 dixit
1516 1406 1528 1440 :
1558 1387 1764 1441 Novum
1798 1385 1957 1440 hodie
1975 1400 1995 1414 κ

366 1483 498 1538 mihi
520 1481 718 1537 dedisti
746 1495 1084 1550 responsum,
1134 1479 1189 1532 in
1233 1493 1341 1546 quo
1380 1485 1609 1531 matrem
1635 1474 1874 1538 Domini;
1897 1481 1959 1528 ut

373 1573 604 1642 gentiles
633 1573 884 1638 delirant,
916 1570 1136 1625 Mariam
1159 1585 1277 1625 esse
1313 1569 1627 1637 genitricem
1656 1568 1773 1622 sine
1802 1567 1961 1620 Patre

375 1668 512 1736 ejus.
544 1666 639 1720 Dic
665 1664 819 1734 cujus
848 1662 1009 1717 Pater
1042 1663 1183 1717 Deus
1209 1663 1421 1730 genitor
1447 1661 1564 1715 sine
1591 1667 1763 1713 matre
1790 1658 1960 1712 exsti-

377 1757 537 1832 terit?
555 1783 626 1793 —
657 1754 927 1809 Arnobius
945 1753 1080 1808 dixit
1112 1771 1124 1803 :
1156 1751 1298 1819 Ergo
1316 1753 1433 1807 beri
1471 1765 1579 1805 non
1602 1757 1713 1805 tota
1735 1749 1962 1803 ventila-

376 1850 526 1903 tione
552 1847 840 1902 verborum
868 1854 1173 1900 nostrorum
1194 1852 1354 1912 atque
1380 1857 1689 1898 sermonum
1718 1841 1820 1895 hoc
1832 1855 1964 1894 ven-

2055 669 2271 726 terram,
2303 671 2356 714 et
2384 663 2571 727 maria,
2590 673 2645 717 et
2665 662 2883 734 abyssos
2910 663 3161 719 deorsum
3190 663 3355 734 (lsui.
3389 681 3474 731 ιι,
3507 665 3630 738 12).

2053 751 2142 807 Sic
2181 752 2396 820 quidem
2446 753 2641 820 legitur
2679 754 2734 806 in
2778 754 3080 824 prophetis,
3123 753 3268 823 quod
3307 755 3481 823 palma
3511 752 3638 824 ejus

2056 845 2218 900 totius
2261 846 2384 901 οωιί
2438 849 2687 900 mensura
2735 847 2823 911 sit,
2868 855 2923 902 et
2975 847 3173 918 pugillo
3218 847 3638 918 comprehendat

2029 951 2269 992 .omnem
2301 946 2517 998 terram,
2549 945 2606 991 ει
2643 952 2831 992 omnes
2885 953 3035 1008 aquze
3079 953 3329 993 mensura
3382 954 3638 996 manuum

2055 1027 2171 1096 ejus
2199 1036 2342 1082 sunt.
2373 1062 2444 1071 -—-
2483 1028 2748 1084 Arnobius
2787 1029 2923 1084 dixit
2954 1049 2967 1084 :
2998 1030 3118 1085 Oris
3158 1031 3235 1086 tui
3277 1031 3640 1088 testimonium

2054 1134 2242 1173 verum
2270 1119 2338 1174 de
2365 1120 2476 1174 Deo
2502 1120 2817 1190 amplector,
2838 1128 2894 1175 et
2916 1122 3172 1190 praedico,
3204 1129 3260 1177 et
3285 1122 3357 1176 ita
3372 1137 3490 1177 esse
3509 1137 3640 1177 con-

2057 1208 2228 1262 ﬁteor.
2259 1208 2402 1276 Ergo
2431 1209 2475 1262 si
2500 1209 2573 1262 ita
2597 1217 2699 1274 est,
2729 1209 2893 1264 immo
2921 1212 3046 1278 quia
3074 1211 3146 1264 ita
3175 1219 3257 1266 est
3290 1229 3303 1262 :
3340 1212 3642 1282 explicuisti

2055 1313 2304 1352 sermone
2333 1297 2559 1351 formam
2590 1299 2684 1352 Dei
2707 1299 2843 1353 banc
2871 1314 3021 1364 esse,
3053 1301 3198 1368 quod
3218 1300 3286 1355 sit
3327 1301 3642 1366 immensus.

2059 1395 2114 1440 et
2158 1387 2744 1456 incomprehensibilis,
2787 1388 3184 1455 inaestimabilis,
3237 1391 3531 1446 invisibilis.
3563 1393 3642 1451 lta
3707 1426 3710 1428 -

2059 1485 2161 1542 est,
2188 1493 2256 1531 an
2280 1478 2426 1531 non?
2453 1511 2527 1520 —
2553 1477 2814 1548 Serapion
2852 1479 3129 1549 respondit
3157 1498 3170 1532 :
3195 1479 3274 1534 Ita
3317 1488 3416 1536 est.
3447 1513 3520 1523 —
3543 1483 3643 1536 Ar-

2060 1571 2254 1626 nobius
2274 1570 2409 1625 dixit
2441 1589 2453 1624 :
2485 1571 2602 1625 Jam
2643 1572 2805 1626 modo
2851 1574 3110 1640 integram
3156 1572 3400 1643 Apostoli
3428 1583 3644 1630 senten-

2061 1666 2189 1718 tiam
2219 1663 2489 1734 proferam
2510 1664 2577 1718 de
2605 1664 2740 1719 Filio
2769 1665 2882 1719 Dei.
2917 1663 3016 1728 Qui
3036 1683 3151 1720 eum
3167 1667 3221 1720 in
3250 1670 3416 1739 {anna
3445 1666 3542 1722 Dei
3563 1685 3644 1722 es-

2061 1765 2139 1808 set
2161 1753 2380 1826 (Philip.
2413 1771 2468 1820 n,
2493 1756 2580 1824 6),
2613 1755 2718 1810 hoc
2744 1764 2844 1821 est,
2872 1757 3168 1823 invisibilis,
3193 1758 3644 1828 incomprehensi—

2063 1845 2207 1910 bilis,
2234 1845 2637 1912 inaestimabilis,
2669 1853 2723 1899 et
2750 1856 2892 1900 esset
2918 1847 3156 1915 aequalis,
3188 1863 3294 1902 non
3323 1849 3527 1916 minor,
3551 1851 3646 1907 sed

374 1940 588 1992 tilatum
616 1946 715 2002 est,
747 1945 807 1991 ut
841 1935 1056 1990 Patrem
1095 1935 1392 2003 genitorem
1435 1933 1554 1986 Filii
1595 1932 1677 1986 sui
1703 1933 1963 1998 majorem
1990 1937 2041 1997 B
2065 1950 2129 1989 ea
2152 1937 2347 2000 lorma,
2377 1943 2432 1990 et
2462 1936 2516 1989 in
2545 1950 2608 1989 ea
2636 1935 2938 2004 :equalitate
2957 1951 3062 2005 qua
3088 1948 3170 1992 est
3198 1936 3374 2003 Pater,
3401 1941 3646 1993 exinani-

378 2030 522 2084 Filio
551 2046 657 2084 non
683 2044 801 2084 csse
827 2028 1209 2083 docerem?——-
1240 2026 1502 2096 Serapion
1547 2024 1681 2079 dixit
1712 2041 1724 2076 :
1770 2022 1964 2091 Utique

381 2121 619 2174 humana
657 2119 962 2173 narratione
987 2117 1237 2180 docuisti,
1267 2116 1411 2186 quod
1439 2115 1760 2170 auctoritate
1789 2112 1965 2166 Evan-

384 2211 561 2279 gelica
581 2220 720 2266 stare
738 2228 841 2267 non
868 2211 1141 2281 praevalet.
1170 2242 1244 2253 —
1269 2209 1534 2266 Arnobius
1559 2208 1694 2262 dixit
1725 2227 1737 2262 :
1762 2206 1965 2261 Tamen

386 2303 624 2358 humana
653 2303 1066 2359 rationabilitate
1107 2303 1375 2357 lirmatum
1411 2310 1512 2366 est,
1544 2299 1678 2355 nihil
1725 2299 1778 2352 in
1809 2298 1965 2352 Patre

385 2393 582 2462 majus,
615 2395 743 2449 nihil
768 2397 822 2450 in
852 2395 987 2449 Filio
1034 2395 1230 2459 minus,
1261 2394 1394 2449 nihil
1440 2392 1585 2462 quod
1614 2408 1720 2447 nou
1760 2389 1965 2458 aequale

381 2485 454 2538 sit
482 2485 535 2538 in
561 2485 762 2555 Spiritu
799 2490 990 2540 sancto
1019 2485 1264 2555 reperiri.
1295 2517 1368 2526 —
1394 2483 1655 2552 Serapion
1684 2481 1820 2536 dixit
1852 2498 1864 2532 :
1895 2477 1964 2532 Et

377 2575 424 2629 si
444 2575 548 2629 hoc
575 2589 676 2643 ego
703 2575 985 2644 denegem,
1013 2583 1123 2629 tam
1141 2574 1368 2643 judices,
1392 2588 1550 2644 quam
1580 2586 1770 2626 omnes
1795 2570 1849 2624 bi
1869 2569 1962 2638 qui

377 2676 559 2721 astant
586 2676 842 2737 poterunt
869 2668 1186 2738 approbare.

525 2759 870 2815 —Arnobius
878 2760 1047 2814 dixit?
1058 2757 1197 2824 Quid
1207 2773 1337 2826 ergo
1349 2767 1594 2826 superest
1604 2757 1962 2827 ?-—Serapion

376 2837 517 2904 dixit
530 2869 544 2903 :
559 2850 673 2906 Hoc
685 2851 832 2920 quod
846 2851 1071 2904 rationis
1086 2858 1189 2902 tua:
1201 2849 1592 2918 expositionem
1605 2849 1962 2904 sacratissima

377 2940 587 2994 Christi
616 2941 892 3009 impugnat
916 2940 1161 3004 assertio,
1190 2954 1296 3008 qua
1325 2927 1472 3003 dicit,
1503 2939 1665 2992 Pater
1689 2941 1858 3009 major
1886 2955 1964 2992 me

385 3039 466 3081 est
491 3028 678 3099 (Joan.
703 3045 810 3095 xlv,
833 3028 904 3082 28
917 3030 960 3100 ).
980 3061 1052 3071 —-
1071 3029 1338 3084 Arnobius
1357 3028 1492 3084 dixit
1515 3047 1527 3081 :
1554 3027 1819 3098 Quidquid
1838 3028 1965 3084 dicit

385 3118 593 3175 Paulus
612 3122 887 3192 apostolus
903 3122 971 3177 de
990 3121 1222 3188 Christo,
1245 3130 1402 3191 putas
1415 3135 1598 3175 verum
1617 3120 1764 3186 dicit,
1787 3136 1853 3174 an
1873 3119 1964 3177 fal-

380 3213 446 3267 lit
459 3214 556 3266 ?—
565 3213 826 3285 Serapion
842 3215 1003 3270 dixit:
1020 3215 1075 3271 Si
1091 3215 1287 3270 Paulus
1300 3214 1452 3279 fallit,
1471 3213 1590 3282 quis
1603 3229 1784 3267 verum
1801 3213 1963 3268 dicit?

2064 2031 2135 2083 ait
2161 2031 2504 2098 semetipsum.
2535 2062 2607 2072 ——
2633 2027 2892 2100 Serapion
2913 2030 3046 2084 dixit
3076 2050 3088 2085 :
3114 2031 3141 2069 ι)
3163 2030 3442 2097 Quomodo
3470 2035 3646 2089 exina-

2065 2119 2201 2173 nivit
2227 2120 2324 2173 se?
2352 2119 2601 2189 Nunquid
2629 2128 2687 2174 ut
2713 2130 2946 2174 cessaret
2964 2135 3082 2175 esse
3103 2121 3242 2176 Deus
3256 2124 3363 2175 ?-—
3383 2122 3646 2179 Arnobius

2064 2211 2200 2265 dixit
2224 2231 2236 2264 :
2269 2211 2348 2266 Ne
2394 2211 2531 2266 forte
2561 2212 2666 2268 hoc
2704 2213 3049 2283 blasphemiae
3076 2214 3250 2269 scelus
3278 2224 3475 2271 nostra:
3500 2218 3647 2272 testi-

2064 2302 2290 2356 mationi
2309 2302 2640 2371 subreperet,
2665 2303 3049 2373 interpretatus
3069 2312 3150 2358 est
3163 2304 3320 2359 istum
3343 2322 3648 2363 sermonem

2064 2393 2268 2456 dicens,
2301 2393 2355 2446 in
2401 2407 2508 2461 quo
2554 2395 2839 2447 exinaniri:
2867 2396 3107 2465 seipsum,
3139 2394 3193 2449 id
3229 2404 3329 2459 est,
3372 2397 3495 2467 quia
3525 2414 3648 2454 cum

2064 2491 2209 2537 esset
2231 2481 2487 2536 Dominus
2512 2484 2732 2552 formam
2761 2485 2890 2536 servi
2911 2485 3168 2554 accipiens
3184 2485 3241 2538 in
3261 2485 3648 2540 similitudinem

2063 2575 2328 2627 hominum
2349 2575 2547 2644 factus,
2579 2583 2630 2626 et
2656 2573 2833 2627 habitu
2858 2575 3088 2646 repertus
3113 2585 3172 2628 ut
3198 2577 3367 2643 homo,
3409 2579 3648 2633 humilia-

2061 2666 2135 2720 vit
2161 2666 2385 2736 seipsum
2413 2667 2580 2736 factus
2609 2666 2847 2720 obediens
2873 2683 3030 2739 usque
3055 2668 3125 2720 ad
3151 2678 3384 2736 mortem,
3416 2679 3519 2725 etc.
3550 2671 3649 2728 Hic

2063 2771 2194 2826 ergo
2212 2757 2306 2827 qui
2325 2765 2408 2812 est
2435 2756 2599 2811 Filius
2627 2756 2799 2813 Patris
2826 2759 2941 2812 sine
2962 2758 3114 2814 initio
3127 2769 3286 2815 natus
3300 2777 3366 2816 ex
3378 2777 3444 2816 eo
3466 2761 3646 2830 Patre,

2062 2849 2156 2918 qui
2199 2848 2541 2918 paternitatis
2583 2863 2692 2903 sua:
2737 2849 2944 2902 initium
2989 2865 3095 2903 non
3134 2850 3315 2917 habet,
3367 2852 3454 2907 hic
3493 2852 3643 2919 dicit,

2062 2939 2178 3012 Ego
2201 2949 2252 2994 et
2277 2939 2443 2994 Pater
2483 2956 2643 3019 unum
2680 2957 2854 2995 sumus
2884 2941 3062 3012 (Joan.
3097 2959 3150 3009 x,
3178 2943 3296 3016 50).
3331 2943 3428 2999 Hic
3466 2955 3647 3002 autem

2064 3039 2223 3086 natus
2250 3046 2318 3086 ex
2363 3038 2537 3086 matre
2570 3032 2687 3086 sine
2735 3029 2894 3086 Patre
2938 3034 3159 3101 carnali,
3190 3034 3278 3089 hic
3303 3035 3452 3100 dicit,
3485 3035 3646 3092 Pater

2063 3123 2234 3193 major
2260 3139 2342 3176 me
2359 3131 2436 3192 est
2454 3122 2635 3194 (Joan.
2659 3139 2766 3187 xiv,
2788 3122 2859 3176 28
2875 3123 2913 3193 ).
2935 3155 3008 3166 -
3028 3122 3288 3196 Serapion
3313 3127 3478 3182 dixit:
3502 3127 3645 3196 Ergo

2063 3215 2172 3271 duo
2198 3225 2322 3271 sunt
2349 3214 2444 3271 lilii
2468 3217 2582 3282 Dei,
2613 3225 2669 3272 et
2695 3233 2832 3272 unus
2856 3217 2924 3272 de
2951 3216 3112 3272 Patre
3139 3219 3256 3274 sine
3284 3229 3475 3286 matre,
3507 3223 3644 3276 alius

380 3337 455 3348 ——
472 3305 744 3361 Arnobius
765 3307 900 3362 dixit
925 3327 936 3360 :
969 3307 1176 3363 Memor
1197 3323 1255 3362 es
1279 3307 1476 3361 dixisse
1500 3321 1622 3360 eum
1642 3305 1710 3360 de
1731 3305 1960 3362 Domino
1985 3305 2032 3366 C
2063 3307 2130 3362 de
2153 3315 2325 3363 matre
2350 3309 2469 3364 sine
2491 3308 2650 3366 Patre
2670 3310 2796 3365 est?
2821 3342 2893 3353 —
2924 3309 3190 3366 Arnobius
3217 3309 3352 3367 dixit
3383 3331 3396 3365 :
3429 3311 3566 3368 Puto
3588 3321 3643 3368 te

380 3394 510 3450 Jesu
531 3395 768 3464 Christo,
798 3409 821 3435 ⁸
850 3398 950 3463 Qui
977 3416 1092 3453 cum
1111 3409 1244 3454 esset
1265 3401 1319 3453 in
1346 3401 1514 3470 forma
1539 3397 1658 3460 Dei,
1685 3414 1789 3452 non
1811 3399 1955 3466 rapi-

382 3504 502 3541 nam
524 3489 900 3545 arbitratus.est
922 3509 1034 3546 esse
1053 3509 1109 3545 se
1134 3491 1380 3562 aequalem
1406 3489 1514 3544 Deo
1545 3489 1762 3561 (Philip.
1794 3506 1848 3554 ll,
1876 3491 1953 3560 6).

385 3578 526 3634 Dixit
544 3581 646 3636 hoc
663 3579 879 3648 Paulus,
897 3599 965 3637 an
979 3599 1090 3638 non
1103 3583 1207 3637 ?—
1218 3581 1480 3652 Serapion
1494 3582 1798 3652 respondit:
1821 3581 1961 3637 Dixit

383 3673 617 3741 quidem,
649 3675 741 3730 sed
773 3677 1035 3744 integram
1074 3677 1397 3731 sententiam
1440 3693 1547 3731 non
1575 3677 1862 3746 protulisti.
1889 3709 1960 3720 --

385 3763 650 3820 Arnobius
676 3765 810 3820 dixit
834 3785 846 3819 ε
890 3765 1030 3835 Ergo
1057 3767 1162 3822 scis
1188 3766 1314 3835 quia
1355 3767 1595 3837 Apostoli
1621 3783 1798 3822 sermo
1827 3783 1959 3822 con-

385 3855 612 3924 scriptus
635 3865 719 3910 est
746 3857 799 3910 in
830 3857 1076 3927 epistola.
1107 3889 1180 3900 —
1213 3855 1473 3927 Serapion
1501 3857 1636 3912 dixit
1669 3875 1681 3909 :
1719 3856 1863 3912 Scio.
1891 3885 1964 3896 —

390 3945 654 4000 Arnobius
687 3947 822 4002 dixit
852 3967 864 4001 :
894 3947 1070 4018 Ipsum
1091 3963 1298 4003 comma
1327 3947 1547 4015 integrae
1573 3949 1853 4003 sententia:
1878 3947 1967 4004 dic

393 4033 523 4086 mihi
549 4037 689 4102 quod
717 4037 842 4092 dixi.
875 4038 1233 4110 —‘Serapion
1259 4038 1392 4093 dixit
1424 4058 1436 4092 :
1470 4040 1658 4094 Dixisti
1687 4059 1699 4093 :
1734 4039 1963 4104 Quicum

393 4125 450 4177 in
472 4126 641 4195 [arma
663 4125 756 4180 Dei
779 4139 925 4194 esset,
960 4147 1063 4185 non
1092 4132 1331 4202 rapinam
1363 4130 1642 4185 arbitratus
1664 4142 1740 4186 est
1777 4149 1888 4186 esse
1913 4150 1968 4186 se

392 4217 641 4287 aequalem
672 4215 800 4271 Deo.
837 4252 909 4261 —
933 4220 1198 4275 Arnobius
1243 4220 1376 4277 dixit
1416 4239 1429 4274 :
1471 4219 1554 4289 Et.
1593 4222 1663 4277 de
1711 4238 1820 4292 quo
1865 4223 1969 4278 hoc

389 4308 659 4363 dixit?.——
683 4308 940 4380 Serapion
969 4312 1101 4366 dixit
1134 4331 1145 4364 :
1179 4313 1254 4367 De
1283 4312 1416 4368 Filio
1451 4331 1463 4366 :
1496 4313 1765 4368 Arnobius
1792 4314 1965 4368 dixit:

388 4398 456 4453 Et
483 4399 552 4454 de
578 4416 687 4469 quo
715 4401 818 4456 hoc
858 4402 1006 4466 dicit,
1049 4400 1176 4455 Esse
1203 4419 1257 4456 se
1296 4388 1584 4474 aequalem?
1609 4436 1680 4444 —
1709 4402 1971 4472 Serapion

391 4493 666 4560 respondit
699 4512 711 4546 :
747 4493 821 4548 De
850 4491 1114 4549 Patre.—-
1140 4493 1406 4549 Arnobius
1433 4494 1600 4548 dixit:
1634 4492 1836 4562 Collige
1864 4495 1972 4551 for-

391 4596 537 4634 mam
582 4581 694 4645 Dei,
725 4584 770 4637 si
796 4591 972 4654 potes.
1003 4616 1074 4626 --
1111 4583 1372 4653 Serapion
1419 4581 1695 4651 respondit
1727 4601 1738 4636 :
1779 4583 1971 4639 Forma

2064 3415 2173 3456 non
2193 3415 2313 3455 esse
2366 3403 2736 3457 immemorem
2775 3402 3072 3458 ostendisse
3111 3419 3197 3459 me
3237 3403 3452 3474 quidem
3505 3406 3644 3462 duos

2060 3494 2264 3558 oculos,
2286 3494 2381 3549 sed
2400 3510 2564 3549 unum
2576 3503 2879 3564 aspectum;
2901 3495 3034 3550 duas
3050 3511 3227 3561 aures,
3245 3497 3341 3552 sed
3363 3513 3525 3551 unum
3546 3512 3644 3551 au-

2060 3583 2260 3649 ditum;
2288 3583 2420 3638 duas
2446 3599 2622 3648 nares,
2646 3582 2741 3637 sed
2769 3599 2931 3637 unum
2952 3583 3253 3637 odoratum.
3282 3617 3354 3627 -—
3381 3583 3642 3652 Serapion

2061 3673 2195 3727 dixit
2223 3691 2237 3725 :
2280 3673 2396 3726 Duo
2423 3674 2522 3726 ista
2551 3672 2821 3739 quomodo
2853 3673 2934 3725 vis
2961 3673 3015 3725 in
3044 3687 3208 3726 unum
3237 3676 3392 3728 esse?
3421 3683 3479 3728 ut
3504 3675 3644 3728 sicut

2064 3764 2296 3817 Dealitas
2320 3761 2495 3815 Patris
2521 3769 2576 3815 et
2594 3760 2712 3813 Filii
2741 3769 2796 3814 et
2823 3761 3050 3829 Spiritus
3083 3764 3254 3815 sancti
3283 3778 3387 3816 una
3417 3771 3498 3817 est
3517 3765 3643 3819 sub-

2063 3856 2280 3920 stantia,
2311 3856 2383 3909 ita
2411 3862 2466 3909 et
2491 3852 2787 3907 substantia
2808 3851 2903 3905 Dei
2931 3867 3052 3905 cum
3063 3849 3173 3906 ﬁlio
3194 3851 3424 3908 hominis
3439 3870 3545 3909 una
3572 3855 3646 3910 sit

2063 3946 2400 4002 substantia?
2417 3973 2489 3985 ——-
2503 3941 2768 3998 Arnobius
2787 3941 2922 3997 dixit
2941 3960 2953 3994 :
2971 3940 3088 3996 Non
3103 3949 3184 3995 est
3198 3941 3292 3996 ita.
3312 3941 3485 3998 Homo
3500 3945 3645 3998 enim

2067 4054 2164 4109 per
2181 4037 2369 4102 Deum,
2393 4036 2486 4105 qui
2513 4049 2636 4090 emn
2658 4033 2964 4104 assumpsit,
2989 4031 3159 4087 factus
3178 4041 3260 4088 est
3281 4032 3422 4089 Deus
3446 4053 3460 4089 :
3483 4046 3504 4074 ε
3533 4052 3644 4092 non

2069 4129 2210 4183 Deus
2229 4144 2328 4200 per
2347 4127 2640 4190 hominem,
2659 4141 2818 4195 quem
2840 4124 3143 4195 assumpsit,
3167 4123 3336 4182 factus
3356 4133 3438 4180 est
3456 4126 3640 4182 homo.

2138 4221 2225 4276 lll.
2249 4255 2321 4265 —
2345 4220 2606 4290 Serapion
2633 4219 2767 4274 dixit
2799 4239 2811 4273 :
2867 4219 2936 4274 At
2962 4235 3060 4290 per
3109 4220 3212 4275 hoc
3248 4221 3355 4276 duo
3388 4229 3514 4277 sunt
3554 4220 3648 4276 ﬁlii

2071 4312 2185 4377 Dei,
2219 4328 2340 4366 cum
2365 4311 2516 4376 dicis,
2541 4310 2702 4374 Deus,
2727 4309 2867 4364 Deus
2895 4319 3003 4374 est;
3035 4318 3090 4363 et
3117 4311 3296 4376 homo,
3327 4311 3490 4366 homo
3527 4320 3646 4377 est;

2072 4404 2214 4456 Deus
2264 4417 2452 4468 verus,
2484 4415 2748 4468 verusque
2775 4399 2936 4453 homo
2974 4398 3081 4453 duo
3110 4407 3252 4454 sunt.
3283 4433 3354 4443 ——
3382 4399 3650 4455 Arnobius

2073 4494 2250 4549 dixit:
2283 4493 2410 4548 Dute
2460 4500 2585 4547 sunt
2634 4492 2940 4546 substantia:
2991 4491 3045 4546 in
3100 4507 3207 4546 uno
3234 4491 3369 4547 Filio
3409 4492 3522 4547 Dei.
3552 4491 3651 4548 Hic

2075 4587 2218 4640 enim
2247 4601 2384 4638 unus
2422 4583 2585 4637 Filius
2623 4580 2814 4646 Patris,
2839 4582 2930 4651 qui
2959 4579 3082 4636 fecit
3109 4583 3338 4651 primum
3376 4583 3652 4638 hominem

389 4672 488 4727 Dei
518 4682 602 4728 est
627 4675 730 4729 hoc
755 4675 900 4744 quod
927 4677 1218 4731 immensus
1245 4681 1346 4739 est;
1379 4683 1434 4728 ct
1478 4674 1646 4729 caelos
1674 4683 1729 4729 et
1773 4684 1971 4731 terram
1999 4672 2050 4731 D
2075 4677 2101 4714 ά
2122 4679 2189 4732 de
2218 4678 2346 4730 limo
2379 4683 2533 4729 teme
2564 4674 2802 4740 virginis.
2832 4673 2964 4726 Cum
2995 4674 3185 4728 timore
3215 4673 3310 4729 Dei
3338 4683 3393 4728 et
3422 4675 3652 4731 interro-

1573 4787 1679 4843 FR.
1722 4787 2199 4844 FEU-ARDENTII
2237 4788 2464 4842 NOTIE.

461 4893 486 4919 ε·
508 4882 576 4937 Et
591 4885 695 4938 hoc
716 4884 1025 4942 testimonio
1046 4883 1234 4937 Patres
1273 4891 1382 4936 tam
1409 4879 1578 4936 ϐταιεί
1607 4896 1766 4942 quam
1798 4880 1973 4934 Latini

390 4967 582 5020 magna
610 4955 966 5009 consensione
987 4963 1148 5022 atque
1168 4951 1468 5007 constantia
1515 4949 1834 5022 conﬁrmant
1881 4949 1970 5004 Fi-

392 5022 521 5092 lium
543 5022 688 5077 Patri
703 5025 923 5078 omnino
944 5021 1202 5092 aequalem
1224 5031 1280 5077 et
1299 5021 1967 5092 consubstantialemesse.

399 5089 566 5145 Unius
605 5101 812 5154 tantum
862 5089 1137 5147 Athanasii
1185 5093 1252 5146 ad
1299 5091 1482 5145 Arium
1510 5092 1673 5145 verba
1701 5089 1967 5158 subjicio:

399 5160 536 5231 Quid
564 5179 829 5231 coruscum
856 5163 1010 5217 Pauli
1032 5163 1256 5231 apostoli
1305 5161 1558 5231 eloquium
1587 5161 1759 5213 renuis
1795 5160 1964 5212 dicen-

339 5266 344 5270 -
397 5232 464 5302 tis
492 5229 556 5282 de
577 5229 731 5295 Filio,
763 5233 899 5287 Dum
918 5236 973 5287 in
1003 5229 1170 5302 [arma
1200 5231 1296 5302 I)_ei
1323 5229 1474 5302 esset,
1498 5247 1598 5284 non
1619 5232 1856 5299 rapinam
1877 5246 1970 5282 ar-

396 5299 614 5373 bitratus
641 5313 855 5373 esthesse
873 5321 928 5356 se
955 5299 1203 5373 (aqualem
1226 5300 1335 5373 Deo
1352 5301 1375 5353 Ρ
1393 5311 1489 5353 etc.

468 5370 494 5406 δ
524 5369 673 5425 Hanc
701 5369 942 5439 Gregorii
976 5367 1195 5439 N'ysseni
1235 5370 1397 5423 etiam
1423 5385 1453 5424 a
1481 5369 1679 5439 Cyrillo
1701 5367 1970 5439 laudatam

397 5437 488 5507 (In
515 5429 868 5512 Apologeticb)
913 5429 1324 5511 explicationem
1371 5441 1473 5494 hoc
1527 5429 1670 5512 loco
1697 5437 1972 5512 prteterire

397 5525 504 5562 non
533 5507 735 5578 potui':
759 5507 858 5575 Qui
886 5507 998 5566 rex'
1031 5512 1380 5581 regnantium,
1429 5519 1479 5562 et
1521 5507 1772 5581 Dominus
1799 5507 1969 5562 domi-

398 5577 634 5632 nantium
662 5591 794 5644 erat,
821 5584 952 5652 servi
981 5577 1150 5652 [arma
1177 5581 1429 5641 induitur,
1470 5588 1518 5632 et
1547 5577 1783 5652 subditur
1824 5586 1971 5647 pote—

398 5657 586 5721 statem
624 5651 934 5721 gerentibus.
982 5649 1243 5705 Dominus
1279 5649 1626 5721 creatur-tein
1676 5649 1968 5721 speluncam

397 5717 756 5791 diuertithui
784 5724 1074 5775 universum
1116 5721 1292 5791 palmo
1332 5718 1607 5791 concludit.
1639 5735 1741 5771 non
1779 5718 1968 5791 inuenit

397 5788 566 5859 locum
594 5791 650 5843 in
681 5791 964 5845 diversorio
985 5808 1003 5853 ;
1026 5787 1127 5843 sed"
1141 5791 1196 5842 in
1215 5790 1462 5859 prasepio
1487 5789 1787 5859 reclinatur.
1814 5787 1970 5859 Man-
2014 5843 2022 5849 ,

400 5857 497 5915 dus
524 5869 576 5916 et
602 5861 964 5916 immaculatus
987 5856 1228 5916 huntants
1255 5865 1456 5914 natura
1493 5857 1706 5924 suscipit
1745 5856 1924 5909 sordes
1945 5875 1962 5919 ς

1381 6015 1482 6037 καθ’
1501 6016 1578 6039 ‘-‘.‘
1646 6015 1652 6021 ’

2074 4891 2123 4933 et
2148 4881 2287 4932 omni
2315 4888 2614 4948 paupertate
2635 4887 2817 4932 nostra
2849 4875 3169 4946 perfunctus,
3199 4893 3358 4948 usque
3383 4875 3454 4926 ad
3474 4877 3656 4929 mortis

2073 4950 2231 5019 ﬁnem
2261 4950 2511 5019 pervenit,
2522 4957 2632 5019 (etc.

2149 5030 2170 5057 ε
2199 5012 2340 5071 Sane
2371 5015 2740 5084 intelligendus
2760 5015 2848 5069 hic
2876 5015 3043 5069 locus.
3077 5014 3335 5067 Nimirum
3363 5012 3441 5064 sic
3466 5030 3478 5064 :
3500 5012 3654 5084 ‘Deus

2073 5084 2437 5156 assumptione
2479 5081 2585 5140 no'n
2626 5093 2708 5140 est
2745 5084 2915 5156 lactus
2957 5085 3252 5156 humanum
3297 5081 3652 5156 suppositum,

2073 5173 2168 5213 seu
2209 5152 2438 5227 persona
2479 5157 2730 5219 humana,
2773 5154 2915 5227 sicut
2957 5153 3119 5206 homo
3148 5157 3450 5227 assumptus
3479 5157 3560 5204 est
3595 5152 3652 5206 in

2073 5217 2354 5310 εεερινδξίιο
2385 5227 2466 5280 νει
2495 5217 2727 5310 verser?
2745 5217 3655 5310 ,éitiﬂa.i.‘l"?."_‘!2!l‘i‘lf:"_sum

2074 5287 2281 5352 siti-aut
2309 5287 2550 5367 personae
2579 5295 2714 5349 ratio
2745 5291 2797 5343 in
2825 5289 3039 5343 Christo
3066 5293 3284 5354 tantum
3297 5287 3392 5342 Dei
3415 5287 3654 5357 εει,ἰὶοη

2073 5368 2324 5424 hominis.

2146 5438 2173 5474 ιι
2204 5438 2348 5492 [stud
2386 5438 2464 5490 sic
2503 5435 2798 5505 explicatur
2836 5427 2977 5497 apud
3015 5427 3400 5486 Tertullianum
3433 5451 3446 5486 :
3494 5432 3655 5505 Virgo

2075 5504 2241 5561 adhuc
2261 5515 2372 5561 erat
2393 5515 2549 5567 terra,
2573 5501 2801 5556 nondum
2823 5515 2976 5567 opere
2995 5515 3309 5570 compressa,
3335 5504 3560 5557 nondum
3581 5501 3656 5555 ἕε-

2073 5580 2228 5630 menti
2250 5576 2490 5636 subacta;
2515 5588 2578 5625 ea:
2598 5588 2658 5642 ea
2682 5570 2937 5642 hominem
2964 5571 3158 5642 factum
3179 5573 3468 5642 accepimus
3488 5571 3652 5642 ahDeo

2071 5649 2124 5700 in
2151 5648 2378 5698 animum
2401 5645 2582 5695 vivam.
2619 5638 2786 5710 Igitur
2815 5641 2857 5692 si
2886 5638 3082 5707 primus
3108 5640 3275 5710 Adam
3301 5638 3378 5692 ita
3409 5640 3651 5710 traditur,

2069 5718 2254 5769 merito
2280 5726 2495 5782 sequens
2522 5711 2600 5762 vel
2629 5707 2936 5782 novissimus
2966 5711 3131 5763 Adam
3161 5709 3225 5782 de
3252 5718 3408 5782 terra,
3458 5707 3512 5759 id
3553 5717 3651 5782 est,

2070 5801 2230 5838 carne
2250 5777 2476 5849 nondum
2507 5779 2830 5849 generationi
2872 5777 3495 5849 rrsignjata_in_spiritunt
3523 5778 3652 5849 uivi-

2070 5801 2230 5838 carne
2250 5798 2476 5834 nonaum
2507 5798 2830 5849 generalium
2872 5798 3138 5901 ft'MZnala
3173 5798 3229 5829 m
3259 5798 3495 5846 δριηιιιηι
3523 5798 3648 5831 vivs-

2069 5853 2311 5922 ﬁcante’m
2349 5866 2380 5902 a
2419 5848 2528 5902 Deo
2563 5859 2640 5904 est
2677 5849 2908 5921 prolatus
2946 5847 2965 5918 (
3015 5847 3082 5902 ib.
3122 5845 3187 5897 de
3219 5845 3395 5915 Carne.
3413 5844 3648 5920 Christi).
