4246 6270
1159 401 1579 458 consumes
1618 403 1705 456 ne
1746 403 1880 457 nuo
1921 405 2126 460 meo
2166 384 2253 458 ET
2296 403 2450 471 uno,
2494 405 2644 461 ETC.
2687 365 2916 460 mg“.

3570 403 3678 463 εει

374 521 651 575 Arnobius
679 521 814 574 dixit
851 538 860 570 :
891 517 1086 573 Mariar.
1115 551 1182 560 —-
1211 519 1473 588 Serapion
1499 518 1634 572 dixit
1669 537 1680 571 :
1709 518 1849 587 Ergo
1872 520 1974 575 hoc
2001 527 2051 584 Α
2079 534 2209 588 ergo
2259 535 2380 572 cum
2423 519 2534 572 Deo
2565 529 2720 573 natus
2743 497 2844 574 est.
2879 549 2946 560 —
2983 509 3255 574 Arnobius
3301 520 3434 574 dixit
3461 539 3471 572 :
3505 520 3560 573 Si
3583 523 3670 590 pie

377 613 554 667 voluit
594 611 746 680 quasi
785 610 1044 679 putative,
1076 618 1129 663 et
1163 626 1269 664 non
1299 609 1580 662 veraciter.
1614 641 1685 650 —
1711 607 1978 663 Arnobius

375 701 519 755 dixit
545 717 558 752 :
591 697 648 752 lu
680 699 790 752 Deo
820 696 948 750 nihil
978 697 1300 766 putativum,
1331 695 1465 750 nihil
1495 689 1859 759 fantasticum,
1892 696 1976 750 ni-

379 793 458 847 hil
479 789 744 846 mendacii
773 789 973 844 existit.
1007 816 1079 828 —
1099 786 1362 857 Serapion
1388 786 1524 841 dixit
1554 805 1566 840 :
1596 785 1771 841 Unum
1793 801 1824 841 e
1851 787 1980 842 duo-

294 897 306 910 ‘
379 884 484 939 bus
503 891 648 938 stare
694 896 801 935 non
848 888 1048 950 potest,
1099 879 1224 947 quia
1253 876 1419 931 Maria
1471 884 1565 931 aut
1609 878 1846 937 Θεοτόκος
1874 877 1978 930 erit

381 974 574 1030 eadem
594 973 853 1042 genitrix;
880 978 973 1024 aut
992 970 1335 1046 Χριστοτὸκυς
1359 968 1548 1023 eadem
1570 962 1802 1037 genitrix
1823 965 1978 1022 Chri-

380 1065 473 1120 sti.
487 1094 557 1105 —
577 1062 844 1117 Arnobius
866 1061 1002 1116 dixit
1027 1079 1040 1113 :
1065 1059 1132 1114 Et
1153 1060 1388 1121 Θεοτόκος·
1409 1068 1509 1124 est,
1538 1067 1594 1113 et
1612 1059 1972 1135 Χριστοτὸκος.

376 1187 450 1197 —
479 1155 741 1223 Serapion
783 1153 920 1208 dixit
953 1171 966 1206 :
1007 1163 1032 1190 ει
1065 1151 1204 1221 Ergo
1237 1151 1466 1206 duorum
1507 1159 1590 1205 est
1629 1148 1976 1205 mater.ﬁlio-

378 1263 518 1302 rum.
536 1277 609 1287 -
623 1245 894 1299 Arnobius
914 1244 1049 1298 dixit
1068 1263 1080 1297 :
1108 1243 1275 1299 Unius
1297 1243 1391 1298 ﬁlii
1411 1251 1585 1298 mater
1604 1249 1706 1298 est.
1725 1275 1798 1285 —
1811 1241 1975 1296 Sera-

378 1340 506 1409 pion
536 1337 672 1392 dixit
705 1355 717 1389 :
752 1335 867 1403 Qua
896 1337 1108 1391 ratione
1137 1335 1240 1390 hoc
1259 1335 1464 1405 poteris
1491 1334 1708 1398 docere,
1739 1350 1863 1389 cum
1889 1333 1976 1388 Fi-

377 1431 480 1484 lius
527 1429 641 1492 Dei,
666 1427 762 1482 Dei
793 1425 958 1481 Filius
978 1427 1074 1491 sit;
1100 1426 1191 1496 qui
1214 1441 1281 1480 ex
1309 1425 1422 1482 Deo
1452 1424 1611 1480 Patre
1639 1435 1764 1480 ante
1781 1424 1976 1482 smcula

378 1529 462 1574 est
490 1521 702 1589 genitus
731 1517 903 1584 Deus;
946 1526 1002 1572 et
1030 1518 1129 1572 iste
1153 1533 1294 1572 nunc
1315 1532 1384 1572 ex
1406 1525 1648 1586 tempore
1676 1517 1746 1572 sit
1765 1516 1978 1585 genitus

381 1612 521 1665 ﬁlius
548 1610 814 1666 hominis?
855 1641 926 1650 —
954 1609 1222 1663 Arnobius
1251 1609 1386 1663 dixit
1420 1627 1432 1662 :
1471 1607 1640 1663 Filius
1668 1609 1765 1662 Dei
1803 1608 1978 1663 omni—

385 1712 572 1774 potens
600 1700 991 1770 omnipotentis
1021 1698 1194 1754 Patris
1224 1715 1320 1769 per
1347 1699 1798 1770 omnipotentiam
1827 1683 1977 1752 suam

378 1796 484 1849 hoc
513 1793 700 1856 voluit,
733 1800 794 1846 ut
823 1807 961 1846 unus
982 1805 1104 1844 cum
1131 1807 1198 1846 eo
1221 1789 1374 1846 ﬁeret
1396 1790 1562 1845 Filius
1589 1790 1684 1844 Dei
1710 1790 1810 1843 iste
1840 1788 1979 1842 ﬁlius

378 1885 634 1943 hominis.
656 1916 727 1927 —-
756 1882 1020 1952 Serapion
1048 1882 1185 1936 dixit
1214 1901 1226 1935 :
1259 1881 1403 1951 Ergo
1430 1883 1599 1936 mixta
1646 1889 1728 1936 est
1775 1879 1978 1934 Divini-

381 1987 464 2032 tas
493 1986 548 2032 et
583 1976 906 2031 humanitas.
957 2005 1022 2016 ——
1053 1973 1321 2030 Arnobius
1349 1973 1485 2029 dixit
1536 1992 1547 2026 :
1581 1971 1718 2040 Quid
1748 1980 1830 2026 est
1871 1971 1975 2027 hoc

381 2067 530 2137 quod
554 2068 636 2122 vis
662 2068 860 2134 dicere,
884 2066 1050 2122 Mixta
1072 2068 1188 2123 est?
1215 2095 1286 2107 —
1313 2065 1574 2134 Serapion
1603 2064 1737 2118 dixit
1769 2083 1780 2116 :
1805 2063 1990 2118 Deum.

386 2158 680 2224 hominem,
707 2157 832 2227 quid
861 2158 1089 2212 mixtum
1118 2156 1294 2211 carnis
1324 2163 1378 2210 et
1411 2153 1567 2209 Verbi
1594 2168 1761 2207 unum
1781 2167 1978 2222 corpus

390 2250 596 2305 ellecit.
623 2283 690 2292 —
716 2250 978 2306 Arnobius
1018 2248 1156 2304 dixit
1188 2267 1199 2300 :
1243 2247 1620 2317 Blasphemum
1649 2254 1733 2301 est
1761 2247 1832 2299 ita
1856 2259 1977 2299 cre-

384 2340 536 2407 dere,
597 2349 652 2394 ιιι
677 2341 827 2409 quasi
875 2337 1239 2397 conﬂantibus
1284 2351 1450 2407 opere
1492 2337 1627 2392 duas
1675 2345 1895 2390 naturas
1925 2335 1978 2389 in

384 2445 542 2485 unam
570 2431 850 2486 credamus
877 2431 1154 2485 redactam
1185 2443 1304 2484 esse
1331 2429 1709 2483 substantiam.
1743 2425 1980 2481 Evidens

380 2531 462 2578 est
485 2523 626 2577 enim
647 2523 928 2592 utriusque
957 2522 1126 2592 partis
1154 2519 1432 2590 corruptio
1465 2537 1476 2572 :
1512 2534 1634 2574 nam
1655 2517 1749 2587 qui
1783 2531 1974 2587 capax,

377 2631 485 2671 non
513 2616 806 2686 capabilis;
837 2623 1149 2686 penetrans,
1179 2630 1286 2669 non
1314 2612 1666 2684 penetrabilis
1712 2619 1832 2677 est;
1878 2611 1980 2664 im-

378 2709 552 2779 plens,
576 2724 688 2764 non
709 2707 1001 2777 implebilis
1020 2714 1132 2770 est;
1164 2706 1256 2774 qui
1291 2705 1489 2774 ubique
1516 2703 1741 2758 diﬁusus
1769 2713 1825 2758 et
1862 2701 1980 2757 ubi-

378 2813 484 2868 que
521 2807 669 2855 totus
695 2807 798 2864 est,
831 2797 990 2852 simul
1012 2813 1110 2866 per
1136 2795 1583 2865 omnipotentiam
1622 2797 1696 2849 ita
1724 2809 1784 2849 se
1822 2801 1981 2848 natu-

377 2906 452 2947 ra:
493 2891 687 2946 infudit
713 2891 982 2954 humanas,
1008 2888 1035 2926 ι’
1060 2897 1120 2943 ιιι
1147 2903 1274 2943 caro
1302 2888 1654 2957 perﬁceretur
1699 2887 1753 2940 in
1785 2887 1978 2952 Verbo,

384 2998 496 3036 non
527 2981 768 3036 Verbum
808 2981 864 3034 in
895 2994 1058 3034 carne
1098 2976 1472 3049 perﬁceretur.
1526 2977 1642 3032 Non
1684 2978 1826 3032 enim
1855 2977 1983 3032 dicit

386 3070 738 3140 evangelista,
789 3068 1024 3124 Verbum
1066 3085 1188 3125 cum
1218 3084 1380 3124 carne
1431 3077 1618 3123 natum
1663 3078 1764 3134 est,
1818 3079 1839 3106 ο
1889 3067 1982 3122 sed

392 3161 619 3216 Verbum
650 3178 773 3217 caro
804 3165 1000 3234 factum
1028 3169 1100 3216 est
1133 3149 1313 3232 (Ιοαη.
1344 3179 1380 3226 ι,
1410 3161 1520 3231 14),
1564 3170 1617 3216 ει
1646 3161 1808 3216 homo
1836 3159 1983 3214 nasci

380 3270 486 3309 non
503 3253 778 3356 judicavit
825 3253 1118 3322 indignum.
1151 3283 1224 3294 —-
1247 3253 1509 3324 Serapion
1544 3253 1678 3307 dixit
1720 3272 1732 3304 :
1766 3251 1824 3306 Si
1847 3251 1981 3306 Ver-

382 3346 506 3399 bum
528 3360 658 3399 caro
689 3343 888 3399 factum
918 3354 1023 3412 est,
1048 3344 1282 3400 Verbum
1305 3360 1424 3400 esse
1444 3346 1692 3400 cessavit.
1716 3377 1788 3387 ——
1808 3346 1984 3400 Arno-

381 3438 497 3492 bius
543 3437 720 3491 dixit:
757 3437 873 3492 Non
923 3436 1087 3491 homo
1133 3437 1404 3508 perfectus
1446 3439 1500 3491 in
1550 3437 1795 3507 virginali
1827 3445 1982 3494 utero

384 3534 672 3614 conceptus
721 3537 803 3583 est
847 3537 903 3581 et
933 3529 1124 3582 natus?
1155 3561 1223 3570 —
1263 3527 1529 3598 Serapion
1577 3528 1712 3584 dixit
1748 3547 1759 3579 :
1805 3526 1979 3584 Homo

2084 613 2186 666 hoc
2215 612 2441 678 diceres,
2475 613 2621 666 ﬁnita
2649 620 2764 666 erat
2793 613 3100 676 contentio;
3133 627 3273 666 nunc
3302 619 3480 666 autem
3509 627 3672 681 quam

2082 705 2244 774 impie
2270 705 2436 768 dicas,
2470 703 2594 758 hinc
2632 703 2920 770 detegeris.
2960 701 3102 757 Dicis
3140 703 3301 766 enim,
3347 701 3522 756 Homo
3549 717 3671 756 cum

2082 795 2194 850 Deo
2224 803 2381 850 natus
2408 803 2510 857 est,
2546 802 2605 848 ut
2633 793 2880 849 videatur
2914 809 3054 848 nunc
3092 793 3205 863 ipsa
3247 792 3509 846 Divinitas
3554 791 3675 847 Filii

2083 885 2177 940 Dei
2198 885 2492 955 sumpsisse
2520 884 2752 938 initium.
2786 883 2918 938 Dico
2948 890 3127 938 autem
3169 890 3224 937 e‘t
3252 896 3372 950 ego,
3406 881 3481 935 lta
3509 881 3676 936 homo

2080 992 2203 1032 cum
2231 977 2342 1032 Deo
2390 984 2546 1030 natus
2574 983 2674 1039 est,
2724 982 2784 1028 ut
2809 975 2950 1029 Deus
2977 974 3070 1042 qui
3098 988 3313 1042 semper
3346 979 3448 1038 est,
3479 979 3535 1025 et
3557 971 3675 1026 sine

2081 1068 2256 1134 initio,
2289 1069 2567 1124 voluntate
2590 1082 2684 1122 sua
2706 1081 2812 1135 qua
2841 1073 3024 1136 potest
3046 1065 3228 1120 omnia
3257 1079 3376 1134 quae
3395 1063 3508 1118 vult
3528 1064 3676 1120 face-

2082 1176 2141 1216 re
2163 1162 2217 1216 in
2246 1161 2388 1217 coelo
2409 1167 2464 1216 et
2487 1161 2541 1215 in
2573 1169 2736 1224 terra,
2761 1160 2816 1213 in
2863 1159 2999 1213 mari
3037 1167 3093 1214 et
3118 1159 3172 1213 in
3201 1158 3427 1230 abyssis,
3457 1158 3562 1212 hoc
3601 1157 3677 1212 illi

2079 1253 2282 1324 placuit
2323 1261 2400 1316 ut,
2433 1252 2580 1307 salva
2621 1259 2678 1306 et
2718 1251 2925 1319 integra
2953 1250 3163 1305 Deitate
3211 1265 3326 1315 sua,
3360 1248 3678 1304 ﬁeret-ﬁlius

2081 1343 2333 1397 hominis.
2393 1341 2490 1395 Dic
2531 1340 2684 1406 mihi,
2720 1339 3002 1409 Serapion,
3033 1338 3211 1408 potuit
3247 1337 3352 1392 hoc
3381 1336 3580 1402 facere,
3623 1340 3685 1390 et

2081 1433 2288 1499 noluit;
2321 1449 2390 1487 an
2418 1432 2609 1498 voluit,
2642 1439 2699 1486 et
2726 1445 2832 1485 non
2863 1429 3069 1500 potuit?
3097 1427 3380 1485 Invisibilis
3407 1427 3531 1482 huic
3574 1427 3675 1481 ho-

2081 1524 2234 1592 mini,
2273 1538 2434 1594 quem
2464 1521 2774 1591 assumpsit,
2806 1528 2865 1574 ut
2893 1535 3056 1574 unum
3103 1534 3289 1574 secum
3317 1526 3479 1584 esset,
3530 1517 3679 1573 salva

2081 1631 2178 1670 sua
2206 1613 2502 1668 substantia
2535 1612 2737 1675 divina,
2771 1612 2916 1666 salva
2945 1610 3063 1679 ejus
3091 1609 3391 1665 substantia
3419 1610 3674 1675 humana,

2085 1696 2275 1761 tieret?
2298 1704 2357 1760 Si
2385 1704 2576 1770 voluit,
2610 1709 2664 1758 et
2695 1718 2802 1757 non
2843 1703 3038 1773 potuit,
3072 1711 3246 1758 cesset
3279 1717 3398 1757 esse
3427 1702 3679 1772 omnipo-

2084 1809 2223 1865 tens,
2269 1797 2361 1868 qui
2403 1812 2554 1851 suam
2585 1795 2810 1865 implere
2849 1811 2957 1850 non
2999 1795 3174 1864 potuit
3213 1795 3564 1849 voluntatem.
3607 1822 3680 1836 --

2007 1905 2056 1965 Β
2081 1888 2345 1958 Serapion
2374 1888 2512 1942 dixit
2537 1905 2548 1939 :
2573 1885 2724 1941 Hanc
2738 1886 3092 1940 reverentiam
3114 1885 3226 1940 Deo
3249 1885 3380 1940 dare
3399 1884 3675 1950 debemus,

2081 1991 2395 2038 utscorsum
2424 1995 2542 2050 quae
2572 1979 2666 2034 Dei
2687 1987 2812 2033 sunt
2839 1979 2939 2034 soli
2977 1979 3088 2033 Deo
3111 1978 3318 2042 demus,
3351 1987 3406 2033 et
3433 1993 3677 2033 seorsum

2081 2089 2200 2144 qua:
2228 2080 2352 2127 sunt
2381 2070 2614 2126 hominis
2651 2070 2754 2124 soli
2801 2069 3008 2124 homini
3036 2077 3365 2139 reputemus.
3399 2098 3472 2112 --
3499 2069 3675 2124 Amo-

2081 2163 2201 2218 bius
2251 2163 2428 2216 dixit:
2472 2161 2642 2230 Impia
2671 2170 2754 2214 est
2800 2161 2900 2216 ista
2953 2160 3271 2224 credulitas,
3301 2158 3328 2196 ά
3369 2174 3488 2228 qua:
3516 2173 3678 2229 quar-

2084 2261 2194 2306 tam
2216 2251 2451 2306 admittit
2471 2251 2524 2305 in
2549 2250 2730 2305 divina
2759 2249 3021 2305 Trinitate
3050 2264 3356 2320 personam.
3387 2248 3504 2303 Duo
3533 2247 3677 2302 enim

2083 2342 2283 2398 Christi
2313 2343 2422 2397 duo
2449 2350 2610 2397 erunt
2641 2341 2761 2408 ﬁlii;
2805 2351 2899 2396 aut
2933 2349 3079 2396 certe
3107 2357 3244 2396 unus
3287 2339 3531 2396 Christus
3556 2341 3679 2405 erit,

2087 2449 2198 2488 non
2230 2441 2411 2486 tamen
2441 2431 2607 2486 Filius
2636 2431 2753 2487 Dei.
2794 2431 2863 2486 Et
2888 2433 2982 2487 ubi
3002 2440 3084 2486 est
3111 2432 3254 2502 quod
3279 2431 3535 2504 Symbolo
3561 2431 3681 2487 uni-

2083 2525 2310 2580 versalis
2338 2523 2592 2578 Ecclesiae
2632 2539 2732 2579 nos
2773 2524 2993 2580 credere
3035 2522 3376 2589 conﬁtemur,
3408 2524 3681 2579 Christum

2081 2615 2264 2672 Iesum
2305 2614 2498 2668 Filium
2545 2615 2661 2683 ejus
2689 2615 2906 2669 unicum
2953 2615 3238 2668 Dominum
3279 2622 3542 2679 nostrum,
3574 2613 3668 2683 qui

2085 2716 2244 2778 natus
2271 2716 2355 2763 est
2379 2706 2448 2762 de
2473 2706 2676 2777 Spiritu
2695 2715 2884 2774 sancto
2907 2721 2976 2761 ex
3004 2704 3169 2758 Maria
3198 2704 3435 2773 Virgine.
3466 2702 3570 2770 Qui
3597 2704 3674 2759 si-

2085 2806 2178 2854 cut
2223 2805 2348 2852 ante
2376 2797 2572 2852 sazcula
2600 2804 2758 2851 natus
2801 2804 2884 2850 est
2913 2811 2981 2850 ex
3010 2794 3188 2859 Patre,
3220 2795 3377 2850 nobis
3404 2809 3472 2849 ex
3513 2793 3677 2851 Maria

2086 2887 2308 2958 Virgine
2342 2902 2558 2957 semper
2588 2885 2927 2951 conﬁtemur,
2962 2893 3134 2941 totum
3175 2885 3488 2955 accipiendo
3530 2883 3676 2955 quod

2084 2979 2181 3034 Dei
2209 2986 2292 3033 est
2319 2978 2504 3042 homo,
2530 2984 2702 3032 totum
2741 2975 3082 3046 suscipiendo
3123 2975 3265 3030 Deus
3293 2975 3438 3046 'quod
3467 2981 3550 3030 est
3577 2975 3679 3030 ho-

2086 3072 2265 3139 minis,
2309 3070 2455 3126 alidtl
2495 3086 2654 3140 quam
2694 3070 2836 3125 Deus
2876 3077 2960 3124 est
3001 3085 3120 3125 esse
3158 3085 3268 3126 non
3297 3077 3500 3140 posset.
3550 3066 3681 3124 Pars

2087 3165 2232 3221 enim
2287 3180 2394 3218 una
2436 3163 2826 3234 omnipotentia
2867 3163 3048 3233 plena,
3096 3170 3304 3234 partem
3353 3161 3499 3216 illam
3540 3161 3594 3214 in
3623 3175 3683 3215 se

2087 3255 2386 3326 suscipiens
2431 3270 2550 3326 quae
2590 3254 3041 3327 omnipotentiam
3099 3268 3206 3307 non
3252 3252 3504 3317 habebat,
3536 3256 3684 3307 tanta
3772 3240 3778 3245 ’

2088 3346 2144 3400 in
2168 3347 2259 3401 illa
2289 3362 2351 3402 se
2377 3347 2644 3401 suavitate
2684 3343 2896 3410 infudit,
2928 3351 3007 3410 ut,
3033 3343 3183 3399 salva
3213 3343 3492 3412 utriusque
3519 3340 3687 3410 partis

2090 3440 2411 3505 substantia,
2441 3431 2581 3493 unus
2622 3438 2778 3494 nobis
2805 3437 2902 3492 Dei
2940 3435 3107 3492 Filius
3135 3442 3451 3490 nasceretur
3476 3448 3545 3487 ex
3567 3431 3686 3487 Vir-

2043 3546 2053 3554 ’
2087 3531 2229 3600 gine.
2265 3563 2338 3573 -
2363 3529 2629 3600 Serapion
2659 3529 2795 3584 dixit
2827 3547 2840 3580 :
2875 3537 2900 3565 ε
2942 3526 3106 3582 Facta
3157 3535 3239 3581 est
3285 3539 3414 3593 ergo
3443 3526 3686 3579 humanae

1563 3682 1672 3737 FR.
1713 3681 2203 3737 FEU-ARDENTII
2239 3682 2468 3737 NOTAE.

302 3884 306 3885 ί
456 3839 476 3861 ιι
510 3825 768 3879 Eamdem
797 3824 962 3878 fuisse
991 3822 1221 3878 Nestorii
1243 3822 1583 3887 sententiam,
1614 3830 1764 3892 patet
1785 3837 1852 3892 cx
1877 3823 1980 3877 ista

388 3896 651 3951 Vincentii
702 3894 994 3949 Lirinensis
1049 3893 1116 3948 ad
1164 3909 1288 3948 eum
1340 3891 1688 3962 responsione
1749 3910 1760 3944 :
1810 3891 1981 3946 Unum

391 3967 646 4020 Christum
674 3965 869 4030 Iesum,
903 3981 1008 4018 non
1036 3964 1195 4028 duos;
1231 3961 1560 4033 eamdemque
1589 3961 1754 4016 Deum
1782 3965 1983 4030 pariter
2011 3998 2021 4010 .

393 4047 543 4106 atque
590 4035 843 4089 hominem
891 4034 1127 4089 Ecclesia
1172 4033 1428 4106 catholica
1475 4033 1752 4106 conﬁtetur
1781 4048 1799 4086 :
1827 4049 1981 4106 unam

393 4102 597 4176 quidem
633 4106 686 4157 in
725 4121 783 4158 eo
814 4121 1109 4176 personam,
1160 4104 1252 4176 sed
1302 4104 1429 4176 duas
1476 4102 1814 4166 substantias,
1862 4104 1983 4176 quia

391 4174 640 4230 mutabile
661 4191 763 4228 non
797 4174 870 4228 est
899 4174 1120 4229 Verbum
1149 4174 1270 4239 Dei,
1295 4182 1353 4226 ut
1403 4175 1572 4244 ipsum
1610 4174 1890 4227 verteretur
1929 4175 1983 4226 in

391 4261 637 4307 carnem;
684 4261 841 4299 unam
870 4263 1164 4316 personam,
1205 4262 1271 4299 ne
1313 4245 1445 4316 duos
1488 4245 1788 4316 proﬁtendo
1807 4244 1980 4316 ﬁlios,

389 4311 1041 4387 quaternitatem_tn'deatur
1055 4317 1250 4387 goiere,
1275 4311 1716 4387 non_Trini_tatern
1732 4311 1870 4382 (Lib.
1891 4313 1986 4387 ad-

388 4381 521 4440 cers.
545 4388 754 4456 profan.
786 4383 1028 4456 ﬂabat).
1052 4385 1120 4439 Et
1158 4387 1346 4439 beatus
1374 4382 1484 4438 Leo
1518 4383 1594 4456 ait
1625 4401 1636 4434 :
1670 4381 1986 4453 Evangelica

391 4455 677 4510 rntctoritas
697 4459 769 4511 ita
799 4455 1021 4510 Verbum
1050 4456 1300 4526 praedicat
1325 4469 1534 4526 carnem
1566 4455 1860 4526 factum,iut
1881 4470 1984 4526 non

393 4527 525 4596 duos
553 4528 790 4592 christos,
823 4544 916 4580 nec
947 4522 1074 4581 duos
1102 4526 1270 4596 ﬁlios;
1306 4525 1396 4596 sed
1424 4524 1479 4596 in
1507 4522 1612 4596 uno
1640 4522 1864 4596 Domino
1891 4523 1985 4577 Je-

393 4614 455 4650 su
485 4595 711 4661 Christo,
733 4607 781 4651 et
809 4596 907 4650 Dei
933 4604 983 4650 et
1012 4591 1232 4652 hominis
1270 4591 1418 4649 nobis
1438 4594 1664 4646 insinuet
1691 4595 1986 4657 veritatem;

391 4677 442 4722 et
471 4669 737 4737 utriusque
754 4667 1076 4731 substantiae,
1098 4667 1154 4721 id
1181 4675 1275 4730 est,
1307 4664 1556 4737 salvantis
1581 4671 1731 4734 atque
1758 4664 1988 4737 salvatus,

390 4756 487 4792 nec
519 4735 866 4810 proprietates
890 4740 1094 4810 possint
1114 4735 1385 4810 confundi,
1416 4751 1508 4789 nec
1552 4749 1787 4803 persona:
1831 4735 1992 4805 gemi-

393 4805 824 4880 nari:(il€pist.ad
863 4805 1018 4878 epist.
1052 4805 1242 4878 Gott).
1320 4877 1333 4880 Α
1522 4877 1532 4880 _
1615 4874 1657 4880 __
1725 4873 1735 4880 Α
1995 4809 1999 4813 ’

330 4907 337 4914 -
467 4879 492 4918 δ
525 4873 694 4934 Vetus
722 4873 912 4942 codex,
943 4886 999 4930 ut
1043 4893 1166 4931 caro
1201 4873 1475 4948 perﬁceret
1515 4877 1569 4929 in
1615 4873 1854 4940 Verbum,
1886 4891 1991 4928 non

407 4948 628 5003 Verbum
656 4951 713 5003 in
740 4965 896 5018 carne
919 4948 1208 5018 perﬁceret.
1226 4946 1381 5018 Puto
1407 4953 1584 5001 autem
1613 4960 1829 5018 sensum
1851 4960 1992 5009 esse,

396 5019 628 5072 Carnem
652 5021 702 5072 in
730 5016 991 5073 Verho'et
1013 5016 1084 5072 ex
1114 5017 1296 5073 Verbo
1323 5018 1614 5088 perfectam
1643 5016 1995 5088 hypostaseos

401 5103 466 5158 ac
488 5103 729 5154 persona!
755 5088 1019 5143 rationem
1071 5085 1370 5158 accepisse;
1403 5103 1510 5158 non
1539 5085 1732 5158 autem
1758 5085 1994 5158 Verbum

405 5157 458 5208 in
475 5171 635 5212 carne
652 5159 736 5241 vel
759 5175 827 5214 ex
848 5174 1010 5241 carne
1037 5155 1215 5229 quam'
1227 5157 1528 5228 assumpsit.
1556 5155 1686 5239 Nam
1720 5157 1856 5226 quod
1875 5157 1994 5228 fuit,

424 5243 688 5280 termansit
705 5247 721 5280 ἔ
742 5243 881 5280 auoa
907 5243 1088 5280 autem
1117 5246 1222 5280 non
1250 5243 1382 5280 erat.
1414 5243 1712 5280 assumpsit.

402 5231 721 5296 permansit;
742 5229 881 5299 quod
907 5238 1088 5284 autem
1117 5246 1222 5284 non
1250 5237 1382 5295 erat,
1414 5229 1712 5296 assumpsit.

459 5308 500 5370 νο
535 5295 948 5370 Prretermittere
977 5314 1191 5368 nequeo
1221 5315 1346 5354 vere
1367 5297 1699 5370 aurea_b_eati
1734 5298 1998 5370 martyris

402 5367 464 5418 et
480 5369 766 5437 apostolici
795 5370 892 5423 viri
923 5366 1111 5438 Ignal‘ii
1133 5370 1185 5422 in
1217 5370 1359 5424 hunc
1378 5368 1546 5422 sancti
1575 5366 1795 5438 Joannis
1819 5366 1995 5422 locum

403 5439 566 5511 verba
601 5457 613 5490 ε
655 5438 803 5504 Vere,
831 5437 1020 5508 inquit,
1069 5438 1464 5511 peperit_Mari_a
1485 5453 1693 5511 corpus,
1725 5437 1833 5511 Deo
1854 5439 1907 5511 in
1936 5454 1995 5491 eo

401 5508 760 5574 inhabitante;
781 5519 832 5563 et
849 5507 965 5563 vere
983 5507 1140 5564 nat—ns
1155 5519 1232 5564 est
1251 5508 1392 5563 Deus
1426 5507 1641 5561 Verbum
1670 5524 1735 5561 ea:
1766 5507 1992 5578 Virgine,

407 5593 595 5653 corpus
640 5581 810 5634 simile
836 5579 1003 5647 nobis,
1032 5579 1293 5651 possibile,
1327 5582 1440 5653 sine
1484 5587 1714 5653 peccato,
1747 5578 1994 5653 induens;

405 5662 525 5699 vere
546 5649 820 5720 conceptas
841 5659 917 5703 est
938 5653 994 5704 in
1032 5649 1197 5711 utero,
1229 5657 1277 5701 et
1308 5652 1475 5720 factus
1511 5659 1588 5702 est
1614 5649 1667 5701 in
1706 5657 1872 5711 utero,
1898 5649 2000 5720 for-

404 5733 558 5789 mans
596 5728 646 5771 et
667 5719 864 5787 faciens
900 5720 998 5774 sibi
1039 5735 1224 5787 corpus
1267 5735 1332 5771 ea:
1383 5719 1612 5789 Virgine,
1657 5719 1767 5771 sine
1806 5719 2000 5789 semine

405 5788 532 5852 viri;
558 5797 874 5858 portamque
900 5791 955 5843 in
979 5799 1146 5853 utero,
1195 5791 1326 5842 sicut
1355 5799 1402 5842 et
1432 5788 1527 5844 nes
1557 5797 1783 5854 tempore
1805 5788 2000 5854 portati

410 5873 608 5926 sumus,
629 5869 735 5916 etc.
769 5858 962 5932 (Epist.
998 5861 1066 5916 ad
1097 5860 1435 5931 Trallianos).

2160 3817 2186 3857 ι¹
2219 3820 2520 3877 Nestoriani
2547 3819 2681 3875 duas
2724 3822 2778 3875 in
2827 3817 3043 3874 Christo
3092 3834 3351 3888 personas
3378 3818 3686 3888 conﬁngen-

2090 3899 2192 3957 tcs,
2223 3891 2418 3946 deinde
2447 3889 2622 3946 Patris
2648 3906 2712 3948 ac
2742 3889 2971 3961 Spiritus
3009 3889 3181 3961 sancti
3208 3889 3339 3961 alias
3364 3889 3496 3961 duas
3525 3890 3688 3961 confl-

2089 3970 2266 4016 tentes
2306 3970 2361 4016 et
2403 3962 2710 4025 adorantes,
2753 3957 3000 4030 quartam
3046 3959 3098 4014 in
3140 3957 3398 4030 Trinitate
3435 3959 3686 4030 admitte-

2090 4033 2221 4086 bant
2251 4041 2305 4087 et
2357 4033 2605 4088 colebant
2650 4028 2958 4104 personam.
2983 4030 3072 4104 _Ab
3102 4029 3184 4084 his
3214 4028 3514 4104 _fascinatus_
3541 4028 3685 4104 Ana-

2091 4104 2286 4158 stasius
2335 4104 2628 4173 imperator
2651 4099 2926 4172 'praecepit
2972 4099 3398 4173 Quaternitatem
3448 4099 3683 4173 adorari,

2093 4189 2199 4227 non
2231 4167 2546 4227 Trinitatem
2575 4192 2586 4225 :
2611 4167 2833 4242 propter
2850 4167 3008 4242 quod,
3032 4170 3236 4242 facinus
3258 4169 3483 4242 icmlestj
3506 4167 3683 4224 fulmi-

2089 4258 2158 4297 ne
2181 4258 2484 4312 percussus,
2512 4238 2764 4297 miseram
2778 4238 3010 4312 animam
3025 4241 3322 4305 exhalavit,
3347 4241 3424 4293 uti
3453 4238 3686 4312 Pompo-

2090 4309 2210 4381 nius
2241 4312 2415 4366 Laetus
2445 4313 2498 4366 in
2530 4313 2648 4366 Vita
2678 4312 2793 4381 ejus
2821 4319 2877 4366 et
2904 4311 2995 4365 alii
3031 4313 3304 4381 memoriae
3336 4309 3687 4380 prodiderunt

2091 4380 2304 4504 (P2113).
2337 4381 2469 4463 ιως.
2505 4380 2757 4464 Blondus,
2790 4383 2828 4436 ι.
2857 4396 2913 4436 ιι.
2947 4380 3129 4434 decad.
3162 4380 3237 4440 1).

2269 4467 2346 4504 ωε
2375 4451 2474 4504 fuit
2521 4451 2777 4504 Eutvchis
2805 4460 2861 4504 et
2890 4450 3213 4504 asseclarum

2166 4461 2189 4488 ο
2221 4449 2351 4523 Haec
2375 4451 2474 4506 fuit
2521 4451 2777 4523 Eutychis
2805 4460 2861 4507 et
2890 4450 3214 4523 asseclarum
3257 4449 3374 4523 ejus
3415 4449 3684 4518 impietas,

2090 4536 2194 4590 qua
2218 4529 2277 4575 ut
2291 4521 2547 4576 adversus
2571 4520 2876 4578 Nestorium
2904 4536 3063 4576 unam
3085 4522 3138 4575 in
3158 4520 3375 4575 Christo
3393 4534 3682 4590 personam

2093 4592 2488 4662 contentiosius
2513 4594 2884 4657 constitueret,
2929 4591 3294 4662 imprudenter
3319 4591 3477 4662 simul
3505 4600 3560 4645 et
3588 4593 3689 4646 im-

2017 4649 2072 4709 D
2095 4661 2360 4732 pudenter
2387 4663 2438 4716 in
2470 4677 2537 4717 eo
2565 4663 2642 4718 sic
2670 4649 2910 4718 confudit
2931 4649 3281 4732 substantias,
3314 4669 3372 4715 ut
3399 4661 3688 4716 humanam

2095 4730 2376 4804 amrmarit
2403 4733 2481 4787 sic
2508 4735 2816 4804 absorptam
2855 4748 2885 4786 a
2913 4731 3112 4795 divina,
3150 4733 3313 4787 immo
3353 4733 3426 4786 ita
3456 4733 3509 4804 in
3538 4747 3690 4804 eam-

2030 4800 2048 4824 '
2096 4801 2218 4872 dem
2245 4812 2504 4858 mutatam
2530 4812 2586 4859 et
2611 4800 2956 4866 transfusam,
2984 4810 3043 4855 ut
3063 4804 3275 4872 penitus
3301 4817 3429 4872 esse
3447 4803 3686 4864 desierit.

2097 4871 2267 4944 llujus
2317 4874 2608 4944 impietatis
2660 4873 2952 4937 acerrimus
2994 4870 3366 4944 propugnator
3404 4870 3691 4944 Dioscorus

2099 4943 2252 4997 Alex.
2310 4941 2487 4998 aiebat
2515 4962 2526 4996 :
2559 4943 2820 4999 Christum
2860 4962 2925 4999 ea:
2952 4941 3151 4998 duabus
3180 4941 3394 4996 naturis
3439 4942 3686 5011 suscipio,

2100 5013 2228 5082 duas
2252 5024 2466 5067 naturas
2495 5031 2601 5069 non
2624 5016 2887 5082 suscipiet.
2918 5015 3209 5069 Damn‘atos
3248 5024 3410 5081 porro
3439 5023 3468 5060 a
3511 5013 3690 5082 conci-

2100 5083 2173 5136 lio
2201 5081 2622 5140 Chalcedonensi
2651 5079 3016 5141 defendendos
3043 5085 3142 5138 sibi
3171 5079 3512 5148 sumpserunt
3557 5079 3691 5148 Ace-

2103 5154 2268 5224 phali,
2293 5152 2627 5225 Gnapheani,
2653 5154 3042 5225 Philoponiaui,
3058 5147 3462 5225 Mouophysitac,
3488 5162 3551 5225 ac
3579 5147 3692 5225 Mo-

2103 5214 2376 5281 hothelita:
2393 5214 2681 5296 {adeoque
2711 5214 3067 5296 invaluerunt,
3094 5229 3152 5274 ut
3181 5214 3350 5296 totum
3377 5216 3487 5296 fere
3513 5214 3693 5296 Oriens

2102 5301 2210 5348 tem
2248 5305 2304 5350 et
2341 5286 2533 5352 Africa:
2560 5286 2665 5350 non
2697 5295 2943 5361 exiguam
2972 5286 3693 5361 part_e_m_infecerint,__velut

2100 5380 2168 5419 ex
2209 5365 2376 5423 Paulo
2415 5368 2664 5429 diacono,
2708 5357 3056 5430 Nicephoro,
3083 5357 3370 5430 Euthymio
3413 5368 3467 5412 et
3507 5359 3692 5430 Niceta

2100 5433 2257 5492 facile
2287 5438 2574 5504 colligitur.
2599 5429 2876 5504 Adversus
2920 5431 3019 5485 has
3047 5429 3291 5504 haereses
3305 5430 3384 5504 ita
3413 5429 3598 5504 scribit
3618 5429 3689 5504 D.

2105 5505 2350 5561 Gelasius
2381 5499 2553 5576 papa:
2588 5502 2698 5576 Nec
2722 5502 2850 5576 duas
2877 5517 3126 5576 personas
3165 5502 3218 5555 in
3252 5499 3454 5555 Christo
3503 5499 3693 5576 intelli-

2107 5578 2293 5647 gimus,
2324 5570 2415 5643 per
2450 5570 2506 5626 id
2531 5573 2668 5647 quod
2697 5572 2925 5647 dicimus
2957 5573 3088 5626 duas
3117 5581 3360 5647 naturas;
3389 5578 3444 5622 ut
3485 5570 3693 5647 adunat-

2107 5636 2264 5700 iionis
2281 5636 2595 5698 divisionem
2639 5644 2813 5716 Lucere
2841 5643 3151 5716 videamur,
3169 5651 3216 5696 et
3241 5643 3312 5716 sit
3338 5638 3495 5711 (quod
3518 5636 3690 5716 absit)

2107 5716 2458 5784 qumernitas,
2501 5729 2602 5766 non
2637 5713 2887 5778 Trinitas,
2937 5715 3067 5767 sicut
3101 5711 3374 5766 Nestorius
3416 5711 3568 5760 sentit
3613 5711 3695 5758 in-

2109 5781 2285 5837 sanus.
2314 5781 2423 5836 Nec
2462 5783 2828 5853 contundimus
2871 5785 3078 5836 easdem
3120 5784 3293 5853 unitas
3323 5787 3558 5853 naturas,
3579 5791 3694 5853 cum

2111 5870 2264 5906 unam
2289 5845 2574 5923 personam.
2597 5854 2920 5925 conﬁtemur,
2943 5861 2997 5906 ut
3026 5853 3212 5921 impius
3234 5846 3490 5921 Eutyclres
3509 5845 3691 5903 credit.

2408 6022 2524 6035 .--ο-
2533 6024 2536 6026 -
