4246 6264
618 408 716 467 887

618 523 755 579 Audi
783 531 839 577 et
868 520 1011 576 aliud
1059 514 1423 570 testimonium
1474 531 1484 562 :

617 615 839 676 stellam,
872 611 1033 682 gavisi
1062 615 1183 661 sunt
1214 605 1404 677 gaudio
1443 620 1636 674 magno
1664 602 1832 668 ualde,
1857 612 1905 656 et
1942 604 2201 657 intrantes

616 707 821 760 domum
867 702 1172 756 invenerunt
1221 710 1437 766 puerum
1489 709 1606 747 cum
1654 692 1830 748 Maria
1876 702 2043 747 matre
2087 694 2201 764 ejus

616 793 826 866 (Matth.
860 808 917 855 ιι,
951 790 1011 843 ll
1034 790 1074 860 ).
1127 786 1332 856 Ubique
1368 786 1521 857 pueri
1569 792 1762 851 mater,
1804 799 1914 839 non
1951 784 2195 850 Deitatis,

614 885 777 955 Virgo
797 881 1138 953 prmdicatur.
1175 888 1196 914 η
1225 876 1363 944 Quid
1392 876 1552 945 igitur
1580 875 1800 931 ordinas
1827 889 2047 931 carnem
2084 890 2200 931 ma-

610 983 747 1031 trem
774 971 1031 1028 Deitatis?
1050 969 1120 1023 Ει
1138 968 1301 1040 paulo
1321 975 1445 1039 post
1469 985 1481 1020 :
1515 966 2055 1043 νίτείηἰιιριστοτόκῳ
2069 982 2202 1022 con-

611 1066 729 1135 tigit
762 1060 954 1135 parere
988 1061 1408 1127 humanitatem,
1446 1060 1541 1114 Dei
1575 1059 1742 1115 verbo
1776 1058 2001 1114 Deitatis
2036 1058 2198 1113 mini-

608 1159 852 1213 sterium.
865 1154 1017 1209 -—Et
1033 1169 1156 1210 eum
1176 1153 1379 1222 legeret
1399 1151 1514 1206 haec
1532 1150 1740 1220 judices
1759 1150 2041 1205 dixerunt:
2062 1149 2199 1206 Hac-

607 1261 764 1307 tenus
790 1249 1026 1305 Nestorii
1058 1246 1201 1303 dicta
1233 1244 1500 1301 sufficiant
1532 1261 1545 1297 :
1588 1242 1719 1313 quid
1754 1241 1821 1297 ad
1857 1242 1971 1298 hare
2003 1243 2200 1298 sentiat

607 1341 890 1413 Serapion,
909 1339 1129 1410 pandat.

678 1433 790 1489 Xll.
816 1463 888 1474 --
910 1432 1173 1503 Serapion
1200 1430 1481 1507 respondit
1505 1447 1518 1483 :
1550 1427 1608 1484 Si
1639 1428 1712 1482 ita
1739 1442 1848 1483 non
1872 1427 2067 1492 sentit,
2098 1441 2199 1482 nec

605 1526 777 1582 credit
802 1524 1089 1587 Arnobius,
1120 1537 1286 1592 quare
1307 1521 1611 1590 frequentat
1634 1520 1974 1595 Xpwro-rixov
1993 1526 2049 1574 et
2076 1529 2199 1575 esa-

604 1620 789 1676 τὸκονῖ
808 1651 879 1660 -
900 1616 1170 1671 Arnobius
1186 1615 1323 1669 dixit
1349 1633 1360 1667 :
1386 1613 1442 1668 Si
1463 1614 1796 1690 Χρωτοτὸκον
1815 1611 1957 1677 dico,
1982 1620 2037 1667 et
2058 1627 2196 1681 nego

605 1711 866 1773 Θεοτόκον,
896 1707 926 1747 δ
955 1715 1103 1763 recte
1128 1707 1307 1775 arguis
1328 1720 1415 1760 me
1436 1704 1833 1770 Nestorianum,
1856 1704 1938 1759 vel
1959 1719 2057 1774 per
2079 1705 2198 1761 leve

605 1801 962 1857 accusationis
989 1808 1095 1855 tua:
1123 1798 1404 1868 vestigium
1451 1797 1674 1853 forsitan
1723 1797 2011 1853 accusaris.
2044 1798 2197 1854 Nunc

1939 394 2212 453 annona
2249 373 2552 452 wivionis

1542 511 1787 564 Videntes
1841 519 2011 565 autent
2056 512 2199 581 magi
2227 514 2388 573 Acat
2431 529 2469 590 ε⁸
2495 508 2617 565 Non
2672 514 2911 565 erubesco
2973 508 3350 579 Evangelium;
3399 508 3557 561 virtus
3610 506 3746 559 enim
3792 503 3895 558 Dei

2305 604 2358 655 in
2393 603 2611 657 salutem
2650 611 2727 656 est
2765 604 2906 657 omni
2943 601 3171 655 credenti
3220 598 3397 671 (Rom.
3431 615 3466 665 ι,
3500 596 3611 669 16).
3653 596 3736 652 Tu
3762 610 3893 666 ergo

2304 711 2427 751 eum
2456 697 2728 751 erubescis
2756 696 2861 751 hoc
2888 694 3112 750 credere
3161 693 3445 748 Dominum
3462 732 3477 757 ,
3508 706 3670 763 quem
3721 690 3892 746 Deum

2304 786 2688 857 impassibilem
2714 786 2902 843 volens
2933 785 3239 851 ostendere,
3271 784 3621 840 liberatorem
3647 790 3891 839 nostrum

2302 878 2476 935 solum
2505 878 2780 934 hominem
2801 878 3060 946 assignas.
3095 874 3247 931 Unde
3277 890 3499 932 necesse
3525 881 3610 930 est
3634 874 3768 929 mihi
3810 874 3894 930 in-

2302 977 2581 1039 terrogare
2600 978 2654 1025 te
2680 988 2693 1023 :
2717 969 2849 1037 Quis
2866 978 2952 1026 est
2975 971 3068 1039 qui
3095 984 3196 1040 pro
3231 967 3389 1024 nobis
3406 982 3598 1039 passus
3623 976 3725 1033 est,
3749 967 3891 1024 Dem

2303 1077 2373 1118 an
2416 1064 2622 1137 homo?
2646 1096 2719 1106 —
2739 1063 3008 1119 Arnobius
3052 1061 3232 1118 dixit:
3264 1060 3333 1116 Et
3382 1061 3547 1117 homo
3595 1068 3755 1116 natus
3805 1068 3889 1117 est

2302 1156 2464 1222 Deus;
2495 1158 2555 1212 et
2576 1156 2740 1212 homo
2758 1170 2949 1227 passus
2975 1163 3077 1212 est.
3094 1188 3166 1199 —
3185 1154 3448 1226 Serapion
3461 1145 3635 1211 dixit'.
3666 1153 3735 1209 Et
3753 1168 3889 1225 quo-

2302 1248 2465 1304 modo
2492 1227 2881 1320 impassibileni
2899 1249 3069 1304 Deum
3098 1248 3194 1305 Dei
3220 1247 3425 1303 Filium
3443 1264 3474 1302 a
3501 1247 3756 1318 passione
3782 1247 3886 1302 hu-

2301 1340 2576 1395 manitatis
2600 1348 2919 1396 extraneum
2944 1339 3162 1395 reddis?
3180 1371 3253 1384 --
3270 1338 3539 1393 Arnobius
3561 1336 3698 1392 dixit
3727 1357 3740 1391 :
3772 1335 3889 1393 Sie-

2300 1438 2361 1485 ut
2390 1440 2547 1487 natus
2570 1440 2655 1487 est
2680 1446 2751 1487 ex
2774 1438 3040 1501 tempore,
3066 1446 3189 1487 cum
3215 1431 3287 1486 sit
3313 1438 3439 1485 ante
3466 1437 3712 1500 tempora
3736 1429 3889 1500 geni-

2300 1529 2406 1587 tus,
2436 1529 2491 1577 et
2516 1531 2697 1578 tamen
2726 1521 2869 1578 ﬁlius
2892 1519 3126 1577 hominis
3173 1529 3276 1588 est,
3307 1521 3381 1577 ita
3410 1529 3467 1576 et
3508 1535 3633 1576 cum
3660 1520 3732 1576 sit
3762 1536 3885 1578 vere

2299 1613 2660 1683 impassibilis,
2689 1629 2817 1670 vere
2843 1629 3033 1685 passus
3052 1622 3155 1678 est,
3186 1621 3242 1669 et
3267 1628 3390 1668 cum
3416 1612 3487 1668 sit
3508 1626 3636 1667 vere
3661 1613 3883 1669 immor-

2298 1703 2438 1769 talis,
2470 1718 2597 1759 vere
2625 1711 2868 1760 mortuus
2922 1712 3005 1759 est
3054 1719 3177 1760 cum
3228 1702 3467 1774 passibili
3495 1717 3615 1757 suo.
3644 1701 3885 1758 Mortuus

2297 1802 2375 1847 est
2400 1794 2543 1848 enim
2570 1810 2636 1848 ea:
2662 1795 2971 1866 infirmitate
2998 1803 3199 1861 nostra,
3227 1794 3322 1848 sed
3340 1794 3458 1848 vivit
3485 1810 3552 1848 ea:
3576 1794 3762 1848 virtute
3781 1790 3881 1847 Dei

602 1906 733 1949 vero
762 1901 907 1948 totus
933 1890 1259 1946 defensionis
1286 1904 1419 1945 mea:
1447 1903 1635 1944 cursus
1675 1888 1955 1958 impugnat
1990 1894 2197 1960 negan-
2229 1887 2273 1948 Β
2303 1883 2369 1954 (Il
2395 1882 2518 1938 Cor.
2550 1901 2662 1952 xm,
2694 1882 2770 1953 6).
2803 1884 3047 1947 Humana
3075 1885 3219 1940 enim
3245 1884 3571 1955 passibilitas
3599 1884 3667 1939 ab
3692 1899 3759 1939 eo
3789 1884 3882 1953 qui

604 1994 713 2041 tem
741 1986 984 2042 Θιοτόκον
1023 1982 1279 2047 Mariam;
1303 1990 1358 2035 et
1384 1989 1443 2034 tu
1470 1995 1683 2037 mecum
1702 1979 2008 2034 Nestorium
2036 1979 2190 2034 dam-

604 2094 721 2143 nas,
744 2093 865 2134 cum
886 2092 973 2131 me
994 2084 1171 2131 tecum
1192 2081 1507 2129 exsecretur
1525 2072 1819 2127 Nestorius.
1837 2104 1909 2115 —
1927 2071 2191 2142 Serapion

601 2168 737 2223 dixit
763 2187 775 2221 :
807 2165 913 2222 Pro
934 2182 1040 2237 qua
1063 2181 1123 2221 re
1144 2180 1229 2221 me
1253 2173 1429 2219 tecum
1453 2172 1768 2218 exsecratur
1788 2162 2193 2218 Nestorius?—

601 2260 870 2315 Arnobius
889 2259 1061 2314 dixit:
1090 2256 1196 2312 Pro
1225 2272 1293 2311 eo
1321 2254 1464 2325 quod
1487 2262 1665 2310 tecum
1701 2263 1945 2309 sanctam
1968 2252 2192 2309 Mariam

599 2354 836 2409 Θιοτὸκον
863 2366 973 2406 non
1002 2364 1162 2418 nego.
1192 2381 1264 2392 —
1292 2347 1557 2418 Serapion
1584 2346 1720 2401 dixit
1754 2364 1766 2398 :
1811 2344 2076 2401 Sermone
2105 2361 2192 2400 ar-

601 2441 963 2513 gumentando
983 2442 1227 2499 θεοτόκον
1251 2441 1341 2511 qui
1367 2439 1662 2504 conﬁteris,
1692 2438 2026 2514 Χριστοτῦκον
2046 2437 2192 2492 illam

600 2532 891 2589 asserendo
946 2534 1245 2604 impugnas.
1275 2561 1350 2594 ,-—
1379 2529 1649 2585 Arnobius
1692 2528 1828 2584 dixit
1859 2547 1872 2582 :
1906 2527 1987 2583 Tu
2028 2541 2193 2597 negas

601 2626 871 2683 Christum
899 2624 1093 2680 Filium
1121 2624 1217 2679 Dei
1244 2624 1401 2679 esse?
1445 2654 1517 2665 —-
1543 2622 1807 2693 Serapion
1847 2621 1985 2677 dixit
2017 2639 2030 2674 :
2074 2621 2193 2676 Non

600 2730 739 2786 nego
766 2716 1037 2772 Christum
1066 2713 1259 2769 Filium
1288 2714 1415 2779 Dei;
1446 2712 1541 2768 sed
1578 2720 1632 2767 te
1668 2713 1887 2783 increpo
1915 2712 2008 2781 qui
2038 2709 2193 2767 Chri-

601 2814 743 2863 stum
772 2807 1048 2881 hominem
1077 2796 1380 2872 asseris,'et
1409 2818 1517 2857 non
1546 2801 1738 2856 Filium
1767 2801 1883 2856 Dei.
1914 2832 1984 2845 -
2015 2801 2191 2857 Arno.

600 2896 722 2952 hius
764 2896 939 2951 dixit:
972 2897 1275 2964 Antequam
1314 2901 1627 2949 nasceretur
1676 2908 1741 2948 ex
1796 2891 1995 2959 Maria,
2027 2892 2193 2948 Filius

601 2987 699 3042 Dei
728 2994 855 3040 ante
883 2985 1020 3040 fuit?
1040 3017 1114 3028 —
1136 2984 1400 3055 Serapion
1427 2982 1561 3037 dixit
1592 3001 1604 3036 :
1638 2980 1770 3049 Quis
1796 2982 1913 3037 haec
1946 2992 1968 3020 ε
1999 2988 2223 3051 pnetcr'

601 3076 892 3133 Photiuum
920 3077 1153 3133 dixerit?
1177 3110 1251 3121 -—
1277 3076 1548 3133 Arnobius
1584 3076 1719 3131 dixit
1750 3094 1763 3129 :
1806 3073 1950 3143 Ergo
1980 3089 2195 3145 semper

600 3168 721 3223 fuit.
761 3202 833 3212 —
877 3168 1141 3240 Serapion
1189 3168 1367 3223 dixit:
1400 3167 1627 3238 Semper
1668 3166 1787 3222 fuit.
1826 3198 1900 3209 -—
1926 3167 2193 3237 Arnobius

2299 1976 2643 2048 impassibilis
2664 1987 2973 2048 permanet,
3004 1979 3078 2033 ita
3106 1987 3357 2049 suscepta
3384 1988 3487 2044 est,
3514 1988 3574 2033 ut
3597 1993 3718 2034 cum
3766 1978 3882 2049 ipso

2296 2081 2440 2127 esset
2458 2071 2675 2141 quando
2695 2081 3008 2143 conceptus,
3031 2074 3248 2141 quando
3268 2081 3442 2139 natus,
3464 2070 3682 2141 quando
3705 2070 3881 2141 bapti—

2296 2173 2466 2231 zatus,
2497 2164 2714 2235 quando
2745 2173 3000 2230 tentatus,
3041 2166 3258 2235 quando
3285 2164 3639 2230 venundatus,
3669 2163 3882 2233 quando

2296 2254 2541 2318 traditus,
2563 2256 2781 2325 quando
2802 2257 3006 2322 irrisus,
3029 2256 3246 2326 quando
3265 2256 3648 2326 eolaphixatus,
3672 2254 3884 2326 quando

2296 2347 2465 2418 spinis
2488 2356 2793 2411 coronatus,
2825 2346 3042 2415 quando
3070 2346 3193 2401 felle
3238 2347 3467 2413 cibatus,
3512 2356 3568 2402 et
3594 2354 3750 2401 aceto
3787 2361 3883 2416 po-

2298 2446 2456 2503 tatus,
2486 2437 2703 2506 quando
2730 2438 3019 2494 crucilixus
3039 2447 3142 2505 est,
3165 2449 3221 2494 et
3248 2450 3514 2507 mortuus,
3538 2449 3593 2495 et
3621 2440 3880 2510 sepultus.

2296 2527 2420 2583 Non
2462 2529 2605 2584 enim
2634 2529 2904 2599 dereliquit
2932 2546 3046 2583 eum
3074 2531 3129 2583 in
3158 2530 3389 2601 inferno,
3419 2546 3513 2584 nec
3560 2531 3704 2584 dedit
3757 2547 3876 2584 san-

2295 2631 2431 2674 ctum
2481 2637 2629 2675 situm
2676 2621 2852 2675 videre
2905 2607 3291 2692 corruptionem
3322 2619 3438 2684 (Ps.
3484 2637 3573 2686 xv,
3606 2620 3716 2692 10).
3749 2621 3885 2678 Cum

2296 2714 2414 2784 ipso
2442 2713 2603 2768 etiam
2635 2714 2791 2768 tertia
2814 2712 2903 2768 die
2930 2713 3223 2768 resurrexit
3251 2728 3282 2767 a
3323 2712 3578 2778 mortuis,
3609 2728 3731 2768 cum
3764 2714 3884 2785 ipso

2296 2804 2536 2861 ascendit
2558 2805 2611 2860 in
2632 2804 2820 2872 caelos,
2844 2820 2964 2860 cum
2996 2805 3113 2874 ipso
3133 2804 3284 2860 sedet
3303 2803 3369 2878 ad
3382 2803 3658 2859 dexteram
3681 2801 3885 2872 Patris,

2296 2911 2419 2951 eum
2449 2911 2516 2951 eo
2545 2904 2804 2951 venturus
2837 2905 2917 2950 est
2962 2894 3147 2964 judex.
3178 2893 3453 2964 Siquidem
3495 2894 3755 2965 apostolis
3781 2909 3885 2950 an-

2297 2989 2399 3057 geli
2432 2990 2484 3043 in
2512 2989 2645 3045 hora
2674 2988 3005 3045 ascensionis
3026 2988 3282 3059 dixerunt
3306 3006 3318 3041 :
3346 2985 3447 3042 llic
3473 2986 3649 3053 Jesus,
3677 2989 3765 3058 qui
3792 3005 3885 3043 ατς

2295 3090 2528 3151 sumptus
2554 3091 2631 3135 est
2658 3098 2690 3135 α
2716 3081 2858 3136 vobis
2899 3082 2953 3135 in
3005 3084 3221 3148 cretum,
3253 3082 3326 3135 sic
3354 3081 3549 3147 veniet,
3581 3089 3685 3137 ele.
3730 3081 3882 3151 (Act.

2296 3190 2331 3241 ι,
2365 3171 2482 3241 ll).

600 3261 737 3317 dixit
762 3280 775 3314 :
810 3261 940 3329 Quis
967 3221 1051 3316 esrt
1073 3261 1194 3325 iste,
1211 3260 1303 3329 qui
1330 3268 1491 3315 natus
1512 3221 1629 3314 est?
1647 3257 1997 3327 —Serapion
2017 3258 2187 3313 dixit:
2219 3263 2266 3327 c
2304 3234 2307 3241 ’
2366 3221 2502 3317 Xlll.
2533 3296 2605 3307 -—
2631 3262 2891 3335 Serapion
2922 3263 3059 3318 dixit
3086 3281 3099 3317 :
3132 3262 3189 3318 In
3216 3278 3285 3319 eo
3314 3264 3485 3334 magis
3510 3263 3880 3321 Nestoriannm

600 3352 720 3425 Ipse
743 3357 835 3425 qui
864 3370 1077 3425 semper
1102 3354 1220 3410 fuit.
1250 3386 1321 3396 —
1349 3351 1621 3407 Arnobius
1645 3350 1817 3407 dixit:
1851 3349 1952 3417 Qui
1981 3366 2194 3421 semper

599 3445 701 3501 fuit
727 3462 894 3517 purus
922 3453 1079 3500 natus
1120 3452 1223 3510 est,
1254 3451 1347 3498 aut
1372 3459 1497 3498 cum
1521 3441 1760 3508 homine,
1792 3450 1887 3496 aut
1913 3450 2067 3497 extra
2094 3443 2193 3498 ho-

601 3538 801 3595 minem
820 3579 835 3604 ,
863 3535 1081 3608 aut'per
1103 3535 1414 3593 hominem?
1454 3566 1527 3578 ——
1552 3532 1815 3605 Serapion
1864 3534 1999 3590 dixit
2031 3552 2043 3587 :
2075 3533 2193 3589 Non

601 3629 698 3684 tibi
724 3628 853 3695 dixi,
885 3630 1008 3698 quia
1050 3627 1323 3684 hominem
1374 3626 1456 3682 vis
1503 3624 1808 3681 ostendere.
1835 3657 1907 3669 —-
1928 3624 2195 3681 Arnobius

600 3722 775 3777 dixit:
804 3721 861 3776 Si
882 3722 1164 3778 hominem
1194 3721 1451 3787 dicerem,
1468 3726 1653 3775 etnon
1680 3719 1839 3775 simul
1865 3719 2055 3783 Deum,
2077 3719 2197 3775 sine

600 3812 958 3869 diminutione
1007 3814 1287 3869 Dealitatis
1340 3827 1452 3869 sua:
1498 3811 1655 3867 simul
1687 3821 1870 3867 natum
1922 3825 2193 3880 negarem,

601 3913 751 3959 recte
780 3904 882 3959 ista
910 3920 1233 3976 opprneres.
1259 3938 1331 3949 -
1349 3902 1615 3973 Serapion
1643 3901 1922 3971 respondit
1949 3919 1960 3954 :
1996 3900 2197 3956 Erube-

601 3996 709 4052 seis
733 3995 903 4051 Deum
931 4004 1135 4061 natum,
1166 3996 1333 4049 Deum
1356 4002 1643 4057 tentatum,
1674 3991 1842 4047 Deum
1862 3990 2192 4058 crucifixum,

601 4097 875 4146 mortuum
918 4096 973 4143 et
1020 4087 1290 4157 sepultum
1341 4084 1552 4152 dicere,
1603 4100 1727 4142 cum
1772 4093 1828 4139 et
1870 4083 2069 4140 Paulus
2112 4085 2195 4141 di-

2303 3364 2356 3409 te
2379 3353 2673 3423 justissima
2704 3354 2955 3409 existimo
2987 3354 3222 3420 ratione,
3251 3354 3397 3424 quod
3444 3354 3608 3410 libros
3654 3354 3883 3410 Nestorii

2301 3444 2700 3511 cireumferens,
2727 3443 2753 3482 «³
2783 3445 2842 3499 S.
2866 3443 3050 3517 Cyrilli
3082 3445 3343 3516 episcopi,
3365 3446 3455 3515 qui
3484 3456 3673 3502 contra
3703 3446 3882 3502 Nesto-

2303 3537 2441 3592 rium
2473 3536 2697 3606 plurima
2721 3535 2989 3592 catholico
3013 3551 3261 3592 sermone
3281 3537 3512 3607 scripsit,
3540 3538 3668 3592 nihil
3689 3552 3884 3593 uncino.

2304 3626 2525 3682 raveris.
2550 3658 2621 3669 --ο
2641 3625 2914 3681 Arnobius
2933 3625 3069 3680 dixit
3094 3644 3106 3679 :
3138 3623 3353 3681 Gratias
3377 3627 3472 3682 tibi
3493 3641 3615 3697 ago,
3646 3628 3886 3698 onuiipo-

2305 3724 2424 3771 tens
2453 3715 2615 3781 Deus,
2644 3715 2789 3785 quod
2834 3729 2901 3770 cx
2930 3728 3026 3770 ore
3053 3714 3368 3786 Serapionis
3396 3717 3675 3772 victoriam
3702 3728 3885 3787 protu-

2300 3807 2437 3863 listi.‘
2459 3841 2531 3851 --
2553 3805 2771 3861 Judiccs
2798 3805 3089 3861 dixerunt:
3115 3806 3173 3861 In
3202 3822 3312 3877 quo
3331 3822 3581 3865 sermone
3606 3809 3696 3864 tibi
3726 3787 3897 3862 autne:

2298 3916 2416 3955 mas
2442 3900 2722 3955 victoriam
2748 3898 3014 3969 prolatam
3040 3901 3202 3955 esse?
3229 3930 3298 3941 —
3325 3900 3593 3957 Arnobius
3619 3900 3752 3956 dixit
3785 3918 3797 3953 :
3823 3900 3885 3958 lu

2299 4008 2407 4061 quo
2437 3992 2514 4051 ait
2557 3992 2615 4046 S.
2663 3989 2848 4063 Cyrilli
2895 3992 3170 4063 episcopi,
3201 3993 3294 4062 qui
3338 4003 3530 4049 contra
3583 3992 3884 4050 Nestorium

2301 4085 2469 4141 multa
2496 4083 2766 4139 catholico
2794 4098 3043 4139 sermone
3070 4085 3301 4156 scripsit.
3336 4084 3561 4143 Constat
3586 4100 3717 4156 ergo
3743 4085 3883 4159 apud

1778 4194 1888 4250 FB.
1932 4194 2132 4251 FEU-A
2141 4196 2408 4254 RDENTII
2447 4194 2676 4251 NOTAE.

673 4298 697 4326 ι
727 4286 1073 4343 Commodius
1093 4286 1233 4357 forte
1252 4286 1542 4357 legeretur,
1573 4282 1712 4357 Quid
1736 4285 1894 4356 igitur:
1921 4286 2181 4341 carnalem
2291 4295 2475 4357 autem
2510 4284 2629 4357 ejus
2665 4285 3100 4357 constantissime
3135 4301 3255 4357 sese
3296 4287 3609 4357 objecerunt
3648 4290 3893 4357 Athana-ﬁ

601 4368 825 4442 matrem
851 4359 1112 4442 aﬁi'nqi‘tis.
1135 4352 1378 4442 Deitati?
1416 4356 1484 4411 Et
1520 4352 1864 4442 paulopo‘st,
1908 4359 2185 4442 nonnmale
2287 4358 2418 4442 sius,
2451 4352 3202 4442 Ambrosius,Hieronymus,
3236 4352 3587 4442 Epiphanius,
3640 4352 3894 4442 l’rudcn-i

601 4413 1140 4499 legeretur,"De'itatis
1185 4429 1501 4499 ministrum,
1523 4413 1605 4480 'vel
1633 4413 1943 4499 ministram.
1990 4424 2187 4482 Nesto—
2288 4413 2417 4491 tius,
2449 4413 2786 4499 Victorinus;
2801 4413 3170 4499 Naaianienus
3190 4413 3261 4483 ὀι
3276 4413 3384 4499 alii
3399 4413 3596 4499 passim
3627 4413 3894 4499 mihi!

600 4496 713 4553 rius
763 4514 995 4566 namque
1048 4498 1321 4553 Christum
1359 4497 1632 4568 hominem
1676 4496 1933 4551 censebat
1981 4507 2189 4551 tantum
2292 4507 2375 4553 tes
2410 4496 2530 4568 viri.
2573 4496 2863 4568 Socrates,_
2884 4496 2977 4551 lib.
3014 4512 3220 4568 μαψ.
3261 4498 3351 4563 20,
3393 4496 3558 4555 refert
3595 4496 3883 4557 Eusebium

601 4583 720 4622 esse
742 4568 967 4640 Deitatis
994 4568 1281 4640 ascititium
1311 4567 1645 4640 ministrum,
1676 4575 1770 4640 aut
1788 4568 2183 4636 eooperarium,
2291 4567 2678 4640 Caesariensem
2732 4566 3262 4640 confutasse-libr'um
3290 4569 3568 4639 cujusdam
3610 4570 3893 4640 Marcelli,“

602 4646 660 4693 ut
688 4636 1025 4708 exiejusdem
1046 4637 1228 4708 verbis
1251 4637 1303 4708 in
1334 4637 1565 4692 concilio
1593 4637 1773 4702 citatis
1793 4633 2040 4708 apparet.
2172 4633 2176 4634 ⁷
2214 4700 2260 4708 _
2294 4633 2509 4708 Photini
2563 4636 2938 4708 praeceptoris,
2992 4637 3162 4708 tribus
3213 4633 3435 4708 integris
3482 4633 3892 4704 voluminibus}

672 4700 849 4780 b_Yei.
883 4707 1002 4780 cod.
1041 4707 1127 4763 hic
1164 4707 1392 4780 mutilus
1408 4715 1510 4772 est,
1539 4700 1778 4780 habens:
1818 4700 1972 4780 Recte
1999 4724 2188 4780 ιιι-συε-
2214 4700 2269 4762 D
2292 4722 2429 4780 quos
2444 4700 2970 4780 aliquando'Grmcos
2989 4705 3100 4780 vidi
3129 4708 3269 4764 inter
3289 4700 3480 4765 manus
3497 4708 3719 4766 Joannis
3742 4700 3879 4765 Cur;

2294 4775 2445 4844 terii;
2466 4776 2629 4846 cujus
2653 4775 2829 4846 anima
2858 4790 2991 4846 pace
3011 4775 3237 4834 fruatur.
3883 4795 3891 4846 ε

2365 4848 2390 4885 ι¹
2418 4842 2649 4929 Cyrne
2670 4842 3008 4928 ᾼιθιθείιιιέίω
3027 4846 3496 4929 τιῑξιιτετιιθοριεειί
3519 4852 3759 4929 episcopi
3790 4842 3890 4929 ιιιιέ

2294 4927 2400 4982 tus,
2430 4916 2514 4972 vir
2541 4918 2639 4971 fuit
2679 4916 2895 4984 ingenio
2924 4916 3398 4986 excellentissimo,
3429 4923 3480 4976 in
3511 4916 3656 4979 omni
3683 4916 3879 4977 doctri-

2296 5003 2481 5065 narum
2513 5001 2770 5065 gen_ere_a
2792 4990 2993 5058 'patruo
3021 4989 3280 5046 educatus
3297 5033 3311 5058 ,
3339 4994 3494 5065 tertia
3525 4993 3875 5065 postobitum

2293 5058 2532 5127 ejusdem
2571 5055 2658 5127 die
2686 5055 2891 5112 electus
2928 5065 2983 5111 et
3014 5068 3242 5127 ornatus
3269 5055 3354 5117 est
3379 5055 3751 5118 Alexandrina:
3777 5061 3881 5116 Ec-

2294 5126 2471 5203 clesia:
2508 5126 2961 5203 archiepiscopus.
2987 5126 3226 5203 “Hostem
3264 5127 3429 5203 porro
3464 5134 3783 5189 acerrimum
3821 5141 3879 5186 et

2295 5197 2761 5273 vigilantissimuni
2779 5197 3106 5273 ἔξεισι-ἥβη
3133 5197 3379 5258 errorum
3406 5204 3525 5273 ejus
3551 5204 3733 5267 fuisse,
3766 5217 3874 5258 non

2297 5266 2460 5324 modo
2496 5283 2565 5324 ex
2602 5266 2750 5322 Actis
2777 5266 3031 5339 Ephesini
3067 5273 3300 5339 concilii,
3337 5266 3670 5329 cui'nomine
3696 5273 3875 5328 Cede-

2298 5283 2460 5324 mouo
2496 5283 2565 5324 ex
2602 5283 2750 5322 nens
2777 5283 3031 5391 npnesim
3067 5283 3300 5339 concilii,
3337 5283 3424 5329 cui
3454 5283 3670 5329 nomine
3696 5283 3873 5328 Cene-

2298 5340 2420 5395 stini
2450 5353 2601 5422 papae
2628 5354 2670 5463 ἓ
2745 5407 2757 5420 ⁸
2839 5340 2905 5420 it,
2946 5352 3132 5393 verum
3160 5343 3341 5427 etiam.
3362 5359 3428 5398 ex
3457 5345 3572 5428 ejus
3601 5343 3873 5414 Epistolis,

2298 5408 2589 5463 Duodecim
2674 5408 2907 5463 aoituhs.
2955 5407 3237 5463 Aooloma.
3284 5414 3534 5463 Dialnms-
3573 5406 3872 5463 Thesauro.

2297 5406 2589 5482 Duodecim
2628 5406 2907 5482 Capitulis,
2955 5407 3237 5480 Apologia,
3284 5406 3534 5482 Dialogis,
3573 5406 3884 5477 'l‘liesauro,‘

600 4781 675 4833 ris
705 4775 1079 4832 Nestorianum
1118 4780 1208 4850 rel
1240 4796 1333 4850 per
1375 4777 1482 4833 leve
1527 4778 1882 4850 accusationis
1921 4775 2188 4850 vestigium

600 4852 824 4921 forsitan
852 4850 1133 4921 accusaris.
1165 4848 1275 4903 Nos
1300 4865 1398 4919 pro
1416 4849 1629 4921 viribus
1649 4848 2029 4921 expressimus.

678 4932 699 4957 ο
734 4918 886 4974 Hune
907 4919 1125 4974 tradunt
1151 4921 1203 4973 in
1234 4917 1431 4974 minori
1449 4917 1657 4973 Galatia
1688 4917 1884 4985 ortum,
1915 4917 2117 4974 Grzeeis
2136 4928 2191 4974 et

600 4990 806 5072 Latinis
840 4991 1042 5072 litteris
1083 4990 1387 5072 eruditum,
1420 4990 1788 5072 episcopatum
1829 4989 2191 5072 Syrmiensem

600 5061 1022 5129 administrasse,
1049 5071 1104 5117 et
1128 5076 1249 5115 cum
1273 5060 1392 5115 aliis
1413 5059 1733 5116 orthodoxis
1755 5062 1805 5114 in
1832 5059 2040 5116 Nicena
2062 5076 2190 5130 syn-

600 5132 707 5186 odo
744 5133 995 5191 Arianam
1033 5132 1366 5202 impietatem
1406 5130 1705 5186 damnasse.
1764 5130 1870 5202 Sed
1899 5130 2187 5202 communi

600 5203 851 5255 omnibus
874 5201 1244 5258 haeresiarchis
1272 5203 1483 5264 morbo,
1513 5202 1563 5256 id
1592 5210 1675 5256 est
1695 5201 1976 5270 superbia,
2005 5216 2183 5254 vana:-

602 5283 739 5343 quen
762 5272 945 5336 gloria:
994 5273 1323 5343 appetentia,
1358 5274 1571 5343 tandem
1621 5273 1672 5325 in
1702 5270 1937 5343 Ebionis,
1971 5270 2189 5324 Sabellii

605 5353 669 5391 ac
708 5337 1045 5396 Samosatcni
1066 5337 1329 5398 heresim
1361 5342 1640 5405 incidisse,
1674 5341 1808 5395 adeo
1839 5349 1897 5393 ut
1923 5348 2192 5395 assereret

602 5406 769 5461 Deum
811 5408 1075 5475 singulum
1117 5427 1235 5468 esse
1265 5423 1319 5467 et
1341 5413 1673 5476 solitarium;
1702 5418 1757 5464 et
1785 5426 1937 5464 more
1964 5407 2189 5464 Judaieo

602 5476 964 5553 confitendum
994 5495 1113 5553 esse
1144 5497 1248 5553 non
1302 5490 1410 5536 tres
1439 5496 1716 5553 personas,
1744 5480 1837 5534 sed
1864 5479 2188 5553 un_a_mdun-

603 5554 771 5611 taxat,
803 5546 929 5601 licet
951 5549 1049 5601 tria
1068 5551 1283 5604 nomina
1304 5546 1481 5607 eidem
1509 5553 1892 5607 tribuerentur.
1910 5548 2187 5604 Christum

603 5634 766 5689 porro
798 5616 995 5671 nudum
1036 5634 1154 5672 esse
1182 5620 1474 5687 hominem,
1507 5634 1561 5676 et
1590 5639 1657 5677 ex
1686 5622 1932 5677 humanm
1956 5634 2184 5689 genera-

601 5686 765 5761 tionis
792 5695 981 5761 natura
1007 5688 1217 5761 initium
1239 5686 1468 5761 habere,
1497 5708 1669 5761 neque
1698 5707 1816 5746 esse
1837 5686 2183 5745 ante'uecula

599 5757 1047 5844 gen_itu’i'u_.(Secrl.
1077 5759 1114 5812 ι.
1144 5774 1199 5821 ιι,
1232 5775 1282 5844 c._
1303 5759 1365 5844 S;
1398 5757 1561 5844 I_..'.vu,
1583 5757 1640 5843 ξ.
1798 5761 2008 5844 ξοξρηι.
2038 5760 2180 5844 ἰλιγ,

601 5842 647 5880 ο.
680 5828 744 5915 ϐξ
787 5827 978 5884 Theod.
1017 5829 1053 5886 l.
1085 5847 1137 5885 γ.
1182 5846 1229 5883 c.
1262 5829 1360 5896 H;
1403 5830 1553 5886 Hier.
1595 5834 1649 5885 in
1683 5831 1854 5901 Cat).
1880 5831 2184 5889 Hmresibus

2290 5546 2472 5623 dicere
2498 5546 2574 5605 sit
2590 5563 2831 5623 necesse.
2864 5546 3099 5623 Prosper
3116 5546 3419 5623 Aquitanus
3439 5563 3595 5609 vocat
3620 5546 3750 5609 enni
3768 5554 3877 5621 glo-

2290 5619 2495 5692 riosiss.
2546 5618 2826 5692 catholici:
2864 5618 3370 5692 lideiﬁdel‘en'sorem
3419 5624 3674 5692 ('l‘lieod.,
3715 5618 3803 5677 lib.
3843 5639 3872 5677 ν

2289 5689 2455 5764 {iistq
2484 5705 2530 5764 c_.
2682 5687 2929 5764 Niceph"
2952 5691 2997 5764 l.
3025 5707 3131 5764 xlv,
3159 5710 3205 5747 e.
3240 5693 3308 5748 Η
3334 5705 3385 5749 et
3412 5687 3510 5764 35;
3542 5686 3851 5753 Actlconcil

2288 5757 2531 5840 Clialeed.
2564 5760 2654 5815 lib.
2678 5759 2744 5815 de
2769 5757 2907 5831 grat.
2938 5760 3035 5816 Dei
3061 5774 3199 5818 cont.
3233 5766 3380 5838 col.).

1356 5985 1395 5997 ’δ

2292 5478 2828 5555 aliisqueperdoctis
2864 5478 3665 5555 monumentisiaperti'us’est,
3714 5498 3877 5552 quam
3980 5503 3995 5517 ι
