4246 6264
275 5085 288 5137 l

277 5197 290 5208 ι
368 5137 570 5194 codicis
598 5139 931 5208 scriptorem,
963 5137 1022 5196 ut
1061 5143 1215 5198 nobis
1253 5143 1320 5197 de
1349 5142 1437 5197 illa
1465 5137 1664 5197 diutius
1701 5144 1945 5200 divinan-
1975 5155 1979 5158 ’

277 5215 298 5262 II'
366 5207 499 5262 dum
528 5206 722 5262 fuerit:
759 5219 1035 5262 postremo
1065 5221 1244 5262 tamen
1274 5214 1474 5262 auxilio
1504 5214 1744 5262 nerdocti
1776 5213 1949 5262 Patris

289 5223 300 5274 ε
366 5223 499 5263 num
528 5223 686 5264 tuerit
708 5227 722 5274 ;

330 311 444 370 289

1099 300 1519 359 CONFLICTUS
1558 300 1644 356 ΠΕ
1683 299 1820 355 DEO
1859 299 2064 355 TRINO
2100 299 2189 354 ΕΤ
2231 299 2387 366 UNO,
2429 300 2580 356 ETC.
2624 300 2748 354 LIB.
2791 300 2855 355 Il.

3507 305 3618 366 290

327 421 697 492 Serapionem
756 418 949 474 sancti-
980 415 1162 488 Cyrilli
1215 431 1402 469 sanam
1470 414 1929 484 apostolicamque
1956 420 2007 479 Α
2034 416 2166 470 tudo
2197 415 2408 472 Domini
2451 416 2769 486 parvitatem
2798 415 3008 471 servilis
3037 416 3240 482 formae,
3293 417 3364 472 ita
3394 427 3452 472 ut
3496 420 3611 489 ipsa

330 529 458 570 esse
481 513 806 570 doctrinam.
836 543 906 553 —
927 508 1139 564 Judices
1165 502 1418 562 dixerunt
1441 522 1456 559 :
1488 505 1545 561 Si
1573 507 1677 561 hoc
1705 520 1930 574 negave-

331 604 406 658 rit
436 603 726 673 Serapion,
757 617 864 657 non
893 600 1065 655 solum
1105 615 1136 652 a
1161 599 1318 653 nobis
1336 640 1351 664 ,
1379 596 1473 652 sed
1503 597 1664 652 etiam
1693 613 1723 651 a
1745 607 1929 653 sancta

334 693 710 751 Alexandrina
737 703 791 750 et
814 694 882 748 ab
910 691 1220 755 universali,
1242 705 1362 760 qua:
1391 690 1445 744 in
1468 698 1584 745 toto
1605 689 1805 744 mundo
1819 698 1926 757 est,

332 787 587 844 Ecclesia
619 787 882 843 catholica
911 785 1234 855 reprobatus
1273 781 1544 838 abscedat.
1571 813 1643 824 —
1664 780 1932 836 Arnobius

328 860 474 935 dixit
510 899 524 933 :
559 879 878 950 Apostolicae
907 875 1298 932 recordationis
1335 875 1416 928 vir
1454 872 1510 927 S.
1551 872 1798 944 Cyrillus,
1830 871 1930 927 Ec-

325 969 522 1026 clesiae
559 967 931 1024 Alexandrinae
960 965 1267 1036 episcopus,
1313 978 1432 1019 cum
1462 963 1803 1032 cognovisset
1828 961 1931 1017 Ne-

321 1060 642 1115 storianlun
669 1058 864 1127 dogma
897 1055 1231 1112 contrarium
1261 1054 1383 1110 ﬁdei
1412 1053 1692 1124 pullulare,
1721 1053 1934 1123 scripsit

321 1165 422 1220 per
461 1158 635 1205 totam
667 1147 1042 1218 Egyptum,"
1093 1154 1149 1200 et
1187 1145 1256 1200 ad
1301 1153 1544 1200 sanctum
1583 1143 1930 1200 leestinum

326 1240 653 1311 apostolica:
688 1236 1084 1294 recordationis
1124 1236 1420 1290 antistitem
1448 1236 1624 1300 misit;
1652 1235 1836 1291 dicens
1864 1235 1932 1290 ad

327 1329 554 1385 laudem
585 1344 742 1384 suam
773 1328 1066 1398 pertinere,
1097 1326 1145 1381 si
1174 1326 1240 1380 ab
1269 1341 1336 1380 eo
1365 1325 1455 1396 qui
1484 1326 1824 1395 pontilicatus
1847 1342 1934 1380 ar-

333 1438 458 1476 cem
512 1420 769 1484 tenebat,
802 1418 993 1473 fuisset
1020 1416 1224 1488 aliquid
1267 1416 1628 1470 emendatum.
1653 1415 1678 1452 b
1709 1415 1936 1471 Sanctus

334 1526 469 1566 vero
497 1509 828 1566 leestinus
854 1508 928 1562 ita
967 1510 1326 1580 ἐγκωμίαστης
1356 1505 1472 1576 ejus
1497 1507 1731 1571 exstitit,
1775 1515 1833 1560 ut
1878 1507 1934 1562 in

337 1601 575 1656 Nestorii
617 1599 980 1654 damnationis
1027 1598 1285 1652 dictasset
1329 1597 1689 1653 sententiam:
1723 1598 1934 1653 laudem

343 1709 476 1748 vero
504 1692 686 1764 Cyrilli
735 1701 791 1746 et
819 1691 871 1745 in
901 1698 1194 1760 conspectu
1224 1690 1319 1744 Dei
1372 1697 1426 1745 et
1478 1689 1715 1744 omnium
1742 1691 1932 1760 praedi-

2027 508 2198 562 forma
2226 508 2453 572 servilis,
2482 522 2641 575 quam
2671 507 2976 576 assumpsit,
3002 516 3237 562 cessaret
3266 523 3384 562 esse
3403 510 3612 564 servilis

2026 617 2126 671 per
2142 616 2264 655 eum
2295 600 2574 654 Dominum
2613 599 2704 668 qui
2751 614 2874 654 eam
2917 600 3224 668 assumpsit.
3257 599 3314 654 Si
3343 601 3486 654 enim
3515 601 3610 670 qui

2029 699 2220 745 natura
2268 707 2373 745 non
2401 690 2491 743 lilii
2519 689 2634 754 Dei,
2665 704 2763 758 per
2805 689 2981 758 ipsum
3025 688 3330 744 efﬁciuntur
3359 690 3449 743 lilii
3483 691 3608 757 Dei;

2029 790 2230 850 quanto
2273 781 2442 849 magis
2489 781 2605 851 ipse
2651 781 2743 850 qui
2793 788 2982 834 natura
3013 778 3177 833 Filius
3219 780 3311 834 Dei
3341 787 3445 848 est,
3472 781 3614 836 hunc

2031 889 2152 928 cum
2180 888 2289 942 quo
2317 873 2596 928 voluntate
2634 886 2729 926 sua
2776 870 2900 925 alvo
2929 871 3174 939 virginali
3225 879 3518 940 conceptus
3559 879 3615 926 et

2031 971 2188 1020 natus
2209 972 2310 1030 est,
2343 964 2416 1018 ita
2456 962 2759 1017 sublimavit
2789 961 2842 1015 in
2871 961 3066 1026 Deum,
3099 969 3153 1014 ut
3181 963 3236 1015 in
3275 963 3482 1016 nomine
3501 963 3614 1032 ejus

2032 1072 2182 1108 omne
2202 1071 2334 1126 genu
2362 1056 2603 1123 ﬂectatur
2632 1054 2930 1118 caelestium,
2962 1056 3280 1107 terrestrium
3305 1062 3356 1108 et
3380 1056 3614 1127 inferno-

2030 1164 2146 1200 rum
2173 1145 2338 1218 (Phil.
2386 1163 2442 1207 ιι,
2478 1145 2605 1214 10)ἳ
2635 1155 2657 1181 ο
2680 1144 2814 1199 ltem
2841 1159 3136 1215 pmcessor
3165 1161 3318 1199 meus
3359 1146 3616 1202 Damasus

2032 1238 2272 1293 scribens
2299 1237 2367 1292 ad
2403 1235 2683 1291 Paulinum
2723 1236 3068 1290 Antiochenze
3115 1235 3364 1293 Ecclesiae
3405 1240 3614 1309 episco-

2033 1343 2158 1397 pum
2182 1365 2197 1390 ,
2239 1327 2378 1380 inter
2425 1334 2619 1381 caetera
2666 1326 2741 1379 ait
2773 1344 2784 1377 :
2820 1326 3347 1381 Anathematizamus
3385 1343 3481 1382 eos
3522 1331 3613 1398 qui

2033 1418 2169 1473 duos
2201 1416 2336 1473 ﬁlios
2358 1417 2454 1472 Dei
2476 1424 2742 1482 asserunt,
2768 1417 2995 1470 alterum
3016 1417 3108 1485 qui
3130 1432 3196 1471 ex
3220 1418 3378 1472 Patre
3407 1425 3488 1472 est
3519 1434 3614 1487 ge-

2034 1509 2195 1571 nitus,
2227 1516 2283 1562 et
2303 1509 2533 1563 alterum
2555 1508 2647 1577 qui
2674 1522 2740 1562 ex
2770 1508 3138 1576 assumptione
3160 1508 3337 1563 carnis
3358 1516 3516 1564 natus
3532 1519 3615 1565 est

2035 1614 2100 1654 ex
2127 1599 2364 1667 Virgine.
2398 1599 2529 1654 Item
2557 1599 2672 1669 ipse
2696 1600 3005 1670 apostolici:
3028 1600 3301 1654 memorias
3323 1603 3404 1654 vir
3431 1602 3615 1658 Dama

2035 1705 2126 1744 sus
2155 1690 2207 1744 in
2233 1691 2401 1744 altera
2423 1690 2652 1760 epistola
2669 1690 2734 1744 ad
2758 1689 3038 1745 Paulinum
3061 1708 3072 1742 :
3093 1690 3616 1749 Anathematizamus

347 1792 550 1847 casset,
592 1798 836 1838 asserens
881 1796 1098 1837 sensum
1149 1781 1266 1850 ejus
1305 1780 1689 1850 praeclarorum
1737 1790 1935 1836 nostrae
1963 1783 2013 1846 Β
2037 1796 2133 1835 eos
2159 1781 2249 1849 qui
2277 1781 2412 1836 duos
2465 1781 2519 1835 in
2561 1780 2843 1836 Salvatore
2873 1780 3010 1836 ﬁlios
3054 1781 3418 1838 conﬁtentur:
3453 1800 3615 1841 unum

350 1876 640 1944 provincia:
698 1876 1069 1946 episcoporum
1120 1873 1504 1945 prazdicatione
1552 1873 1828 1946 roborari;
1877 1883 1933 1928 et

354 1965 589 2031 Damasi,
619 1967 901 2033 Ambrosii,
933 1968 1119 2022 Hilarii
1149 1968 1300 2023 hunc.
1337 1965 1503 2022 fuisse
1546 1982 1762 2024 sensum
1818 1969 1934 2022 evi-

364 2055 548 2111 denter
577 2057 840 2126 eXposuit.
871 2068 891 2094 ε
922 2056 1010 2110 Ait
1034 2057 1176 2111 enim
1205 2056 1257 2109 in
1289 2057 1406 2126 ipso
1430 2057 1664 2111 concilio
1691 2074 1703 2109 :
1738 2056 1936 2112 Recor-

366 2142 462 2198 dor
489 2145 658 2199 beatm
688 2145 952 2199 memoria:
982 2145 1312 2199 Ambrosium
1328 2145 1380 2200 in
1395 2145 1484 2200 die
1501 2146 1694 2201 natalis
1721 2146 1934 2201 Domini

367 2235 533 2289 nostri
556 2235 680 2290 Jesu
701 2235 914 2309 Christi,
947 2252 1158 2290 onmem
1182 2236 1364 2292 fecisse
1384 2239 1642 2309 populum
1666 2255 1770 2294 una
1802 2255 1936 2295 voce

362 2325 472 2380 Deo
502 2341 697 2380 canere
722 2345 733 2377 :
756 2297 910 2391 vani,
932 2325 1257 2397 Redemptor
1275 2297 1530 2396 gentium,
1562 2330 1789 2386 ostende
1816 2346 1936 2400 par-

361 2425 470 2470 tum
491 2417 740 2484 Virginis,
769 2417 1171 2473 miretur‘omne
1197 2420 1466 2486 seculum,
1490 2421 1612 2476 talis
1631 2421 1787 2476 decet
1809 2439 1934 2493 par-

357 2515 437 2561 tus
460 2506 647 2561 Deum.
689 2507 931 2576 Nunquid
959 2509 1077 2562 talis
1118 2517 1304 2579 partus
1346 2510 1502 2566 decet
1523 2512 1837 2567 hominem?
1866 2511 1936 2567 Et

352 2597 542 2667 adjecit
567 2616 578 2651 :
605 2597 746 2669 Ergo
775 2615 961 2655 sensus
988 2599 1168 2656 fratris
1196 2603 1367 2657 nostri
1381 2602 1565 2674 Cyrilli
1589 2605 1642 2660 in
1665 2605 1770 2660 hoc
1788 2605 1935 2674 quod

350 2688 476 2744 dicit
522 2692 761 2747 Θιοτὸκον
807 2681 1050 2758 Μᾶτὶειιι,
1079 2693 1236 2748 valde
1286 2696 1612 2761 concordat,
1643 2697 1764 2750 tatis
1791 2697 1934 2751 decet
1982 2696 1989 2702 ’

349 2788 528 2848 partus
557 2781 742 2836 Deum.
769 2783 938 2837 Deum
966 2793 1125 2852 partu
1154 2801 1252 2839 suo
1274 2786 1437 2855 Virgo
1464 2787 1672 2857 eﬁ'udit,
1697 2789 1814 2859 ipso
1839 2806 1935 2860 po-

219 2851 229 2863 ’
295 2876 306 2888 ‘
349 2876 494 2924 lente
517 2870 608 2940 qui
634 2851 1031 2939 omnipotentia
1061 2851 1393 2940 plenusest:
1408 2871 1434 2910 ά
1460 2851 1696 2931 Hilarius
1716 2851 1937 2947 quoque

351 2959 432 3012 vir
454 2960 1062 3026 acrisingeniiscribens
1077 2961 1130 3014 in
1140 2961 1514 3019 Constantium
1536 2966 1932 3037 imperatorem,

355 3047 422 3102 de
443 3048 811 3103 incarnatione
831 3049 1043 3104 Domini
1068 3052 1145 3106 sic
1165 3053 1269 3106 ait:
1295 3053 1459 3109 Filius
1474 3056 1566 3111 Dei
1589 3057 1756 3113 factus
1774 3060 1936 3116 homo

2035 1877 2159 1924 ante
2188 1869 2627 1936 incarnationem,
2646 1879 2702 1926 et
2720 1871 2883 1926 alium
2906 1880 3030 1942 post
3048 1882 3374 1944 assumptam
3399 1890 3617 1931 carnem

2034 1975 2102 2014 ex
2130 1959 2353 2028 virgine,
2399 1969 2455 2014 et
2482 1977 2590 2016 non
2628 1962 2876 2017 eumdem
2907 1962 3000 2018 Dei
3030 1962 3254 2030 Filium,
3279 1972 3334 2019 et
3375 1974 3533 2020 antea
3563 1976 3618 2022 et

2033 2057 2223 2120 postea
2255 2051 2427 2120 ipsum
2473 2067 2590 2106 esse
2627 2051 2900 2108 Christum
2944 2069 3129 2108 verum
3159 2055 3254 2109 Dei
3283 2055 3494 2124 Filium,
3525 2059 3617 2128 qui

2038 2148 2198 2195 natus
2227 2148 2310 2195 est
2337 2156 2405 2195 ex
2434 2140 2668 2210 Virgine,
2686 2142 3040 2199 conﬁtentur.
3227 2189 3233 2194 .

2106 2231 2395 2285 XlV.—Et
2413 2248 2536 2287 cum
2557 2243 2969 2304 persequeretur
2999 2237 3111 2293 haec
3135 2239 3420 2306 Arnobius,
3437 2241 3590 2296 -'-Se

2036 2325 2226 2394 rapion
2253 2323 2387 2377 dixit
2419 2341 2432 2376 :
2467 2323 2583 2378 Non
2611 2325 2725 2380 hate
2753 2326 2849 2381 abs
2876 2342 2935 2382 re
2959 2329 3213 2397 quaesivi;
3245 2331 3339 2386 sed
3358 2333 3504 2387 volui
3534 2335 3613 2386 vi-

2034 2415 2165 2470 dere
2190 2415 2424 2469 studium
2451 2431 2550 2486 pro
2581 2417 2840 2473 catholica
2865 2418 3177 2477 defensione
3214 2432 3400 2478 contra
3428 2425 3618 2480 Nesto~

2035 2507 2244 2561 rianum
2274 2507 2465 2576 dogma
2509 2509 2581 2562 ita
2611 2509 2926 2567 instructum
2949 2551 2964 2575 ,
3007 2514 3144 2568 sicut
3171 2515 3501 2572 Nestorianae
3531 2535 3617 2574 as-

2042 2601 2294 2656 sertionis
2319 2600 2559 2656 eruditus
2594 2617 2671 2656 es.
2698 2635 2769 2644 --
2791 2603 3057 2660 Arnobius
3082 2606 3219 2660 dixit
3253 2625 3264 2660 :
3296 2607 3407 2675 Ego
3433 2621 3488 2664 et
3517 2610 3618 2665 Ne-

2041 2691 2194 2746 storii
2227 2706 2465 2746 errorem
2492 2691 2866 2746 declinandum
2890 2693 3081 2758 didici,
3121 2704 3177 2750 et
3216 2695 3398 2766 Cyrilli
3436 2697 3617 2752 defen-

2036 2781 2265 2836 dendam
2313 2797 2431 2836 esse
2458 2781 2753 2836 doctrinam
2785 2784 3000 2850 agnovi.
3037 2817 3108 2825 —
3144 2786 3405 2856 Serapion
3433 2789 3567 2843 dixit
3602 2808 3614 2842 :

2038 2870 2226 2926 Profer
2249 2885 2378 2942 ergo
2408 2873 2612 2941 aliqua,
2656 2885 2752 2942 per
2779 2889 2897 2927 oua:
2930 2876 2983 2928 in
3015 2891 3122 2930 uno
3151 2877 3244 2932 Dei
3285 2878 3424 2934 Filio
3447 2879 3621 2951 Cyril-

2036 2963 2147 3018 lum
2185 2963 2316 3017 duas
2356 2964 2554 3018 doceas
2595 2966 2888 3020 asseruisse
2934 2968 3290 3034 substantias,
3335 2954 3626 3040 humanam

2043 3059 2251 3113 scilicet
2270 3065 2324 3111 et
2344 3057 2595 3127 divinam.
2615 3056 2926 3114 —Protulit
2939 3059 3082 3116 illico
3093 3061 3361 3117 Arnobius
3381 3064 3622 3120 codicem

356 3138 516 3195 Deus.
552 3138 618 3192 Et
661 3149 1056 3210 praeposterans
1087 3145 1283 3213 repetit
1309 3163 1320 3197 :
1359 3145 1500 3201 Deus
1547 3147 1683 3203 lilius
1710 3150 1938 3206 hominis
1964 3155 2011 3219 C
2041 3150 2386 3221 epistolarum
2415 3148 2619 3221 Cyrilli,
2647 3150 2739 3221 qui
2784 3151 2838 3206 in
2867 3154 3044 3223 capite
3068 3153 3208 3210 hanc
3236 3149 3468 3211 habebat
3505 3159 3622 3229 epi-

355 3233 527 3288 factus
556 3242 639 3288 est
666 3234 828 3298 Deus,
871 3251 978 3288 non
1008 3236 1148 3292 Deus
1195 3237 1367 3294 factus
1394 3248 1479 3294 est
1505 3241 1688 3308 homo,
1716 3252 1770 3299 et
1801 3243 1939 3302 ﬁlius

353 3321 582 3380 hominis
603 3322 776 3378 factus
811 3333 893 3379 est
922 3325 1086 3381 Filius
1107 3326 1220 3382 Dei.
1245 3329 1528 3399 Superavit
1555 3334 1697 3388 enim
1723 3337 1935 3406 magni-

2043 3242 2238 3299 stolam
2271 3260 2283 3294 :
2324 3241 2340 3280 ί
2374 3240 2603 3312 Cyrillus
2629 3243 2892 3299 universis
2934 3245 3202 3318 episcopis
3242 3256 3296 3300 et
3343 3249 3623 3321 presbyte-

2039 3337 2132 3399 ris,
2165 3345 2220 3390 et
2249 3335 2587 3401 diaconibus,
2618 3337 2863 3406 patribus
2891 3335 3276 3397 monachorum
3318 3349 3374 3398 et
3414 3343 3498 3400 his
3533 3345 3626 3413 qui

1518 3442 1628 3496 FB.
1673 3444 2147 3501 FEU-ARDENTH
2188 3447 2414 3501 NOTIE.
2466 3509 2480 3522 .
2517 3474 2524 3480 -

419 3539 447 3569 α
477 3528 817 3584 Manifestum
849 3538 931 3585 est
959 3545 1026 3588 ex
1056 3532 1294 3587 historiis
1332 3533 1712 3589 ecclesiasticis
1739 3533 1939 3590 Caeles-

354 3601 518 3675 tinum
538 3616 808 3675 summum
837 3599 1093 3675 Ecclesia:
1118 3602 1428 3675 pontiﬁcem
1455 3620 1485 3657 a
1511 3603 1714 3675 Cyrillo
1745 3607 1937 3675 certio-

355 3687 464 3746 rem
496 3670 693 3746 factum
730 3669 807 3746 de
846 3669 1079 3746 Nestorii
1120 3669 1436 3746 impietate,
1475 3669 1713 3746 ejusdem
1750 3671 1935 3746 Cyrilli

354 3740 821 3815 pietatem‘simul
841 3749 895 3796 et
923 3742 1158 3815 studium
1185 3740 1485 3815 plurimum
1506 3740 1514 3742 ⁷
1533 3740 1815 3810 laudasse;
1849 3747 1934 3815 ip-

355 3827 575 3880 sumque
616 3811 921 3866 Nestorium
947 3813 1142 3867 litteris
1168 3811 1510 3868 dehortatum
1548 3821 1605 3869 ut
1643 3815 1712 3869 ab
1737 3811 1933 3880 impie-

355 3891 464 3935 tate
505 3880 785 3936 desisteret
819 3900 830 3933 :
874 3883 1019 3952 quod
1047 3883 1101 3936 ni
1132 3882 1336 3938 faceret
1380 3884 1518 3940 intra
1560 3884 1747 3940 decem
1787 3880 1930 3948 dies,

359 3953 472 4004 fore
497 3958 556 4003 ut
585 3968 690 4024 non
720 3952 881 4024 modo
911 3968 940 4005 a
971 3954 1349 4008 communione
1378 3954 1586 4023 piorum
1618 3955 1732 4024 ipse
1755 3956 1938 4024 rejice-

360 4030 547 4094 retur,
597 4020 689 4073 sed
737 4022 898 4094 etiam
943 4039 1025 4094 ex,
1055 4024 1299 4090 catalogo
1337 4020 1679 4094 sacerdotum
1721 4020 1938 4094 penitus

361 4091 728 4160 cximeretur._
757 4090 978 4160 insuper
1017 4093 1063 4146 is
1108 4094 1289 4155 etiam,
1342 4093 1407 4147 ad
1446 4090 1942 4150 Joannem—Antio-

360 4161 594 4233 chenun}
628 4197 642 4220 ,
669 4229 680 4233 _
703 4157 1010 4233 Juvenalem
1072 4162 1578 4233 Jerosolymitanum
1609 4204 1624 4228 ,
1689 4163 1941 4219 Ruﬁnum

363 4229 930 4304 Thessalonicensem,
964 4231 1268 4304 Flavianum
1285 4229 1713 4304 Philippensem
1728 4242 1783 4304 et
1811 4237 1946 4289 alios

360 4314 492 4355 vere
513 4299 828 4374 apostolicis
849 4302 1020 4374 missis
1039 4304 1304 4374 epistolis,
1324 4299 1616 4358 excitatum
1645 4319 1674 4357 a
1699 4303 1946 4374 Nesto‘rio

358 4374 618 4424 adversus
665 4373 921 4439 pietatem
968 4372 1163 4426 bellum
1213 4373 1400 4428 iisdem
1447 4374 1834 4442 exposuit,,et
1861 4372 1947 4428 ad

358 4455 646 4514 commune
687 4448 961 4514 certamen
1008 4459 1106 4514 p_r_o
1154 4442 1686 4514 eademiretinenda,
1714 4459 1812 4514 pro
1851 4459 1947 4499 sua

363 4511 688 4582 auctoritate
715 4511 970 4565 excitavit
1000 4511 1277 4582 (Nicephq
1311 4513 1402 4566 lib.
1434 4530 1544 4578 xxv,
1578 4529 1622 4564 c.
1658 4511 1728 4566 53
1753 4523 1806 4567 et
1840 4513 1946 4580 ὄις

363 4578 586 4652 Evagr._,
616 4579 705 4652 li_b_.
749 4597 786 4644 ι,
822 4597 865 4634 c.
897 4582 960 4645 ὃς
986 4578 1217 4637 Libera].
1250 4587 1304 4637 in
1335 4582 1531 4652 Brem).
1565 4582 1802 4652 Denique
1829 4578 1950 4640 cum

362 4664 472 4721 pro
508 4649 875 4721 alio_Nestorii
923 4653 1043 4707 loco
1089 4653 1461 4709 substituendo
1493 4649 1947 4721 contenderetur,

361 4717 564 4790 eisdem
605 4717 796 4773 Joanni
835 4720 1082 4777 Antioch.
1135 4722 1329 4790 Ruﬁo,
1375 4723 1628 4778 Flaviano
1666 4733 1721 4778 et
1760 4717 1952 4780 Proclo

2041 3547 2096 3591 et
2124 3538 2383 3592 unitatem
2413 3535 2860 3593 constituendam.

2118 3619 2138 3686 ἐ
2173 3608 2248 3661 De
2277 3608 2509 3686 quodam
2525 3609 2765 3686 concilio
2805 3607 3046 3686 lion-rma
3075 3610 3367 3686 Ctelestiiip
3396 3627 3626 3686 congre-

2041 3685 2203 3747 gato,
2221 3675 2371 3747 cujus
2399 3676 2628 3743 epistola
2669 3675 2881 3747 concilii
2916 3676 3171 3747 Ephesini
3200 3679 3267 3731 ad
3296 3675 3624 3747 Nestorium,

2041 3745 2296 3815 semel_et
2337 3746 2529 3815 iterum
2578 3743 2821 3815 i_nemin_it
2860 3743 3164 3815 itemque
3192 3748 3430 3815 synodus
3469 3743 3625 3806 Alex.

2041 3813 2268 3883 epistola
2299 3813 2366 3866 ad
2391 3810 3090 3883 Nestorium,_Cyrillusqne
3115 3810 3344 3882 epistola
3373 3818 3439 3870 ad
3467 3817 3628 3873 Joan-

2044 3881 2168 3957 nem
2195 3883 2612 3957 Antioclienum,
2660 3881 2894 3957 arbitror
2931 3881 3226 3957 Alinobiuin
3267 3883 3433 3952 loqui,
3466 3904 3628 3957 quan.

2045 3953 2334 4023 doquidem
2376 3951 2645 4023 Ephesino
2690 3967 2798 4006 non
2824 3950 3085 4023 interfuit
3109 3994 3123 4018 ,
3167 3950 3411 4023 Romano
3449 3950 3629 4013 autem

2083 4020 2319 4080 nefnisse
2340 4020 2671 4093 compertum
2697 4030 2797 4078 est.
2824 4020 2934 4076 Nisi
2967 4023 3177 4078 tandem
3210 4022 3442 4081 volueris
3461 4026 3629 4080 inter-

2069 4096 2210 4150 uisse
2238 4093 2734 4166 Ephesinzesynodi
2751 4107 2863 4166 per
2890 4093 3116 4159 litteras,
3150 4093 3342 4166 quibus
3371 4104 3426 4149 et
3452 4104 3630 4166 partes

2048 4180 2174 4237 suas
2220 4164 2424 4237 Cy’rillo
2475 4164 2837 4237 Alexandrino
2856 4235 2868 4237 _
2879 4165 3279 4237 commendavit
3301 4205 3322 4237 ,_
3336 4164 3632 4237 simulque

2049 4234 2348 4289 Nestorium
2379 4236 2447 4289 ob
2476 4234 3072 4306 hazresimiabdicavit,
3125 4236 3259 4289 sicut
3304 4234 3632 4306 Nicephorus

2049 4306 2242 4376 recitat
2282 4306 2541 4376 lib._xiv,
2567 4320 2684 4374 cap.
2730 4303 2818 4376 δᾴς
2865 4302 3076 4357 Littera:
3112 4307 3404 4376 referuntur
3425 4302 3560 4362 iomo
3590 4307 3632 4364 ll

2052 4372 2269 4444 Conciilii
2297 4374 2544 4444 Ephesini
2563 4415 2576 4439 ,
2609 4372 2844 4444 cap.”

2124 4442 2150 4480 ἀ
2181 4443 2307 4499 Hzec
2338 4442 2681 4507 adornantes,
2724 4442 2909 4498 Hilarii
2941 4452 3050 4499 tres
3079 4444 3244 4499 libros
3289 4445 3341 4500 in
3371 4445 3635 4503 Constan-

2053 4513 2185 4584 tium
2215 4514 2497 4582 diligenter
2537 4516 2898 4584 percurrimus
2921 4557 2934 4580 ,
2979 4515 3031 4570 in
3061 4515 3253 4584 quibus
3283 4517 3413 4571 nihil
3442 4517 3635 4574 horum

2054 4583 2278 4652 legimus
2316 4583 2645 4653 quapropter
2672 4593 2889 4654 oportet
2910 4586 3010 4640 hos
3034 4583 3253 4641 mutilos
3281 4603 3430 4654 esse;
3463 4587 3637 4646 Caele-

2055 4655 2252 4708 stinum
2281 4669 2410 4707 vero
2439 4661 2493 4707 et
2536 4656 2830 4710 Arnobium
2879 4656 3116 4724 integros
3151 4657 3419 4714 habuisse.
3471 4659 3638 4716 Recte

2055 4732 2234 4778 tamen
2265 4724 2401 4777 libro
2450 4739 2594 4778 nono
2621 4726 2689 4778 de
2731 4725 2993 4779 Trinitate
3026 4727 3218 4789 docet,
3254 4729 3418 4783 unitis
3455 4731 3511 4784 in
3555 4731 3637 4785 id-

359 4789 577 4869 scripsit
625 4789 784 4869 nihil_
814 4792 1030 4847 obstare
1076 4793 1489 4869 quominusqui
1539 4795 1765 4869 alterius
1803 4795 1950 4869 urbis
1975 4795 2030 4855 D
2055 4795 2228 4869 ipsum
2269 4793 2496 4861 naturis,
2521 4803 2724 4848 natune
2754 4795 3030 4869 utriusque
3052 4811 3165 4850 rem
3196 4800 3438 4854 eamdem
3480 4816 3636 4864 esse;

361 4867 454 4912 aut
470 4860 584 4931 jam
609 4860 679 4913 sit
699 4861 1001 4931 episcopus,
1031 4860 1123 4916 aut
1142 4864 1331 4917 saltem
1361 4860 1618 4929 delectus,
1643 4863 1946 4919 Constanti-

363 4930 603 5006 nopolim
644 4930 1031 5006 transferatur,
1075 4933 1250 5006 quiid
1279 4933 1538 5006 instauret
1579 4935 1726 5006 quod
1753 4935 1946 5006 impius

367 4998 645 5075 Nestorius
669 4998 1382 5075 labefactaverat:(Niceph.,
1415 5002 1453 5075 I_.
1484 4998 1666 5069 xxv,'c.
1698 5005 1808 5075 57).

440 5067 628 5143 l{fliam
668 5071 805 5143 male
835 5081 1056 5142 accepta
1087 5067 1390 5143 fueratva
1415 5067 1598 5143 Graeca
1627 5089 1724 5143 per
1751 5067 1948 5131 veteris

795 5219 1035 5284 ostremo
1065 5221 1244 5284 tamen
1274 5214 1474 5268 auxilio
1504 5214 1745 5284 perdocti
1775 5213 1949 5270 Patris

367 5278 660 5351 lj‘rontonis
705 5278 858 5346 fulti,
920 5298 1040 5336 eam
1097 5283 1388 5351 integritati
1437 5278 1546 5338 sua:
1595 5286 1944 5338 restituimus.

364 5349 592 5422 Constat
618 5365 784 5422 porro
791 5367 871 5422 ex
899 5352 1104 5422 aliquot
1133 5349 1372 5422 epistolis
1398 5353 1458 5407 Β.
1482 5353 1777 5418 Coelestini,
1800 5362 1948 5408 tomo

366 5421 570 5494 primo,
589 5420 760 5494 cap._l
772 5420 1347 5494 7,_coneil_iiEp—hesini
1375 5424 1604 5490 insertis,
1633 5441 1753 5478 eum
1783 5425 1948 5479 maxi-

365 5490 439 5543 mi
470 5489 671 5563 fecisse
698 5490 778 5563 8ἶΔ
797 5490 981 5563 Cyrilli
1021 5489 1234 5549 labores
1259 5503 1313 5548 et
1352 5494 1554 5559 studia,
1583 5489 1798 5563 quando
1827 5511 1950 5550 eum

367 5559 858 5641 passimJappellat,
891 5563 1146 5641 dilectum
1176 5563 1413 5641 fratrem,
1443 5564 1492 5618 in
1523 5559 1648 5620 vera
1680 5565 1783 5620 ﬁde
1808 5576 1956 5621 tuen-

369 5629 436 5681 da
485 5628 833 5702 fortissimum
880 5635 1271 5702 antagonistam
1297 5674 1310 5698 ,
1356 5634 1572 5690 fratrem
1613 5644 1668 5690 et
1711 5645 1954 5691 sanctum

368 5698 793 5771 coepiscopum,
843 5698 1120 5759 strenuum
1164 5705 1440 5760 catholicae
1487 5705 1607 5761 ﬁdei
1655 5707 1952 5768 vindicem;

367 5772 523 5838 cu,us
542 5769 788 5826 doctrina
810 5781 1002 5841 potens
1025 5782 1140 5829 erat
1169 5775 1236 5832 ad
1261 5775 1646 5831 retundendam
1667 5776 1954 5830 falsitatem

2054 4864 2125 4917 ita
2160 4873 2336 4936 tamen
2370 4873 2428 4919 ut
2456 4873 2647 4919 neutro
2687 4873 2869 4921 careat
2899 4865 2950 4919 in
2980 4874 3212 4936 utroque
3240 4884 3309 4924 ne
3335 4869 3470 4921 forte
3498 4869 3638 4921 Deus

2051 4949 2170 4989 esse
2196 4935 2358 4988 homo
2389 4935 2659 4991 nascendo
2684 4936 2974 5002 desineret,
2999 4945 3053 4991 et
3073 4937 3238 4992 homo
3260 4951 3470 4992 rursum
3495 4936 3638 4991 Deus

2049 5005 2317 5060 manendo
2346 5021 2452 5059 non
2479 5015 2640 5061 esset.
3619 5033 3624 5043 -

2126 5085 2148 5111 ε
2178 5074 2320 5151 inter
2339 5075 2630 5151 Damasum
2659 5075 3257 5151 et_hunc_leestinum
3286 5076 3638 5151 interponun-

2052 5152 2141 5220 t_ur
2175 5144 2455 5220 _S_yricius‘,
2489 5147 2802 5220 Anastasius
2824 5188 2837 5212 ,
2887 5142 3543 5220 lniiocentiiis,nZosii_nus
3582 5152 3638 5198 et

2053 5209 2378 5271 Bonifacius.
2411 5209 2650 5272 Habetnr
2678 5209 2856 5270 autem
2888 5224 3034 5267 tomo
3064 5213 3238 5280 primo
3265 5209 3633 5280 Conciliorum

2052 5285 2288 5352 ejusdem
2321 5287 2529 5342 Damasi
2562 5287 2627 5340 ad
2660 5285 2933 5355 Paulinum
2962 5279 3490 5355 Thessalonicensem
3524 5284 3635 5355 epi-

2054 5351 2212 5420 stola,
2246 5356 2298 5409 in
2322 5372 2424 5425 qua
2456 5358 2704 5425 leguntur
2733 5357 2831 5407 ista
2851 5392 2864 5415 ,
2898 5351 3407 5426 Anathematizamus
3436 5370 3522 5426 eos
3551 5351 3639 5426 qui

2056 5425 2184 5479 duos
2232 5420 2370 5496 ﬁlio-3
2400 5420 2666 5486 asserunt,
2700 5440 2855 5496 unum
2903 5432 3021 5496 alite
3057 5420 3248 5496 scenda
3277 5463 3291 5486 ,
3324 5433 3373 5476 et
3419 5420 3638 5484 alterum

2057 5505 2168 5567 post
2193 5491 2593 5567 assumptione»:
2626 5494 2806 5567 carnis
2829 5509 2895 5567 ea;
2927 5491 3150 5562 Virgine.

2138 5565 2153 5602 ί
2189 5562 2395 5621 Titulus
2430 5564 2586 5630 hujus
2615 5563 2857 5630 epistola:
2886 5562 2956 5615 ita
2987 5578 3125 5617 nunc
3171 5564 3220 5617 in
3254 5579 3391 5618 nova
3425 5564 3630 5619 Concili

2060 5634 2311 5705 Ephesini
2360 5633 2593 5705 editione
2614 5631 2872 5705 redditur
2901 5632 3068 5701 (Tom.
3119 5633 3156 5694 I,
3189 5651 3233 5686 ε.
3273 5633 3324 5702 1)
3351 5652 3363 5686 ;
3390 5634 3633 5705 Cyrillus,

2062 5699 2387 5774 presbyteris,
2414 5701 2670 5774 κιίὶαωηὶδ,Δ
2701 5699 2974 5768 Patr-ibus,
3009 5699 3313 5774 monachis,"
3335 5699 3634 5774 cwlerisque

2062 5770 2350 5827 solitariam
2380 5773 2532 5834 vitam
2564 5772 2817 5826 vobiscum
2846 5773 3218 5835 exercentibus,
3259 5781 3306 5823 ct
3329 5773 3380 5824 in
3403 5770 3510 5836 ﬁde
3536 5770 3630 5824 Dei
