4246 6264
594 236 698 292 295
785 249 790 256 ‘

1918 226 2189 282 ARNOBII
2225 226 2527 282 JUNIORIS

2308 118 2444 134 συνυ-

3755 219 3864 276 906

664 344 822 403 XVII.
843 345 1048 401 —Post
1073 346 1214 399 hanc
1240 341 1521 411 epistolam
1544 340 1754 410 publice
1785 338 2171 408 perlectam,—-
2199 341 2248 401 Α
2275 344 2500 391 matrem
2527 337 2732 400 habuit,
2762 344 2817 391 et
2844 337 3006 393 homo
3035 335 3152 402 iuit,
3201 334 3442 405 nunquid
3469 348 3591 391 eam
3636 349 3865 404 negasse

591 440 807 497 Judices
825 437 1026 509 prmfati
1053 436 1335 489 dixerunt:
1359 431 1500 486 Ecce
1523 446 1591 484 ex
1619 431 1824 497 integro
1848 429 1984 483 liber
2003 429 2173 483 lectus

593 538 677 584 est
699 527 868 583 sancti
897 523 1096 594 Cyrilli,
1129 535 1288 589 quem
1329 519 1598 573 Arnobius
1642 517 1763 572 ﬁdei
1793 535 1901 573 sua:
1943 533 2173 573 concor-

591 619 715 674 dem
742 614 980 670 noscitur
1001 610 1311 681 protulisse;
1354 610 1399 663 si
1439 609 1566 677 quid
1596 607 1879 678 Serapioni
1920 609 2176 663 remansit

592 707 736 778 quod
759 707 985 774 ingerat,
1013 702 1233 771 pandat.
1263 733 1332 743 --
1359 700 1621 770 Serapion
1650 701 1820 754 dixit:
1855 699 1967 769 Ego
1991 715 2175 754 amore

591 800 716 855 ﬁdei
745 799 1018 861 ducor,~et
1045 794 1202 862 vinci,
1215 807 1301 848 me
1329 793 1497 862 magis
1530 793 1748 861 gloriari
1777 799 1968 862 potero
2014 806 2174 861 quam

592 888 866 947 confundi.
893 886 1009 940 Non
1031 885 1175 940 enim
1202 884 1271 938 de
1292 900 1389 938 sua
1410 884 1637 938 victoria
1667 899 1854 937 servus
1890 896 2049 951 agere
2077 883 2175 938 de-

592 982 720 1046 bet,
762 967 860 1048 qui
881 977 948 1032 de
983 978 1191 1032 honore
1230 975 1440 1031 Domini
1469 975 1553 1030 vel
1584 974 2013 1056 exhonoratione
2059 973 2177 1043 ejus

548 1061 574 1082 ’³
591 1089 710 1128 cum
746 1086 1007 1127 conservo
1042 1068 1336 1134 contendit,
1363 1077 1386 1103 α
1413 1074 1470 1122 et
1497 1075 1555 1120 ut
1571 1067 1682 1120 vult
1710 1066 1996 1122 ostendere
2023 1081 2178 1120 suum

591 1162 877 1220 Dominum
912 1163 1238 1217 inhonorare
1287 1160 1339 1214 in
1387 1160 1498 1215 suis
1541 1161 1896 1215 sermonibus.
1933 1160 2180 1214 Beatissi-

591 1271 739 1312 mum
763 1255 1122 1326 correptionis
1167 1267 1335 1322 genus
1364 1261 1446 1307 est
1488 1253 1540 1306 in
1587 1268 1695 1322 quo
1737 1269 1843 1306 non
1894 1253 2069 1321 agitur
2111 1251 2180 1306 de

592 1363 757 1402 censu
779 1346 1038 1416 pecuniae,
1083 1359 1182 1398 nec
1209 1343 1276 1398 de
1305 1344 1466 1398 rebus
1493 1344 1577 1398 his
1605 1357 1829 1412 quarum
1861 1351 1985 1414 post
2013 1343 2179 1414 depo-

593 1439 842 1494 sitionem
880 1437 1122 1506 corporis
1155 1451 1263 1489 non
1309 1450 1528 1504 egemus
1569 1454 1580 1488 :
1633 1436 1726 1490 sed
1772 1437 1948 1504 agitur
1988 1436 2056 1491 de
2097 1437 2180 1492 his

590 1545 712 1600 quae
739 1529 806 1583 ad
850 1537 1168 1598 perpetuum
1213 1527 1464 1598 gaudium
1511 1528 1805 1597 pertinent,
1835 1528 1920 1582 vel
1943 1528 2184 1597 irrogant

591 1627 854 1676 aeternum
891 1616 1217 1671 incendium.
1268 1616 1392 1671 Haec
1417 1616 1538 1672 ideo
1586 1617 1791 1686 iugero,
1824 1625 1884 1672 ut
1920 1619 1967 1673 si
2009 1620 2182 1675 adhuc

2274 429 2546 483 hominem
2577 417 2697 483 esse
2724 429 2991 498 putandus
3037 429 3155 482 est?
3195 421 3472 497 Impressit
3519 425 3681 493 igitur
3721 426 3867 480 hunc

2275 516 2472 582 locum,
2504 516 2571 572 de
2600 533 2708 588 quo
2733 525 2850 572 erat
2870 517 3166 572 contentio.
3203 527 3224 553 ο
3258 516 3536 571 Nestorius
3556 516 3699 570 enim
3721 518 3868 571 nullo

2275 609 2437 665 modo
2466 625 2652 680 passus
2677 619 2760 665 est
2788 611 2985 666 debere
3024 611 3262 666 Θεοτὸκον
3304 609 3475 674 credi,
3520 617 3577 664 et
3617 608 3738 664 ideo
3761 609 3868 664 fre-

2275 701 2461 768 quenti
2490 702 2786 757 assertione
2815 701 2868 755 id
2897 703 3025 770 egit,
3061 710 3118 755 ut
3146 716 3270 756 eum
3313 701 3417 755 hoc
3458 699 3605 769 quod
3650 705 3867 768 negavit

2279 794 2515 856 Θεστόκος
2538 793 2810 850 edoceret.
2840 825 2911 833 —
2930 793 3194 864 Serapion
3223 793 3358 848 dixit
3391 811 3404 846 :
3432 793 3577 848 Doce
3605 809 3734 860 ergo
3757 810 3871 849 sen-

2280 902 2400 942 sum
2429 885 2612 957 Cyrilli
2640 888 2802 940 talem
2825 887 3114 949 exstitisse,
3147 895 3205 940 ut
3254 886 3426 956 ipsum
3476 887 3570 954 qui
3595 901 3663 941 ex
3705 885 3871 940 Maria

2281 987 2437 1034 natus
2475 987 2557 1033 est
2605 979 2776 1034 Deum
2824 979 2973 1033 illum
3021 985 3076 1033 et
3116 966 3388 1033 hominem
3425 986 3772 1032 memoraret.
3803 1006 3872 1017 ~—

2282 1071 2552 1126 Arnobius
2579 1070 2713 1126 dixit
2749 1089 2760 1124 :
2795 1070 2988 1145 Etznos
3018 1086 3285 1136 assumus,
3317 1080 3372 1126 et
3422 1071 3557 1125 liber
3584 1071 3676 1140 qui
3706 1071 3873 1129 lcetus

2282 1169 2400 1228 est;
2434 1163 2618 1233 accipe
2647 1179 2715 1218 ex
2745 1178 2812 1217 eo
2839 1177 2959 1232 quae
2982 1163 3120 1218 lecta
3144 1171 3269 1217 sunt
3291 1163 3385 1216 ita.
3414 1161 3532 1217 Non
3556 1162 3676 1240 ideo
3704 1163 3874 1218 factus

2282 1264 2366 1312 est
2395 1257 2560 1311 homo
2582 1256 2917 1326 unigenitum
2948 1256 3045 1314 Dei
3073 1255 3328 1320 Verbum,
3362 1263 3420 1308 ut
3442 1254 3582 1308 Deus
3615 1269 3734 1309 esse
3759 1270 3874 1310 ces-

2282 1359 2457 1414 saret,
2490 1347 2582 1403 sed
2614 1356 2672 1402 ut
2719 1348 2772 1402 in
2816 1348 3184 1418 assumptione
3223 1348 3383 1402 etiam
3427 1347 3606 1402 carnis
3647 1347 3874 1416 propria:

2283 1439 2581 1509 majestatis
2627 1440 2854 1508 gloriam
2899 1440 3250 1494 intueremur.
3294 1437 3418 1494 Haec
3460 1437 3636 1508 primo
3678 1437 3875 1492 dixisse

2256 1531 2329 1586 ‘si
2370 1547 2478 1586 non
2523 1529 2740 1596 suﬁicit,
2785 1547 2904 1600 quae
2939 1532 2993 1586 in
3040 1530 3290 1585 secundis
3329 1530 3465 1587 dixit
3505 1529 3770 1584 ausculta.
3819 1529 3874 1582 In
3929 1529 3932 1532 ⁴

2285 1630 2450 1678 carne
2486 1623 2696 1692 positus
2745 1622 2998 1677 audiebat
3044 1619 3258 1676 Patrem
3308 1621 3597 1683 dicentem,
3633 1620 3769 1675 Sede
3808 1622 3876 1674 ad

593 1711 770 1779 aliqua
801 1708 1078 1780 protulero
1099 1716 1288 1762 contra
1316 1708 1631 1771 Arnobium,
1683 1723 1789 1762 non
1839 1723 2024 1763 amore
2053 1725 2184 1764 con-
2213 1712 2264 1772 B
2289 1715 2555 1770 dexteram
2575 1732 2741 1768 meam
2772 1714 2896 1784 (Ps.
2930 1731 3036 1778 CIX,
3070 1713 3153 1783 l).
3179 1713 3314 1768 Audi
3335 1714 3500 1768 etiam
3530 1713 3658 1782 quid
3681 1714 3874 1769 dixerit

595 1801 851 1856 tentionis
878 1799 1155 1874 existimer
1177 1784 1483 1868 protulisse,
1512 1807 1572 1854 ut
1598 1801 1666 1854 de
1693 1816 1814 1856 mea
1838 1802 2184 1858 contentione

594 1906 763 1947 coner
809 1891 939 1945 mihi
997 1905 1256 1960 generare
1296 1889 1606 1955 victoriam;
1669 1890 1762 1944 sed
1805 1899 1864 1945 ut
1902 1893 2181 1948 victoriam

593 1981 767 2050 ipsam
797 1981 1037 2035 veritatis
1064 1981 1336 2034 elimatam
1384 1995 1483 2049 per
1509 1979 1692 2035 omnia
1737 1982 1976 2036 membra
2006 1998 2102 2038 sua
2129 1993 2186 2040 et

595 2066 932 2142 splendidam
970 2072 1239 2128 Arnobius
1279 2071 1550 2143 proferat,
1596 2080 1655 2126 ut
1694 2073 1825 2126 nihil
1863 2074 1994 2129 mihi
2040 2076 2184 2144 quod

597 2182 741 2221 nunc
763 2164 985 2234 egerim,
1020 2165 1212 2234 agendi
1241 2164 1346 2219 hoc
1372 2172 1616 2233 tempore
1645 2165 1967 2220 remansisse
1993 2175 2182 2222 conte-

596 2267 786 2314 stetnr.
817 2289 886 2299 —
914 2255 1130 2312 Judices
1166 2255 1275 2310 dati
1319 2255 1572 2310 dixerunt
1623 2273 1635 2308 :
1682 2255 1778 2310 Die
1820 2270 1949 2344 ergo
1971 2257 2016 2311 si
2056 2257 2185 2327 quid

595 2349 694 2403 tibi
723 2362 1005 2417 superesse
1033 2346 1331 2416 cognoscis.

671 2437 852 2494 XVIII.
885 2470 955 2480 -—-
983 2438 1245 2507 Serapion
1269 2437 1402 2492 dixit
1436 2455 1448 2490 :
1481 2436 1586 2492 Iste
1623 2438 1759 2492 liber
1786 2439 1877 2507 qui
1908 2439 2079 2494 lectus
2105 2447 2188 2494 est

596 2530 655 2586 S.
687 2532 894 2604 Cyrilli,
928 2547 1036 2586 non
1057 2530 1217 2586 docet
1245 2529 1298 2584 in
1333 2529 1470 2584 Filio
1500 2529 1596 2583 Dei
1637 2529 1772 2584 duas
1816 2530 2144 2586 substantias
2167 2573 2184 2598 ,

598 2622 692 2680 sed
738 2638 900 2678 unam
943 2629 1173 2677 conatur
1213 2619 1518 2675 ostendere.
1568 2649 1633 2659 —
1681 2619 1950 2674 Arnobius
1990 2619 2124 2674 dixit

598 2714 775 2788 Ipsam
806 2730 989 2780 unam,
1019 2731 1181 2784 quam
1211 2720 1435 2769 conatur
1457 2711 1742 2768 ostendere
1785 2714 1977 2783 pande.
1996 2745 2066 2755 -—
2087 2712 2186 2770 Se-

599 2811 790 2880 rapion
835 2809 1009 2863 dixit:
1055 2807 1281 2861 Deitatis
1319 2813 1546 2868 tantum,
1577 2819 1689 2860 non
1719 2806 2098 2871 humanitatis;
2133 2809 2214 2861 ut'

599 2898 695 2957 Dei
743 2907 917 2953 mater
961 2897 1174 2953 dicatur
1219 2896 1406 2963 Maria,
1457 2914 1565 2952 non
1609 2907 1791 2952 tamen
1835 2906 1890 2952 et
1933 2897 2185 2954 hominis.

601 2988 732 3044 Nam
757 2989 992 3044 Θεοτὸκον
1021 2987 1132 3040 vult
1162 3003 1285 3041 eam
1314 2987 1527 3050 vocari,
1561 3004 1668 3042 non
1697 2989 2068 3064 Χριστοτόκον;
2100 2996 2193 3042 aut

2286 1809 2469 1872 tertio,
2491 1809 2724 1862 divinam
2747 1808 2916 1863 secuti
2945 1807 3298 1877 Scripturam,
3332 1807 3423 1860 Dei
3447 1805 3680 1876 Verbum
3707 1803 3733 1842 ά
3755 1822 3874 1860 eum

2286 1898 2596 1953 conditione
2617 1898 2947 1968 copulantes,
2978 1898 3266 1952 humanam
3315 1905 3371 1952 ct
3411 1898 3713 1961 mortalem,
3744 1897 3876 1951 diri-

2287 2007 2520 2062 namque
2562 2000 2810 2046 naturam
2855 1991 2909 2044 in
2955 2005 3120 2044 unum
3167 1990 3369 2058 aliquid
3415 1988 3773 2052 conferentes,
3805 1991 3876 2043 ita

2289 2095 2472 2140 tamen
2503 2093 2563 2140 ut
2589 2085 2904 2156 simpliciter
2941 2099 3050 2138 non
3089 2084 3251 2138 homo
3281 2081 3582 2137 'I‘heoferus
3618 2081 3877 2149 intelliga-

2288 2188 2403 2243 tur,
2437 2179 2531 2233 sed
2556 2179 2699 2234 Deus
2720 2178 3050 2241 incarnatus,
3073 2176 3163 2244 Qui
3185 2191 3284 2246 per
3303 2175 3758 2245 dispensationem
3783 2188 3877 2229 co-

2289 2269 2579 2340 pulationis
2609 2269 2778 2338 (nota
2807 2267 2938 2337 quid
2969 2267 3154 2337 dicat)
3185 2281 3386 2336 corpus
3412 2266 3513 2342 sibi
3557 2281 3626 2318 ex
3659 2265 3876 2333 Virgine

2290 2368 2480 2414 sancta
2509 2359 2748 2414 ascribit.
2781 2357 2898 2412 Hoc
2924 2357 3066 2410 enim
3099 2357 3282 2419 modo,
3318 2372 3417 2412 nec
3443 2357 3879 2424 aliter’intelligi-

2289 2460 2378 2507 tur
2403 2450 2667 2509 Christus.
2687 2450 2939 2505 Ausculta
2962 2449 3126 2503 etiam
3146 2432 3344 2516 quarto
3370 2449 3490 2502 loco
3511 2448 3639 2517 quid
3653 2456 3874 2502 astruat.

2232 2586 2240 2595 .
2288 2543 2346 2598 In
2375 2541 2591 2598 Christo
2619 2541 2909 2596 asserimus
2937 2539 3081 2609 quod
3119 2539 3367 2593 coierunt
3410 2537 3643 2606 quadam
3679 2553 3872 2593 arcana

2171 2639 2184 2673 ε
2229 2617 2240 2631 ’
2289 2633 2652 2702 ineffabilique
2679 2630 2889 2686 ratione
2921 2630 2974 2684 in
3003 2645 3166 2685 unum
3194 2629 3379 2684 Deitas
3403 2636 3457 2681 et
3486 2628 3720 2682 humana
3750 2643 3885 2683 eam

2291 2724 2444 2789 ditio,
2473 2731 2533 2778 ut
2579 2723 2632 2776 in
2659 2721 2848 2776 eodem
2885 2720 3042 2776 simul
3072 2727 3127 2774 et
3155 2720 3318 2774 homo
3359 2717 3685 2786 intelligatur
3729 2717 3887 2786 juxta

2295 2832 2414 2880 nos,
2449 2823 2504 2870 et
2529 2815 2672 2870 Deus
2701 2828 2864 2882 supra
2892 2796 3008 2867 nos.
3037 2810 3237 2876 Quinto
3261 2810 3425 2865 etiam
3453 2809 3574 2864 loco
3603 2807 3730 2862 audi
3759 2806 3888 2877 quid

2294 2906 2490 2961 dixerit
2515 2905 2582 2959 de
2609 2903 2746 2958 Filio
2773 2903 2888 2957 Dei.
2923 2900 3072 2956 Sicut
3118 2900 3287 2970 ipsius
3313 2899 3474 2954 Verbi
3521 2897 3666 2967 quod
3697 2905 3783 2951 est
3821 2911 3885 2952 ex

2297 2996 2409 3050 Deo
2437 2993 2618 3058 Patre,
2650 2992 2870 3064 propria
2896 2990 2996 3046 fuit
3037 3005 3163 3046 caro
3194 2989 3285 3045 illa
3308 3003 3443 3059 pura
3473 2994 3636 3056 atque
3660 3001 3885 3042 venera-

601 3080 646 3135 si
677 3078 784 3134 alio
805 3077 1094 3143 consentit,
1125 3087 1179 3131 et
1223 3076 1566 3154 Χριστοτὸκον
1606 3079 1797 3148 pande.
1831 3109 1902 3120 -—
1926 3079 2194 3134 Arnobius
2220 3081 2267 3144 C
2297 3087 2437 3151 bilis,
2467 3091 2587 3154 quae
2608 3099 2677 3139 ex
2697 3091 2881 3139 sancta
2909 3081 3129 3150 Virgine
3157 3087 3444 3152 procreata
3476 3077 3683 3143 est,.ita
3708 3077 3885 3132 omnia

603 3168 736 3222 dixit
766 3186 777 3219 :
810 3167 1040 3222 Sanctus
1066 3166 1298 3238 Cyrillus
1325 3177 1513 3222 contra
1544 3184 1638 3224 eos
1686 3170 1778 3236 qui
1811 3177 2051 3223 sanctam
2080 3168 2193 3222 Ma-
2232 3190 2240 3205 -

603 3259 739 3317 riam
767 3259 1004 3314 Θεοτὸκον
1031 3267 1249 3324 negant,
1276 3266 1489 3313 secutus
1519 3259 1728 3327 priores
1756 3275 1881 3314 suos
1910 3259 2194 3329 episcopos

605 3347 985 3418 Theophilum,
1027 3348 1140 3402 sive
1189 3346 1562 3413 Athanasium,
1595 3349 1832 3404 ostendit
1873 3350 2020 3404 illam
2067 3361 2193 3407 esa-

604 3443 752 3498 τόκον
792 3438 1080 3503 exstitisse,
1129 3454 1201 3492 ne
1245 3437 1380 3493 forte
1425 3455 1610 3509 parem
1645 3440 1845 3496 habere
1889 3448 2191 3511 putaretur,

605 3549 728 3588 cum
776 3533 1112 3608 Χριστοτόκος
1142 3531 1354 3586 dicitur.
1415 3529 1442 3569 ι’
1497 3531 1735 3586 Fuerunt
1785 3533 1929 3587 enim
1977 3541 2032 3587 et
2079 3533 2196 3587 alia:

605 3625 982 3688 Christotocw,
1014 3623 1158 3678 nulla
1186 3632 1362 3678 tamen
1389 3624 1461 3678 ita
1486 3626 1821 3702 Χριστοτόκος
1844 3634 1898 3681 et
1923 3627 2192 3693 Θεοτόκος,

609 3723 665 3770 et
692 3715 844 3782 virgo
883 3713 1069 3768 eﬁ‘ecta
1099 3713 1208 3767 feta
1238 3723 1322 3768 est
1351 3715 1490 3769 sicut
1517 3715 1702 3770 Maria.
1728 3716 2031 3773 Memorans
2068 3732 2198 3787 ergo

608 3805 713 3861 hoc
737 3805 882 3875 quod
911 3805 1084 3874 majus
1112 3813 1194 3860 est
1223 3808 1483 3872 Θεοτόκος,
1513 3808 1660 3876 quod
1681 3809 1858 3863 minus
1882 3820 1966 3864 est
1990 3821 2201 3886 Χριστο-

613 3899 761 3962 τόκος
787 3899 953 3954 siluit.
986 3896 1145 3953 Modo
1192 3898 1285 3966 qui
1330 3906 1456 3951 ante
1503 3898 1657 3958 dixit,
1686 3898 1851 3952 Maria
1899 3908 2105 3968 patrem
2147 3909 2204 3955 et

2295 3191 2416 3245 quae
2461 3175 2612 3230 carni
2650 3173 2982 3229 conveniunt
3009 3171 3212 3240 absque
3257 3169 3376 3225 solo
3423 3176 3670 3240 peccato,
3713 3167 3886 3223 subire

2298 3267 2501 3330 debuit,
2530 3276 2553 3302 ε
2583 3272 2636 3319 et
2667 3263 2848 3318 omnia
2894 3269 2953 3316 ut
2991 3271 3305 3316 nasceretur
3344 3275 3412 3315 ex
3441 3266 3634 3314 matre.
3685 3257 3886 3314 Audisti

2296 3357 2423 3426 quid
2473 3355 2644 3410 dixit?
2675 3383 2746 3396 —
2769 3351 3033 3422 Serapion
3074 3350 3353 3421 respondit
3402 3367 3413 3401 :
3453 3348 3666 3404 Audivi.
3695 3376 3767 3387 —
3792 3348 3887 3403 Ar-

2300 3449 2492 3505 nobius
2520 3447 2654 3501 dixit
2685 3464 2697 3499 :
2731 3444 2974 3515 Explana
3003 3443 3135 3497 mihi
3163 3441 3306 3513 quod
3347 3440 3501 3494 dixit.
3534 3469 3604 3478 —
3631 3438 3888 3510 Serapion

2299 3537 2578 3609 respondit
2627 3554 2640 3588 :
2680 3534 2820 3590 Caro
2867 3549 3002 3604 pura
3049 3541 3212 3602 atque
3264 3531 3615 3595 honorabilis,
3659 3545 3780 3600 quae
3824 3545 3888 3584 ex

2302 3636 2487 3686 sancta
2536 3625 2703 3680 Maria
2746 3632 3027 3694 procreata
3077 3630 3178 3686 est,
3209 3621 3431 3677 omnino
3479 3629 3539 3676 ut
3582 3626 3890 3676 nasceretur

2303 3738 2368 3776 ex
2397 3727 2588 3774 matre.
2619 3749 2689 3760 --
2711 3714 2980 3770 Arnobius
3007 3713 3143 3767 dixit
3187 3731 3198 3764 :
3231 3711 3500 3782 Quidquid
3539 3711 3788 3779 intelligis
3814 3711 3890 3783 in

2305 3813 2409 3865 hoc
2429 3811 2569 3874 loco,
2603 3807 2687 3862 fac
2716 3821 2802 3860 me
2830 3805 2989 3858 scire.
3028 3832 3094 3841 —
3120 3803 3383 3874 Serapion
3413 3805 3548 3859 dixit
3575 3821 3588 3857 ι
3617 3802 3730 3858 Hoc
3755 3809 3890 3872 puto

2307 3899 2452 3953 illum
2481 3898 2697 3960 dixisse,
2730 3893 2872 3963 quod
2895 3895 3080 3949 carnis
3100 3902 3298 3951 sancta:
3325 3901 3498 3951 mater
3517 3895 3588 3951 sit
3606 3895 3768 3963 Virgo
3789 3894 3892 3948 ista

1783 4011 1892 4063 ΡΒ.
1937 4010 2434 4067 FEU-ARDENTII
2474 4011 2702 4066 NOTAE.

610 4126 826 4182 easdem
870 4125 938 4178 de
979 4130 1125 4177 recta
1164 4124 1216 4176 in
1263 4123 1444 4179 desum
1473 4123 1745 4178 Christum
1778 4121 2062 4178 Dominum
2093 4141 2189 4179 no-

611 4205 780 4253 strum
824 4192 947 4258 ﬁde,
997 4192 1238 4260 aliasque
1275 4192 1341 4247 ad
1385 4193 1628 4248 diversos
1671 4193 1957 4262 epistolas;
1998 4195 2192 4263 quibus

611 4263 934 4332 gravissimis
982 4263 1330 4332 plurimisque
1376 4263 1707 4332 argumentis
1754 4264 2034 4320 catholica:
2070 4264 2192 4322 ﬁdei

612 4335 858 4404 dogmata
890 4340 1212 4406 propugnat,
1223 4334 1458 4406 haereses
1486 4350 1619 4406 vero
1641 4332 1772 4398 Arii,
1806 4332 2038 4406 Photini,
2063 4351 2194 4406 prae-

507 4444 525 4459 .
611 4403 796 4459 sertim
836 4419 963 4458 vero
1005 4403 1235 4458 Nestorii
1283 4404 1542 4470 coarguit.
1587 4403 1716 4470 Quae
1759 4405 1936 4458 omnia
1982 4403 2090 4460 tam
2139 4408 2193 4460 in

613 4474 770 4528 editis
816 4472 931 4593 eius
978 4472 1252 4540 operibus,
1300 4487 1460 4540 quam
1506 4482 1654 4527 tomo
1698 4473 1718 4527 I
1761 4482 1816 4528 et
1845 4473 1886 4526 II
1935 4475 2193 4531 Actorum

613 4542 826 4596 concilii
874 4540 1099 4596 'nhesini
1124 4543 1363 4596 reperire
1383 4557 1447 4596 ac
1468 4543 1647 4596 legere
1667 4543 1836 4596 cuivis
1855 4545 2073 4596 obvium
2093 4556 2193 4596 est.

613 4559 826 4597 COIICIIII

2298 4126 2656 4201 Cyrillum,_iu
2680 4127 3038 4201 t0mo_primo
3049 4126 3520 4201 ConciliiEphes.,
3555 4133 3608 4186 in
3631 4147 3736 4201 qua
3760 4152 3891 4191 con-

2301 4198 2539 4250 tinentur
2581 4198 2695 4251 hzec
2743 4197 2904 4251 verba
2950 4216 2962 4250 :
2999 4197 3062 4253 Si
3108 4216 3215 4252 rem
3258 4197 3562 4259 diligentius
3601 4197 3888 4259 considere-

2299 4283 2432 4391 inuti,
2459 4284 2613 4389 sacr‘a
2648 4266 2802 4339 Virgo
2833 4285 2939 4322 non
2960 4267 3207 4339 Deipara,
3239 4271 3330 4324 sed
3350 4266 3681 4342 Claristipara
3703 4276 3883 4346 appel-

2323 4355 2391 4390 an
2432 4355 2462 4390 (ι
2491 4355 2563 4390 ert
2594 4379 2606 4390 .

2372 4407 2398 4444 ά
2437 4379 2624 4479 Ιᾴνξίθί,
2656 4409 2990 4464 humanitate
3020 4415 3202 4479 nostra
3249 4411 3300 4464 in
3332 4412 3566 4479 Virginis
3595 4424 3750 4470 utero
3791 4417 3892 4470 vir«

2304 4485 2418 4534 tute
2464 4477 2722 4533 Altissimi
2770 4479 2983 4534 condita
3012 4487 3066 4532 et
3106 4478 3351 4534 formata.
3405 4477 3494 4536 Sic
3535 4485 3678 4537 enim
3728 4487 3889 4539 etiam

892 4541 1099 4621 phesini
1124 4543 1363 4621 reperire
1383 4557 1447 4596 ac
1468 4543 1647 4621 legere
1667 4543 1836 4621 cuivis
1855 4545 2073 4621 obvium
2093 4556 2195 4602 est.
2225 4543 2280 4605 D
2305 4548 2668 4621 Tertullianus
2690 4549 2900 4603 locutus
2927 4557 3011 4602 est
3043 4548 3067 4621 _(
3084 4546 3198 4602 Lib.
3223 4551 3286 4606 de
3318 4550 3504 4605 Resur.
3539 4553 3686 4606 earn.
3707 4561 3722 4621 )
3747 4573 3758 4606 :
3791 4556 3890 4608 Ad-

685 4621 708 4648 ε
749 4610 1002 4688 Fortasse
1031 4610 1332 4688 legendum,
1375 4621 1424 4664 et
1449 4621 1503 4688 ut
1529 4610 1667 4688 petit
1702 4615 1926 4688 seipsum
1955 4617 2198 4671 invictum
2301 4619 2444 4672 dicta
2473 4619 2798 4681 conditione,
2833 4634 2930 4688 pro
2976 4610 3108 4672 orbe
3156 4621 3401 4686 condito;
3447 4630 3504 4676 et
3542 4610 3888 4680 conditionem

615 4681 898 4756 ostendere,
939 4681 1257 4756 eteaPaulo
1286 4690 1427 4756 post,
1458 4684 1521 4737 de
1548 4684 1626 4737 his
1659 4681 1786 4755 qua!
1804 4685 1872 4737 ad
1900 4693 2198 4756 perpetuum

615 4753 878 4823 gaudium,
907 4751 1222 4823 adjecimus,
1252 4751 1530 4821 pertinent.
1672 4751 1680 4755 ’
1900 4751 1908 4754 ⁷
1991 4751 1999 4774 ⁵

687 4828 711 4860 υ
748 4819 894 4894 Cum
919 4836 1123 4894 nomen
1168 4819 1383 4894 Christi,
1415 4824 1771 4878 communiter
1813 4833 2084 4894 sumptum
2131 4828 2199 4882 ab

615 4893 867 4948 unctione
892 4891 1217 4962 deducatur,
1243 4893 1496 4961 unctique
1518 4895 1765 4962 legantur
1789 4891 2001 4949 veteres
2028 4911 2202 4951 sacer-

615 4963 786 5045 dotes,
817 4960 1116 5045 pontiﬁces,
1171 4975 1325 5030 reges
1353 4960 1424 5044 'et'
1437 4960 1739 5045 prop—ham
1763 4964 2071 5045 priusquam
2102 4983 2202 5036 pu-

615 5031 751 5089 blica
799 5031 1010 5088 obirent
1037 5048 1300 5103 munera;
1350 5031 1462 5103 ipsi
1476 5031 1625 5088 certe
1671 5031 1832 5088 etiam
1877 5031 2118 5099 Christi;
2145 5045 2201 5090 et

616 5113 815 5174 matres
840 5119 1026 5158 eorum
1055 5101 1399 5174 Christiparté
1423 5104 1678 5174 appellari
1701 5114 1943 5174 possunt.
1969 5103 2102 5158 Nam
2130 5105 2198 5160 de

617 5118 815 5158 matres
840 5119 1026 5158 eorum
1055 5118 1399 5226 unusuﬁarm
1423 5118 1678 5174 appellari
1701 5118 1943 5174 possunt.
1969 5118 2102 5158 nam
2130 5118 2196 5160 oe

617 5171 699 5244 llis
734 5175 999 5244 scripturn
1039 5181 1123 5244 est
1171 5192 1183 5226 :
1296 5175 1417 5244 alite
1459 5183 1664 5244 tangere
1703 5169 1922 5228 cltristos
1969 5191 2106 5229 meos
2137 5175 2196 5244 (Ι

535 5258 545 5318 ξ
618 5239 757 5318 Par:
781 5239 1036 5318 xvi-“‘22;
1068 5241 1160 5318 11s.
1194 5259 1297 5318 etv,
1331 5241 1448 5318 l_5)._
1487 5239 1567 5318 De
1595 5245 1700 5318 hoc
1728 5245 1998 5318 disserunt
2043 5239 2198 5318 Justi-

529 5309 552 5348 ἆ
618 5309 1312 5388 nus.in_dialogo,_'_l‘ertull.
1347 5309 1805 5382 in'Apolog'etico,
1850 5321 1906 5366 et
1931 5314 2196 5369 Eusebius

619 5377 771 5430 initio
799 5375 1048 5432 Historiae
1074 5380 1197 5436 Eec.
1472 5375 1484 5382 ’
1584 5429 1600 5444 ,

693 5457 713 5483 ο
735 5445 1068 5528 .Vincentius
1097 5444 1387 5528 Lirinensis
1413 5461 1598 5523 aperte
1627 5461 1855 5528 testatur
1889 5453 2192 5528 Nestorium

619 5515 837 5570 Mariam
854 5516 1135 5590 __virginem
1185 5515 1464 5590 Deiparani
1514 5527 1752 5580 Θιοτόκον
1797 5539 2049 5590 negasse,
2100 5525 2194 5579 sed

619 5587 951 5668 Χριςτοτόκον
971 5656 982 5668 ι
1002 5595 1204 5668 tantum
1233 5587 1526 5668 inominari
1580 5594 1811 5668 vpluisse
1863 5587 1893 5664 ζ
1910 5592 2044 5668 Ιτὶθ.-
2072 5595 2188 5668 adv.

619 5655 822 5726 profari.
871 5656 1008 5726 nov).
1061 5655 1249 5712 Exstat
1296 5660 1532 5727 ejusdem
1579 5661 1809 5719 Nestorii
1856 5655 2082 5734 epistola
2129 5663 2196 5718 ad

2303 4690 2528 4743 colentes
2567 4689 2808 4742 adversus
2854 4689 3190 4753 conditorem,
3232 4691 3283 4745 id
3321 4699 3439 4755 est,
3472 4702 3790 4750 creaturam.
3827 4695 3893 4750 Et

2305 4760 2654 4832 paulo_post_:
2691 4756 3125 4832 Non‘Theoferus
3140 4761 3478 4832 intelligatur.
3503 4763 3695 4819 Exstat
3713 4767 3817 4820 hoc
3839 4767 3891 4821 in
3937 4805 3947 4810 -

2302 4826 2755 4906 ξυρρτίῡξ-εἰςθιλ
2802 4826 3014 4906 βγείιιῖ.
3035 4830 3260 4898 epistola
3295 4826 3560 4906 {Aduerte
3598 4853 3696 4906 quo
3726 4846 3890 4905 pacto

2307 4895 2478 4952 Isaias
2519 4895 2684 4975 (ζειαί.
2731 4899 2820 4975 xv)
2851 4895 3139 4975 Dominum
3167 4917 3271 4955 non
3303 4902 3567 4975 Vltqminem
3601 4895 3890 4975 Deiférum,

2305 4977 2396 5020 aut
2438 4967 2646 5020 numine
2687 4967 2941 5037 afﬂatum,
2985 4969 3312 5026 instrumenti
3346 4972 3651 5029 Divinitatis
3693 4967 3890 5029 tantum

2305 5037 2418 5091 loco
2449 5045 2768 5111 assumptum
2803 5047 2852 5111 et
2875 5047 3197 5111 _usurpatum
3235 5045 3560 5111 pronuntiet;
3605 5045 3697 5098 sed
3725 5043 3889 5099 Deum

2304 5123 2418 5183 pere
2446 5107 2790 5183 incarnatum.
2835 5107 3244 5183 Idemurursum'
3275 5113 3482 5167 scholio
3521 5107 3589 5168 de
3620 5113 3886 5183 Unigeniti

2305 5176 2696 5250 incarnatione,
2719 5193 2837 5247 cap.
2857 5175 2962 5250 25,
2980 5177 3111 5250 illud
3139 5178 3313 5250 ipsum
3343 5183 3553 5239 refellit.
3587 5175 3887 5250 Quinctium

2303 5247 2752 5320 anathematismo
2781 5246 2969 5315 quinto
2989 5248 3066 5320 a_it
3087 5265 3106 5320 ξε
3142 5246 3203 5303 Si
3223 5255 3338 5320 quis
3364 5253 3536 5307 dicere
3556 5246 3712 5307 audet
3741 5253 3890 5310 Chri-

2301 5326 2436 5396 stum
2465 5316 2725 5396 hominem
2752 5323 2949 5369 tantum
2997 5316 3302 5396 Deiferumj
3336 5340 3447 5396 non
3465 5340 3643 5396 rerum
3697 5341 3891 5396 quoque

2301 5385 2489 5508 mn,
2514 5388 2808 5506 tigiicunque
2842 5402 2903 5439 ac
2935 5385 3228 5444 naturalem
3257 5385 3356 5446 Dei
3384 5392 3580 5447 Filium
3599 5385 3729 5458 esse,
3756 5385 3886 5450 mia-

2439 5473 2469 5508 a
2502 5473 2546 5508 δι
2577 5496 2588 5508 .

2301 5464 2469 5508 thema
2502 5464 2588 5509 sit.

2375 5537 2396 5562 ο
2440 5525 2608 5581 Docet
2641 5527 3181 5584 communicationem
3235 5531 3550 5590 idiomatum
3589 5537 3643 5591 in
3673 5537 3886 5594 Christo

2299 5596 2494 5650 factam
2517 5611 2660 5675 esse,
2692 5598 2854 5675 etiam
2883 5613 2912 5652 a
2943 5599 3376 5675 primoninstanti
3427 5614 3588 5674 atque
3617 5617 3885 5664 momento

2301 5666 2672 5735 conceptionis
2696 5665 2811 5736 ejus
2841 5668 2894 5722 in
2923 5665 3078 5725 utero
3111 5667 3355 5737 Virginis.
