4246 6264
379 325 486 384 997

1129 318 1551 382 CONFLICTUS
1587 320 1676 379 DE
1713 318 1848 380 ΒΕο
1884 320 2092 382 'l‘RlNO
2127 318 2217 381 ET
2255 319 2411 393 UNO,
2453 322 2606 383 ETC.
2644 319 2772 382 LIB.
2811 322 2877 384 11.

3543 340 3645 399 298

372 457 500 513 quae
524 435 761 515 pes-em
778 470 850 484 —
868 441 1137 497 Arnobius
1159 441 1294 497 dixit
1325 460 1338 494 :
1366 440 1458 497 Vis
1480 440 1664 496 videre
1690 441 1815 511 quia
1830 441 1968 497 bene
1993 447 2045 505 Α
2071 441 2316 505 obsecro,
2348 439 2425 495 uti
2445 443 2716 512 quomodo
2744 443 2919 514 primo
2945 439 3085 510 loco,
3107 449 3163 499 et
3185 445 3440 512 secundo,
3464 459 3518 504 et
3538 459 3642 507 ter-

372 533 732 592 intellexiSti?
766 531 1057 589 Considera
1099 531 1229 602 quid
1269 532 1357 588 isti
1385 531 1622 587 sermoni
1667 529 1959 601 subjunxit.

370 623 456 692 Si,
481 627 681 698 inquit,
712 634 863 680 extra
889 640 1107 682 carnem
1155 623 1482 694 intelligatur
1501 623 1704 687 Deitas,
1733 623 1847 692 ipsa
1868 637 1966 693 per

343 717 436 776 se
466 722 575 776 erit
625 721 740 776 sine
786 729 995 785 matre,
1039 727 1094 774 et
1138 726 1285 774 recte
1331 717 1569 788 quidem.
1605 715 1963 787 —Serapion

370 811 513 866 dixit
567 829 580 865 :
640 809 770 865 Peto
810 818 868 865 ut
913 810 1132 880 planum
1179 808 1310 863 mihi
1347 807 1511 864 facias
1557 807 1687 877 quid
1738 815 1963 862 conetur

317 901 320 904 ’
368 909 645 956 astruere.
673 928 743 939 —
769 900 1038 954 Arnobius
1059 899 1196 953 dixit
1230 917 1242 950 :
1275 897 1418 953 Luce
1459 897 1656 952 clarius
1691 905 1773 952 est
1816 896 1961 965 quod

364 989 467 1047 Dei
510 1000 744 1048 matrem
778 990 1002 1045 Mariam
1042 1005 1164 1046 esse
1191 1006 1289 1061 per
1315 1005 1554 1055 carnem,
1587 1004 1749 1060 quam
1787 987 1959 1042 solam

361 1084 593 1149 creavit,
632 1093 884 1154 exponat.
931 1083 1116 1138 Deitas
1137 1083 1300 1148 enim,
1330 1083 1422 1148 ait,
1455 1081 1569 1137 sola
1603 1089 1828 1136 matrem
1851 1095 1958 1135 non
2011 1157 2014 1160 ἢ

320 1178 322 1180 ’
360 1171 546 1242 habet,
582 1183 650 1230 ut
679 1174 1051 1241 subaudiatur,
1082 1175 1209 1244 quia
1237 1174 1377 1229 Deus
1415 1182 1472 1229 et
1508 1174 1670 1230 homo
1697 1190 1836 1229 unus
1863 1173 1959 1228 Dei

357 1261 527 1320 Filius
553 1275 650 1320 est
676 1265 778 1322 iste
819 1265 911 1334 qui
959 1273 1118 1320 natus
1161 1273 1263 1320 est.
1294 1262 1446 1319 Unde
1473 1273 1628 1322 sexto
1674 1264 1794 1319 loco
1835 1265 1958 1318 sub-

359 1356 617 1428 jungens,
647 1359 724 1413 ait
754 1375 766 1411 :
795 1355 854 1412 Si
882 1356 1215 1412 voluerimus
1241 1363 1388 1411 recte
1421 1355 1664 1420 calcare,
1695 1370 1802 1409 non
1839 1354 1959 1409 Dei-

361 1457 528 1504 tatem
551 1449 782 1514 nudam,
813 1448 908 1504 sed
937 1449 1080 1503 inter
1103 1462 1322 1503 carnem
1343 1454 1398 1501 et
1416 1453 1608 1500 natum
1636 1446 1958 1515 permixtum

366 1537 459 1593 Dei
506 1536 692 1592 Patris
720 1536 957 1592 Verbum
1006 1545 1248 1592 sanctam
1276 1535 1548 1604 Virginem
1576 1549 1806 1599 creasse,
1839 1549 1958 1603 quae

367 1627 541 1683 electa
568 1638 673 1692 est,
707 1628 773 1684 ad
800 1627 1146 1699 puerperium
1168 1623 1554 1691 venerandum,
1585 1632 1644 1678 ut
1671 1623 1986 1678 carnaliter.

372 1733 496 1773 eum
541 1728 774 1789 pareret,
823 1720 915 1789 qui
951 1733 1169 1773 carnem
1198 1717 1460 1786 dignatus,
1481 1723 1564 1770 est
1603 1714 1844 1769 induere.
1885 1741 1957 1752 —

2068 530 2164 595 tio,
2195 528 2338 599 quod
2363 529 2430 584 de
2468 546 2532 586 ea
2560 547 2640 595 re,
2687 531 2756 588 de
2782 547 2888 602 qua
2930 533 3122 602 agitur,
3154 534 3350 590 dixerit
3392 535 3640 609 Cyrillus,

2065 619 2138 674 ita
2167 635 2265 690 per
2289 617 2530 675 ordinem
2565 622 3003 678 commemoravit
3046 622 3326 688 Arnobius,
3351 634 3410 679 ut
3439 629 3642 687 veniret

2064 713 2132 768 ad
2179 723 2416 777 sextum;
2448 729 2590 768 nunc
2635 729 2702 768 ne
2742 713 2881 769 forte
2933 715 3221 785 sumpserit
3262 715 3368 772 alia
3409 720 3640 789 capitula

2064 803 2304 872 ejusdem
2343 805 2463 859 libri
2488 804 2838 871 evidentiora,
2869 820 2987 876 quae
3015 806 3120 861 hoc
3159 807 3330 877 ipsum
3359 810 3640 868 ostendere
3689 860 3698 870 .

2063 895 2296 956 valeant,
2346 910 2478 950 mea:
2513 895 2762 964 petitioni
2800 897 3096 952 concedite.
3132 930 3204 939 —
3245 898 3456 955 iudices
3483 901 3636 957 dixe-

2062 995 2189 1042 runt
2223 1005 2235 1040 :
2269 987 2348 1042 Ad
2375 1002 2535 1056 quam
2577 994 2784 1056 partem
2805 988 2940 1044 velis
2979 1004 3102 1042 eum
3139 988 3315 1046 facere
3353 991 3536 1049 dicito.
3568 1025 3640 1036 —

2061 1076 2324 1148 Serapion
2367 1079 2500 1134 dixit
2551 1097 2562 1130 :
2603 1077 2714 1148 Ego
2761 1079 2976 1148 quidem
3036 1082 3471 1150 probatissimum
3525 1087 3637 1156 jam

2061 1173 2200 1242 apud
2229 1189 2316 1228 me
2336 1175 2543 1229 retineo
2558 1212 2572 1237 ,
2597 1181 2654 1228 et
2671 1173 2798 1228 totis
2826 1188 2894 1227 ex
2913 1173 3207 1230 visceribus
3230 1177 3391 1233 credo
3417 1179 3492 1234 ita
3519 1195 3638 1238 esse

2060 1269 2120 1316 ut
2138 1262 2375 1317 defendit
2400 1263 2683 1317 Arnobius.
2718 1272 2744 1299 ⁸
2769 1261 3078 1334 Sympolita:
3106 1273 3162 1319 et
3188 1267 3562 1338 Sympatriota:
3582 1273 3636 1328 in
3737 1287 3742 1290 '

2058 1351 2163 1407 hoc
2184 1367 2369 1408 errore
2393 1353 2572 1422 positi,
2605 1353 2658 1407 in
2687 1367 2795 1422 quo
2821 1368 2922 1422 ego
2949 1354 3023 1409 fui
3040 1396 3055 1421 ,
3097 1356 3242 1410 nulla
3272 1367 3524 1428 poterunt
3551 1378 3637 1416 ra-

2058 1443 2207 1498 tione
2236 1444 2304 1498 ab
2335 1443 2438 1498 hoc
2462 1458 2647 1498 errore
2671 1445 2876 1510 vocari,
2903 1444 3006 1500 nisi
3035 1445 3134 1501 hac
3172 1447 3307 1515 sola,
3338 1457 3397 1502 ut
3431 1449 3638 1506 dicatur

2059 1532 2162 1586 illis
2191 1542 2245 1588 et
2272 1533 2530 1603 probetur
2551 1534 2623 1587 ita
2644 1533 2702 1588 S.
2731 1535 2986 1606 Cyrillum
3008 1537 3259 1593 tenuisse.
3285 1538 3638 1600 --Arnobius

2057 1621 2191 1676 dixit
2225 1639 2238 1676 :
2265 1621 2536 1692 Deprecor
2563 1631 2617 1678 et
2638 1637 2738 1693 ego
2766 1625 3074 1694 aequitatem
3100 1636 3332 1682 vestram
3356 1637 3414 1683 ut
3434 1645 3531 1700 per
3556 1649 3639 1688 or-

2058 1715 2238 1770 dinem
2265 1716 2384 1771 loca
2405 1716 2777 1772 ostendentem
2797 1718 2966 1773 sancti
2993 1717 3176 1790 Cyrilli
3200 1721 3342 1788 libri,
3370 1724 3639 1793 patienter

373 1809 634 1881 Serapion
661 1811 793 1866 dixit
821 1830 834 1865 :
858 1809 1066 1866 Clausis
1088 1810 1308 1864 auribus
1334 1807 1531 1885 mentis
1559 1814 1731 1861 totum
1758 1806 1953 1860 librum
1982 1806 2032 1867 B
2057 1817 2373 1879 exspectare
2392 1808 2706 1878 dignemini,
2736 1824 3017 1880 quousque
3039 1811 3196 1867 tinem
3218 1813 3334 1883 ejus
3352 1815 3633 1886 attingam.

375 1898 539 1956 istan
566 1902 738 1956 audivi
771 1921 784 1956 :
816 1911 871 1956 et
896 1901 1016 1956 ideo
1053 1916 1160 1956 non
1192 1900 1298 1955 vidi
1348 1900 1481 1954 istas
1517 1899 1651 1953 duas
1690 1912 1952 1968 personas

365 1989 437 2045 in
459 2007 565 2047 uno
591 1992 686 2048 Dei
726 1992 862 2048 Filio
900 1992 1082 2063 Cyrilli
1121 1991 1420 2047 assertione
1464 2005 1766 2062 expressas.
1815 1988 1949 2043 Nam

388 2084 658 2152 quomodo
723 2099 831 2140 non
876 2084 991 2139 duae
1061 2084 1382 2140 docerentur
1427 2097 1670 2153 personae
1709 2081 1952 2150 virgineo

385 2183 545 2246 partu
571 2175 754 2242 editae,
785 2191 906 2230 cum
933 2163 1073 2231 dicat
1098 2175 1263 2230 Deum
1305 2176 1592 2230 carnaliter
1621 2183 1828 2238 natum,
1859 2172 1952 2241 qui

383 2263 630 2335 dignatus
643 2275 727 2322 est
753 2267 1056 2324 assumere?
1083 2265 1526 2321 etc—Arnobius
1549 2265 1683 2320 dixit
1710 2284 1722 2318 :
1758 2262 1954 2334 Utique

380 2369 598 2413 carnem
612 2357 770 2412 simul
783 2371 904 2413 cum
919 2365 1250 2428 assumptore
1265 2357 1456 2411 carnis.
1475 2356 1795 2426 Assumptor
1808 2355 1952 2410 enim

377 2450 553 2505 carnis
568 2448 710 2506 Deus
732 2457 835 2515 est,
853 2457 1164 2506 caroautem
1184 2450 1394 2519 integer
1415 2450 1578 2505 homo
1603 2455 1715 2514 est;
1747 2449 1955 2516 integer

373 2551 548 2596 autem
571 2535 864 2620 hemoest,
891 2543 982 2612 qui
1005 2557 1225 2598 carnem
1253 2550 1309 2596 et
1331 2541 1564 2596 animam
1598 2541 1780 2596 habet.
1820 2538 1954 2594 Nam

369 2630 685 2702 Apollinaris
695 2633 818 2690 ideo
829 2633 1111 2690 damnatus
1123 2642 1227 2699 est,
1240 2634 1365 2702 quia
1380 2649 1480 2703 pro
1491 2632 1667 2687 anima
1683 2632 1851 2687 Deum
1865 2646 1959 2701 po-

367 2721 474 2778 suit
486 2723 838 2779 incamatum.
854 2723 921 2779 Et
932 2724 1054 2780 ideo
1067 2739 1158 2779 res
1171 2723 1224 2778 iu
1238 2711 1447 2795 synodo
1458 2722 1671 2776 Nicaena
1680 2721 1870 2776 damna
1877 2729 1958 2774 tas

367 2827 467 2868 nec
485 2803 793 2869 meminisse
809 2813 1085 2868 debemus.
1121 2812 1261 2867 Audi
1289 2795 1419 2878 ergo
1432 2809 1762 2881 S.,Cyrillum
1775 2808 1959 2864 dicen-

2055 1898 2360 1954 —Judices
2383 1898 2636 1954 dixerunt
2687 1917 2699 1952 :
2744 1897 2894 1954 Licet
2937 1903 3350 1972 exspectationis
3383 1906 3528 1962 nulla
3569 1909 3638 1963 sit

2054 2005 2236 2056 causa,
2269 1997 2454 2044 tamen
2483 1997 2676 2044 vestrae
2703 1990 2948 2060 petitioni
2977 1993 3316 2049 annuendum
3356 2010 3474 2052 esse
3520 2013 3638 2054 cre-

2055 2080 2264 2146 dentes,
2289 2079 2525 2149 patimur
2563 2095 2631 2134 ex
2665 2079 2957 2134 abundanti
2990 2080 3107 2136 loca
3128 2082 3294 2138 libelli
3319 2086 3528 2141 ostendi
3569 2089 3638 2144 ab

2057 2170 2296 2226 Arnobio
2337 2185 2446 2239 quo
2481 2170 2692 2240 possint
2723 2179 2779 2225 et
2824 2167 3094 2227 auditores
3143 2175 3332 2243 nostri,
3379 2166 3638 2247 et'bujus

2057 2262 2286 2318 actionis
2310 2269 2509 2316 nostra:
2537 2260 2766 2318 lectores
2793 2270 2886 2316 aut
2905 2277 3012 2318 non
3043 2278 3244 2331 errare,
3275 2274 3386 2335 aut,
3411 2269 3456 2323 si
3489 2284 3638 2325 erra-

2057 2358 2251 2423 verint,
2293 2356 2361 2411 ab
2404 2356 2602 2411 erroris
2643 2356 2836 2412 itinere
2872 2359 3134 2414 revocari.
3182 2357 3298 2415 Erit
3335 2360 3430 2417 Dei
3467 2366 3638 2420 nostri

2058 2456 2247 2520 parata
2273 2447 2557 2504 clementia
2577 2447 2763 2502 electis
2797 2448 2880 2502 bis
2907 2457 2967 2503 ut
2993 2450 3217 2506 redeant
3250 2452 3317 2506 ad
3345 2451 3635 2523 Christum,

2059 2538 2130 2593 ad
2149 2553 2357 2608 pacem,
2389 2537 2455 2592 ad
2476 2537 2818 2594 concordiam
2847 2537 2970 2594 ﬁdei
3008 2542 3317 2609 catholian,
3347 2546 3438 2614 qui
3472 2562 3638 2603 umnm

2059 2630 2158 2686 Dei
2185 2629 2377 2685 Filium
2421 2631 2477 2684 in
2503 2630 2639 2686 duas
2666 2638 2847 2701 partes
2886 2630 3112 2686 divisum
3153 2633 3520 2690 existimantes
3559 2646 3638 2691 te-

2059 2737 2190 2780 nere
2219 2721 2515 2778 Romanam
2544 2721 2862 2790 Ecclesiam,
2911 2723 3118 2794 seipsos
3144 2725 3518 2782 miserabiliter
3540 2744 3636 2786 oc-

2059 2813 2324 2880 ciderunt,
2348 2812 2560 2868 dicente
2590 2813 2707 2884 ipso
2747 2812 2975 2869 Domino
3014 2823 3200 2870 nostro
3224 2813 3350 2871 Jesu
3371 2815 3586 2874 Christo
3619 2840 3634 2874 :

366 2912 478 2960 tem
493 2905 869 2975 inlibelloejus
887 2893 989 2975 qui
1009 2905 1297 2961 lectusest.
1313 2904 1548 2969 Sirecte,
1562 2903 1751 2971 inquit,
1775 2916 1962 2972 sapere
2065 2903 2248 2959 Omnis
2269 2905 2356 2976 qui
2383 2904 2628 2958 irascitur
2666 2903 2822 2975 fratri
2858 2918 2952 2958 suo
2997 2902 3026 2943 ι’
3069 2906 3179 2960 sine
3205 2922 3364 2961 causa
3394 2924 3512 2962 reus
3539 2912 3637 2964 erit

355 2986 723 3062 voluerimus,
749 3005 806 3052 et
832 2997 1082 3052 semitam
1111 2996 1229 3050 sine
1256 3009 1442 3051 errore
1455 2995 1684 3058 calcare,
1708 3009 1813 3049 non
1840 2993 1963 3049 Dei-
2063 2995 2280 3050 concitio
2309 2995 2326 3063 (
2350 2991 2544 3047 Matth.
2574 3008 2626 3059 v,
2657 2990 2783 3062 2'5).
2829 2990 2970 3050 Ecce
3020 3010 3183 3052 causa
3209 2996 3354 3053 nulla
3391 3005 3493 3065 est,
3529 3011 3551 3039 ο
3583 3008 3639 3055 et

371 3091 546 3139 tatem
574 3086 895 3155 permixtam
935 3085 1030 3141 Dei
1076 3082 1251 3140 Patris
1271 3083 1506 3140 Verbum
1545 3090 1784 3139 sanctam
1840 3083 1960 3138 Vir-
2065 3083 2368 3140 interfectio
2389 3083 2528 3138 facta
2555 3090 2642 3140 est
2664 3081 3018 3155 populorum;
3040 3086 3189 3143 vadit
3207 3087 3358 3144 furor
3380 3105 3555 3147 aecus
3584 3092 3639 3147 in

370 3175 557 3246 ginem
585 3169 870 3243 creavisse,
899 3192 1018 3247 qua:
1057 3177 1228 3233 electa
1273 3185 1356 3233 est
1393 3176 1462 3231 ad
1489 3176 1827 3246 puerperium
1854 3191 1949 3231 ve-
1977 3179 2025 3244 α
2054 3177 2306 3232 universo
2333 3176 2532 3247 populo
2557 3173 2863 3232 Christiano
2883 3187 3001 3249 per
3033 3179 3336 3252 episcopos,
3360 3197 3458 3254 per
3484 3199 3638 3254 pres-

365 3265 694 3333 nerandum,
724 3275 781 3322 ut
804 3268 1088 3323 carnaliter
1105 3284 1226 3324 eum
1255 3276 1489 3339 pareret,
1512 3269 1604 3339 qui
1625 3284 1841 3324 carnem
1868 3276 1952 3324 est
2055 3271 2292 3342 byteros,
2322 3284 2421 3340 per
2455 3268 2734 3336 diaconos,
2780 3284 2879 3341 per
2905 3272 3374 3345 archimandritas,
3392 3291 3490 3347 per
3529 3287 3640 3332 om-

364 3357 623 3426 dignatus
649 3372 940 3415 assumere.
959 3392 1040 3439 Δ--
1063 3357 1279 3415 iudices
1307 3360 1558 3414 dixerunt
1590 3377 1602 3412 :
1634 3358 1827 3429 Liquet
1852 3359 1950 3415 de-
2057 3377 2154 3416 nes
2177 3375 2315 3433 pene
2337 3362 2728 3418 monachorum
2753 3370 2809 3418 et
2827 3363 3296 3424 innumerabilium
3320 3369 3522 3425 turbas.
3547 3368 3639 3425 Sic

361 3445 668 3504 tensionem
717 3447 939 3506 Arnobii
979 3449 1162 3522 Cyrilli
1198 3450 1599 3526 assertionibus)
1622 3451 1912 3506 convenire
1934 3488 1949 3513 ,
2056 3461 2170 3509 tota
2199 3451 2484 3526 Egyptus,
2515 3455 2593 3509 sic
2622 3463 2734 3512 tota
2756 3463 2840 3512 est
2873 3453 3156 3514 Palaestina
3186 3458 3427 3523 turbata,
3459 3467 3520 3514 ut
3555 3459 3636 3514 ef-

362 3537 567 3624 injusta
587 3553 718 3610 ergo
742 3541 882 3597 ratio
899 3549 1121 3611 estquae
1140 3548 1424 3597 cunctatur
1443 3539 1653 3596 deferre
1674 3541 1952 3596 victoriam
2058 3545 2197 3603 fusio
2236 3547 2508 3618 sanguinis
2549 3547 2771 3602 humani
2799 3555 3000 3603 terram
3037 3551 3210 3618 ipsam
3250 3551 3596 3606 inebriaverit
3618 3570 3634 3618 ;

363 3630 421 3687 ei
440 3633 531 3702 qui
558 3640 684 3702 post
727 3632 1096 3689 altercationis
1122 3633 1324 3689 exitum
1349 3634 1582 3704 palmam
1622 3642 1878 3690 meretur.
2059 3648 2116 3694 et
2142 3655 2305 3695 causa
2345 3641 2461 3695 sola
2507 3639 2740 3694 rumoris
2779 3645 2882 3703 est,
2926 3639 3122 3694 nullius
3165 3654 3387 3709 prorsus
3414 3642 3634 3696 erroris.

439 3719 582 3782 XIX.
621 3755 698 3769 —
731 3723 996 3797 Serapion
1040 3726 1176 3782 dixit
1211 3744 1224 3780 :
1275 3724 1380 3781 Per
1412 3725 1677 3796 justitiam
1721 3734 1952 3782 vestram
2061 3727 2195 3784 Nam
2214 3745 2337 3785 cum
2367 3727 2614 3786 omnibus
2641 3726 2908 3798 Egyptiis
2927 3735 2984 3782 et
3002 3727 3152 3798 Syris
3178 3728 3490 3798 praedicatio
3509 3744 3636 3785 san-

1536 3878 1646 3934 FR.
1685 3879 2182 3938 FEU-ARDENTII
2219 3877 2450 3936 ΝΟΤιΕ.

450 4002 480 4074 1
513 3990 709 4060 Quanti
736 3992 936 4074 passim
965 3989 1116 4074 ﬂeret
1158 3991 1421 4074 pietasac
1457 3992 1698 4074 eruditio_
1711 3992 1820 4074 divi
1848 3992 1953 4074 εχ.

373 4061 485 4119 rilli
521 4078 618 4132 per
663 4060 962 4117 universam
991 4060 1178 4118 Asiani
1199 4071 1256 4117 et
1295 4060 1549 4127 Africam,
1579 4077 1648 4117 ex
1684 4063 1771 4119 bis
1820 4060 1953 4120 satis

371 4140 1003 4285 .Desiderius
1029 4203 1082 4256 in
1112 4201 1429 4285 quibusdam
1455 4200 1782 4285 Graecorum.
1799 4204 1951 4285 codi-

365 4272 527 4340 cibus
567 4273 856 4342 ascriptum
896 4287 1015 4328 esse
1051 4272 1359 4341 evangelico
1399 4273 1570 4331 textui
1599 4277 1724 4339 εἰκῆ,
1768 4273 1822 4328 id
1849 4282 1951 4340 est,

371 4351 586 4411 temere,
608 4341 827 4397 autsine
841 4359 1018 4396 causa.
1037 4341 1273 4411 Deinque
1294 4342 1640 4411 sequentibus
1654 4343 1919 4411 adjectum
1938 4361 1950 4394 :

374 4409 479 4478 Qui
509 4414 703 4494 dixerit
739 4412 923 4494 Racb‘a
954 4415 1064 4467 sine
1090 4409 1279 4494 causa;
1441 4413 1633 4494 dixerit
1653 4409 1805 4494 fatue
1827 4414 1954 4494 sine

367 4498 563 4555 causa;
604 4483 822 4555 insuper
850 4482 1294 4555 Chrysostomum
1317 4481 1348 4544 ,⁷
1377 4482 1526 4535 hom.
1560 4481 1626 4555 ω
1652 4481 1705 4555 in
1728 4481 1949 4555 _b_la}th.,

369 4551 600 4628 innuere
626 4551 925 4628 hoc'ipsum
952 4551 1232 4628 legendum
1237 4566 1388 4628 esse,
1413 4551 1628 4628 tametsi
1657 4552 1710 4606 in
1728 4551 1953 4628 Vulgata
1999 4591 2014 4606 κ

370 4620 613 4676 editione
641 4620 826 4677 Latina
858 4638 966 4693 non
990 4620 1435 4693 existetrQuibus
1482 4620 1954 4693 add9_antiquissi-

367 4700 843 4762 mum__martyrem
879 4691 1160 4756 Irenzeum,
1193 4691 1286 4746 lib.
1317 4707 1400 4754 iv,
1432 4704 1550 4762 cap.
1582 4689 1671 4744 27.
1724 4761 1731 4762 ί
1768 4706 1770 4708 '

447 4772 470 4800 ε
511 4759 820 4834 Nestorium
851 4762 903 4816 in
931 4763 1120 4834 primis
1153 4762 1425 4834 hominem
1436 4759 1619 4834 fuisse
1643 4761 1955 4834 seditiosum
1984 4821 2029 4834 _
2059 4780 2234 4834 rorem
2260 4779 2414 4834 suum
2441 4765 2496 4817 in
2536 4763 2654 4834 illos
2691 4763 2898 4834 explere

2060 3992 2434 4066 acclamante:
2468 3990 2989 4066 Regulambabentus
3004 4031 3020 4057 ,
3041 3993 3334 4066 episcopum
3353 4011 3455 4051 non
3475 3998 3635 4054 liabe-

2058 4083 2192 4140 mus,
2218 4065 2358 4140 idem
2387 4062 2615 4140 Basilius
2642 4063 2828 4120 scribit
2859 4081 2871 4116 :
2899 4062 3042 4140 Pars
3071 4062 3222 4140 illius
3241 4066 3354 4140 ipso
3392 4071 3637 4140 temporis

2060 4136 2279 4191 articulo
2313 4135 2681 4207 comprehensa
2703 4176 2718 4198 ,
2763 4142 2812 4188 et
2850 4134 2919 4187 ad
2952 4132 3182 4190 tribunal
3221 4132 3510 4204 abstracta,
3541 4141 3659 4194 tali'

2057 4207 2386 4277 immanitate
2423 4204 2743 4277 diverberata
2761 4212 3185 4277 exceptoqueest,
3208 4207 3374 4275 qualis
3417 4225 3482 4262 ne
3500 4212 3638 4277 apud

2056 4275 2307 4350 barbaras
2355 4275 2560 4350 quidem
2606 4276 2843 4350 nationes
2886 4275 3218 4350 quandoque
3261 4278 3460 4350 usitata
3514 4275 3635 4350 fuit.

2060 4344 2127 4398 Et
2153 4347 2221 4400 de
2249 4343 2578 4400 Nest’orianis
2605 4343 2933 4398 satellitibus
2959 4343 3100 4398 idem
3136 4343 3222 4398 ait
3252 4363 3264 4397 ε
3299 4343 3440 4410 Quos
3480 4343 3640 4404 semet

2054 4415 2324 4468 sententia:
2372 4431 2478 4470 sua:
2523 4414 2797 4484 adjuna'it,
2838 4413 2954 4467 illos
2993 4413 3067 4466 ita
3113 4415 3441 4484 inﬂammat,
3485 4419 3637 4473 verba

2055 4484 2236 4554 quibus
2267 4484 2482 4566 lubitum
2504 4482 2666 4566 fuerit
2692 4482 2892 4566 publice
2918 4485 3115 4566 inferre
3137 4482 3404 4566 audeant,
3429 4482 3638 4566 palam-

2054 4571 2151 4676 Ἐκ
2170 4554 2542 4624 persecutionis
2574 4555 2796 4638 speciem
2829 4554 3075 4637 excitare
3111 4571 3215 4609 non
3243 4554 3506 4640 dubitent,

2107 4632 2128 4676 t
2165 4624 2598 4676 auemadmodum
2617 4622 2795 4676 ludm
2822 4641 2878 4676 sn
2907 4622 3249 4676 Stephanum.
3280 4635 3353 4676 ita
3380 4636 3432 4676 et
3467 4638 3558 4676 18h
3583 4645 3637 4676 ιη

2058 4622 2128 4676 Et
2165 4622 2598 4706 quemadmodum
2617 4622 2804 4706 Iudici.
2822 4625 2878 4677 in
2907 4622 3249 4695 Stephanum,
3280 4627 3353 4680 ita
3380 4636 3432 4681 et
3467 4622 3558 4683 isti
3583 4631 3640 4683 in

2058 4692 2383 4748 Christianos
2425 4694 2617 4776 cat/toi.
2661 4692 2896 4747 dentibus
2925 4695 3186 4815 gendent,
3221 4713 3524 4769 omnemque
3563 4702 3641 4771 fu-

2059 4780 2234 4815 rorem
2266 4779 2414 4815 suum
2441 4779 2496 4815 in
2536 4763 2654 4815 illos
2691 4763 2898 4815 explere
2979 4763 3183 4815 borant.
3225 4766 3399 4815 Amne
3424 4768 3539 4815 ham
3569 4769 3640 4815 de

2979 4763 3183 4838 borant.
3215 4766 3411 4838 ﬁtque,
3424 4763 3539 4838 haec
3563 4763 3640 4824 'de

362 4839 530 4914 atque
577 4831 880 4897 crudelem,
913 4821 1076 4958 patet
1119 4847 1188 4913 ex
1227 4830 1408 4886 libello
1435 4829 1958 4915 Basiliiarchiman-
1983 4821 2036 4884 D
2058 4832 2498 4889 Nestorianorum
2527 4821 2930 4915 crudelitatibus
2949 4821 3436 4917 Constantinopoli.
3465 4821 3636 4916 Quam

365 4900 548 4958 dntre.
577 4918 686 4958 auo
725 4903 867 4958 aoud
959 4902 1275 4956 beodosium
1305 4908 1361 4956 et
1381 4898 1813 4958 Valentinianum
1853 4918 1954 4956 ιω-
2057 4910 2309 4958 cruentas
2345 4917 2562 4958 uuoaue
2591 4918 2646 4957 in
2673 4902 2892 4958 Oriente
2923 4903 3107 4958 turbas
3151 4912 3464 4958 excitarint.
3506 4904 3636 4958 hbet

365 4898 548 4969 dritm,
577 4918 686 4973 quo
725 4903 867 4972 apud
913 4898 1362 4973 Theodosium‘et
1381 4898 1813 4973 Valentinianum
1853 4903 1954 4956 im-

365 4984 482 5040 per.
525 4970 775 5040 graviter
810 4972 1162 5042 conqueritur
1197 4971 1265 5026 de
1292 4970 1432 5024 illius
1471 4970 1720 5027 barbarie
1748 4972 1802 5026 in
1835 4973 1954 5042 pios

366 5042 663 5096 monachos
692 5050 747 5096 et
783 5041 1028 5107 clericos,
1060 5041 1305 5096 nolentes
1346 5038 1464 5107 ejus
1497 5041 1791 5097 haeresibus
1827 5044 1952 5097 sub-

366 5053 663 5096 monacnos
692 5053 747 5096 et
783 5053 1028 5107 clericos,
1060 5053 1305 5096 umentes
1346 5054 1464 5107 ejus
1498 5053 1791 5097 naaresmus
1827 5053 1952 5097 sub-

367 5111 610 5183 scribere
639 5130 651 5163 :
677 5111 909 5183 inundat
936 5113 954 5183 (
979 5111 1187 5181 inquit)
1219 5109 1616 5183 decurionibus,
1644 5121 1701 5164 ut
1725 5128 1820 5167 nos
1846 5129 1953 5183 σῳ-

368 5177 524 5232 dant.
555 5179 686 5234 Ccsi
713 5183 782 5234 ad
812 5177 1038 5236 tribunal
1053 5177 1467 5236 ecclesiasticum
1495 5181 1822 5246 adducimur,
1864 5181 1955 5236 ibi-

367 5247 746 5334 .re‘tut
784 5252 1394 5334 sceleratidenuda‘mur,
1424 5251 1725 5334 copulemus
1747 5291 1762 5316 ,
1788 5253 1959 5334 jacta-

349 5333 504 5396 ’πεῖν
534 5319 854 5396 ταίάδηεφίε
879 5323 1191 5396 finitam”.
1217 5320 1321 5396 Diu
1339 5319 1661 5396 manumque
1679 5323 1734 5374 in
1753 5319 1952 5396 episcof
1986 5369 2001 5396 ,

365 5391 479 5458 pati
512 5391 831 5462 consistorio
869 5393 1116 5457 dicenti,
1163 5391 1284 5446 inde
1326 5393 1471 5462 fame,
1509 5391 1840 5455 tabescentes,
1881 5391 1952 5443 ad

365 5459 655 5533 {applicum
691 5463 1013 5533 ergastulum
1040 5459 1362 5533 deducimur.
1402 5459 1542 5514 Hinc
1568 5462 1788 5515 civitatis
1816 5476 1954 5533 prius

368 5528 510 5613 lecto
526 5533 661 5586 tradi
690 5528 782 5586 nos
805 5533 1020 5587 curarit.
1047 5531 1153 5586 Per
1183 5533 1318 5613 hunc
1346 5547 1467 5613 ergo
1488 5533 1625 5613 ferro
1655 5532 1858 5613 onusti,
1883 5531 1952 5613 ad

367 5597 627 5671 publicum
653 5619 862 5656 reorum
889 5619 1150 5657 carcerem
1176 5597 1544 5666 abstrahimur,
1575 5609 1679 5671 etc.
1713 5599 1897 5671 (Tom.
1929 5599 1949 5654 Ι

367 5664 570 5744 Corycii.
603 5671 800 5744 Epnes.
826 5689 871 5726 c.
896 5671 1010 5744 28.)
1033 5673 1235 5728 [bidem
1261 5682 1319 5744 et
1344 5673 1411 5727 de
1439 5664 1537 5742 pio
1561 5664 1947 5744 Constantino-

325 5779 332 5784 -
368 5739 506 5808 polis
561 5739 762 5814 populo
803 5739 1016 5812 publice
1073 5742 1361 5814 aliquando
1409 5739 1598 5798 contra
1641 5741 1950 5797 Nestorium

615 5837 889 5900 ΡΑτιιοι..
936 5836 1098 5898 Llll.

2057 4910 2309 4958 cruentas
2345 4917 2562 4972 quoque
2591 4903 2646 4957 in
2673 4902 2892 4958 Oriente
2923 4903 3109 4972 turbas
3120 4971 3123 4972 ν
3151 4902 3464 4964 excitarint,
3506 4904 3638 4958 libet

2057 4972 2221 5054 etiam
2242 4987 2316 5054 ex
2338 4971 2637 5054 fragmento
2666 4973 2906 5054 epistola:
2943 4971 3047 5054 Iba:
3089 4971 3345 5054 Edesseni
3369 4972 3631 5054 episcopi,

2056 5043 2201 5112 quod
2240 5043 2294 5096 in
2321 5041 2528 5098 decima
2564 5041 3016 5098 Chalcedonensis
3054 5042 3274 5112 concili_i
3304 5041 3636 5112 actionein-

2057 5109 2260 5166 sertum
2289 5120 2398 5176 est,
2441 5113 2547 5168 hoc
2586 5113 2708 5169 loco
2753 5124 3194 5180 commemorare.
3217 5109 3476 5180 Episcopi
3512 5111 3637 5180 (in-

2057 5182 2204 5254 quit)
2234 5175 2418 5254 contra
2453 5184 2718 5254 episcopos
2759 5175 3171 5254 contentioribus
3207 5175 3640 5254 insurgunt,”-

2054 5244 2462 5326 p'uli'adversum
2482 5244 2739 5324 'populos,
2775 5259 2882 5326 etc._
2912 5247 2980 5300 Et
3007 5244 3258 5326 Socrates
3290 5244 3468 5326 de'his
3495 5244 3637 5326 quo-

2097 5337 2162 5392 ue
2187 5321 2261 5375 ait
2304 5341 2315 5374 :
2363 5315 2751 5392 Non'parpam
2779 5315 2982 5392 turbam
3021 5315 3134 5392 orbi
3160 5315 3397 5392 uniuerso
3426 5315 3640 5392 ineptire

2111 5393 2292 5464 estorii
2317 5383 2966 5464 peperereCassiodorus
2983 5383 3145 5464 etiam
3184 5384 3381 5464 refert,
3413 5383 3641 5464 propter

2052 5451 2548 5527 Nestoriut’nfcirca
2586 5458 2824 5512 Miletum
2837 5462 2907 5527 _e_t
2935 5451 3142 5527 Sardos
3180 5455 3318 5512 facta
3347 5451 3635 5527 seditione,

2052 5531 2252 5586 multos
2276 5523 2607 5598 occubuisse,
2638 5527 2728 5598 lib.
2745 5523 3039 5598 xuiiistor.
3063 5525 3215 5598 t_rip.,
3246 5542 3368 5598 cap.
3394 5529 3445 5583 5.
3473 5528 3540 5583 Et
3567 5523 3641 5585 de

2052 5598 2136 5654 his
2163 5601 2450 5662 hactenus;
2483 5597 2608 5649 alibi
2639 5594 2782 5648 enim
2813 5593 2881 5650 de
2909 5593 3288 5654 haereticorum
3313 5593 3640 5654 crudelitate

2051 5671 2327 5742 copiosius
2375 5665 2738 5721 disseruimus.

3039 5811 3202 5886 'io
