4246 6264
661 358 764 422 299

1968 350 2240 413 Annona
2278 336 2582 410 inmotus
2672 302 2677 307 ’

3796 328 3909 402 too

660 483 730 537 cti
769 479 952 552 Cyrilli
979 426 1204 549 placeat,
1250 484 1369 544 quae
1414 478 1561 527 tanta
1588 469 1857 527 dementia
1885 478 1968 527 est
2004 486 2125 541 quae
2170 471 2225 524 in
2254 472 2301 535 Α
2325 466 2458 523 duas
2476 464 2736 537 personas
2753 456 3031 521 evidenter
3050 460 3335 537 expressit.
3354 456 3707 552 fdi-nobilis
3886 477 3901 514 :

658 588 786 632 suos
812 568 1004 624 fratres
1040 566 1277 632 desaevit,
1325 564 1381 619 et
1420 568 1632 633 spumat
1674 563 1773 628 ira,
1822 578 1943 617 cum
1989 558 2229 630 ejusdem

587 728 595 731 _
658 659 780 714 ildei
830 659 898 713 sit
938 664 1052 713 tota
1099 654 1403 711 fraternitas
1456 651 1811 723 populorum?
1852 682 1925 694 --
1968 649 2228 722 Serapion

657 750 791 806 dixit
820 767 832 802 :
865 746 1060 803 Fateor
1088 763 1326 802 errorem
1353 760 1531 800 meum
1571 760 1679 798 non
1705 740 1918 799 aliunde
1944 742 2232 814 sumpsisse

657 838 955 901 exordium,
992 838 1093 891 nisi
1138 836 1261 891 hinc
1302 834 1445 906 quod
1490 832 1624 889 duos
1666 831 1802 888 ﬁlios
1847 832 1944 889 Dei
1990 841 2230 889 astruere

658 937 900 985 asserant
927 929 981 983 hi
1011 929 1103 998 qui
1130 928 1263 983 duas
1284 925 1604 982 substantias
1632 926 1685 979 in
1719 941 1827 980 uno
1854 924 1950 979 Dei
1975 923 2110 979 Filio
2139 940 2228 979 as-

655 1027 858 1085 serunt,
891 1034 1087 1088 easque
1116 1017 1396 1089 perfectas.
1430 1016 1560 1070 Nam
1590 1016 1633 1071 si
1655 1031 1782 1071 vere
1816 1014 1910 1068 Dei
1959 1014 2123 1069 Filius
2161 1030 2231 1069 ex

656 1109 818 1166 Patre
844 1112 1053 1179 genitus
1081 1117 1206 1163 ante
1231 1106 1421 1163 saecula
1450 1104 1702 1169 creditur,
1734 1105 1823 1173 qui
1862 1120 1959 1175 per
1987 1105 2231 1174 omnipo-

658 1201 877 1255 tentiam
906 1214 1056 1254 suam
1079 1198 1245 1253 voluit
1266 1204 1546 1264 angustum
1566 1193 1788 1263 virginei
1810 1194 2009 1248 ventris
2030 1195 2229 1249 intrare

658 1290 973 1358 hospitium;
1025 1285 1163 1342 unde
1209 1286 1301 1355 qui
1347 1272 1511 1340 semel
1559 1290 1712 1338 natus
1756 1281 1930 1338 fuerat
1956 1299 2023 1339 ex
2069 1281 2229 1338 Patre

656 1386 781 1433 ante
810 1387 1051 1447 tempora
1079 1377 1243 1439 solus,
1262 1383 1320 1429 ut
1342 1375 1533 1429 iterum
1560 1386 1667 1428 non
1698 1372 1843 1427 solus
1870 1387 1991 1427 cum
2012 1371 2227 1428 homine

656 1477 982 1535 nasceretur,
1013 1477 1223 1523 constat
1247 1467 1378 1522 duas
1407 1482 1525 1522 esse
1552 1465 1876 1521 substantias
1905 1466 1957 1518 in
1988 1474 2094 1519 uno
2122 1464 2227 1519 Do-

655 1561 801 1614 mino
823 1558 969 1625 Jesu,
1001 1561 1137 1613 sicut
1176 1556 1480 1629 praedicatio
1510 1557 1678 1612 sancti
1721 1555 1903 1628 Cyrilli
1946 1555 2124 1625 posuit
2172 1556 2223 1607 in

655 1649 780 1704 ferri
810 1663 984 1703 massa
1030 1664 1188 1717 quam
1236 1648 1372 1716 ignis
1418 1646 1726 1709 inﬂammat,
1760 1653 1817 1699 ut
1851 1644 1921 1699 sit
1947 1638 2144 1698 ferrum
2173 1645 2226 1698 in

654 1754 750 1794 sua
775 1739 1089 1803 substantia,
1121 1746 1175 1793 et
1204 1739 1340 1807 ignis
1368 1738 1420 1790 in
1448 1752 1542 1791 sua
1570 1745 1780 1800 natura,
1823 1731 1917 1789 sed
1946 1741 2226 1802 utrumque

2331 557 2552 630 Coepisti
2580 560 2738 613 aures
2766 555 2956 610 anima:
2996 563 3099 610 tua!
3142 552 3372 626 aperire.
3409 544 3608 622 Utique
3651 549 3745 622 qui
3780 542 3908 609 cum

2329 647 2463 707 dixit
2486 638 2623 715 erat,
2650 646 2814 703 etiam
2837 642 3125 702 ostendere
3151 637 3322 700 voluit
3348 646 3532 697 natum
3560 632 3780 721 quidem
3820 632 3906 721 in-

2330 728 2552 804 fantem,
2582 714 2673 806 qui
2699 748 2806 791 non
2835 733 3007 790 solum
3035 733 3210 789 infans
3238 732 3399 799 esset,
3430 726 3525 787 sed
3553 730 3719 787 etiam
3737 714 3901 787 Deus.

2331 826 2656 883 Duodecimo
2684 820 2846 882 etiam
2881 825 3022 891 loco,
3054 823 3270 896 quando
3295 814 3381 878 his
3407 821 3654 893 pressius
3671 810 3902 897 insistat,

2329 914 2420 987 qui
2450 922 2645 986 negant
2671 910 2804 971 duas
2841 912 3167 971 substantias
3194 914 3249 969 iii
3278 913 3436 970 unico
3473 913 3569 968 Dei
3598 902 3734 969 Filio
3772 908 3907 969 coh-

2330 1006 2558 1062 ‘venisse.
2588 1004 2677 1060 an
2702 1004 2845 1061 enim
2875 1023 2887 1059 ε
2912 1002 3021 1062 Sed
3046 1004 3175 1061 dicit
3202 1004 3394 1075 aliquis
3426 1023 3439 1058 ε
3470 1002 3754 1072 Quomodo
3787 988 3906 1061 ﬁeri

2330 1102 2507 1170 potest
2530 1102 2588 1152 ut
2607 1097 2837 1153 hominis
2855 1103 3045 1152 natura
3063 1095 3400 1167 maiestatem
3419 1107 3636 1168 caperet
3653 1078 3898 1170 Deitatis,

2328 1164 2626 1260 praesertim
2646 1202 2765 1243 cum
2782 1182 2923 1244 Deus
2946 1187 3059 1258 ipse
3080 1164 3275 1242 dixerit
3292 1164 3722 1255 manifestissime
3742 1164 3903 1265 beaio

2328 1274 2499 1350 Moy’s’i
2534 1297 2545 1330 :
2579 1270 2859 1345 Quomodo
2888 1292 3047 1333 nemo
3073 1275 3258 1332 uidebit
3285 1278 3469 1349 {aciem
3506 1293 3673 1351 meant
3698 1266 3748 1331 et
3775 1278 3902 1333 uiuet

2330 1368 2524 1441 (Exod.
2557 1382 2742 1434 xxxnt,
2788 1364 2913 1441 20)?
2936 1367 3005 1424 Et
3038 1368 3082 1424 si
3127 1368 3289 1438 igitur
3325 1357 3678 1425 intolerabilis
3719 1362 3901 1425 Deitas

2328 1438 2750 1518 inaccessibilem
2802 1438 2962 1517 habet
3012 1468 3287 1523 attactum,
3328 1448 3601 1537 quomodo
3646 1442 3902 1519 credibile

2325 1553 2591 1610 Videbitur
2626 1554 2794 1610 Deum
2842 1559 2897 1607 et
2933 1540 3206 1628 hominem
3252 1553 3305 1607 in
3349 1550 3512 1618 unum
3540 1553 3901 1608 convenisse?

2248 1645 2262 1661 '
2326 1640 2438 1713 Ego
2466 1660 2595 1699 vero
2636 1643 2893 1700 adversus
2926 1641 3231 1713 huiusmodi
3268 1634 3624 1719 qumstionem
3669 1630 3896 1697 dixerim

2324 1732 2561 1805 quidem,
2591 1749 2751 1806 super
2778 1742 2994 1789 omnem
3021 1731 3241 1794 moduni
3274 1728 3334 1789 'et
3358 1732 3528 1802 genus
3552 1730 3813 1798 'mii-acu'li,
3843 1736 3900 1789 'et

618 1878 622 1883 .
653 1832 708 1885 in
734 1845 892 1885 unam
923 1831 1233 1884 societatem
1258 1842 1518 1889 connexa,
1547 1835 1603 1881 et
1623 1828 1694 1880 ita
1722 1826 1775 1879 in
1817 1840 1922 1879 una
1950 1822 2223 1879 coadtma-
2256 1835 2303 1896 Β
2326 1841 2488 1897 super
2514 1827 2709 1882 mentis
2737 1833 2933 1881 nostrie
2961 1820 3345 1895 cogitatidnem
3372 1826 3428 1879 et
3447 1824 3653 1881 ‘Esensus
3678 1821 3897 1897 dispen-

653 1921 800 1975 tione
826 1920 1134 1984 subsistunt,
1160 1927 1217 1971 ut
1240 1934 1344 1973 non
1366 1916 1563 1973 ferrum
1591 1916 1778 1986 possit,
1796 1915 1888 1970 sed
1917 1914 2064 1970 solus
2086 1915 2223 1983 ignis
2258 1894 2289 1896 ί
2324 1894 2549 1974 saiionis
2594 1933 2713 1974 esse
2756 1916 2915 1987 hujus
2963 1894 3247 1971 rationem.
3294 1906 3403 1971 Sed
3430 1918 3611 1970 tamen
3642 1894 3898 1984 agebatur

650 2011 894 2067 sensibus
919 2009 1247 2064 manifestari
1274 2008 1550 2074 humanis;
1578 2007 1841 2071 sensibus,
1871 2006 2107 2074 inquam,
2141 2004 2219 2060 vi-

651 2098 808 2171 ἀθυῷ
834 2105 995 2167 atque
1023 2097 1289 2166 tangendi,
1326 2097 1518 2165 quibus
1544 2096 1682 2175 ratio
1723 2101 1906 2149 nostra
1933 2090 2219 2163 colligitur,

653 2198 710 2245 et
745 2191 811 2244 ad
862 2190 914 2244 id
960 2188 1102 2259 quod
1142 2203 1327 2244 verum
1372 2180 1455 2243 est
1491 2186 1815 2257 pervenitur.
1861 2180 2223 2252 Prosequatur

653 2285 829 2349 itaque
876 2288 1051 2349 empta
1097 2278 1395 2345 Arnobius,
1442 2284 1502 2332 ut
1541 2269 1755 2351 tandem
1801 2270 2121 2332 erubescant
2164 2268 2232 2349 lii~

650 2372 741 2441 qui
767 2370 958 2425 fratres
983 2387 1109 2425 suos
1136 2377 1529 2441 persequuntur
1555 2362 1769 2438 injuste.

614 2496 619 2501 -
721 2461 837 2518 XX.
861 2493 931 2503 —
960 2461 1225 2515 Arnobius
1244 2460 1378 2514 dixit
1407 2478 1420 2511 :
1452 2458 1601 2513 Nunc
1637 2471 1805 2528 usque
1842 2457 1979 2513 sexti
2005 2454 2222 2525 capituli

650 2570 811 2611 causa
837 2562 1063 2610 tractata
1091 2560 1200 2618 est;
1224 2552 1353 2621 quid
1381 2559 1559 2605 autem
1588 2550 1641 2603 in
1682 2548 1911 2619 septimo
1930 2545 2131 2603 factum
2152 2547 2224 2602 sit

650 2645 907 2700 recitabo.
948 2641 1247 2697 Carnaliter
1283 2655 1405 2695 eum
1448 2638 1677 2710 peperit,
1733 2637 1826 2709 qui
1864 2642 2086 2708 propter
2124 2646 2222 2692 nos

651 2736 811 2789 homo
839 2732 1010 2788 factus
1035 2742 1118 2788 est
1143 2740 1197 2786 et
1224 2730 1413 2786 infans.
1439 2728 1570 2784 Erat
1606 2729 1749 2784 enim
1792 2743 1899 2783 non
1922 2727 2073 2798 juxta
2101 2732 2219 2795 nos,

652 2825 754 2879 hoc
779 2834 879 2891 est,
915 2838 1021 2878 non
1050 2825 1104 2877 in
1144 2823 1260 2878 sola
1285 2823 1455 2879 nostri
1494 2820 1837 2878 similitudine
1878 2821 2219 2883 constitutus,

649 2914 743 2967 sed
771 2921 888 2967 erat
913 2914 967 2979 in
996 2915 1230 2968 humana
1255 2912 1564 2971 conditione
1592 2921 1813 2983 propter
1838 2920 2057 2967 carnem
2088 2929 2101 2963 :
2132 2907 2225 2965 Di-

653 3004 803 3057 vinus
823 3011 1000 3058 autem
1022 3013 1077 3058 et
1095 3002 1326 3060 caelestis
1352 3018 1513 3077 super
1534 3019 1650 3059 nos.
1679 3034 1752 3047 ——
1768 3002 2031 3073 Serapion
2048 2994 2224 3061 dixit:

651 3086 727 3147 De
753 3108 860 3161 quo
889 3094 1040 3160 dixit,
1072 3094 1245 3150 Homo
1286 3095 1456 3151 lactus
1492 3104 1575 3151 est
1593 3097 1619 3149 ?
1640 3128 1715 3141 ——
1739 3094 2005 3151 Arnobius
2040 3086 2175 3149 dixit
2205 3110 2218 3146 :

2322 2009 2596 2080 sapienter
2642 2009 2752 2065 Deo
2803 2023 2953 2089 suam
3004 2008 3249 2062 naturam
3296 2000 3650 2089 imbecillitati
3704 2015 3896 2089 nostra:

2321 2097 2655 2173 tolerabilem
2702 2080 2951 2183 faciente.
2974 2129 3046 2141 —-
3065 2096 3327 2169 Serapion
3355 2094 3489 2153 dixit
3529 2115 3542 2151 :
3572 2086 3761 2153 Nullus

2321 2187 2600 2271 evidenter
2654 2182 2889 2271 divinam
2948 2188 3343 2259 humanamque
3390 2192 3634 2242 naturam
3680 2187 3737 2243 in
3788 2182 3895 2271 uno

2321 2266 2536 2337 Cbristo
2563 2265 2824 2347 distinxit,
2856 2288 2913 2337 ut
2936 2278 3159 2348 diceret,
3182 2280 3535 2351 objurgantur
3560 2290 3748 2338 contra

2236 2354 2253 2373 ρ
2320 2368 2413 2440 qui
2441 2377 2637 2438 negant
2661 2368 2831 2425 Deum
2858 2370 2913 2425 in
2952 2384 3116 2425 unum
3158 2374 3214 2425 et
3254 2366 3530 2426 hominem
3559 2354 3891 2428 convenisse.

2320 2454 2389 2514 Et
2415 2458 2633 2514 adderet
2651 2459 2835 2516 dicens
2857 2474 2869 2514 :
2894 2456 3007 2528 Ego
3034 2459 3292 2515 adversus
3313 2456 3620 2531 huiusmodi
3644 2441 3896 2531 maestiti-

2319 2562 2442 2607 nem
2468 2549 2711 2618 dixerim,
2734 2559 2839 2608 etc.
2869 2584 2941 2595 —
2966 2548 3234 2607 Arnoblus
3262 2540 3396 2606 dixit
3425 2569 3438 2606 :
3480 2550 3626 2608 Bene
3652 2531 3897 2608 censidé—
3940 2584 3955 2594 ι
4024 2552 4033 2561 '

2318 2642 2450 2698 rasti
2493 2643 2663 2698 solum
2708 2641 2859 2697 illum
2887 2638 3181 2713 apoaolice
3207 2632 3473 2706 domum,
3504 2636 3685 2697 Deum
3705 2656 3821 2697 esse
3842 2634 3897 2695 in

2320 2729 2525 2787 Christo
2559 2728 2808 2787 modum
2847 2728 3258 2787 reconciliantem
3296 2726 3394 2786 sibi
3420 2726 3478 2801 (ι
3507 2729 3624 2785 Cor.
3670 2746 3725 2797 v,
3768 2719 3898 2799 ἱεῖς

2320 2830 2509 2892 verum
2535 2825 2698 2879 etiam
2723 2830 2910 2879 centra
2937 2826 3031 2879 eds
3057 2821 3359 2892 suscepisti,
3389 2816 3481 2892 qui
3508 2818 3691 2876 dicunt
3716 2807 3900 2874 homi-

2323 2924 2447 2971 nem
2466 2913 2524 2970 in
2548 2908 2645 2970 Dei
2667 2912 3019 2969 substantiam
3046 2912 3338 2969 convenire
3374 2911 3593 2966 minime
3629 2908 3892 2981 potuisse.

2321 3000 2679 3061 Transeamus
2717 3002 3113 3071 duodecimum,
3159 3000 3216 3059 et
3262 3000 3332 3059 ad
3376 2984 3894 3075 quartmndecimum

2324 3097 2618 3152 veniamus.
2642 3092 2733 3151 Ait
2757 3093 2901 3150 enim
2923 3092 2980 3150 in
2997 3090 3376 3164 sequentibus:
3400 3090 3666 3160 Quantum
3691 3096 3895 3165 spectat

651 3182 726 3235 De
748 3180 882 3236 Filio
903 3182 996 3236 Dei
1024 3191 1147 3238 ante
1171 3191 1413 3253 tempora
1438 3191 1493 3239 et
1512 3199 1580 3240 ex
1607 3182 1767 3240 Patre
1793 3184 1995 3253 genito,
2023 3181 2091 3239 de
2108 3196 2218 3252 quo
2243 3186 2292 3251 ο
2320 3184 2388 3242 ad
2411 3185 2650 3241 rationes
2675 3191 2732 3242 et
2772 3196 2963 3241 sensus
2987 3184 3273 3250 humanos,
3313 3188 3651 3254 nequaquam
3680 3182 3893 3255 possent

635 3270 893 3340 ’superius
918 3272 1052 3325 dixit
1079 3291 1091 3324 :
1116 3273 1232 3327 Non
1271 3273 1498 3329 cessavit
1519 3274 1660 3329 Deus
1687 3288 1825 3336 esse,
1849 3286 1973 3328 cum
2000 3282 2213 3327 carnem

652 3364 952 3432 assumpsit.
999 3393 1068 3403 --
1111 3361 1375 3432 Serapion
1416 3364 1552 3417 dixit
1599 3381 1613 3415 :
1654 3362 1753 3418 Hic
1797 3363 1888 3433 qui
1934 3362 2223 3432 assumpsit

650 3456 919 3510 hominem
950 3450 1108 3519 Deus,
1141 3454 1314 3523 ipsum
1341 3454 1613 3508 hominem
1654 3468 1752 3523 per
1776 3466 1931 3507 suam
1971 3452 2220 3523 omnipo-

621 3562 626 3568 '
650 3547 871 3601 tentiam
892 3543 1058 3599 Deum
1080 3543 1206 3600 fecit
1223 3545 1246 3598 ?
1264 3542 1487 3600 Constat
1513 3558 1582 3599 ex
1609 3549 1914 3600 assumente
1935 3551 1991 3599 et
2015 3548 2222 3599 assum-

648 3644 741 3707 pto
769 3648 933 3689 unum
956 3634 1050 3688 Dei
1074 3634 1264 3688 Filium
1292 3634 1551 3707 Cyrillum
1575 3634 1840 3690 docuisse.
1863 3666 1936 3677 —
1954 3632 2222 3690 Arnobius

647 3727 779 3781 dixit
817 3743 830 3778 :
870 3724 1009 3781 Ecce
1048 3733 1243 3781 octavo
1278 3726 1400 3782 loco
1438 3732 1771 3797 prosecutus.
1809 3724 1970 3782 Ratio
1998 3723 2222 3781 Deitatis

649 3816 806 3881 nuda,
837 3832 899 3870 ac
927 3817 972 3870 si
996 3816 1112 3871 sine
1134 3832 1297 3872 carne
1316 3818 1672 3883 existimetur,
1699 3817 1815 3886 ipsa
1841 3830 1939 3887 per
1965 3830 2026 3871 se
2049 3816 2223 3872 nostri

646 3909 908 3963 sermonis
935 3925 1042 3964 non
1066 3912 1243 3979 egebit
1267 3910 1485 3965 auxilio.
1517 3941 1588 3951 —
1614 3908 1876 3978 Serapion
1910 3907 2043 3961 dixit
2070 3924 2082 3958 :
2113 3904 2222 3980 Ex-
2245 3908 2257 3921 ‘

646 3997 1009 4069 planationem
1031 3998 1206 4069 huius,
1230 4014 1430 4068 quaeso,
1452 4000 1633 4069 pande
1654 3998 2029 4052 sententiae—
2047 3995 2222 4051 Arno-

644 4090 764 4147 bius
790 4092 927 4146 dixit
956 4110 967 4143 :
1002 4090 1159 4146 Ratio
1187 4090 1408 4145 Deitatis
1436 4089 1481 4145 si
1510 4086 1670 4154 nuda,
1702 4086 1757 4143 id
1784 4094 1885 4153 est,
1914 4087 2030 4142 sine
2057 4099 2222 4142 carne

645 4181 999 4245 existimetur,
1023 4182 1128 4237 hoc
1153 4189 1254 4245 est,
1285 4181 1331 4235 si
1355 4181 1472 4236 sine
1489 4179 1710 4237 homine
1729 4176 2000 4244 divinitus,
2026 4176 2218 4232 huma-

646 4270 814 4329 nioris
833 4273 1043 4325 ratione
1063 4285 1170 4327 non
1193 4271 1386 4339 egebit.
1412 4269 1552 4338 Quid
1578 4269 1723 4324 enim
1751 4278 1930 4324 sermo
1953 4267 2008 4322 in
2037 4264 2221 4321 invisi-

643 4359 741 4416 bili
766 4359 879 4417 Deo
924 4361 1102 4416 dicere
1146 4360 1437 4431 praevalet?
1472 4360 1539 4414 Et
1580 4359 1701 4415 ideo
1738 4359 1792 4414 in
1838 4374 1946 4415 uno
1983 4356 2220 4430 capitulo

645 4452 789 4507 hunc
815 4452 1143 4506 intellectum
1174 4452 1420 4520 aperiens
1446 4451 1556 4505 ait:
1589 4448 1696 4505 Sed
1733 4450 2004 4519 quomodo
2027 4450 2217 4519 uniue-

2323 3277 2467 3333 inter
2489 3291 2549 3333 se
2585 3276 2873 3334 convenire
2900 3272 3082 3331 Deitas
3109 3283 3164 3330 et
3190 3273 3424 3330 humana
3451 3270 3688 3330 candido
3711 3290 3726 3341 ;
3765 3278 3894 3330 coti-

2322 3366 2544 3423 Veniunt
2586 3362 2769 3421 tarnen
2815 3362 2871 3420 in
2908 3351 3206 3430 Chl-istm,
3238 3370 3295 3420 et
3336 3374 3477 3419 unus
3522 3362 3591 3420 ex
3637 3350 3893 3420 annm

2321 3452 2656 3512 Emmanuel.
2686 3450 2792 3524 Qui
2823 3464 2955 3511 vero
2995 3440 3218 3525 separat
3250 3456 3305 3510 et
3330 3448 3604 3511 hominem
3630 3456 3892 3521 seorsum

2321 3552 2378 3604 et
2400 3542 2595 3602 Filium
2621 3542 2739 3611 Dei,
2770 3555 2826 3603 et
2868 3545 3029 3602 suum
3057 3546 3305 3610 aestimat,
3336 3543 3384 3600 ls
3408 3536 3543 3600 mihi
3568 3540 3779 3602 ridetur
3802 3533 3895 3601 νε-

2321 3639 2537 3695 ritatem
2564 3652 2672 3694 non
2698 3634 3016 3707 intelligere,
3044 3634 3100 3692 et
3118 3634 3302 3692 videre
3327 3648 3436 3691 non
3463 3640 3642 3707 posse.
3673 3622 3809 3692 itam
3824 3624 3894 3691 de

2321 3728 2724 3801 quartodecimo
2760 3726 3017 3784 dicemus.
3064 3720 3137 3783 Ut
3173 3722 3480 3782 ostenderet
3518 3726 3649 3782 duas
3684 3722 3741 3781 m
3779 3722 3894 3783 'uno

2320 3819 2420 3879 Dei
2460 3818 2597 3875 Filio
2640 3820 2817 3875 inesse
2863 3817 3209 3881 substantias,
3251 3817 3326 3871 ait
3374 3834 3388 3870 :
3438 3814 3893 3884 Quemadmodum

2320 3909 2450 3966 ferri
2476 3910 2749 3975 materies,
2766 3923 2889 3965 cum
2918 3909 2973 3962 in
3000 3906 3177 3963 medio
3198 3906 3431 3964 fornacis
3455 3914 3587 3963 metu
3607 3903 3890 3975 conflatur,

2321 3996 2460 4068 ignis
2488 3998 2656 4056 instar
2693 3996 2944 4063 ardescit,
2975 3996 3030 4052 et
3057 3995 3111 4051 in
3141 3992 3258 4067 ejus
3284 3997 3521 4069 speciem
3559 3996 3788 4053 vertitur
3825 3996 3895 4054 ad

2321 4087 2577 4153 calorem,
2607 4084 2663 4142 et
2690 4084 2978 4143 candorem
3006 4082 3172 4157 ipsius
3193 4086 3433 4143 imitatur
3457 4082 3685 4142 ﬂammae
3712 4086 3894 4144 victri-

2320 4178 2430 4243 eis;
2463 4178 2538 4233 ita
2563 4178 2741 4243 captis
2766 4185 2976 4243 natura,
3000 4190 3123 4233 eum
3145 4184 3350 4234 autem
3387 4184 3553 4248 atque
3575 4177 3894 4248 ineorl'upti—

2322 4264 2416 4323 bili
2442 4264 2541 4322 Dei
2566 4265 2703 4321 rem
2730 4270 2813 4321 est
2839 4266 3145 4336 conjuncta,
3165 4265 3371 4322 destitit
3387 4272 3508 4322 esse
3524 4264 3671 4334 quod
3697 4264 3891 4321 fuerat.

2322 4355 2672 4428 —Serapion
2697 4356 2831 4413 dixit
2862 4374 2875 4411 :
2907 4354 3047 4425 Quid
3085 4364 3184 4424 est,
3214 4356 3419 4413 destitit
3455 4362 3575 4413 esse
3598 4344 3745 4433 quod
3771 4340 3890 4413 iiié-

2322 4449 2443 4503 rat?
2469 4479 2543 4492 --
2567 4443 2836 4505 Arnobius
2854 4446 3005 4502 dixit
3031 4466 3045 4501 :
3076 4446 3319 4518 Sequens
3345 4446 3641 4504 versiculus
3671 4440 3891 4514 indicat.

646 4540 789 4595 nitus
815 4537 911 4594 Dei
956 4538 1143 4594 Sermo
1171 4538 1343 4594 factus
1370 4545 1475 4593 'est
1501 4553 1650 4604 caro,
1679 4548 1735 4594 et
1758 4539 2018 4595 habitavit
2042 4540 2097 4594 in
2117 4553 2218 4595 no-
2241 4548 2295 4611 n
2320 4546 2491 4611 quare
2518 4539 2733 4603 dixerit,
2764 4536 2933 4595 Desiit
2959 4549 3079 4596 esse
3114 4537 3260 4608 quod
3284 4534 3479 4594 fuerat.
3519 4537 3612 4596 ωι
3651 4538 3797 4594 ω
3834 4537 3892 4595 I

646 4626 764 4683 bis?
788 4628 915 4683 Ideo
944 4629 1009 4683 ad
1039 4629 1211 4698 ipsum
1240 4630 1562 4685 referuntur.
1606 4631 1905 4701 Sequamur
1955 4636 2115 4698 nunc,
2161 4639 2218 4688 et
2319 4632 2568 4702 sequenti
2592 4634 2859 4689 sehnone.
2890 4618 3001 4688 Nec
3035 4631 3259 4688 ulterius
3288 4638 3317 4671 ι
3342 4630 3602 4689 ramosa
3625 4632 3794 4688 in.....
3817 4642 3892 4675 ε-ί-

643 4721 768 4793 quid
795 4724 848 4777 in
878 4740 1051 4815 nono_
1057 4724 1298 4815 capitulo
1334 4722 1875 4815 dixeritmrecitemus.
1907 4722 2215 4815 Prophetis-
2320 4721 2584 4795 Serapion
2609 4714 2780 4815 dixit:
2994 4723 3126 4780 mihi
3151 4733 3212 4779 ut
3234 4722 3366 4793 quid
3390 4723 3537 4781 dicat
3815 4753 3893 4815 ιτ-

640 4826 756 4867 sam
774 4820 1015 4873 sanetam
1032 4813 1302 4882 Virginem
1321 4821 1497 4870 vocat.
1522 4813 1736 4870 Christo
1764 4815 1911 4869 enim
1934 4813 2214 4885 om
2318 4815 2589 4872 Aruobim
2606 4813 2742 4869 dixit
2770 4831 2787 4868 ξ
2811 4813 2999 4871 Omnis
3022 4820 3216 4872 natura
3236 4817 3455 4885 generis
3479 4814 3701 4873 ms
3720 4814 3892 4885 ,ηυ-
3915 4840 3922 4851 ·

637 4904 913 4976 prephetae
934 4903 1172 4972 implevit
1192 4902 1442 4960 ofﬁcium.
1467 4903 1600 4960 Item
1625 4904 1679 4959 in
1705 4903 1914 4961 decimo
1934 4904 2167 4976 capitulo
2192 4924 2205 4959 :
2317 4904 2527 4963 autem
2554 4898 2717 4963 habet
2753 4900 3039 4964 aﬂ'e'ctuum
3076 4914 3132 4963 et
3157 4912 3411 4964 sensuum
3442 4925 3455 4961 :
3486 4904 3579 4979 hic
3610 4904 3793 4963 alita!
3830 4894 3890 4959 lu

637 4994 801 5052 Natus
829 4997 971 5052 enim
1002 4994 1108 5067 (ait
1136 4982 1253 5064 ille)
1291 4996 1466 5052 infans
1493 4994 1722 5063 divinus,
1755 4994 1810 5054 et
1836 4996 1983 5053 omni
2009 4992 2211 5053 mundo
2315 4996 2457 5056 hanc
2493 5007 2702 5070 pestem
2741 5014 3013 5069 nunquam
3053 4999 3296 5068 incurrit,
3332 5013 3437 5067 nec
3475 4988 3760 5069 aliquando
3788 4984 3891 5051 ali-

636 5088 1011 5154 excellentior;
1059 5097 1176 5145 erat
1219 5089 1435 5160 quidem
1480 5091 1534 5145 in
1581 5092 1846 5147 eneaboio
1885 5090 2033 5161 (Luc.
2064 5104 2120 5157 tr,
2151 5088 2207 5161 7)
2312 5088 3324 5161 quiddnesuapaasusestvoluntate;
3353 5085 3890 5155 radiata-ipti-

635 5181 949 5251 gremioque
1005 5178 1291 5237 Genitrieis
1349 5190 1572 5253 propter
1622 5192 1826 5238 morem
1881 5180 2207 5237 conditioni
2312 5178 2416 5248 est,
2444 5177 2640 5237 Militia
2665 5182 2974 5255 memque
2996 5178 3153 5237 sane:
3171 5180 3426 5239 om
3452 5180 3574 5255 facit
3596 5176 3657 5235 ἢ
3840 5183 3892 5232 et

634 5264 894 5336 humanm,
925 5269 1017 5325 sed
1037 5273 1129 5343 qui
1156 5280 1273 5328 erat
1300 5273 1461 5328 etiam
1480 5271 1643 5331 Deus.
1658 5302 1730 5314 --
1747 5270 2008 5342 Serapion
2026 5269 2161 5327 dixit
2186 5284 2204 5326 :
2307 5274 2367 5333 in
2397 5270 2552 5342 terra,
2581 5272 2636 5330 ῐιι
2852 5254 2910 5329 tu
2931 5270 3131 5346 mea.
3160 5268 3278 5345 (Ps.
3299 5268 3520 5342 cxxitv,
3538 5254 3622 5346 α).
3646 5304 3721 5320 -
3737 5254 3891 5327 tuat-

632 5349 767 5409 Cum
784 5356 931 5423 dicit,
957 5359 1057 5418 ista
1077 5363 1253 5420 infans
1276 5364 1373 5433 qui
1395 5371 1554 5421 natus
1573 5372 1677 5429 est,
1702 5372 1822 5420 erat
1844 5361 2196 5456 euam'Deus,
2309 5378 2401 5421 θαι
2424 5362 2712 5421 dixerant:
2740 5362 3278 5433 Quomodmviditnus
3300 5352 3657 5434 Serapion”
3695 5364 3891 5421 nam

1738 5556 1891 5615 .ra.
1930 5538 2430 5615 reti-Annam!
2464 5536 2695 5614 item.

703 5745 733 5777 ⁸
759 5738 909 5796 Adeo
928 5743 1287 5812 corruptuset
1307 5737 1735 5811 depravatum
1759 5739 1816 5795 in
1841 5738 2012 5797 veteri
2050 5736 2344 5809 exemplati
2369 5736 2523 5794 locus
2550 5730 2672 5804 iste,
2699 5738 2761 5793 ut
2785 5738 2911 5795 dim
2943 5737 3263 5811 milia!
