4246 6264
363 391 460 447 801

1097 388 1514 456 CONFLICTUS
1557 389 1640 444 DE
1680 389 1814 445 υΕο
1852 379 2057 444 ’1³81Νο
2096 391 2182 446 ΕΤ
2222 393 2376 462 UNO,
2418 397 2566 452 ETC.
2613 397 2738 454 LIB.
2781 396 2841 454 ll.

3514 408 3621 461 302

359 517 470 564 una
496 503 720 562 dedisse
754 503 1010 572 victorias,
1059 507 1221 576 ipsius
1252 523 1382 576 pace
1427 507 1628 562 dictum
1659 509 1747 574 sit,
1791 509 1938 579 pacis
1963 511 2014 570 Δ
2042 526 2136 566 nes
2164 529 2348 569 omnes
2379 515 2554 570 nullus
2592 515 2668 568 uti
2700 518 2886 585 possit,
2911 516 3013 572 nisi
3044 517 3264 585 Augusti
3293 517 3451 573 fuerit
3477 534 3613 589 pra:-

361 598 492 654 ﬁdei
517 606 621 652 tute
648 598 800 653 nobis
828 599 992 653 verbo
1019 605 1175 652 tenus
1215 598 1411 652 lineam
1433 599 1613 664 tende,
1645 606 1704 653 ut
1733 614 1941 655 memo-

364 689 536 746 randa
566 703 676 743 non
704 695 949 757 tegantur
975 687 1206 742 silentio.

439 780 580 834 XXI.
603 813 672 824 -—
692 779 954 835 Arnobius
974 794 1160 834 servus
1178 778 1303 833 Jesu
1321 776 1516 835 Christi
1537 781 1672 836 dixit
1697 799 1708 834 :
1735 782 1867 836 Dum
1891 782 1942 836 in

370 869 658 939 Unigenito
678 870 808 924 duas
828 869 1146 924 confitemur
1175 877 1408 931 naturas,
1433 870 1672 939 duasque
1700 872 1946 924 substan-

366 962 492 1024 tias,
536 959 782 1027 obiicitur
826 959 970 1028 quod
1017 959 1244 1013 alterum
1295 959 1536 1014 dicamus
1584 960 1677 1032 Dei
1726 959 1940 1025 Filium,

366 1053 592 1105 alterum
625 1048 786 1103 ﬁlium
818 1049 1209 1104 hominis.‘Nos
1231 1058 1411 1104 autem
1451 1050 1768 1104 auctoritate
1802 1049 1945 1117 Apo-

364 1143 489 1199 stoli
509 1143 733 1198 dicimus
763 1161 776 1194 :
810 1150 837 1179 ι
867 1141 1010 1195 Deus
1035 1149 1149 1194 erat
1174 1142 1230 1193 in
1259 1139 1462 1194 Christo
1488 1140 1733 1194 mundum
1764 1155 1943 1193 recon-

361 1236 550 1289 cilians
575 1233 670 1287 sibi
695 1232 761 1301 (ll
789 1231 909 1287 Cor.
934 1247 989 1294 v,
1025 1231 1138 1301 l8).
1169 1230 1226 1285 Si
1247 1231 1388 1284 enim
1421 1230 1672 1284 mundum
1701 1229 1943 1285 reconci-

360 1327 531 1389 liavit,
565 1325 640 1379 ita
670 1333 730 1377 ut
759 1323 1043 1378 credentes
1073 1323 1124 1376 in
1154 1336 1214 1376 se
1253 1322 1451 1376 laceret
1481 1320 1618 1374 ﬁlios
1647 1321 1760 1386 Dei,
1787 1321 1814 1358 δ
1845 1321 1938 1374 bo-

359 1416 535 1471 mines
569 1415 756 1483 utique
791 1421 981 1466 natura
1006 1426 1191 1465 servos
1218 1425 1324 1464 non
1346 1411 1441 1464 Dei
1465 1408 1624 1475 ﬁlios,
1645 1418 1770 1464 actu
1787 1411 1946 1464 etiam

359 1521 488 1561 reos
517 1514 571 1560 et
598 1519 699 1574 per
725 1495 1222 1573 prmvaricationem
1253 1502 1408 1571 primi
1438 1501 1669 1556 hominis
1704 1501 1948 1556 inimicos

361 1599 576 1668 generis
618 1598 837 1650 humani
865 1595 1130 1649 obnoxios
1160 1592 1334 1663 (Rom.
1359 1608 1412 1656 ν,
1445 1592 1541 1657 l0;
1586 1591 1733 1646 Rom.
1762 1609 1837 1657 γι,
1863 1591 1945 1658 l6,

365 1689 487 1756 l7);
511 1697 687 1741 tamen
713 1701 806 1755 per
821 1700 972 1739 suam
995 1684 1222 1751 gratiam
1244 1684 1342 1736 hos
1358 1682 1453 1735 Dei
1474 1680 1608 1735 ﬁlios
1629 1680 1750 1736 fecit
1768 1681 1944 1751 (Joan.

366 1795 404 1844 r,
433 1777 540 1844 l2).
568 1776 669 1842 Qui
697 1789 826 1843 ergo
868 1775 1003 1828 alios
1045 1773 1140 1826 Dei
1185 1772 1321 1826 ﬁlios
1362 1771 1505 1834 fecit,
1538 1771 1806 1840 quomodo
1837 1772 1950 1840 ipse

2046 599 2188 655 ditus
2217 601 2489 669 dignitate.
2518 602 2832 673 lmpingitur
2860 606 2960 660 hoc
2989 606 3110 660 loco
3143 625 3154 658 :
3188 605 3327 675 Ergo
3359 596 3617 663 vilis'lana

2045 687 2146 744 fuit
2182 692 2328 760 prius
2373 691 2546 757 Jesus,
2580 703 2634 747 et
2664 693 2898 748 Dealitas
2925 698 3308 764 superveniens
3346 697 3470 754 fecit
3497 714 3619 754 eum

2046 786 2374 852 purpuram!
2400 783 2515 840 Non
2544 786 2616 838 ita
2648 785 2870 840 dicimus
2904 805 2915 838 :
2949 787 3042 840 sed
3081 796 3363 857 antequam
3393 788 3622 858 Spiritus

2049 873 2254 926 veniret
2279 890 2439 942 super
2459 872 2697 937 Mariam,
2731 883 2785 927 et
2807 875 2974 928 virtus
3006 876 3257 930 Altissimi
3279 879 3622 934 obumbraret

2047 974 2207 1026 eam;
2261 970 2315 1015 et
2363 963 2465 1016 hoc
2512 964 2819 1032 conciperet
2863 965 3004 1032 quod
3054 975 3292 1020 sanctum
3341 975 3623 1023 vocaretur

2047 1050 2210 1106 Filius
2241 1052 2330 1105 Dei
2364 1052 2510 1121 (Luc.
2547 1071 2581 1115 ι,
2616 1052 2699 1117 55,
2727 1053 2838 1121 56),
2866 1067 2988 1108 ante
3018 1056 3119 1110 hoc
3159 1057 3486 1124 ipse.uterus
3510 1057 3623 1112 Ma-

2045 1141 2157 1203 riae,
2189 1142 2431 1209 quamvis
2471 1141 2695 1195 mundus
2743 1152 2883 1197 esset
2936 1161 2963 1196 a
3012 1156 3236 1213 peccato
3285 1157 3340 1200 et
3384 1157 3622 1215 sanctus,

2049 1239 2226 1285 tamen
2279 1231 2480 1285 vilitate
2528 1233 2840 1286 humilitatis
2891 1243 3005 1286 erat
3045 1243 3101 1286 ut
3151 1236 3270 1290 lana
3321 1239 3522 1306 optima
3569 1250 3626 1294 et

2050 1323 2483 1392 incomparabilis
2510 1325 2771 1378 universis
2799 1341 2918 1392 qua:
2941 1334 3092 1378 erant
3120 1327 3218 1379 sub
3243 1327 3379 1381 ccelo
3406 1330 3621 1396 virgini-

2048 1414 2149 1468 bus
2181 1433 2193 1465 :
2227 1425 2448 1482 eratque
2489 1413 2608 1466 talis
2649 1429 2710 1467 ac
2738 1422 2904 1477 tanta,
2935 1430 3052 1482 qum
3094 1414 3347 1469 decenter
3375 1425 3429 1470 et
3467 1417 3520 1470 in
3565 1435 3626 1473 se

2051 1501 2363 1556 Dealitatem
2394 1501 2510 1554 Filii
2543 1502 2653 1563 Dei,
2679 1489 2826 1556 isicut
2865 1503 3130 1573 conchylii
3161 1503 3280 1557 lana
3310 1506 3622 1572 sanguinem

2049 1593 2366 1661 susceperit,
2399 1601 2452 1645 et
2481 1592 2592 1659 ipsa
2625 1592 2746 1644 lana
2769 1607 2886 1645 esse
2909 1602 3148 1647 cessaret
3189 1593 3328 1658 lana,
3359 1594 3449 1648 sed
3499 1612 3623 1651 vera

2048 1696 2283 1751 purpura
2331 1693 2427 1749 per
2474 1682 2783 1747 sanguinem
2835 1678 2985 1735 ﬁeret
3032 1691 3404 1737 memoratum.
3443 1682 3463 1722 ί
3509 1683 3625 1743 Non

2052 1773 2194 1827 enim
2223 1772 2364 1832 lana,
2397 1770 2489 1825 sed
2519 1772 2753 1840 pretiosa
2785 1781 2866 1825 est
2908 1771 3064 1840 hujus
3110 1774 3378 1841 sanguinis
3419 1777 3620 1845 capax!

365 1881 476 1921 non
507 1874 594 1920 est
631 1865 796 1918 Filius
824 1863 938 1926 Dei,
968 1863 1230 1916 adunatus
1259 1875 1380 1915 cum
1411 1860 1608 1924 Verbo,
1650 1861 1792 1928 quod
1822 1875 1949 1914 caro
1982 1872 2025 1930 Β
2053 1859 2207 1928 Quod
2236 1863 2279 1915 si
2319 1862 2532 1928 sanguis
2561 1862 2646 1915 hic
2674 1861 2851 1915 lanam
2889 1871 3038 1916 tanta
3067 1863 3345 1932 majestate
3373 1861 3625 1921 sublimat

365 1955 569 2012 luctum
589 1955 782 2023 legitur
802 1952 978 2021 (Joan.
1000 1969 1038 2016 ι,
1065 1952 1180 2021 14);
1211 1951 1446 2005 Verbum
1476 1949 1619 2020 quod
1652 1958 1765 2003 erat
1794 1958 1946 2004 ante-

371 2059 536 2115 quam
577 2045 804 2098 mundus
833 2051 972 2098 esset
1009 2041 1184 2112 (Joan.
1209 2056 1334 2104 xvn,
1368 2039 1451 2107 5);
1490 2052 1510 2077 ο
1543 2039 1776 2093 Verbum
1805 2039 1949 2108 quod

377 2151 488 2192 non
517 2143 600 2190 est
621 2151 650 2189 a
668 2135 949 2204 principio,
973 2133 1066 2187 sed
1091 2134 1143 2186 in
1164 2133 1278 2200 ipso
1298 2131 1558 2200 principio
1581 2145 1796 2199 semper
1819 2129 1946 2194 fuit;

379 2223 615 2280 Verbum
664 2222 806 2293 quod
853 2231 1000 2276 caret
1047 2221 1216 2282 initio,
1246 2219 1337 2273 sed
1367 2221 1537 2288 ipsum
1581 2228 1664 2273 est
1693 2219 1937 2282 initium;

377 2314 616 2369 Verbum
643 2313 786 2382 quod
830 2328 939 2367 non
967 2311 1201 2379 subjacet
1241 2312 1483 2380 tempori,
1519 2311 1602 2364 vel
1651 2318 1946 2375 momento,

375 2405 462 2460 vel
492 2414 692 2467 atomo,
725 2403 807 2461 .vel
834 2411 1050 2473 puncto,
1083 2401 1173 2456 sed
1195 2410 1275 2456 est
1301 2401 1539 2456 omnium
1565 2401 1814 2456 creator?
1834 2398 1948 2453 Hoc

376 2495 612 2550 Verbum
654 2510 760 2549 non
787 2492 1081 2548 amittendo
1110 2493 1608 2562 intemporalitatem
1651 2506 1822 2555 suam,
1855 2489 1949 2546 sed

366 2587 684 2641 sssumendo
715 2585 1060 2654 temporalem
1104 2585 1375 2638 hominem
1427 2583 1742 2652 perlectum,
1773 2581 1950 2652 perfe-

366 2687 482 2733 ctus
502 2677 656 2742 Deus,
676 2676 946 2731 hominem
973 2683 1159 2728 natum
1186 2674 1253 2728 de
1272 2671 1477 2742 Spiritu
1492 2681 1677 2727 sancto
1697 2685 1764 2727 ex
1784 2671 1948 2726 Maria

367 2769 568 2836 virgine
594 2783 690 2838 per
711 2765 1160 2835 onmipotentiam
1192 2762 1344 2831 (Luc.
1376 2779 1412 2825 ι,
1437 2761 1534 2825 35;
1562 2759 1750 2814 Matth.
1776 2777 1813 2825 ι,
1835 2760 1945 2832 90),

367 2858 394 2897 ά
416 2861 540 2930 quia
562 2856 1071 2928 omnipotens'Deus
1097 2855 1173 2908 sic
1195 2854 1358 2907 Pater
1385 2862 1439 2906 et
1463 2853 1692 2922 Spiritus
1719 2861 1945 2908 sanctus.

367 2945 472 3002 Per
499 2947 639 3000 hanc
664 2961 794 3013 ergo
823 2943 1272 3013 omnipotentiam
1302 2955 1456 2996 suam
1484 2943 1653 2997 voluit
1679 2943 1823 3000 hunc
1851 2945 1950 3000 bo—

372 3036 591 3100 minem,
619 3050 779 3102 quem
825 3033 1132 3101 assumpsit,
1164 3033 1268 3086 hoc
1303 3031 1482 3087 facere
1523 3034 1840 3090 assumenda
1883 3048 1949 3090 ex

376 3134 641 3195 tempore,
662 3125 807 3194 quod
828 3125 944 3194 ipse
972 3138 1187 3192 semper
1207 3124 1301 3178 luit
1326 3124 1444 3179 sine
1463 3132 1732 3195 tempore;
1759 3133 1818 3180 ut
1841 3140 1946 3182 non

2053 1967 2150 2020 per
2177 1966 2330 2006 suam
2377 1951 2778 2014 admixtionem,
2811 1961 2870 2006 ut
2900 1952 3032 2007 nulli
3061 1953 3160 2008 hac
3200 1951 3357 2009 liceat
3385 1955 3481 2020 uti,
3523 1957 3623 2013 nisi

2052 2041 2192 2103 huic,
2226 2041 2316 2109 qui
2346 2041 2489 2107 regia
2518 2038 2676 2094 fuerit
2701 2041 2954 2110 praeditus
2981 2043 3262 2110 dignitate;
3287 2054 3487 2112 quanto
3512 2061 3623 2100 ma-

2052 2132 2132 2199 gis
2151 2129 2362 2199 quando
2384 2130 2613 2200 Spiritus
2640 2139 2856 2187 sanctus
2874 2134 3020 2187 venit
3041 2135 3093 2186 in
3121 2133 3359 2199 Mariam,
3385 2145 3438 2189 et
3460 2131 3625 2195 virtus

2051 2221 2306 2277 Altissimi
2337 2222 2673 2276 obumbravit
2701 2235 2839 2285 eam,
2873 2223 2978 2278 hoc
3005 2231 3030 2270 σ
3059 2225 3201 2292 quod
3232 2234 3414 2278 natum
3444 2234 3527 2280 est
3554 2241 3620 2280 ex

2052 2329 2115 2369 ea
2160 2315 2222 2367 de
2264 2315 2456 2367 semine
2494 2313 2664 2367 David
2705 2314 2978 2368 secundum
3023 2332 3227 2370 carnem
3257 2314 3431 2385 (Rom.
3476 2333 3512 2379 ι,
3545 2315 3621 2386 5),

2052 2403 2233 2459 secum
2264 2402 2390 2457 fecit
2426 2399 2616 2456 Filium
2646 2403 2761 2467 Dei,
2796 2411 2853 2457 ut
2881 2405 2956 2460 sic
2985 2414 3125 2459 esset
3166 2405 3330 2460 Maria
3359 2407 3621 2470 θεοτόκος,

2051 2495 2187 2550 sicut
2222 2493 2590 2568 Xpwroréxoc?
2633 2489 2765 2558 Quia
2797 2503 2920 2547 ante
2970 2494 3190 2548 Mariam
3216 2494 3241 2531 ιι
3268 2481 3623 2550 Γιιετιιιιιίιιίω

2051 2585 2408 2648 christotoczn,
2441 2582 2533 2639 sed
2587 2598 2691 2637 non
2734 2582 2984 2652 Virgines,
3028 2601 3128 2639 nec
3167 2600 3230 2638 ex
3273 2583 3472 2659 Spiritu
3499 2602 3622 2639 san-

2051 2688 2157 2742 cto,
2187 2690 2286 2730 nec
2313 2675 2511 2730 virtute
2540 2675 2796 2729 Altissimi
2816 2677 3188 2730 obumbrante.
3221 2675 3345 2730 Haec
3366 2685 3542 2730 autem
3565 2685 3622 2734 et

2049 2767 2381 2844 Χριστοτὸκος
2402 2774 2483 2821 est
2503 2767 2636 2831 sola,
2662 2774 2716 2818 et
2735 2769 2996 2831 Θεοτὸκος,
3021 2767 3131 2820 sola
3156 2768 3321 2835 virgo,
3337 2781 3404 2821 ex
3424 2763 3622 2836 Spiritu

2051 2870 2238 2916 sancto
2266 2867 2320 2914 et
2362 2861 2557 2913 virtute
2588 2857 2843 2912 Altissimi
2874 2859 3199 2926 concipiens.

2121 2949 2280 3005 XXII.
2302 2982 2375 2993 —
2392 2945 2650 3017 Objicitur
2679 2963 2816 3002 nunc
2838 2947 2903 3001 de
2933 2948 3318 3003 tentationibus
3339 2959 3392 3003 et
3421 2949 3623 3019 passio-

2049 3041 2204 3096 nibus
2232 3039 2346 3108 ejus
2376 3057 2388 3090 :
2423 3035 2610 3090 Utrum
2658 3037 2772 3106 ipsa
2798 3035 3032 3091 Dealitas
3061 3036 3218 3092 simul
3254 3038 3270 3075 ί
3306 3039 3623 3108 interpreta-

2049 3132 2199 3187 tione
2224 3130 2510 3194 diabolica,
2543 3127 2704 3183 luerit
2746 3129 2799 3182 in
2839 3129 3089 3198 passione
3119 3127 3356 3184 Iudaica.
3391 3129 3470 3183 Ad
3509 3130 3623 3186 haec

373 3218 581 3289 possint
603 3217 714 3286 jam
739 3215 840 3271 dici
869 3216 976 3270 duo
1003 3215 1114 3280 lilii,
1139 3217 1272 3270 alius
1291 3225 1418 3272 ante
1449 3227 1684 3287 tempora
1710 3220 1942 3288 genitus,
1969 3236 2016 3298 ο
2049 3223 2172 3277 audi
2196 3222 2512 3292 prophetam
2542 3228 2821 3274 canentem
2857 3238 2868 3272 :
2901 3219 3182 3286 Quomodo
3203 3219 3455 3276 Dominus
3485 3231 3623 3276 amat

371 3317 428 3364 et
452 3309 591 3364 alius
619 3316 777 3364 natus
813 3323 880 3364 ex
924 3317 1193 3376 tempore;
1225 3309 1318 3363 sed
1348 3324 1485 3364 unus
1526 3311 1621 3365 Dei
1651 3311 1815 3367 Filius
1844 3311 1943 3368 Do-
2037 3314 2311 3386 judicium,
2341 3323 2390 3368 et
2416 3329 2518 3368 non
2548 3311 2863 3384 derelinquet
2902 3321 3105 3368 sanctos
3143 3317 3261 3368 suos
3293 3311 3406 3386 (Ps.
3440 3313 3619 3381 xxim,

369 3400 544 3456 minus
583 3399 738 3455 Jesus
777 3398 1038 3454 Christus.
1069 3398 1196 3454 Inde
1223 3411 1305 3454 est
1331 3401 1474 3469 quod
1517 3402 1717 3457 dictum
1763 3411 1848 3458 est
1875 3404 1942 3458 ab
2043 3403 2157 3474 28).
2189 3403 2339 3458 Addo
2388 3402 2531 3458 aliud
2565 3421 2578 3456 :
2611 3401 2668 3458 Si
2710 3418 2816 3459 non
2865 3395 3063 3460 d‘ese'rti
3105 3403 3228 3458 sunt
3258 3413 3364 3458 tres
3394 3405 3542 3474 pueri
3568 3405 3620 3458 in

371 3489 628 3561 Apostolo
657 3510 669 3544 :
693 3489 764 3544 Et
793 3494 838 3546 si
866 3493 1190 3562 cognovimus
1217 3491 1494 3545 Dominum
1533 3491 1711 3546 Iesum
1756 3512 1940 3550 secun-

374 3581 491 3636 dum
517 3597 742 3648 carnem,
779 3593 802 3619 ο
831 3573 923 3636 sed
961 3597 1096 3634 nunc
1114 3582 1226 3651 jam
1265 3595 1368 3635 non
1390 3583 1618 3636 novimus
1645 3581 1710 3652 (ll
1739 3582 1856 3637 Cor.
1889 3601 1940 3651 v,

290 3694 301 3703 ·
373 3671 480 3741 16).
505 3672 666 3738 Quasi
693 3673 812 3741 quis
831 3673 974 3727 dicat
999 3690 1010 3723 :
1035 3670 1104 3724 Et
1126 3673 1171 3725 si
1189 3672 1538 3739 cognovimus
1568 3673 1742 3726 lanam
1771 3677 1945 3743 prius-

375 3776 530 3832 quam
551 3763 617 3818 ad
637 3764 949 3818 mixtionem
971 3763 1238 3832 conchylii
1266 3761 1414 3816 ﬁeret
1433 3778 1664 3832 purpura
1687 3782 1697 3815 :
1717 3765 1809 3818 sed
1832 3766 1944 3834 jam

375 3865 480 3909 non
507 3855 750 3910 novimus
777 3854 975 3918 lanam,
1007 3853 1104 3908 sed
1133 3868 1439 3922 purpuram,
1465 3867 1570 3921 qua
1601 3854 1740 3909 inter
1767 3855 1941 3910 homi-

2045 3494 2256 3549 camino
2295 3494 2450 3563 ignis,
2482 3489 2709 3561 sedipse
2735 3495 2824 3562 qui
2846 3507 3059 3562 semper
3083 3491 3179 3544 fuit
3209 3492 3372 3545 Filius
3401 3493 3512 3556 Dei,
3547 3493 3619 3546 ibi

2051 3585 2066 3634 l
2105 3585 2244 3639 inter
2272 3591 2381 3638 tres
2408 3591 2629 3652 quartus
2672 3583 2918 3649 apparuit
2965 3582 3124 3650 (Dan.
3159 3593 3233 3641 ιιι,
3267 3581 3388 3646 92);
3421 3590 3622 3648 quanto

2049 3675 2218 3741 magis
2266 3689 2374 3727 non
2403 3671 2684 3738 dereliquit
2710 3668 2961 3722 Sanctum
3003 3677 3175 3732 suam,
3209 3671 3327 3720 cum
3367 3670 3527 3736 cuipit
3566 3670 3618 3724 in

2048 3763 2202 3817 vulva
2233 3761 2466 3826 Virginis
2494 3758 2724 3826 concipi,
2771 3764 2825 3809 et
2853 3771 2971 3809 cum
3005 3765 3257 3809 nascente
3286 3758 3452 3822 nasci,
3499 3773 3620 3812 cum

2050 3856 2278 3908 lactante
2305 3850 2514 3915 lactari,
2536 3865 2659 3905 cum
2685 3857 2959 3904 crescente
2986 3850 3265 3904 crescere?
3292 3847 3409 3918 lpse
3438 3850 3620 3918 utique

1531 3985 1639 4042 FR.
1683 3986 2158 4045 FEU-ARDE'NTII
2196 3985 2422 4042 ΝΟΤίΕ.

452 4129 479 4158 ι
508 4119 622 4174 Hoc
647 4117 794 4190 Pauli
822 4119 1180 4190 testimonium
1209 4135 1240 4173 a
1271 4117 1482 4190 Cyrillo
1511 4119 1736 4188 aliisque
1770 4118 1946 4190 Ephe-

378 4190 484 4247 sini
503 4189 713 4245 concilii
736 4187 973 4259 Patribus
994 4203 1096 4259 non
1119 4189 1283 4243 semel
1309 4187 1637 4259 producitur,
1651 4187 1727 4242 ad
1757 4187 1949 4243 contir-

377 4259 630 4340 mandam
661 4256 1088 4340 unicanl'Christi
1119 4259 1169 4310 in
1193 4256 1396 4313 duabus
1422 4259 1735 4314 substantiis
1764 4275 1944 4328 perso-

376 4345 522 4395 nam,
549 4329 806 4382 adversus
843 4327 1160 4381 Nestorium.

449 4399 475 4439 δ
508 4399 673 4453 Vetus
701 4397 892 4463 codex,
923 4399 1162 4451 hominis.

449 4483 468 4507 ε
496 4468 773 4539 Temporis
793 4467 1043 4521 nimirum
1065 4476 1154 4520 aut
1174 4465 1486 4539 durationis,
1501 4464 1946 4534 quemadmodum

2051 4119 2243 4181 Maria,
2273 4118 2382 4184 sed,
2415 4129 2532 4182 etc.,
2566 4125 2658 4172 aut
2696 4124 2842 4173 certe
2871 4117 3054 4171 mutila
3083 4125 3164 4171 est
3191 4123 3474 4174 sententia.

2124 4199 2148 4237 ε
2180 4190 2379 4244 Nomen
2405 4187 2572 4241 David
2603 4203 2706 4241 non
2749 4197 2830 4243 est
2853 4188 2904 4240 in
2935 4195 3038 4241 vet.
3069 4189 3188 4242 eod.
3219 4187 3479 4245 Caeterum
3512 4192 3620 4248 Au-

2050 4261 2318 4327 gustinus,
2352 4259 2441 4310 lib.
2476 4273 2510 4311 ll
2560 4266 2704 4327 cont.
2750 4255 3017 4320 Faustum,
3049 4273 3166 4327 cap.
3222 4257 3274 4322 4,
3308 4267 3529 4316 testatur
3565 4265 3621 4318 in

2052 4323 2260 4399 aliquot
2297 4327 2568 4399 codicibus
2600 4323 2801 4381 Latinis
2823 4327 2998 4399 fuisse,
3034 4323 3215 4399 uatum
3236 4345 3299 4381 ea:
3325 4332 3532 4397 semine,
3562 4341 3624 4387 ut

2051 4397 2290 4465 hic'legit
2333 4397 2643 4450 Arnobius:
2677 4399 2802 4462 non,
2847 4398 3058 4468 factum,
3103 4405 3159 4450 ut
3204 4397 3365 4451 habet
3397 4399 3619 4469 Vulgata

2051 4468 2213 4519 editio
2254 4473 2452 4519 nostra‘.

2051 4469 2213 4523 editio
2254 4473 2452 4519 nostra‘.

378 4539 552 4606 angeli
591 4525 889 4607 caeteraque
928 4545 1119 4610 creata
1145 4553 1212 4590 ex
1255 4535 1437 4599 nihilo,
1471 4525 1948 4610 qumacceperunt
1980 4525 2027 4584 D
2121 4534 2246 4610 h_Et
2275 4538 2434 4610 hoc__a
2463 4534 3029 4610 Cyrillodesumptum
3057 4546 3138 4591 est
3169 4535 3237 4610 ad
3264 4535 3482 4610 {Egypti
3505 4557 3622 4597 mo-

379 4605 500 4663 esse
523 4617 641 4676 post
666 4622 773 4660 non
799 4605 933 4662 esse.
965 4607 1068 4676 Sed
1108 4607 1242 4660 bene
1281 4613 1362 4660 est
1390 4620 1418 4656 a
1448 4605 1708 4676 principio
1749 4606 1941 4674 produ-

378 4675 538 4732 cente
565 4685 618 4731 et
644 4685 950 4744 generante,
994 4675 1152 4730 Patre
1198 4676 1399 4730 scilicet
1437 4675 1616 4727 divino
1653 4693 1664 4726 :
1697 4677 1947 4744 quoniam

377 4748 521 4816 solus
551 4746 710 4800 Pater
737 4762 766 4799 a
805 4748 979 4816 seipso
1026 4753 1127 4816 est,
1157 4745 1321 4799 Filius
1350 4752 1525 4798 autem
1557 4760 1585 4798 a
1631 4744 1808 4811 Patre,
1843 4761 1947 4798 non

379 4815 564 4881 factus,
594 4825 687 4870 aut
714 4815 941 4878 creatus,
973 4815 1066 4870 sed
1096 4816 1323 4883 genitus.

377 4885 472 5010 ut:
492 4887 629 5010 Qurid
655 4887 1042 4993 sigadderelnus
1069 4885 1136 4939 ad
1165 4883 1520 4954 expletionem
1542 4899 1748 4950 sensus,
1773 4886 1846 4939 sic
1865 4902 1949 4938 va-

431 4974 448 5009 ι
488 4966 542 5010 et
590 4967 711 5010 erit.

431 4957 470 5009 it
488 4966 542 5010 et
570 4958 724 5010 fecit?

450 4959 822 5079 viginti-inus
848 5024 1157 5078 adverbium
1199 5039 1352 5088 nunc,
1380 5038 1450 5093 ex
1474 5024 1589 5092 ipso
1633 5032 1778 5078 textu
1806 5024 1949 5093 Apo-

380 5095 541 5157 stoli;
571 5097 696 5148 item
721 5111 786 5149 ex
805 5094 1026 5159 Cyrillo,
1054 5095 1125 5146 ita
1149 5109 1214 5147 ex
1242 5108 1308 5147 eo
1329 5091 1581 5147 adversus
1609 5091 1951 5147 Nestorianos

381 5161 876 5234 disserente._Quid
904 5174 997 5225 est,
1029 5163 1255 5227 obseCro,
1303 5162 1437 5234 quod
1469 5161 1663 5216 Paulus
1709 5164 1790 5234 hic
1837 5163 1952 5234 ait?

383 5231 650 5305 1_V_unquid
688 5232 943 5286 Christum
977 5242 1118 5305 Δνοτε
1171 5231 1588 5305 resurrectionem
1649 5231 1955 5303 inﬁciaturl

381 5300 579 5356 Nonne
615 5304 756 5356 illum
795 5300 1072 5356 secundum
1100 5317 1304 5355 carnem
1333 5300 1714 5364 resuscitatum,
1747 5315 1954 5372 cumque

377 5373 558 5443 eadem
583 5375 636 5426 in
657 5374 838 5428 cretum
858 5375 1160 5443 profectum,
1186 5389 1245 5424 ac
1265 5373 1524 5443 o‘liminde
1544 5381 1805 5424 venturum
1832 5373 1954 5422 scie-

377 5441 506 5497 bat!
525 5440 787 5514 Quomodo
808 5440 966 5514 igitur
990 5440 1181 5514 iliuiu
1210 5441 1483 5496 secundum
1499 5457 1709 5514 carnem
1737 5458 1789 5494 se
1809 5456 1955 5493 nosse

376 5517 566 5583 negat?
593 5511 853 5577 Quoniam
876 5511 1030 5566 simul
1059 5521 1209 5581 atque
1235 5528 1299 5583 ea:
1323 5512 1536 5564 mortuis
1566 5513 1836 5583 revixerat,
1866 5525 1952 5583 sa;-

317 5626 319 5628 .
378 5581 476 5636 tius
503 5592 614 5635 erat
634 5599 700 5636 ex
720 5583 892 5636 divina
921 5583 1197 5635 eminentia
1220 5582 1364 5635 illum
1385 5589 1435 5634 et
1462 5596 1611 5634 nosse
1630 5581 1952 5650 etiproﬁteri,

558 5669 621 5705 ea:
651 5655 825 5705 carnis
854 5653 1174 5720 inﬁrmitate.
1206 5651 1348 5704 Unus
1370 5652 1537 5720 itaque
1560 5659 1636 5704 est
1655 5649 1885 5720 Christus
1908 5659 1956 5720 et

427 5721 550 5775 ilius
574 5731 624 5774 et
656 5718 1074 5789 DominustLib.
1107 5738 1142 5774 ll
1173 5721 1235 5773 de
1270 5721 1426 5790 Recta
1449 5718 1582 5773 Fide
1611 5719 1688 5790 ad
1710 5718 1954 5790 reginas).

454 5790 474 5829 ι
499 5791 602 5847 νει
639 5790 965 5854 addendum,
1009 5789 1357 5845 tantummodo
1395 5790 1508 5844 vilis
1547 5798 1596 5842 et
1640 5789 1838 5856 objecta
1886 5795 1962 5839 est

2051 4607 2249 4661 nachos
2278 4604 2543 4674 scribente
2582 4623 2592 4656 :
2628 4604 2700 4658 Ab
2739 4623 2796 4658 eo
2825 4604 2960 4674 quod
2987 4608 3178 4660 iuuucti
3207 4604 3624 4674 sumus','Christi

2051 4677 2387 4749 appellamur.
2426 4669 3214 4749 D'nctiouemlmbetisusancto
3261 4669 3498 4749 (lAJoan.
3537 4684 3618 4749 ιι).

2054 4742 2178 4816 Ipsa
2207 4746 2389 4819 unctio
2420 4744 2564 4797 docet
2584 4760 2695 4819 eos.
2731 4742 2870 4814 Ergo
2893 4744 3023 4796 nihil
3052 4746 3238 4814 faceret
3270 4742 3505 4812 'absurdi,
3535 4742 3620 4819 qui

2051 4813 2334 4890 Eromiscue
2360 4813 2695 4890 quorumlibet
2721 4813 2986 4890 unetorum
3008 4813 3199 4890 matres
3227 4813 3623 4890 meme-.36,“

2051 4882 2416 4952 Christiptzrtzs,
2460 4883 2721 4952 appellare
2770 4885 2995 4936 animum
3023 4882 3319 4952 induceret,
3351 4896 3443 4938 etc.
3491 4885 3620 4937 Sola

2054 4951 2392 5024 auteminter
2433 4951 2605 5024 omnes
2635 4970 2783 5006 sacra
2825 4952 2978 5024 Virgo
3009 4951 3329 5022 Christipara
3368 4953 3518 5006 simul
3560 4970 3624 5004 ac

2058 5023 2284 5094 Deipara
2307 5022 2596 5094 appellatur
2623 5029 2671 5075 et
2692 5038 2800 5094 esse
2827 5022 3160 5094 dignoscitur.

2133 5087 2166 5129 ί’
2183 5087 2474 5145 LubentiUs
2500 5091 2749 5159 legerem,
2776 5093 2829 5143 in
2853 5087 3126 5144 téntatione
3149 5107 3165 5142 :
3189 5087 3478 5157 praesertim
3499 5102 3623 5141 cum

2055 5161 2661 5233 paulopost‘scribatur,
2687 5177 2797 5212 cum
2830 5167 3019 5213 tentato
3044 5166 3258 5233 tentatus
3278 5164 3370 5208 est.

2130 5233 2142 5281 i
2184 5221 2675 5286 Nabuchodonosor
2722 5241 2949 5296 namque
2997 5225 3319 5296 exclamasse
3348 5221 3576 5296 refertur
3605 5246 3623 5280 :

2056 5301 2192 5354 Ecce
2219 5301 2359 5354 video
2388 5309 2604 5371 quatuor
2624 5299 2755 5351 viros
2787 5290 2994 5371 satiatis,
3019 5290 3410 5371 cei-ambulantes
3437 5295 3492 5347 in
3513 5314 3622 5371 me-

2057 5373 2140 5441 dio
2169 5372 2323 5441 ignis,
2347 5361 2611 5441 et'speeies
2634 5367 2800 5441 quarti
2819 5363 3005 5441 similis
3020 5361 3166 5441 ilio
3188 5361 3417 5441 Dei.'_S_i_c
3441 5371 3496 5441 e_t
3514 5366 3626 5441 Ire—

2057 5427 2214 5513 ῃςιξιιξ
2232 5427 2429 5511 Μαι-ψ’
2448 5427 2702 5513 judicavit
2729 5433 2964 5513 scribens
3141 5448 3213 5513 ιγ,
3236 5449 3280 5486 c.
3308 5434 3418 5513 $7).
3445 5433 3628 5513 Patris

2065 5509 2282 5562 Verbum
2313 5500 2413 5562 no'n
2445 5500 2495 5559 in
2520 5522 2622 5557 una
2643 5503 2810 5572 ﬁgura
2836 5500 2957 5554 olim
2981 5500 3259 5572 uidebatur,
3280 5500 3411 5559 sicut
3438 5505 3493 5558 in
3513 5505 3635 5566 Da-.

2058 5580 2188 5632 uiele
2229 5581 2471 5645 scriptum
2515 5581 2608 5635 est,
2641 5569 2883 5645 assistens
2924 5569 3081 5645 tribus
3120 5575 3291 5645 pueris
3329 5576 3384 5627 in
3411 5575 3636 5645 fornace.

2056 5650 2210 5711 ignis,
2237 5658 2287 5702 et
2322 5637 2548 5711 liberans
2572 5654 2674 5711 eos.
2709 5637 2777 5692 Et
2796 5637 3150 5697 Tertullianus
3183 5661 3195 5694 :
3225 5641 3330 5711 llic
3356 5637 3464 5694 erat
3490 5643 3637 5694 visus-

2105 5709 2506 5786 abyloniqo__regi
2532 5709 2836 5786 infamat}:
2857 5725 2968 5786 cum
2997 5710 3304 5781 martyribus
3341 5711 3446 5763 suis
3465 5723 3634 5778 quar—

2065 5775 2294 5849 tssfctc.
2324 5775 2510 5832 Lib.iv
2542 5775 2754 5831 advers.
2784 5777 3128 5833 lareionem.
