  <div class='ocr_page' id='page_1' title='image "/cluster/home/n/w/nwhite01/storage/ocr_20150623/53/hvd.32044073505232/157.png"; bbox 0 0 4246 6264; ppageno 0'>
   <div class='ocr_carea' id='block_1_1' title="bbox 662 320 2252 407">
    <p class='ocr_par' dir='ltr' id='par_1_1' title="bbox 662 320 2252 407">
     <span class='ocr_line' id='line_1_1' title="bbox 662 320 2252 407; baseline -0.001 -16"><span class='ocrx_word' id='word_1_1' title='bbox 662 344 769 407; x_wconf 69' lang='lat'><strong>303</strong></span> <span class='ocrx_word' id='word_1_2' title='bbox 1987 320 2252 391; x_wconf 72' lang='lat' dir='ltr'><strong>ARNOBH</strong></span> 
     </span>
    </p>
   </div>
   <div class='ocr_carea' id='block_1_2' title="bbox 2312 320 3930 407">
    <p class='ocr_par' dir='ltr' id='par_1_2' title="bbox 2312 322 3930 389">
     <span class='ocr_line' id='line_1_2' title="bbox 2312 322 3930 389; baseline 0 0"><span class='ocrx_word' id='word_1_3' title='bbox 2312 322 2597 389; x_wconf 81' lang='lat' dir='ltr'><strong>lUNlORiS</strong></span> <span class='ocrx_word' id='word_1_4' title='bbox 3827 326 3930 389; x_wconf 69' lang='lat'><strong>304</strong></span> 
     </span>
    </p>
   </div>
   <div class='ocr_carea' id='block_1_3' title="bbox 661 437 3930 521">
    <p class='ocr_par' dir='ltr' id='par_1_3' title="bbox 661 437 3930 521">
     <span class='ocr_line' id='line_1_3' title="bbox 661 437 3930 521; baseline -0.008 0"><span class='ocrx_word' id='word_1_5' title='bbox 661 478 687 505; x_wconf 70' lang='grc' dir='ltr'>ι</span> <span class='ocrx_word' id='word_1_6' title='bbox 710 481 831 521; x_wconf 91' lang='lat' dir='ltr'><strong>cum</strong></span> <span class='ocrx_word' id='word_1_7' title='bbox 854 464 1056 518; x_wconf 78' lang='lat' dir='ltr'><strong>tentato</strong></span> <span class='ocrx_word' id='word_1_8' title='bbox 1078 463 1313 512; x_wconf 87' lang='lat' dir='ltr'><strong>tentatus</strong></span> <span class='ocrx_word' id='word_1_9' title='bbox 1332 461 1433 517; x_wconf 89' lang='lat' dir='ltr'><strong>est,</strong></span> <span class='ocrx_word' id='word_1_10' title='bbox 1457 460 1513 506; x_wconf 91' lang='lat' dir='ltr'><strong>et</strong></span> <span class='ocrx_word' id='word_1_11' title='bbox 1531 464 1656 505; x_wconf 93' lang='lat' dir='ltr'><strong>cum</strong></span> <span class='ocrx_word' id='word_1_12' title='bbox 1674 445 1931 503; x_wconf 82' lang='lat' dir='ltr'><strong>erucifixo</strong></span> <span class='ocrx_word' id='word_1_13' title='bbox 1954 445 2241 501; x_wconf 86' lang='lat' dir='ltr'><strong>cruciﬁxus</strong></span> <span class='ocrx_word' id='word_1_14' title='bbox 2266 448 2318 508; x_wconf 79' lang='grc' dir='ltr'>Α</span> <span class='ocrx_word' id='word_1_15' title='bbox 2343 447 2526 512; x_wconf 92' lang='lat' dir='ltr'><strong>morti,</strong></span> <span class='ocrx_word' id='word_1_16' title='bbox 2556 453 2615 499; x_wconf 93' lang='lat' dir='ltr'><strong>ut</strong></span> <span class='ocrx_word' id='word_1_17' title='bbox 2656 440 2922 514; x_wconf 76' lang='lat' dir='ltr'><strong>relinquat</strong></span> <span class='ocrx_word' id='word_1_18' title='bbox 2948 449 3218 497; x_wconf 91' lang='lat' dir='ltr'><strong>mortuum</strong></span> <span class='ocrx_word' id='word_1_19' title='bbox 3255 447 3311 496; x_wconf 88' lang='lat' dir='ltr'><strong>et</strong></span> <span class='ocrx_word' id='word_1_20' title='bbox 3337 437 3611 510; x_wconf 88' lang='lat' dir='ltr'><strong>sepultum</strong></span> <span class='ocrx_word' id='word_1_21' title='bbox 3638 439 3816 510; x_wconf 82' lang='lat' dir='ltr'><strong>(Joan.</strong></span> <span class='ocrx_word' id='word_1_22' title='bbox 3851 457 3930 507; x_wconf 78' lang='lat' dir='ltr'><strong>xi,</strong></span> 
     </span>
    </p>
   </div>
   <div class='ocr_carea' id='block_1_4' title="bbox 661 529 3929 622">
    <p class='ocr_par' dir='ltr' id='par_1_4' title="bbox 661 529 3929 622">
     <span class='ocr_line' id='line_1_4' title="bbox 661 529 3929 622; baseline -0.008 -10"><span class='ocrx_word' id='word_1_23' title='bbox 661 565 764 622; x_wconf 77' lang='lat' dir='ltr'><strong>est.</strong></span> <span class='ocrx_word' id='word_1_24' title='bbox 809 551 1070 621; x_wconf 87' lang='lat' dir='ltr'><strong>Objicitur</strong></span> <span class='ocrx_word' id='word_1_25' title='bbox 1101 566 1112 600; x_wconf 91' lang='lat'>:</span> <span class='ocrx_word' id='word_1_26' title='bbox 1144 544 1428 612; x_wconf 84' lang='lat' dir='ltr'><strong>Quomodo</strong></span> <span class='ocrx_word' id='word_1_27' title='bbox 1482 554 1611 610; x_wconf 87' lang='lat' dir='ltr'><strong>ergo</strong></span> <span class='ocrx_word' id='word_1_28' title='bbox 1651 540 1820 595; x_wconf 90' lang='lat' dir='ltr'><strong>Deum</strong></span> <span class='ocrx_word' id='word_1_29' title='bbox 1858 539 2237 610; x_wconf 86' lang='lat' dir='ltr'><strong>impassibilem</strong></span> <span class='ocrx_word' id='word_1_30' title='bbox 2341 534 2428 600; x_wconf 79' lang='grc'><strong>55,</strong></span> <span class='ocrx_word' id='word_1_31' title='bbox 2447 535 2558 602; x_wconf 72' lang='grc'><strong>44).</strong></span> <span class='ocrx_word' id='word_1_32' title='bbox 2581 535 2773 600; x_wconf 84' lang='lat' dir='ltr'><strong>Unam,</strong></span> <span class='ocrx_word' id='word_1_33' title='bbox 2795 549 2900 605; x_wconf 90' lang='lat' dir='ltr'><strong>qua</strong></span> <span class='ocrx_word' id='word_1_34' title='bbox 2921 534 3170 588; x_wconf 88' lang='lat' dir='ltr'><strong>venditur</strong></span> <span class='ocrx_word' id='word_1_35' title='bbox 3189 549 3220 587; x_wconf 89' lang='lat' dir='ltr'><strong>a</strong></span> <span class='ocrx_word' id='word_1_36' title='bbox 3243 531 3508 601; x_wconf 89' lang='lat' dir='ltr'><strong>discipqu</strong></span> <span class='ocrx_word' id='word_1_37' title='bbox 3532 529 3749 602; x_wconf 77' lang='lat' dir='ltr'><strong>(Matth.</strong></span> <span class='ocrx_word' id='word_1_38' title='bbox 3769 547 3929 596; x_wconf 79' lang='lat' dir='ltr'><strong>xxvi;</strong></span> 
     </span>
    </p>
   </div>
   <div class='ocr_carea' id='block_1_5' title="bbox 658 630 2235 709">
    <p class='ocr_par' dir='ltr' id='par_1_5' title="bbox 658 630 2235 709">
     <span class='ocr_line' id='line_1_5' title="bbox 658 630 2235 709; baseline -0.01 -9"><span class='ocrx_word' id='word_1_39' title='bbox 658 644 896 700; x_wconf 77' lang='lat' dir='ltr'><strong>asseritis</strong></span> <span class='ocrx_word' id='word_1_40' title='bbox 940 640 1032 709; x_wconf 85' lang='lat' dir='ltr'><strong>qui</strong></span> <span class='ocrx_word' id='word_1_41' title='bbox 1077 635 1251 691; x_wconf 80' lang='lat' dir='ltr'><strong>dicitis</strong></span> <span class='ocrx_word' id='word_1_42' title='bbox 1289 632 1447 688; x_wconf 88' lang='lat' dir='ltr'><strong>simul</strong></span> <span class='ocrx_word' id='word_1_43' title='bbox 1494 639 1806 699; x_wconf 88' lang='lat' dir='ltr'><strong>conceptus,</strong></span> <span class='ocrx_word' id='word_1_44' title='bbox 1850 630 2006 684; x_wconf 87' lang='lat' dir='ltr'><strong>simul</strong></span> <span class='ocrx_word' id='word_1_45' title='bbox 2058 639 2235 696; x_wconf 90' lang='lat' dir='ltr'><strong>natus,</strong></span> 
     </span>
    </p>
   </div>
   <div class='ocr_carea' id='block_1_6' title="bbox 592 711 2237 794">
    <p class='ocr_par' dir='ltr' id='par_1_6' title="bbox 592 711 2237 794">
     <span class='ocr_line' id='line_1_6' title="bbox 592 711 2237 794; baseline -0.011 -3"><span class='ocrx_word' id='word_1_46' title='bbox 592 729 601 763; x_wconf 74' lang='grc' dir='ltr'><strong><em>ί</em></strong></span> <span class='ocrx_word' id='word_1_47' title='bbox 643 711 815 791; x_wconf 65' lang='grc' dir='ltr'>ἐίιιιιιι</span> <span class='ocrx_word' id='word_1_48' title='bbox 843 739 926 787; x_wconf 88' lang='lat' dir='ltr'><strong>est</strong></span> <span class='ocrx_word' id='word_1_49' title='bbox 953 739 1009 784; x_wconf 90' lang='lat' dir='ltr'><strong>et</strong></span> <span class='ocrx_word' id='word_1_50' title='bbox 1036 735 1295 790; x_wconf 87' lang='lat' dir='ltr'><strong>tentatus,</strong></span> <span class='ocrx_word' id='word_1_51' title='bbox 1326 732 1382 779; x_wconf 91' lang='lat' dir='ltr'><strong>et</strong></span> <span class='ocrx_word' id='word_1_52' title='bbox 1407 738 1615 794; x_wconf 89' lang='lat' dir='ltr'><strong>passus,</strong></span> <span class='ocrx_word' id='word_1_53' title='bbox 1653 730 1709 777; x_wconf 90' lang='lat' dir='ltr'><strong>et</strong></span> <span class='ocrx_word' id='word_1_54' title='bbox 1735 736 1960 792; x_wconf 86' lang='lat' dir='ltr'><strong>prorsus</strong></span> <span class='ocrx_word' id='word_1_55' title='bbox 1979 720 2237 775; x_wconf 89' lang='lat' dir='ltr'><strong>Sanctum</strong></span> 
     </span>
    </p>
   </div>
   <div class='ocr_carea' id='block_1_7' title="bbox 597 808 2240 888">
    <p class='ocr_par' dir='ltr' id='par_1_7' title="bbox 597 808 2240 888">
     <span class='ocr_line' id='line_1_7' title="bbox 597 808 2240 888; baseline -0.01 -9"><span class='ocrx_word' id='word_1_56' title='bbox 597 832 606 838; x_wconf 85' lang='lat'><em>‘</em></span> <span class='ocrx_word' id='word_1_57' title='bbox 653 838 809 879; x_wconf 89' lang='lat' dir='ltr'><strong>suum</strong></span> <span class='ocrx_word' id='word_1_58' title='bbox 841 833 1112 888; x_wconf 85' lang='lat' dir='ltr'><strong>nunquam</strong></span> <span class='ocrx_word' id='word_1_59' title='bbox 1141 814 1408 870; x_wconf 86' lang='lat' dir='ltr'><strong>deseruit?</strong></span> <span class='ocrx_word' id='word_1_60' title='bbox 1449 810 1809 881; x_wconf 85' lang='lat' dir='ltr'><strong>Respondebo</strong></span> <span class='ocrx_word' id='word_1_61' title='bbox 1842 828 1855 862; x_wconf 89' lang='lat'>:</span> <span class='ocrx_word' id='word_1_62' title='bbox 1888 808 2094 864; x_wconf 87' lang='lat' dir='ltr'><strong>Memor</strong></span> <span class='ocrx_word' id='word_1_63' title='bbox 2119 823 2240 863; x_wconf 89' lang='lat' dir='ltr'><strong>esse</strong></span> 
     </span>
    </p>
   </div>
   <div class='ocr_carea' id='block_1_8' title="bbox 653 899 2238 980">
    <p class='ocr_par' dir='ltr' id='par_1_8' title="bbox 653 899 2238 980">
     <span class='ocr_line' id='line_1_8' title="bbox 653 899 2238 980; baseline -0.009 -10"><span class='ocrx_word' id='word_1_64' title='bbox 653 915 818 970; x_wconf 83' lang='lat' dir='ltr'><strong>debes</strong></span> <span class='ocrx_word' id='word_1_65' title='bbox 845 909 1075 980; x_wconf 85' lang='lat' dir='ltr'><strong>exempli</strong></span> <span class='ocrx_word' id='word_1_66' title='bbox 1101 909 1236 962; x_wconf 66' lang='lat' dir='ltr'><strong>laum</strong></span> <span class='ocrx_word' id='word_1_67' title='bbox 1264 913 1318 960; x_wconf 92' lang='lat' dir='ltr'><strong>et</strong></span> <span class='ocrx_word' id='word_1_68' title='bbox 1343 904 1617 973; x_wconf 78' lang='lat' dir='ltr'><strong>sanguinis</strong></span> <span class='ocrx_word' id='word_1_69' title='bbox 1640 901 1928 973; x_wconf 85' lang='lat' dir='ltr'><strong>conchylii.</strong></span> <span class='ocrx_word' id='word_1_70' title='bbox 1946 899 2081 956; x_wconf 88' lang='lat' dir='ltr'><strong>Cum</strong></span> <span class='ocrx_word' id='word_1_71' title='bbox 2103 913 2238 970; x_wconf 79' lang='lat' dir='ltr'><strong>ergo</strong></span> 
     </span>
    </p>
   </div>
   <div class='ocr_carea' id='block_1_9' title="bbox 595 991 2241 1066">
    <p class='ocr_par' dir='ltr' id='par_1_9' title="bbox 595 991 2241 1066">
     <span class='ocr_line' id='line_1_9' title="bbox 595 991 2241 1066; baseline -0.01 -7"><span class='ocrx_word' id='word_1_72' title='bbox 595 1000 598 1002; x_wconf 51' lang='grc'>⁷</span> <span class='ocrx_word' id='word_1_73' title='bbox 652 1005 793 1058; x_wconf 84' lang='lat' dir='ltr'><strong>facta</strong></span> <span class='ocrx_word' id='word_1_74' title='bbox 819 1001 978 1056; x_wconf 89' lang='lat' dir='ltr'><strong>fuerit</strong></span> <span class='ocrx_word' id='word_1_75' title='bbox 1003 1001 1119 1054; x_wconf 72' lang='grc' dir='ltr'>ιιξεε</span> <span class='ocrx_word' id='word_1_76' title='bbox 1145 998 1266 1053; x_wconf 90' lang='lat' dir='ltr'><strong>lana</strong></span> <span class='ocrx_word' id='word_1_77' title='bbox 1284 1011 1381 1066; x_wconf 91' lang='lat' dir='ltr'><strong>per</strong></span> <span class='ocrx_word' id='word_1_78' title='bbox 1405 994 1791 1049; x_wconf 83' lang='lat' dir='ltr'><strong>admixtionem</strong></span> <span class='ocrx_word' id='word_1_79' title='bbox 1818 991 2092 1058; x_wconf 79' lang='lat' dir='ltr'><strong>sanguinis</strong></span> <span class='ocrx_word' id='word_1_80' title='bbox 2119 1005 2241 1059; x_wconf 90' lang='lat' dir='ltr'><strong>pur-</strong></span> 
     </span>
    </p>
   </div>
   <div class='ocr_carea' id='block_1_10' title="bbox 596 1080 2238 1165">
    <p class='ocr_par' dir='ltr' id='par_1_10' title="bbox 596 1080 2238 1165">
     <span class='ocr_line' id='line_1_10' title="bbox 596 1080 2238 1165; baseline -0.01 -15"><span class='ocrx_word' id='word_1_81' title='bbox 596 1100 606 1107; x_wconf 87' lang='lat'>&#39;</span> <span class='ocrx_word' id='word_1_82' title='bbox 648 1109 808 1165; x_wconf 90' lang='lat' dir='ltr'><strong>pura,</strong></span> <span class='ocrx_word' id='word_1_83' title='bbox 857 1107 979 1149; x_wconf 92' lang='lat' dir='ltr'><strong>eum</strong></span> <span class='ocrx_word' id='word_1_84' title='bbox 1028 1098 1204 1155; x_wconf 91' lang='lat' dir='ltr'><strong>netur,</strong></span> <span class='ocrx_word' id='word_1_85' title='bbox 1255 1097 1349 1141; x_wconf 86' lang='lat' dir='ltr'><strong>aut</strong></span> <span class='ocrx_word' id='word_1_86' title='bbox 1393 1085 1588 1146; x_wconf 86' lang='lat' dir='ltr'><strong>filatur,</strong></span> <span class='ocrx_word' id='word_1_87' title='bbox 1627 1085 1722 1137; x_wconf 84' lang='lat' dir='ltr'><strong>aut</strong></span> <span class='ocrx_word' id='word_1_88' title='bbox 1766 1089 2066 1150; x_wconf 84' lang='lat' dir='ltr'><strong>torquetur,</strong></span> <span class='ocrx_word' id='word_1_89' title='bbox 2115 1080 2238 1134; x_wconf 88' lang='lat' dir='ltr'><strong>lana</strong></span> 
     </span>
    </p>
   </div>
   <div class='ocr_carea' id='block_1_11' title="bbox 651 1177 2239 1256">
    <p class='ocr_par' dir='ltr' id='par_1_11' title="bbox 651 1177 2239 1256">
     <span class='ocr_line' id='line_1_11' title="bbox 651 1177 2239 1256; baseline -0.009 -14"><span class='ocrx_word' id='word_1_90' title='bbox 651 1189 838 1256; x_wconf 85' lang='lat' dir='ltr'><strong>utique</strong></span> <span class='ocrx_word' id='word_1_91' title='bbox 867 1185 1058 1254; x_wconf 85' lang='lat' dir='ltr'><strong>recipit</strong></span> <span class='ocrx_word' id='word_1_92' title='bbox 1083 1183 1439 1251; x_wconf 88' lang='lat' dir='ltr'><strong>majestatem.</strong></span> <span class='ocrx_word' id='word_1_93' title='bbox 1471 1177 1848 1246; x_wconf 87' lang='lat' dir='ltr'><strong>Nunquidnam</strong></span> <span class='ocrx_word' id='word_1_94' title='bbox 1879 1190 2000 1244; x_wconf 83' lang='lat' dir='ltr'><strong>quae</strong></span> <span class='ocrx_word' id='word_1_95' title='bbox 2020 1183 2239 1243; x_wconf 86' lang='lat' dir='ltr'><strong>torque—</strong></span> 
     </span>
    </p>
   </div>
   <div class='ocr_carea' id='block_1_12' title="bbox 628 1264 2236 1346">
    <p class='ocr_par' dir='ltr' id='par_1_12' title="bbox 628 1264 2236 1346">
     <span class='ocr_line' id='line_1_12' title="bbox 628 1264 2236 1346; baseline -0.009 -14"><span class='ocrx_word' id='word_1_96' title='bbox 628 1265 761 1344; x_wconf 46' lang='lat' dir='ltr'><strong>‘tur&#39;,</strong></span> <span class='ocrx_word' id='word_1_97' title='bbox 805 1293 835 1331; x_wconf 90' lang='lat' dir='ltr'><strong>a</strong></span> <span class='ocrx_word' id='word_1_98' title='bbox 884 1291 1154 1346; x_wconf 92' lang='lat' dir='ltr'><strong>purpureo</strong></span> <span class='ocrx_word' id='word_1_99' title='bbox 1202 1273 1384 1328; x_wconf 92' lang='lat' dir='ltr'><strong>colore</strong></span> <span class='ocrx_word' id='word_1_100' title='bbox 1431 1270 1736 1340; x_wconf 84' lang='lat' dir='ltr'><strong>deseritur?</strong></span> <span class='ocrx_word' id='word_1_101' title='bbox 1788 1266 1940 1322; x_wconf 88' lang='lat' dir='ltr'><strong>Addo</strong></span> <span class='ocrx_word' id='word_1_102' title='bbox 1989 1275 2044 1320; x_wconf 90' lang='lat' dir='ltr'><strong>et</strong></span> <span class='ocrx_word' id='word_1_103' title='bbox 2091 1264 2236 1319; x_wconf 86' lang='lat' dir='ltr'><strong>aliud</strong></span> 
     </span>
    </p>
   </div>
   <div class='ocr_carea' id='block_1_13' title="bbox 651 1357 2236 1440">
    <p class='ocr_par' dir='ltr' id='par_1_13' title="bbox 651 1357 2236 1440">
     <span class='ocr_line' id='line_1_13' title="bbox 651 1357 2236 1440; baseline -0.011 -14"><span class='ocrx_word' id='word_1_104' title='bbox 651 1369 957 1440; x_wconf 89' lang='lat' dir='ltr'><strong>exemplum</strong></span> <span class='ocrx_word' id='word_1_105' title='bbox 987 1386 999 1420; x_wconf 91' lang='lat'><strong>:</strong></span> <span class='ocrx_word' id='word_1_106' title='bbox 1026 1366 1186 1421; x_wconf 88' lang='lat' dir='ltr'><strong>Verbi</strong></span> <span class='ocrx_word' id='word_1_107' title='bbox 1207 1365 1377 1434; x_wconf 88' lang='lat' dir='ltr'><strong>gratia</strong></span> <span class='ocrx_word' id='word_1_108' title='bbox 1405 1364 1646 1434; x_wconf 80' lang='lat' dir='ltr'><strong>dicamus</strong></span> <span class='ocrx_word' id='word_1_109' title='bbox 1670 1381 1682 1414; x_wconf 77' lang='grc' dir='ltr'>ε</span> <span class='ocrx_word' id='word_1_110' title='bbox 1716 1360 1918 1416; x_wconf 89' lang='lat' dir='ltr'><strong>securis</strong></span> <span class='ocrx_word' id='word_1_111' title='bbox 1940 1359 2050 1413; x_wconf 90' lang='lat' dir='ltr'><strong>ictu</strong></span> <span class='ocrx_word' id='word_1_112' title='bbox 2076 1357 2236 1411; x_wconf 90' lang='lat' dir='ltr'><strong>arbo-</strong></span> 
     </span>
    </p>
   </div>
   <div class='ocr_carea' id='block_1_14' title="bbox 651 1448 2286 1523">
    <p class='ocr_par' dir='ltr' id='par_1_14' title="bbox 651 1448 2286 1523">
     <span class='ocr_line' id='line_1_14' title="bbox 651 1448 2286 1523; baseline -0.01 -8"><span class='ocrx_word' id='word_1_113' title='bbox 651 1475 767 1516; x_wconf 89' lang='lat' dir='ltr'><strong>rem</strong></span> <span class='ocrx_word' id='word_1_114' title='bbox 796 1475 918 1514; x_wconf 90' lang='lat' dir='ltr'><strong>cum</strong></span> <span class='ocrx_word' id='word_1_115' title='bbox 942 1455 1329 1522; x_wconf 90' lang='lat' dir='ltr'><strong>verberaveris,</strong></span> <span class='ocrx_word' id='word_1_116' title='bbox 1361 1462 1418 1508; x_wconf 90' lang='lat' dir='ltr'><strong>et</strong></span> <span class='ocrx_word' id='word_1_117' title='bbox 1445 1451 1787 1523; x_wconf 86' lang='lat' dir='ltr'><strong>splendorem</strong></span> <span class='ocrx_word' id='word_1_118' title='bbox 1828 1449 1977 1514; x_wconf 88' lang='lat' dir='ltr'><strong>solis,</strong></span> <span class='ocrx_word' id='word_1_119' title='bbox 2019 1448 2064 1502; x_wconf 90' lang='lat' dir='ltr'><strong>si</strong></span> <span class='ocrx_word' id='word_1_120' title='bbox 2112 1462 2234 1501; x_wconf 89' lang='lat' dir='ltr'><strong>eum</strong></span> <span class='ocrx_word' id='word_1_121' title='bbox 2284 1496 2286 1499; x_wconf 89' lang='lat'><strong>.</strong></span> 
     </span>
    </p>
   </div>
   <div class='ocr_carea' id='block_1_15' title="bbox 652 1537 2232 1619">
    <p class='ocr_par' dir='ltr' id='par_1_15' title="bbox 652 1537 2232 1619">
     <span class='ocr_line' id='line_1_15' title="bbox 652 1537 2232 1619; baseline -0.009 -13"><span class='ocrx_word' id='word_1_122' title='bbox 652 1550 812 1606; x_wconf 89' lang='lat' dir='ltr'><strong>simul</strong></span> <span class='ocrx_word' id='word_1_123' title='bbox 857 1547 1209 1619; x_wconf 88' lang='lat' dir='ltr'><strong>percusseris,</strong></span> <span class='ocrx_word' id='word_1_124' title='bbox 1269 1545 1450 1599; x_wconf 88' lang='lat' dir='ltr'><strong>arbori</strong></span> <span class='ocrx_word' id='word_1_125' title='bbox 1506 1537 1723 1611; x_wconf 85' lang='lat' dir='ltr'><strong>quidem</strong></span> <span class='ocrx_word' id='word_1_126' title='bbox 1749 1557 1751 1560; x_wconf 54' lang='lat'><em>‘</em></span> <span class='ocrx_word' id='word_1_127' title='bbox 1778 1537 1972 1607; x_wconf 86' lang='lat' dir='ltr'><strong>inﬂigis</strong></span> <span class='ocrx_word' id='word_1_128' title='bbox 2018 1537 2232 1602; x_wconf 81' lang='lat' dir='ltr'><strong>vulnus,</strong></span> 
     </span>
    </p>
   </div>
   <div class='ocr_carea' id='block_1_16' title="bbox 651 1628 2235 1708">
    <p class='ocr_par' dir='ltr' id='par_1_16' title="bbox 651 1628 2235 1708">
     <span class='ocr_line' id='line_1_16' title="bbox 651 1628 2235 1708; baseline -0.009 -13"><span class='ocrx_word' id='word_1_129' title='bbox 651 1639 821 1696; x_wconf 84' lang='lat' dir='ltr'><strong>solem</strong></span> <span class='ocrx_word' id='word_1_130' title='bbox 849 1653 978 1694; x_wconf 89' lang='lat' dir='ltr'><strong>vero</strong></span> <span class='ocrx_word' id='word_1_131' title='bbox 999 1646 1052 1692; x_wconf 90' lang='lat' dir='ltr'><strong>et</strong></span> <span class='ocrx_word' id='word_1_132' title='bbox 1073 1634 1414 1708; x_wconf 87' lang='lat' dir='ltr'><strong>splendorem</strong></span> <span class='ocrx_word' id='word_1_133' title='bbox 1443 1633 1600 1688; x_wconf 91' lang='lat' dir='ltr'><strong>simul</strong></span> <span class='ocrx_word' id='word_1_134' title='bbox 1629 1629 1882 1701; x_wconf 90' lang='lat' dir='ltr'><strong>percutis,</strong></span> <span class='ocrx_word' id='word_1_135' title='bbox 1915 1636 1970 1683; x_wconf 90' lang='lat' dir='ltr'><strong>et</strong></span> <span class='ocrx_word' id='word_1_136' title='bbox 1997 1628 2235 1683; x_wconf 90' lang='lat' dir='ltr'><strong>calorem</strong></span> 
     </span>
    </p>
   </div>
   <div class='ocr_carea' id='block_1_17' title="bbox 651 1719 2234 1802">
    <p class='ocr_par' dir='ltr' id='par_1_17' title="bbox 651 1719 2234 1802">
     <span class='ocr_line' id='line_1_17' title="bbox 651 1719 2234 1802; baseline -0.01 -15"><span class='ocrx_word' id='word_1_137' title='bbox 651 1731 1038 1802; x_wconf 88' lang='lat' dir='ltr'><strong>impassibilem</strong></span> <span class='ocrx_word' id='word_1_138' title='bbox 1065 1727 1410 1798; x_wconf 87' lang='lat' dir='ltr'><strong>derelinquis.</strong></span> <span class='ocrx_word' id='word_1_139' title='bbox 1436 1723 1592 1790; x_wconf 86' lang='lat' dir='ltr'><strong>Quod</strong></span> <span class='ocrx_word' id='word_1_140' title='bbox 1618 1723 1662 1777; x_wconf 92' lang='lat' dir='ltr'><strong>si</strong></span> <span class='ocrx_word' id='word_1_141' title='bbox 1685 1723 1933 1777; x_wconf 84' lang='lat' dir='ltr'><strong>arborem</strong></span> <span class='ocrx_word' id='word_1_142' title='bbox 1959 1719 2028 1775; x_wconf 82' lang='lat' dir='ltr'><strong>ad</strong></span> <span class='ocrx_word' id='word_1_143' title='bbox 2068 1719 2234 1773; x_wconf 93' lang='lat' dir='ltr'><strong>ictum</strong></span> 
     </span>
    </p>
   </div>
   <div class='ocr_carea' id='block_1_18' title="bbox 2338 621 3928 698">
    <p class='ocr_par' dir='ltr' id='par_1_18' title="bbox 2338 621 3928 698">
     <span class='ocr_line' id='line_1_18' title="bbox 2338 621 3928 698; baseline -0.003 -15"><span class='ocrx_word' id='word_1_144' title='bbox 2338 628 2496 683; x_wconf 84' lang='lat' dir='ltr'><strong>Joan.</strong></span> <span class='ocrx_word' id='word_1_145' title='bbox 2513 629 2657 698; x_wconf 74' lang='lat' dir='ltr'><strong>xux);</strong></span> <span class='ocrx_word' id='word_1_146' title='bbox 2680 629 2859 694; x_wconf 89' lang='lat' dir='ltr'><strong>aliam,</strong></span> <span class='ocrx_word' id='word_1_147' title='bbox 2877 643 2982 697; x_wconf 92' lang='lat' dir='ltr'><strong>qua</strong></span> <span class='ocrx_word' id='word_1_148' title='bbox 3003 635 3173 682; x_wconf 91' lang='lat' dir='ltr'><strong>totum</strong></span> <span class='ocrx_word' id='word_1_149' title='bbox 3193 625 3408 680; x_wconf 86' lang='lat' dir='ltr'><strong>redimit</strong></span> <span class='ocrx_word' id='word_1_150' title='bbox 3427 623 3709 679; x_wconf 88' lang='lat' dir='ltr'><strong>mundum.</strong></span> <span class='ocrx_word' id='word_1_151' title='bbox 3730 621 3928 689; x_wconf 89' lang='lat' dir='ltr'><strong>Unam,</strong></span> 
     </span>
    </p>
   </div>
   <div class='ocr_carea' id='block_1_19' title="bbox 2339 712 3928 789">
    <p class='ocr_par' dir='ltr' id='par_1_19' title="bbox 2339 712 3928 789">
     <span class='ocr_line' id='line_1_19' title="bbox 2339 712 3928 789; baseline -0.004 -15"><span class='ocrx_word' id='word_1_152' title='bbox 2339 735 2446 789; x_wconf 90' lang='lat' dir='ltr'><strong>qua</strong></span> <span class='ocrx_word' id='word_1_153' title='bbox 2492 719 2614 773; x_wconf 80' lang='lat' dir='ltr'><strong>felle</strong></span> <span class='ocrx_word' id='word_1_154' title='bbox 2659 718 2885 784; x_wconf 87' lang='lat' dir='ltr'><strong>cibatur,</strong></span> <span class='ocrx_word' id='word_1_155' title='bbox 2934 725 2990 772; x_wconf 91' lang='lat' dir='ltr'><strong>et</strong></span> <span class='ocrx_word' id='word_1_156' title='bbox 3014 725 3232 787; x_wconf 83' lang='lat' dir='ltr'><strong>potatur</strong></span> <span class='ocrx_word' id='word_1_157' title='bbox 3258 721 3414 770; x_wconf 80' lang='lat' dir='ltr'><strong>aceto</strong></span> <span class='ocrx_word' id='word_1_158' title='bbox 3455 712 3672 785; x_wconf 77' lang='lat' dir='ltr'><strong>(Matth.</strong></span> <span class='ocrx_word' id='word_1_159' title='bbox 3721 714 3928 783; x_wconf 79' lang='lat' dir='ltr'><strong>xxvn);</strong></span> 
     </span>
    </p>
   </div>
   <div class='ocr_carea' id='block_1_20' title="bbox 2341 804 3930 879">
    <p class='ocr_par' dir='ltr' id='par_1_20' title="bbox 2341 804 3930 879">
     <span class='ocr_line' id='line_1_20' title="bbox 2341 804 3930 879; baseline -0.003 -16"><span class='ocrx_word' id='word_1_160' title='bbox 2341 811 2519 873; x_wconf 88' lang='lat' dir='ltr'><strong>aliam,</strong></span> <span class='ocrx_word' id='word_1_161' title='bbox 2551 823 2657 879; x_wconf 90' lang='lat' dir='ltr'><strong>qua</strong></span> <span class='ocrx_word' id='word_1_162' title='bbox 2684 824 2822 879; x_wconf 89' lang='lat' dir='ltr'><strong>pane</strong></span> <span class='ocrx_word' id='word_1_163' title='bbox 2849 809 2972 862; x_wconf 72' lang='lat' dir='ltr'><strong>vita:</strong></span> <span class='ocrx_word' id='word_1_164' title='bbox 2998 816 3210 862; x_wconf 65' lang='lat' dir='ltr'><strong>aeternae</strong></span> <span class='ocrx_word' id='word_1_165' title='bbox 3230 806 3376 862; x_wconf 88' lang='lat' dir='ltr'><strong>cibat</strong></span> <span class='ocrx_word' id='word_1_166' title='bbox 3397 812 3453 859; x_wconf 88' lang='lat' dir='ltr'><strong>et</strong></span> <span class='ocrx_word' id='word_1_167' title='bbox 3479 804 3736 874; x_wconf 87' lang='lat' dir='ltr'><strong>propinat</strong></span> <span class='ocrx_word' id='word_1_168' title='bbox 3761 820 3930 874; x_wconf 90' lang='lat' dir='ltr'><strong>pocu-</strong></span> 
     </span>
    </p>
   </div>
   <div class='ocr_carea' id='block_1_21' title="bbox 2341 894 3927 969">
    <p class='ocr_par' dir='ltr' id='par_1_21' title="bbox 2341 894 3927 969">
     <span class='ocr_line' id='line_1_21' title="bbox 2341 894 3927 969; baseline -0.003 -15"><span class='ocrx_word' id='word_1_169' title='bbox 2341 900 2450 954; x_wconf 91' lang='lat' dir='ltr'><strong>lum</strong></span> <span class='ocrx_word' id='word_1_170' title='bbox 2468 900 2644 968; x_wconf 81' lang='lat' dir='ltr'><strong>gaudii</strong></span> <span class='ocrx_word' id='word_1_171' title='bbox 2658 899 2968 969; x_wconf 88' lang='lat' dir='ltr'><strong>sempiterni</strong></span> <span class='ocrx_word' id='word_1_172' title='bbox 2991 897 3202 963; x_wconf 75' lang='lat' dir='ltr'><strong>(Matth.</strong></span> <span class='ocrx_word' id='word_1_173' title='bbox 3231 896 3398 968; x_wconf 80' lang='lat' dir='ltr'><strong>xxvi).</strong></span> <span class='ocrx_word' id='word_1_174' title='bbox 3422 894 3596 951; x_wconf 87' lang='lat' dir='ltr'><strong>Unam</strong></span> <span class='ocrx_word' id='word_1_175' title='bbox 3617 909 3722 964; x_wconf 85' lang='lat' dir='ltr'><strong>qua</strong></span> <span class='ocrx_word' id='word_1_176' title='bbox 3738 895 3927 949; x_wconf 83' lang='lat' dir='ltr'><strong>trista-</strong></span> 
     </span>
    </p>
   </div>
   <div class='ocr_carea' id='block_1_22' title="bbox 2341 987 3924 1063">
    <p class='ocr_par' dir='ltr' id='par_1_22' title="bbox 2341 987 3924 1063">
     <span class='ocr_line' id='line_1_22' title="bbox 2341 987 3924 1063; baseline -0.004 -15"><span class='ocrx_word' id='word_1_177' title='bbox 2341 1001 2430 1048; x_wconf 87' lang='lat' dir='ltr'><strong>tur</strong></span> <span class='ocrx_word' id='word_1_178' title='bbox 2456 987 2622 1063; x_wconf 75' lang='lat' dir='ltr'><strong>usque</strong></span> <span class='ocrx_word' id='word_1_179' title='bbox 2650 993 2717 1046; x_wconf 90' lang='lat' dir='ltr'><strong>ad</strong></span> <span class='ocrx_word' id='word_1_180' title='bbox 2744 1002 3004 1058; x_wconf 87' lang='lat' dir='ltr'><strong>mortem;</strong></span> <span class='ocrx_word' id='word_1_181' title='bbox 3049 991 3236 1056; x_wconf 85' lang='lat' dir='ltr'><strong>aliam,</strong></span> <span class='ocrx_word' id='word_1_182' title='bbox 3267 1005 3373 1060; x_wconf 90' lang='lat' dir='ltr'><strong>qua</strong></span> <span class='ocrx_word' id='word_1_183' title='bbox 3402 1004 3431 1042; x_wconf 90' lang='lat' dir='ltr'><strong>a</strong></span> <span class='ocrx_word' id='word_1_184' title='bbox 3461 987 3678 1043; x_wconf 86' lang='lat' dir='ltr'><strong>tristitia</strong></span> <span class='ocrx_word' id='word_1_185' title='bbox 3706 987 3924 1057; x_wconf 86' lang='lat' dir='ltr'><strong>liberat,</strong></span> 
     </span>
    </p>
   </div>
   <div class='ocr_carea' id='block_1_23' title="bbox 2342 1079 3928 1154">
    <p class='ocr_par' dir='ltr' id='par_1_23' title="bbox 2342 1079 3928 1154">
     <span class='ocr_line' id='line_1_23' title="bbox 2342 1079 3928 1154; baseline -0.003 -15"><span class='ocrx_word' id='word_1_186' title='bbox 2342 1092 2503 1154; x_wconf 89' lang='lat' dir='ltr'><strong>atque</strong></span> <span class='ocrx_word' id='word_1_187' title='bbox 2531 1085 2621 1138; x_wconf 90' lang='lat' dir='ltr'><strong>dat</strong></span> <span class='ocrx_word' id='word_1_188' title='bbox 2648 1083 2895 1152; x_wconf 80' lang='lat' dir='ltr'><strong>gaudium</strong></span> <span class='ocrx_word' id='word_1_189' title='bbox 2920 1084 3061 1137; x_wconf 61' lang='lat' dir='ltr'><strong>vitae.</strong></span> <span class='ocrx_word' id='word_1_190' title='bbox 3092 1081 3279 1146; x_wconf 89' lang='lat' dir='ltr'><strong>Unam,</strong></span> <span class='ocrx_word' id='word_1_191' title='bbox 3311 1096 3418 1150; x_wconf 93' lang='lat' dir='ltr'><strong>qua</strong></span> <span class='ocrx_word' id='word_1_192' title='bbox 3437 1079 3667 1134; x_wconf 90' lang='lat' dir='ltr'><strong>moritur</strong></span> <span class='ocrx_word' id='word_1_193' title='bbox 3686 1087 3744 1134; x_wconf 90' lang='lat' dir='ltr'><strong>et</strong></span> <span class='ocrx_word' id='word_1_194' title='bbox 3772 1095 3928 1150; x_wconf 87' lang='lat' dir='ltr'><strong>sepe-</strong></span> 
     </span>
    </p>
   </div>
   <div class='ocr_carea' id='block_1_24' title="bbox 2340 1167 3924 1242">
    <p class='ocr_par' dir='ltr' id='par_1_24' title="bbox 2340 1167 3924 1242">
     <span class='ocr_line' id='line_1_24' title="bbox 2340 1167 3924 1242; baseline -0.001 -16"><span class='ocrx_word' id='word_1_195' title='bbox 2340 1172 2495 1237; x_wconf 89' lang='lat' dir='ltr'><strong>litur;</strong></span> <span class='ocrx_word' id='word_1_196' title='bbox 2523 1173 2702 1236; x_wconf 91' lang='lat' dir='ltr'><strong>aliam,</strong></span> <span class='ocrx_word' id='word_1_197' title='bbox 2744 1188 2848 1242; x_wconf 91' lang='lat' dir='ltr'><strong>qua</strong></span> <span class='ocrx_word' id='word_1_198' title='bbox 2888 1171 3136 1242; x_wconf 90' lang='lat' dir='ltr'><strong>sepulcra</strong></span> <span class='ocrx_word' id='word_1_199' title='bbox 3176 1170 3400 1238; x_wconf 83' lang='lat' dir='ltr'><strong>aperiat,</strong></span> <span class='ocrx_word' id='word_1_200' title='bbox 3432 1177 3537 1224; x_wconf 90' lang='lat' dir='ltr'><strong>etc.</strong></span> <span class='ocrx_word' id='word_1_201' title='bbox 3582 1167 3778 1234; x_wconf 86' lang='lat' dir='ltr'><strong>Unam,</strong></span> <span class='ocrx_word' id='word_1_202' title='bbox 3818 1187 3924 1241; x_wconf 91' lang='lat' dir='ltr'><strong>qua</strong></span> 
     </span>
    </p>
   </div>
   <div class='ocr_carea' id='block_1_25' title="bbox 2339 1255 3924 1335">
    <p class='ocr_par' dir='ltr' id='par_1_25' title="bbox 2339 1255 3924 1335">
     <span class='ocr_line' id='line_1_25' title="bbox 2339 1255 3924 1335; baseline -0.003 -14"><span class='ocrx_word' id='word_1_203' title='bbox 2339 1265 2643 1321; x_wconf 79' lang='lat' dir='ltr'><strong>videntibus</strong></span> <span class='ocrx_word' id='word_1_204' title='bbox 2663 1265 2920 1335; x_wconf 90' lang='lat' dir='ltr'><strong>apostolis</strong></span> <span class='ocrx_word' id='word_1_205' title='bbox 2942 1264 3181 1318; x_wconf 88' lang='lat' dir='ltr'><strong>elevatus</strong></span> <span class='ocrx_word' id='word_1_206' title='bbox 3205 1272 3289 1317; x_wconf 91' lang='lat' dir='ltr'><strong>est</strong></span> <span class='ocrx_word' id='word_1_207' title='bbox 3314 1261 3368 1315; x_wconf 91' lang='lat' dir='ltr'><strong>in</strong></span> <span class='ocrx_word' id='word_1_208' title='bbox 3389 1261 3573 1326; x_wconf 77' lang='lat' dir='ltr'><strong>ctelos,</strong></span> <span class='ocrx_word' id='word_1_209' title='bbox 3596 1269 3650 1314; x_wconf 87' lang='lat' dir='ltr'><strong>et</strong></span> <span class='ocrx_word' id='word_1_210' title='bbox 3675 1255 3829 1316; x_wconf 87' lang='lat' dir='ltr'><strong>sedet</strong></span> <span class='ocrx_word' id='word_1_211' title='bbox 3857 1261 3924 1317; x_wconf 88' lang='lat' dir='ltr'><strong>ad</strong></span> 
     </span>
    </p>
   </div>
   <div class='ocr_carea' id='block_1_26' title="bbox 2341 1351 3923 1426">
    <p class='ocr_par' dir='ltr' id='par_1_26' title="bbox 2341 1351 3923 1426">
     <span class='ocr_line' id='line_1_26' title="bbox 2341 1351 3923 1426; baseline -0.004 -15"><span class='ocrx_word' id='word_1_212' title='bbox 2341 1356 2616 1412; x_wconf 82' lang='lat' dir='ltr'><strong>dexteram</strong></span> <span class='ocrx_word' id='word_1_213' title='bbox 2643 1355 2818 1410; x_wconf 83' lang='lat' dir='ltr'><strong>Patris</strong></span> <span class='ocrx_word' id='word_1_214' title='bbox 2840 1355 2973 1426; x_wconf 79' lang='lat' dir='ltr'><strong>(Act.</strong></span> <span class='ocrx_word' id='word_1_215' title='bbox 3007 1354 3080 1420; x_wconf 79' lang='lat' dir='ltr'><strong>t);</strong></span> <span class='ocrx_word' id='word_1_216' title='bbox 3105 1353 3348 1418; x_wconf 86' lang='lat' dir='ltr'><strong>alteram,</strong></span> <span class='ocrx_word' id='word_1_217' title='bbox 3377 1367 3482 1422; x_wconf 86' lang='lat' dir='ltr'><strong>qua</strong></span> <span class='ocrx_word' id='word_1_218' title='bbox 3505 1351 3532 1390; x_wconf 72' lang='grc'><strong>⁸³</strong></span> <span class='ocrx_word' id='word_1_219' title='bbox 3569 1352 3638 1407; x_wconf 88' lang='lat' dir='ltr'><strong>de</strong></span> <span class='ocrx_word' id='word_1_220' title='bbox 3662 1352 3782 1407; x_wconf 89' lang='lat' dir='ltr'><strong>sinu</strong></span> <span class='ocrx_word' id='word_1_221' title='bbox 3820 1351 3923 1405; x_wconf 87' lang='lat' dir='ltr'><strong>Pa-</strong></span> 
     </span>
    </p>
   </div>
   <div class='ocr_carea' id='block_1_27' title="bbox 2338 1441 3926 1514">
    <p class='ocr_par' dir='ltr' id='par_1_27' title="bbox 2338 1441 3926 1514">
     <span class='ocr_line' id='line_1_27' title="bbox 2338 1441 3926 1514; baseline -0.001 -14"><span class='ocrx_word' id='word_1_222' title='bbox 2338 1447 2437 1500; x_wconf 87' lang='lat' dir='ltr'><strong>tris</strong></span> <span class='ocrx_word' id='word_1_223' title='bbox 2462 1462 2570 1501; x_wconf 91' lang='lat' dir='ltr'><strong>non</strong></span> <span class='ocrx_word' id='word_1_224' title='bbox 2596 1445 2872 1510; x_wconf 88' lang='lat' dir='ltr'><strong>abscessit,</strong></span> <span class='ocrx_word' id='word_1_225' title='bbox 2897 1445 2992 1500; x_wconf 91' lang='lat' dir='ltr'><strong>sed</strong></span> <span class='ocrx_word' id='word_1_226' title='bbox 3020 1460 3233 1514; x_wconf 90' lang='lat' dir='ltr'><strong>semper</strong></span> <span class='ocrx_word' id='word_1_227' title='bbox 3253 1444 3307 1498; x_wconf 92' lang='lat' dir='ltr'><strong>in</strong></span> <span class='ocrx_word' id='word_1_228' title='bbox 3329 1441 3507 1509; x_wconf 87' lang='lat' dir='ltr'><strong>Patre,</strong></span> <span class='ocrx_word' id='word_1_229' title='bbox 3531 1451 3588 1497; x_wconf 91' lang='lat' dir='ltr'><strong>et</strong></span> <span class='ocrx_word' id='word_1_230' title='bbox 3614 1459 3738 1498; x_wconf 92' lang='lat' dir='ltr'><strong>cum</strong></span> <span class='ocrx_word' id='word_1_231' title='bbox 3764 1441 3926 1508; x_wconf 40' lang='lat' dir='ltr'><strong>Patre,</strong></span> 
     </span>
    </p>
   </div>
   <div class='ocr_carea' id='block_1_28' title="bbox 2339 1532 3923 1604">
    <p class='ocr_par' dir='ltr' id='par_1_28' title="bbox 2339 1532 3923 1604">
     <span class='ocr_line' id='line_1_28' title="bbox 2339 1532 3923 1604; baseline -0.001 -14"><span class='ocrx_word' id='word_1_232' title='bbox 2339 1535 2457 1603; x_wconf 90' lang='lat' dir='ltr'><strong>fuit,</strong></span> <span class='ocrx_word' id='word_1_233' title='bbox 2489 1547 2544 1592; x_wconf 90' lang='lat' dir='ltr'><strong>et</strong></span> <span class='ocrx_word' id='word_1_234' title='bbox 2587 1553 2704 1592; x_wconf 89' lang='lat' dir='ltr'><strong>esse</strong></span> <span class='ocrx_word' id='word_1_235' title='bbox 2734 1553 2842 1592; x_wconf 92' lang='lat' dir='ltr'><strong>non</strong></span> <span class='ocrx_word' id='word_1_236' title='bbox 2877 1536 3090 1592; x_wconf 88' lang='lat' dir='ltr'><strong>desinit.</strong></span> <span class='ocrx_word' id='word_1_237' title='bbox 3122 1534 3383 1604; x_wconf 90' lang='lat' dir='ltr'><strong>Objicitur</strong></span> <span class='ocrx_word' id='word_1_238' title='bbox 3409 1545 3538 1603; x_wconf 84' lang='lat' dir='ltr'><strong>ergo</strong></span> <span class='ocrx_word' id='word_1_239' title='bbox 3576 1532 3683 1588; x_wconf 88' lang='lat' dir='ltr'><strong>:Et</strong></span> <span class='ocrx_word' id='word_1_240' title='bbox 3709 1534 3923 1604; x_wconf 86' lang='lat' dir='ltr'><strong>quando</strong></span> 
     </span>
    </p>
   </div>
   <div class='ocr_carea' id='block_1_29' title="bbox 2340 1623 3922 1696">
    <p class='ocr_par' dir='ltr' id='par_1_29' title="bbox 2340 1623 3922 1696">
     <span class='ocr_line' id='line_1_29' title="bbox 2340 1623 3922 1696; baseline -0.002 -15"><span class='ocrx_word' id='word_1_241' title='bbox 2340 1627 2396 1681; x_wconf 90' lang='lat' dir='ltr'><strong>in</strong></span> <span class='ocrx_word' id='word_1_242' title='bbox 2434 1627 2589 1682; x_wconf 88' lang='lat' dir='ltr'><strong>vulva</strong></span> <span class='ocrx_word' id='word_1_243' title='bbox 2637 1627 2869 1696; x_wconf 82' lang='lat' dir='ltr'><strong>Virginis</strong></span> <span class='ocrx_word' id='word_1_244' title='bbox 2895 1625 3130 1680; x_wconf 81' lang='lat' dir='ltr'><strong>Verbum</strong></span> <span class='ocrx_word' id='word_1_245' title='bbox 3157 1640 3285 1680; x_wconf 90' lang='lat' dir='ltr'><strong>caro</strong></span> <span class='ocrx_word' id='word_1_246' title='bbox 3325 1623 3506 1688; x_wconf 83' lang='lat' dir='ltr'><strong>ﬁebat,</strong></span> <span class='ocrx_word' id='word_1_247' title='bbox 3547 1632 3602 1678; x_wconf 92' lang='lat' dir='ltr'><strong>et</strong></span> <span class='ocrx_word' id='word_1_248' title='bbox 3627 1623 3846 1694; x_wconf 90' lang='lat' dir='ltr'><strong>quando</strong></span> <span class='ocrx_word' id='word_1_249' title='bbox 3871 1625 3922 1678; x_wconf 91' lang='lat' dir='ltr'><strong>in</strong></span> 
     </span>
    </p>
   </div>
   <div class='ocr_carea' id='block_1_30' title="bbox 2340 1701 3924 1787">
    <p class='ocr_par' dir='ltr' id='par_1_30' title="bbox 2340 1701 3924 1787">
     <span class='ocr_line' id='line_1_30' title="bbox 2340 1701 3924 1787; baseline -0.003 -15"><span class='ocrx_word' id='word_1_250' title='bbox 2340 1732 2583 1787; x_wconf 70' lang='lat' dir='ltr'><strong>prtcsepe</strong></span> <span class='ocrx_word' id='word_1_251' title='bbox 2623 1718 2814 1787; x_wconf 91' lang='lat' dir='ltr'><strong>pannis</strong></span> <span class='ocrx_word' id='word_1_252' title='bbox 2857 1715 3143 1770; x_wconf 87' lang='lat' dir='ltr'><strong>obvolutus</strong></span> <span class='ocrx_word' id='word_1_253' title='bbox 3169 1722 3303 1769; x_wconf 83' lang='lat' dir='ltr'><strong>erat</strong></span> <span class='ocrx_word' id='word_1_254' title='bbox 3347 1701 3539 1777; x_wconf 85' lang='lat' dir='ltr'><strong>infans,</strong></span> <span class='ocrx_word' id='word_1_255' title='bbox 3567 1722 3623 1768; x_wconf 89' lang='lat' dir='ltr'><strong>et</strong></span> <span class='ocrx_word' id='word_1_256' title='bbox 3647 1713 3924 1769; x_wconf 85' lang='lat' dir='ltr'><strong>crescebat</strong></span> 
     </span>
    </p>
   </div>
   <div class='ocr_carea' id='block_1_31' title="bbox 653 1804 3984 1894">
    <p class='ocr_par' dir='ltr' id='par_1_31' title="bbox 653 1804 3984 1894">
     <span class='ocr_line' id='line_1_31' title="bbox 653 1804 3984 1894; baseline -0.006 -16"><span class='ocrx_word' id='word_1_257' title='bbox 653 1821 1006 1894; x_wconf 88' lang='lat' dir='ltr'><strong>percutientis</strong></span> <span class='ocrx_word' id='word_1_258' title='bbox 1034 1821 1116 1876; x_wconf 93' lang='lat' dir='ltr'><strong>sol</strong></span> <span class='ocrx_word' id='word_1_259' title='bbox 1158 1836 1264 1875; x_wconf 91' lang='lat' dir='ltr'><strong>non</strong></span> <span class='ocrx_word' id='word_1_260' title='bbox 1304 1817 1522 1878; x_wconf 90' lang='lat' dir='ltr'><strong>deserit,</strong></span> <span class='ocrx_word' id='word_1_261' title='bbox 1547 1820 1750 1884; x_wconf 88' lang='lat' dir='ltr'><strong>quanto</strong></span> <span class='ocrx_word' id='word_1_262' title='bbox 1779 1812 1948 1880; x_wconf 91' lang='lat' dir='ltr'><strong>magis</strong></span> <span class='ocrx_word' id='word_1_263' title='bbox 1982 1810 2239 1866; x_wconf 68' lang='lat' dir='ltr'><strong>Sanctum</strong></span> <span class='ocrx_word' id='word_1_264' title='bbox 2271 1814 2318 1874; x_wconf 81' lang='grc' dir='ltr'><strong>Β</strong></span> <span class='ocrx_word' id='word_1_265' title='bbox 2342 1813 2501 1862; x_wconf 65' lang='lat' dir='ltr'><strong>aetate</strong></span> <span class='ocrx_word' id='word_1_266' title='bbox 2528 1815 2583 1861; x_wconf 88' lang='lat' dir='ltr'><strong>et</strong></span> <span class='ocrx_word' id='word_1_267' title='bbox 2610 1806 2890 1876; x_wconf 89' lang='lat' dir='ltr'><strong>sapientia,</strong></span> <span class='ocrx_word' id='word_1_268' title='bbox 2915 1814 2968 1860; x_wconf 92' lang='lat' dir='ltr'><strong>et</strong></span> <span class='ocrx_word' id='word_1_269' title='bbox 2991 1813 3186 1860; x_wconf 61' lang='lat' dir='ltr'><strong>caetera</strong></span> <span class='ocrx_word' id='word_1_270' title='bbox 3207 1805 3514 1870; x_wconf 76' lang='lat' dir='ltr'><strong>exercebat,</strong></span> <span class='ocrx_word' id='word_1_271' title='bbox 3537 1819 3655 1875; x_wconf 65' lang='lat' dir='ltr'><strong>quae</strong></span> <span class='ocrx_word' id='word_1_272' title='bbox 3674 1812 3784 1858; x_wconf 87' lang='lat' dir='ltr'><strong>tota</strong></span> <span class='ocrx_word' id='word_1_273' title='bbox 3813 1804 3923 1858; x_wconf 90' lang='lat' dir='ltr'><strong>vita</strong></span> <span class='ocrx_word' id='word_1_274' title='bbox 3977 1835 3984 1842; x_wconf 77' lang='grc'>‹</span> 
     </span>
    </p>
   </div>
   <div class='ocr_carea' id='block_1_32' title="bbox 652 1902 2234 1982">
    <p class='ocr_par' dir='ltr' id='par_1_32' title="bbox 652 1902 2234 1982">
     <span class='ocr_line' id='line_1_32' title="bbox 652 1902 2234 1982; baseline -0.009 -13"><span class='ocrx_word' id='word_1_275' title='bbox 652 1930 809 1970; x_wconf 89' lang='lat' dir='ltr'><strong>suum</strong></span> <span class='ocrx_word' id='word_1_276' title='bbox 836 1927 1175 1982; x_wconf 88' lang='lat' dir='ltr'><strong>nequaquam</strong></span> <span class='ocrx_word' id='word_1_277' title='bbox 1213 1910 1310 1964; x_wconf 89' lang='lat' dir='ltr'><strong>Dei</strong></span> <span class='ocrx_word' id='word_1_278' title='bbox 1355 1907 1539 1974; x_wconf 87' lang='lat' dir='ltr'><strong>Filius,</strong></span> <span class='ocrx_word' id='word_1_279' title='bbox 1569 1905 1714 1976; x_wconf 90' lang='lat' dir='ltr'><strong>quod</strong></span> <span class='ocrx_word' id='word_1_280' title='bbox 1758 1912 1840 1959; x_wconf 88' lang='lat' dir='ltr'><strong>est</strong></span> <span class='ocrx_word' id='word_1_281' title='bbox 1881 1902 2133 1967; x_wconf 86' lang='lat' dir='ltr'><strong>Verbum,</strong></span> <span class='ocrx_word' id='word_1_282' title='bbox 2181 1902 2234 1955; x_wconf 91' lang='lat' dir='ltr'><strong>in</strong></span> 
     </span>
    </p>
   </div>
   <div class='ocr_carea' id='block_1_33' title="bbox 652 1992 2235 2074">
    <p class='ocr_par' dir='ltr' id='par_1_33' title="bbox 652 1992 2235 2074">
     <span class='ocr_line' id='line_1_33' title="bbox 652 1992 2235 2074; baseline -0.009 -15"><span class='ocrx_word' id='word_1_283' title='bbox 652 2005 906 2074; x_wconf 89' lang='lat' dir='ltr'><strong>passione</strong></span> <span class='ocrx_word' id='word_1_284' title='bbox 933 2002 1207 2057; x_wconf 85' lang='lat' dir='ltr'><strong>deseruit?</strong></span> <span class='ocrx_word' id='word_1_285' title='bbox 1244 1999 1273 2038; x_wconf 73' lang='grc' dir='ltr'>ι)</span> <span class='ocrx_word' id='word_1_286' title='bbox 1321 1998 1389 2052; x_wconf 86' lang='grc' dir='ltr'>Ει</span> <span class='ocrx_word' id='word_1_287' title='bbox 1429 1999 1566 2053; x_wconf 87' lang='lat' dir='ltr'><strong>sicut</strong></span> <span class='ocrx_word' id='word_1_288' title='bbox 1589 2011 1716 2052; x_wconf 86' lang='lat' dir='ltr'><strong>vere</strong></span> <span class='ocrx_word' id='word_1_289' title='bbox 1757 1995 1924 2050; x_wconf 88' lang='lat' dir='ltr'><strong>rubus</strong></span> <span class='ocrx_word' id='word_1_290' title='bbox 1967 1992 2235 2046; x_wconf 82' lang='lat' dir='ltr'><strong>flammam</strong></span> 
     </span>
    </p>
   </div>
   <div class='ocr_carea' id='block_1_34' title="bbox 654 2083 2236 2162">
    <p class='ocr_par' dir='ltr' id='par_1_34' title="bbox 654 2083 2236 2162">
     <span class='ocr_line' id='line_1_34' title="bbox 654 2083 2236 2162; baseline -0.008 -13"><span class='ocrx_word' id='word_1_291' title='bbox 654 2095 867 2160; x_wconf 88' lang='lat' dir='ltr'><strong>habuit,</strong></span> <span class='ocrx_word' id='word_1_292' title='bbox 896 2094 975 2150; x_wconf 91' lang='lat' dir='ltr'><strong>sic</strong></span> <span class='ocrx_word' id='word_1_293' title='bbox 1005 2107 1130 2147; x_wconf 89' lang='lat' dir='ltr'><strong>vere</strong></span> <span class='ocrx_word' id='word_1_294' title='bbox 1174 2105 1363 2162; x_wconf 90' lang='lat' dir='ltr'><strong>passus</strong></span> <span class='ocrx_word' id='word_1_295' title='bbox 1390 2097 1473 2144; x_wconf 90' lang='lat' dir='ltr'><strong>est</strong></span> <span class='ocrx_word' id='word_1_296' title='bbox 1516 2087 1682 2142; x_wconf 90' lang='lat' dir='ltr'><strong>Filius</strong></span> <span class='ocrx_word' id='word_1_297' title='bbox 1728 2084 1992 2149; x_wconf 88' lang='lat' dir='ltr'><strong>hominis;</strong></span> <span class='ocrx_word' id='word_1_298' title='bbox 2035 2091 2091 2138; x_wconf 91' lang='lat' dir='ltr'><strong>et</strong></span> <span class='ocrx_word' id='word_1_299' title='bbox 2128 2083 2236 2138; x_wconf 85' lang='lat' dir='ltr'><strong>sie-</strong></span> 
     </span>
    </p>
   </div>
   <div class='ocr_carea' id='block_1_35' title="bbox 617 2180 2237 2247">
    <p class='ocr_par' dir='ltr' id='par_1_35' title="bbox 617 2180 2237 2247">
     <span class='ocr_line' id='line_1_35' title="bbox 617 2180 2237 2247; baseline -0.007 -7"><span class='ocrx_word' id='word_1_300' title='bbox 617 2189 620 2191; x_wconf 57' lang='lat'><strong>‘</strong></span> <span class='ocrx_word' id='word_1_301' title='bbox 654 2194 716 2240; x_wconf 90' lang='lat' dir='ltr'><strong>ut</strong></span> <span class='ocrx_word' id='word_1_302' title='bbox 758 2200 884 2240; x_wconf 87' lang='lat' dir='ltr'><strong>vere</strong></span> <span class='ocrx_word' id='word_1_303' title='bbox 925 2200 1031 2239; x_wconf 92' lang='lat' dir='ltr'><strong>non</strong></span> <span class='ocrx_word' id='word_1_304' title='bbox 1080 2183 1327 2238; x_wconf 90' lang='lat' dir='ltr'><strong>incensus</strong></span> <span class='ocrx_word' id='word_1_305' title='bbox 1353 2188 1455 2247; x_wconf 90' lang='lat' dir='ltr'><strong>est,</strong></span> <span class='ocrx_word' id='word_1_306' title='bbox 1486 2180 1564 2234; x_wconf 92' lang='lat' dir='ltr'><strong>sic</strong></span> <span class='ocrx_word' id='word_1_307' title='bbox 1605 2193 1730 2234; x_wconf 89' lang='lat' dir='ltr'><strong>vere</strong></span> <span class='ocrx_word' id='word_1_308' title='bbox 1768 2192 1879 2232; x_wconf 89' lang='lat' dir='ltr'><strong>non</strong></span> <span class='ocrx_word' id='word_1_309' title='bbox 1923 2189 2114 2246; x_wconf 89' lang='lat' dir='ltr'><strong>passus</strong></span> <span class='ocrx_word' id='word_1_310' title='bbox 2152 2181 2237 2228; x_wconf 89' lang='lat' dir='ltr'><strong>est</strong></span> 
     </span>
    </p>
   </div>
   <div class='ocr_carea' id='block_1_36' title="bbox 655 2275 966 2331">
    <p class='ocr_par' dir='ltr' id='par_1_36' title="bbox 655 2275 966 2331">
     <span class='ocr_line' id='line_1_36' title="bbox 655 2275 966 2331; baseline -0.006 -1"><span class='ocrx_word' id='word_1_311' title='bbox 655 2275 823 2330; x_wconf 87' lang='lat' dir='ltr'><strong>Filius</strong></span> <span class='ocrx_word' id='word_1_312' title='bbox 851 2275 966 2331; x_wconf 90' lang='lat' dir='ltr'><strong>Dei.</strong></span> 
     </span>
    </p>
   </div>
   <div class='ocr_carea' id='block_1_37' title="bbox 625 2355 2238 2435">
    <p class='ocr_par' dir='ltr' id='par_1_37' title="bbox 625 2355 2238 2435">
     <span class='ocr_line' id='line_1_37' title="bbox 625 2355 2238 2435; baseline -0.006 -15"><span class='ocrx_word' id='word_1_313' title='bbox 625 2373 628 2377; x_wconf 83' lang='lat'><strong><em>&#39;</em></strong></span> <span class='ocrx_word' id='word_1_314' title='bbox 727 2364 913 2419; x_wconf 83' lang='lat' dir='ltr'><strong>XXIII.</strong></span> <span class='ocrx_word' id='word_1_315' title='bbox 944 2363 1302 2435; x_wconf 79' lang='lat' dir='ltr'><strong>—--Objicitur</strong></span> <span class='ocrx_word' id='word_1_316' title='bbox 1329 2363 1563 2418; x_wconf 88' lang='lat' dir='ltr'><strong>iterum:</strong></span> <span class='ocrx_word' id='word_1_317' title='bbox 1596 2361 1744 2416; x_wconf 89' lang='lat' dir='ltr'><strong>Duos</strong></span> <span class='ocrx_word' id='word_1_318' title='bbox 1768 2358 1920 2422; x_wconf 87' lang='lat' dir='ltr'><strong>facis,</strong></span> <span class='ocrx_word' id='word_1_319' title='bbox 1952 2355 2119 2412; x_wconf 86' lang='lat' dir='ltr'><strong>ﬁlium</strong></span> <span class='ocrx_word' id='word_1_320' title='bbox 2139 2356 2238 2412; x_wconf 86' lang='lat' dir='ltr'><strong>ho-</strong></span> 
     </span>
    </p>
   </div>
   <div class='ocr_carea' id='block_1_38' title="bbox 656 2445 2303 2522">
    <p class='ocr_par' dir='ltr' id='par_1_38' title="bbox 656 2445 2303 2522">
     <span class='ocr_line' id='line_1_38' title="bbox 656 2445 2303 2522; baseline -0.008 -10"><span class='ocrx_word' id='word_1_321' title='bbox 656 2457 838 2522; x_wconf 87' lang='lat' dir='ltr'><strong>minis,</strong></span> <span class='ocrx_word' id='word_1_322' title='bbox 883 2464 939 2512; x_wconf 93' lang='lat' dir='ltr'><strong>et</strong></span> <span class='ocrx_word' id='word_1_323' title='bbox 974 2455 1166 2511; x_wconf 89' lang='lat' dir='ltr'><strong>Filium</strong></span> <span class='ocrx_word' id='word_1_324' title='bbox 1207 2454 1321 2509; x_wconf 89' lang='lat' dir='ltr'><strong>Dei.</strong></span> <span class='ocrx_word' id='word_1_325' title='bbox 1366 2451 1742 2522; x_wconf 85' lang='lat' dir='ltr'><strong>Respondetur</strong></span> <span class='ocrx_word' id='word_1_326' title='bbox 1782 2467 1794 2502; x_wconf 92' lang='lat'>:</span> <span class='ocrx_word' id='word_1_327' title='bbox 1838 2447 1956 2502; x_wconf 86' lang='lat' dir='ltr'><strong>Non</strong></span> <span class='ocrx_word' id='word_1_328' title='bbox 1994 2447 2130 2502; x_wconf 90' lang='lat' dir='ltr'><strong>duos</strong></span> <span class='ocrx_word' id='word_1_329' title='bbox 2171 2445 2238 2500; x_wconf 91' lang='lat' dir='ltr'><strong>ad</strong></span> <span class='ocrx_word' id='word_1_330' title='bbox 2301 2509 2303 2512; x_wconf 21' lang='grc' dir='ltr'><strong><em>ι</em></strong></span> 
     </span>
    </p>
   </div>
   <div class='ocr_carea' id='block_1_39' title="bbox 657 2538 2238 2609">
    <p class='ocr_par' dir='ltr' id='par_1_39' title="bbox 657 2538 2238 2609">
     <span class='ocr_line' id='line_1_39' title="bbox 657 2538 2238 2609; baseline -0.006 -7"><span class='ocrx_word' id='word_1_331' title='bbox 657 2547 972 2603; x_wconf 84' lang='lat' dir='ltr'><strong>divisionem</strong></span> <span class='ocrx_word' id='word_1_332' title='bbox 990 2546 1151 2609; x_wconf 89' lang='lat' dir='ltr'><strong>facio,</strong></span> <span class='ocrx_word' id='word_1_333' title='bbox 1179 2555 1201 2585; x_wconf 73' lang='grc' dir='ltr'><strong>ο</strong></span> <span class='ocrx_word' id='word_1_334' title='bbox 1225 2544 1321 2600; x_wconf 86' lang='lat' dir='ltr'><strong>sed</strong></span> <span class='ocrx_word' id='word_1_335' title='bbox 1349 2544 1403 2598; x_wconf 92' lang='lat' dir='ltr'><strong>in</strong></span> <span class='ocrx_word' id='word_1_336' title='bbox 1424 2557 1530 2598; x_wconf 88' lang='lat' dir='ltr'><strong>una</strong></span> <span class='ocrx_word' id='word_1_337' title='bbox 1557 2541 1819 2596; x_wconf 89' lang='lat' dir='ltr'><strong>Dealitate</strong></span> <span class='ocrx_word' id='word_1_338' title='bbox 1839 2539 1974 2594; x_wconf 87' lang='lat' dir='ltr'><strong>duas</strong></span> <span class='ocrx_word' id='word_1_339' title='bbox 1993 2538 2238 2593; x_wconf 88' lang='lat' dir='ltr'><strong>substan-</strong></span> 
     </span>
    </p>
   </div>
   <div class='ocr_carea' id='block_1_40' title="bbox 628 2624 2236 2706">
    <p class='ocr_par' dir='ltr' id='par_1_40' title="bbox 628 2624 2236 2706">
     <span class='ocr_line' id='line_1_40' title="bbox 628 2624 2236 2706; baseline -0.007 -13"><span class='ocrx_word' id='word_1_340' title='bbox 628 2624 763 2694; x_wconf 57' lang='lat' dir='ltr'><strong>tias</strong></span> <span class='ocrx_word' id='word_1_341' title='bbox 793 2637 1098 2706; x_wconf 76' lang='lat' dir='ltr'><strong>distinguo,</strong></span> <span class='ocrx_word' id='word_1_342' title='bbox 1129 2650 1290 2691; x_wconf 89' lang='lat' dir='ltr'><strong>unam</strong></span> <span class='ocrx_word' id='word_1_343' title='bbox 1329 2649 1450 2703; x_wconf 64' lang='lat' dir='ltr'><strong>quae</strong></span> <span class='ocrx_word' id='word_1_344' title='bbox 1497 2632 1829 2686; x_wconf 83' lang='lat' dir='ltr'><strong>nativitatem</strong></span> <span class='ocrx_word' id='word_1_345' title='bbox 1887 2629 2236 2700; x_wconf 88' lang='lat' dir='ltr'><strong>temporalem</strong></span> 
     </span>
    </p>
   </div>
   <div class='ocr_carea' id='block_1_41' title="bbox 658 2719 2236 2794">
    <p class='ocr_par' dir='ltr' id='par_1_41' title="bbox 658 2719 2236 2794">
     <span class='ocr_line' id='line_1_41' title="bbox 658 2719 2236 2794; baseline -0.006 -12"><span class='ocrx_word' id='word_1_346' title='bbox 658 2727 865 2792; x_wconf 89' lang='lat' dir='ltr'><strong>habuit,</strong></span> <span class='ocrx_word' id='word_1_347' title='bbox 897 2720 1123 2781; x_wconf 84' lang='lat' dir='ltr'><strong>alteram</strong></span> <span class='ocrx_word' id='word_1_348' title='bbox 1165 2739 1284 2794; x_wconf 73' lang='lat' dir='ltr'><strong>quze</strong></span> <span class='ocrx_word' id='word_1_349' title='bbox 1310 2724 1526 2794; x_wconf 89' lang='lat' dir='ltr'><strong>penitus</strong></span> <span class='ocrx_word' id='word_1_350' title='bbox 1553 2721 1785 2792; x_wconf 89' lang='lat' dir='ltr'><strong>tempori</strong></span> <span class='ocrx_word' id='word_1_351' title='bbox 1825 2719 2100 2788; x_wconf 89' lang='lat' dir='ltr'><strong>subjacere</strong></span> <span class='ocrx_word' id='word_1_352' title='bbox 2128 2733 2236 2774; x_wconf 91' lang='lat' dir='ltr'><strong>non</strong></span> 
     </span>
    </p>
   </div>
   <div class='ocr_carea' id='block_1_42' title="bbox 657 2805 2237 2890">
    <p class='ocr_par' dir='ltr' id='par_1_42' title="bbox 657 2805 2237 2890">
     <span class='ocr_line' id='line_1_42' title="bbox 657 2805 2237 2890; baseline -0.007 -16"><span class='ocrx_word' id='word_1_353' title='bbox 657 2820 852 2890; x_wconf 92' lang='lat' dir='ltr'><strong>potuit.</strong></span> <span class='ocrx_word' id='word_1_354' title='bbox 885 2817 1079 2883; x_wconf 89' lang='lat' dir='ltr'><strong>Unam,</strong></span> <span class='ocrx_word' id='word_1_355' title='bbox 1103 2832 1209 2887; x_wconf 92' lang='lat' dir='ltr'><strong>qua</strong></span> <span class='ocrx_word' id='word_1_356' title='bbox 1238 2814 1414 2870; x_wconf 79' lang='lat' dir='ltr'><strong>infans</strong></span> <span class='ocrx_word' id='word_1_357' title='bbox 1447 2816 1499 2869; x_wconf 92' lang='lat' dir='ltr'><strong>in</strong></span> <span class='ocrx_word' id='word_1_358' title='bbox 1525 2829 1764 2884; x_wconf 67' lang='lat' dir='ltr'><strong>prmsepe</strong></span> <span class='ocrx_word' id='word_1_359' title='bbox 1790 2805 2015 2882; x_wconf 85' lang='lat' dir='ltr'><strong>positus,</strong></span> <span class='ocrx_word' id='word_1_360' title='bbox 2046 2811 2237 2882; x_wconf 89' lang='lat' dir='ltr'><strong>pannis</strong></span> 
     </span>
    </p>
   </div>
   <div class='ocr_carea' id='block_1_43' title="bbox 659 2900 2232 2981">
    <p class='ocr_par' dir='ltr' id='par_1_43' title="bbox 659 2900 2232 2981">
     <span class='ocr_line' id='line_1_43' title="bbox 659 2900 2232 2981; baseline -0.007 -16"><span class='ocrx_word' id='word_1_361' title='bbox 659 2911 946 2965; x_wconf 89' lang='lat' dir='ltr'><strong>obvolutus</strong></span> <span class='ocrx_word' id='word_1_362' title='bbox 967 2909 1117 2981; x_wconf 87' lang='lat' dir='ltr'><strong>(Luc.</strong></span> <span class='ocrx_word' id='word_1_363' title='bbox 1149 2925 1208 2974; x_wconf 87' lang='grc' dir='ltr'>ιι,</span> <span class='ocrx_word' id='word_1_364' title='bbox 1232 2908 1307 2978; x_wconf 87' lang='lat'><strong>7),</strong></span> <span class='ocrx_word' id='word_1_365' title='bbox 1331 2907 1503 2963; x_wconf 91' lang='lat' dir='ltr'><strong>crevit</strong></span> <span class='ocrx_word' id='word_1_366' title='bbox 1527 2913 1687 2960; x_wconf 59' lang='lat' dir='ltr'><strong>astate</strong></span> <span class='ocrx_word' id='word_1_367' title='bbox 1709 2915 1764 2960; x_wconf 93' lang='lat' dir='ltr'><strong>et</strong></span> <span class='ocrx_word' id='word_1_368' title='bbox 1790 2904 2053 2974; x_wconf 88' lang='lat' dir='ltr'><strong>sapientia</strong></span> <span class='ocrx_word' id='word_1_369' title='bbox 2083 2900 2232 2973; x_wconf 85' lang='lat' dir='ltr'><strong>(Luc.</strong></span> 
     </span>
    </p>
   </div>
   <div class='ocr_carea' id='block_1_44' title="bbox 659 2992 2240 3076">
    <p class='ocr_par' dir='ltr' id='par_1_44' title="bbox 659 2992 2240 3076">
     <span class='ocr_line' id='line_1_44' title="bbox 659 2992 2240 3076; baseline -0.015 -9"><span class='ocrx_word' id='word_1_370' title='bbox 659 3017 718 3067; x_wconf 81' lang='grc' dir='ltr'>ιι,</span> <span class='ocrx_word' id='word_1_371' title='bbox 752 3001 872 3073; x_wconf 77' lang='grc'><strong>55);</strong></span> <span class='ocrx_word' id='word_1_372' title='bbox 896 3000 1083 3071; x_wconf 80' lang='lat' dir='ltr'><strong>altera,</strong></span> <span class='ocrx_word' id='word_1_373' title='bbox 1115 3013 1220 3076; x_wconf 85' lang='lat' dir='ltr'><strong>qua</strong></span> <span class='ocrx_word' id='word_1_374' title='bbox 1241 2999 1357 3076; x_wconf 83' lang='lat' dir='ltr'><strong>ipse</strong></span> <span class='ocrx_word' id='word_1_375' title='bbox 1381 3004 1530 3056; x_wconf 85' lang='lat' dir='ltr'><strong>creat</strong></span> <span class='ocrx_word' id='word_1_376' title='bbox 1556 3003 1857 3067; x_wconf 84' lang='lat' dir='ltr'><strong>nascentes,</strong></span> <span class='ocrx_word' id='word_1_377' title='bbox 1890 3002 1945 3050; x_wconf 85' lang='lat' dir='ltr'><strong>et</strong></span> <span class='ocrx_word' id='word_1_378' title='bbox 1965 2992 2057 3054; x_wconf 82' lang='lat' dir='ltr'><strong>dat</strong></span> <span class='ocrx_word' id='word_1_379' title='bbox 2083 2992 2162 3050; x_wconf 86' lang='lat' dir='ltr'><strong>eis</strong></span> <span class='ocrx_word' id='word_1_380' title='bbox 2183 3003 2240 3046; x_wconf 84' lang='lat' dir='ltr'><strong>ut</strong></span> 
     </span>
    </p>
   </div>
   <div class='ocr_carea' id='block_1_45' title="bbox 637 3091 2239 3164">
    <p class='ocr_par' dir='ltr' id='par_1_45' title="bbox 637 3091 2239 3164">
     <span class='ocr_line' id='line_1_45' title="bbox 637 3091 2239 3164; baseline -0.005 -14"><span class='ocrx_word' id='word_1_381' title='bbox 637 3091 845 3160; x_wconf 71' lang='lat' dir='ltr'><strong>~vivant</strong></span> <span class='ocrx_word' id='word_1_382' title='bbox 895 3105 950 3150; x_wconf 91' lang='lat' dir='ltr'><strong>et</strong></span> <span class='ocrx_word' id='word_1_383' title='bbox 991 3103 1237 3150; x_wconf 88' lang='lat' dir='ltr'><strong>crescant</strong></span> <span class='ocrx_word' id='word_1_384' title='bbox 1274 3103 1434 3150; x_wconf 73' lang='lat' dir='ltr'><strong>aetate</strong></span> <span class='ocrx_word' id='word_1_385' title='bbox 1476 3101 1531 3148; x_wconf 92' lang='lat' dir='ltr'><strong>et</strong></span> <span class='ocrx_word' id='word_1_386' title='bbox 1570 3095 1852 3164; x_wconf 88' lang='lat' dir='ltr'><strong>sapientia.</strong></span> <span class='ocrx_word' id='word_1_387' title='bbox 1907 3091 2096 3154; x_wconf 90' lang='lat' dir='ltr'><strong>Unam,</strong></span> <span class='ocrx_word' id='word_1_388' title='bbox 2133 3105 2239 3158; x_wconf 86' lang='lat' dir='ltr'><strong>qua</strong></span> 
     </span>
    </p>
   </div>
   <div class='ocr_carea' id='block_1_46' title="bbox 2341 1893 3924 1966">
    <p class='ocr_par' dir='ltr' id='par_1_46' title="bbox 2341 1893 3924 1966">
     <span class='ocr_line' id='line_1_46' title="bbox 2341 1893 3924 1966; baseline -0.001 -16"><span class='ocrx_word' id='word_1_389' title='bbox 2341 1896 2532 1952; x_wconf 79' lang='lat' dir='ltr'><strong>fecisse</strong></span> <span class='ocrx_word' id='word_1_390' title='bbox 2561 1898 2775 1962; x_wconf 92' lang='lat' dir='ltr'><strong>scimus,</strong></span> <span class='ocrx_word' id='word_1_391' title='bbox 2805 1896 2873 1951; x_wconf 88' lang='lat' dir='ltr'><strong>de</strong></span> <span class='ocrx_word' id='word_1_392' title='bbox 2900 1896 3020 1950; x_wconf 91' lang='lat' dir='ltr'><strong>sinu</strong></span> <span class='ocrx_word' id='word_1_393' title='bbox 3049 1895 3224 1950; x_wconf 88' lang='lat' dir='ltr'><strong>Patris</strong></span> <span class='ocrx_word' id='word_1_394' title='bbox 3267 1909 3613 1966; x_wconf 90' lang='lat' dir='ltr'><strong>nunquamne</strong></span> <span class='ocrx_word' id='word_1_395' title='bbox 3637 1893 3924 1950; x_wconf 82' lang='lat' dir='ltr'><strong>discessit?</strong></span> 
     </span>
    </p>
   </div>
   <div class='ocr_carea' id='block_1_47' title="bbox 2338 1983 3919 2058">
    <p class='ocr_par' dir='ltr' id='par_1_47' title="bbox 2338 1983 3919 2058">
     <span class='ocr_line' id='line_1_47' title="bbox 2338 1983 3919 2058; baseline -0.002 -15"><span class='ocrx_word' id='word_1_396' title='bbox 2338 1987 2711 2058; x_wconf 83' lang='lat' dir='ltr'><strong>Respondetur</strong></span> <span class='ocrx_word' id='word_1_397' title='bbox 2736 2006 2748 2039; x_wconf 93' lang='lat'>:</span> <span class='ocrx_word' id='word_1_398' title='bbox 2773 1984 2906 2040; x_wconf 89' lang='lat' dir='ltr'><strong>Cum</strong></span> <span class='ocrx_word' id='word_1_399' title='bbox 2929 1985 3144 2056; x_wconf 86' lang='lat' dir='ltr'><strong>quidam</strong></span> <span class='ocrx_word' id='word_1_400' title='bbox 3170 1986 3530 2054; x_wconf 78' lang='lat' dir='ltr'><strong>interrogator</strong></span> <span class='ocrx_word' id='word_1_401' title='bbox 3547 1983 3756 2041; x_wconf 88' lang='lat' dir='ltr'><strong>cuidam</strong></span> <span class='ocrx_word' id='word_1_402' title='bbox 3776 1984 3919 2040; x_wconf 86' lang='lat' dir='ltr'><strong>dice-</strong></span> 
     </span>
    </p>
   </div>
   <div class='ocr_carea' id='block_1_48' title="bbox 2339 2079 3924 2152">
    <p class='ocr_par' dir='ltr' id='par_1_48' title="bbox 2339 2079 3924 2152">
     <span class='ocr_line' id='line_1_48' title="bbox 2339 2079 3924 2152; baseline -0.006 -12"><span class='ocrx_word' id='word_1_403' title='bbox 2339 2092 2425 2140; x_wconf 90' lang='lat' dir='ltr'><strong>ret</strong></span> <span class='ocrx_word' id='word_1_404' title='bbox 2452 2084 2662 2139; x_wconf 89' lang='lat' dir='ltr'><strong>erudito</strong></span> <span class='ocrx_word' id='word_1_405' title='bbox 2697 2100 2710 2135; x_wconf 91' lang='lat'><strong>:</strong></span> <span class='ocrx_word' id='word_1_406' title='bbox 2743 2081 2997 2137; x_wconf 89' lang='lat' dir='ltr'><strong>Dic-mihi</strong></span> <span class='ocrx_word' id='word_1_407' title='bbox 3041 2081 3093 2136; x_wconf 94' lang='lat' dir='ltr'><strong>in</strong></span> <span class='ocrx_word' id='word_1_408' title='bbox 3136 2095 3243 2152; x_wconf 92' lang='lat' dir='ltr'><strong>quo</strong></span> <span class='ocrx_word' id='word_1_409' title='bbox 3283 2081 3403 2136; x_wconf 92' lang='lat' dir='ltr'><strong>loco</strong></span> <span class='ocrx_word' id='word_1_410' title='bbox 3443 2096 3585 2135; x_wconf 90' lang='lat' dir='ltr'><strong>nunc</strong></span> <span class='ocrx_word' id='word_1_411' title='bbox 3623 2079 3766 2134; x_wconf 90' lang='lat' dir='ltr'><strong>Deus</strong></span> <span class='ocrx_word' id='word_1_412' title='bbox 3807 2079 3924 2133; x_wconf 89' lang='lat' dir='ltr'><strong>est?</strong></span> 
     </span>
    </p>
   </div>
   <div class='ocr_carea' id='block_1_49' title="bbox 2341 2170 3923 2243">
    <p class='ocr_par' dir='ltr' id='par_1_49' title="bbox 2341 2170 3923 2243">
     <span class='ocr_line' id='line_1_49' title="bbox 2341 2170 3923 2243; baseline -0.004 -13"><span class='ocrx_word' id='word_1_413' title='bbox 2341 2174 2510 2230; x_wconf 80' lang='lat' dir='ltr'><strong>fertur</strong></span> <span class='ocrx_word' id='word_1_414' title='bbox 2551 2173 2659 2228; x_wconf 88' lang='lat' dir='ltr'><strong>tale</strong></span> <span class='ocrx_word' id='word_1_415' title='bbox 2707 2172 2919 2228; x_wconf 89' lang='lat' dir='ltr'><strong>dedisse</strong></span> <span class='ocrx_word' id='word_1_416' title='bbox 2967 2187 3283 2243; x_wconf 88' lang='lat' dir='ltr'><strong>responsum</strong></span> <span class='ocrx_word' id='word_1_417' title='bbox 3317 2189 3330 2224; x_wconf 87' lang='lat'><strong>:</strong></span> <span class='ocrx_word' id='word_1_418' title='bbox 3365 2172 3460 2226; x_wconf 91' lang='lat' dir='ltr'><strong>Die</strong></span> <span class='ocrx_word' id='word_1_419' title='bbox 3495 2170 3586 2226; x_wconf 91' lang='lat' dir='ltr'><strong>ubi</strong></span> <span class='ocrx_word' id='word_1_420' title='bbox 3615 2186 3720 2225; x_wconf 91' lang='lat' dir='ltr'><strong>non</strong></span> <span class='ocrx_word' id='word_1_421' title='bbox 3759 2170 3846 2233; x_wconf 89' lang='lat' dir='ltr'><strong>sit,</strong></span> <span class='ocrx_word' id='word_1_422' title='bbox 3870 2175 3923 2224; x_wconf 90' lang='lat' dir='ltr'><strong>et</strong></span> 
     </span>
    </p>
   </div>
   <div class='ocr_carea' id='block_1_50' title="bbox 2340 2257 3923 2336">
    <p class='ocr_par' dir='ltr' id='par_1_50' title="bbox 2340 2257 3923 2336">
     <span class='ocr_line' id='line_1_50' title="bbox 2340 2257 3923 2336; baseline -0.006 -14"><span class='ocrx_word' id='word_1_423' title='bbox 2340 2265 2552 2336; x_wconf 89' lang='lat' dir='ltr'><strong>inquire</strong></span> <span class='ocrx_word' id='word_1_424' title='bbox 2581 2263 2670 2319; x_wconf 90' lang='lat' dir='ltr'><strong>ubi</strong></span> <span class='ocrx_word' id='word_1_425' title='bbox 2699 2264 2785 2318; x_wconf 90' lang='lat' dir='ltr'><strong>sit.</strong></span> <span class='ocrx_word' id='word_1_426' title='bbox 2839 2263 2908 2316; x_wconf 84' lang='lat' dir='ltr'><strong>At</strong></span> <span class='ocrx_word' id='word_1_427' title='bbox 2949 2278 3080 2318; x_wconf 91' lang='lat' dir='ltr'><strong>vero</strong></span> <span class='ocrx_word' id='word_1_428' title='bbox 3127 2277 3248 2318; x_wconf 92' lang='lat' dir='ltr'><strong>cum</strong></span> <span class='ocrx_word' id='word_1_429' title='bbox 3289 2263 3552 2332; x_wconf 90' lang='lat' dir='ltr'><strong>propheta</strong></span> <span class='ocrx_word' id='word_1_430' title='bbox 3579 2259 3774 2330; x_wconf 86' lang='lat' dir='ltr'><strong>clamet</strong></span> <span class='ocrx_word' id='word_1_431' title='bbox 3814 2277 3827 2312; x_wconf 90' lang='lat'>:</span> <span class='ocrx_word' id='word_1_432' title='bbox 3864 2257 3923 2314; x_wconf 97' lang='lat' dir='ltr'><strong>Si</strong></span> 
     </span>
    </p>
   </div>
   <div class='ocr_carea' id='block_1_51' title="bbox 2341 2349 3925 2423">
    <p class='ocr_par' dir='ltr' id='par_1_51' title="bbox 2341 2349 3925 2423">
     <span class='ocr_line' id='line_1_51' title="bbox 2341 2349 3925 2423; baseline -0.004 -14"><span class='ocrx_word' id='word_1_433' title='bbox 2341 2355 2619 2409; x_wconf 76' lang='lat' dir='ltr'><strong>ascendere</strong></span> <span class='ocrx_word' id='word_1_434' title='bbox 2667 2355 2724 2406; x_wconf 86' lang='lat' dir='ltr'><strong>in</strong></span> <span class='ocrx_word' id='word_1_435' title='bbox 2761 2354 2943 2408; x_wconf 70' lang='lat' dir='ltr'><strong>caelum</strong></span> <span class='ocrx_word' id='word_1_436' title='bbox 2985 2352 3102 2422; x_wconf 81' lang='lat' dir='ltr'><strong>(Ps.</strong></span> <span class='ocrx_word' id='word_1_437' title='bbox 3127 2368 3390 2414; x_wconf 73' lang='lat' dir='ltr'><strong>&#39;cxxxvm,</strong></span> <span class='ocrx_word' id='word_1_438' title='bbox 3423 2350 3500 2423; x_wconf 87' lang='grc'><strong>6),</strong></span> <span class='ocrx_word' id='word_1_439' title='bbox 3551 2359 3680 2416; x_wconf 91' lang='lat' dir='ltr'><strong>etc.,</strong></span> <span class='ocrx_word' id='word_1_440' title='bbox 3714 2356 3768 2406; x_wconf 82' lang='lat' dir='ltr'><strong>et</strong></span> <span class='ocrx_word' id='word_1_441' title='bbox 3812 2349 3925 2419; x_wconf 85' lang='lat' dir='ltr'><strong>ipse</strong></span> 
     </span>
    </p>
   </div>
   <div class='ocr_carea' id='block_1_52' title="bbox 2338 2439 3925 2512">
    <p class='ocr_par' dir='ltr' id='par_1_52' title="bbox 2338 2439 3925 2512">
     <span class='ocr_line' id='line_1_52' title="bbox 2338 2439 3925 2512; baseline -0.004 -13"><span class='ocrx_word' id='word_1_442' title='bbox 2338 2445 2482 2500; x_wconf 89' lang='lat' dir='ltr'><strong>dicat</strong></span> <span class='ocrx_word' id='word_1_443' title='bbox 2513 2462 2524 2496; x_wconf 95' lang='lat'>:</span> <span class='ocrx_word' id='word_1_444' title='bbox 2549 2440 2740 2496; x_wconf 76' lang='lat' dir='ltr'><strong>Caelum</strong></span> <span class='ocrx_word' id='word_1_445' title='bbox 2779 2451 2830 2495; x_wconf 85' lang='lat' dir='ltr'><strong>et</strong></span> <span class='ocrx_word' id='word_1_446' title='bbox 2869 2451 3056 2495; x_wconf 85' lang='lat' dir='ltr'><strong>terram</strong></span> <span class='ocrx_word' id='word_1_447' title='bbox 3099 2441 3269 2511; x_wconf 86' lang='lat' dir='ltr'><strong>repleo</strong></span> <span class='ocrx_word' id='word_1_448' title='bbox 3300 2440 3432 2511; x_wconf 82' lang='lat' dir='ltr'><strong>(Jer.</strong></span> <span class='ocrx_word' id='word_1_449' title='bbox 3465 2456 3615 2506; x_wconf 79' lang='lat' dir='ltr'><strong>xxm,</strong></span> <span class='ocrx_word' id='word_1_450' title='bbox 3645 2439 3760 2512; x_wconf 68' lang='grc'><strong>24),</strong></span> <span class='ocrx_word' id='word_1_451' title='bbox 3789 2454 3925 2509; x_wconf 90' lang='lat' dir='ltr'><strong>quo-</strong></span> 
     </span>
    </p>
   </div>
   <div class='ocr_carea' id='block_1_53' title="bbox 2337 2528 3923 2605">
    <p class='ocr_par' dir='ltr' id='par_1_53' title="bbox 2337 2528 3923 2605">
     <span class='ocr_line' id='line_1_53' title="bbox 2337 2528 3923 2605; baseline -0.004 -15"><span class='ocrx_word' id='word_1_452' title='bbox 2337 2533 2497 2590; x_wconf 91' lang='lat' dir='ltr'><strong>modo</strong></span> <span class='ocrx_word' id='word_1_453' title='bbox 2524 2539 2738 2603; x_wconf 86' lang='lat' dir='ltr'><strong>poterat</strong></span> <span class='ocrx_word' id='word_1_454' title='bbox 2764 2529 2878 2586; x_wconf 83' lang='lat' dir='ltr'><strong>fieri</strong></span> <span class='ocrx_word' id='word_1_455' title='bbox 2907 2539 2968 2586; x_wconf 91' lang='lat' dir='ltr'><strong>ut</strong></span> <span class='ocrx_word' id='word_1_456' title='bbox 2994 2531 3083 2600; x_wconf 91' lang='lat' dir='ltr'><strong>qui</strong></span> <span class='ocrx_word' id='word_1_457' title='bbox 3109 2546 3249 2585; x_wconf 90' lang='lat' dir='ltr'><strong>unus</strong></span> <span class='ocrx_word' id='word_1_458' title='bbox 3278 2538 3363 2586; x_wconf 90' lang='lat' dir='ltr'><strong>est</strong></span> <span class='ocrx_word' id='word_1_459' title='bbox 3386 2546 3507 2605; x_wconf 88' lang='lat' dir='ltr'><strong>cum</strong></span> <span class='ocrx_word' id='word_1_460' title='bbox 3537 2529 3700 2586; x_wconf 89' lang='lat' dir='ltr'><strong>Patre</strong></span> <span class='ocrx_word' id='word_1_461' title='bbox 3719 2539 3774 2586; x_wconf 89' lang='lat' dir='ltr'><strong>et</strong></span> <span class='ocrx_word' id='word_1_462' title='bbox 3797 2528 3923 2600; x_wconf 87' lang='lat' dir='ltr'><strong>Spi-</strong></span> 
     </span>
    </p>
   </div>
   <div class='ocr_carea' id='block_1_54' title="bbox 2338 2621 3927 2693">
    <p class='ocr_par' dir='ltr' id='par_1_54' title="bbox 2338 2621 3927 2693">
     <span class='ocr_line' id='line_1_54' title="bbox 2338 2621 3927 2693; baseline -0.003 -11"><span class='ocrx_word' id='word_1_463' title='bbox 2338 2626 2446 2682; x_wconf 91' lang='lat' dir='ltr'><strong>ritu</strong></span> <span class='ocrx_word' id='word_1_464' title='bbox 2471 2633 2658 2680; x_wconf 90' lang='lat' dir='ltr'><strong>saneto</strong></span> <span class='ocrx_word' id='word_1_465' title='bbox 2677 2624 2889 2679; x_wconf 87' lang='lat' dir='ltr'><strong>deesset</strong></span> <span class='ocrx_word' id='word_1_466' title='bbox 2909 2621 3055 2678; x_wconf 88' lang='lat' dir='ltr'><strong>Patri</strong></span> <span class='ocrx_word' id='word_1_467' title='bbox 3082 2630 3137 2678; x_wconf 92' lang='lat' dir='ltr'><strong>et</strong></span> <span class='ocrx_word' id='word_1_468' title='bbox 3155 2621 3382 2693; x_wconf 89' lang='lat' dir='ltr'><strong>Spiritui</strong></span> <span class='ocrx_word' id='word_1_469' title='bbox 3409 2630 3620 2690; x_wconf 89' lang='lat' dir='ltr'><strong>sancto,</strong></span> <span class='ocrx_word' id='word_1_470' title='bbox 3642 2638 3769 2678; x_wconf 93' lang='lat' dir='ltr'><strong>cum</strong></span> <span class='ocrx_word' id='word_1_471' title='bbox 3787 2630 3927 2678; x_wconf 82' lang='lat' dir='ltr'><strong>esset</strong></span> 
     </span>
    </p>
   </div>
   <div class='ocr_carea' id='block_1_55' title="bbox 2308 2711 3929 2785">
    <p class='ocr_par' dir='ltr' id='par_1_55' title="bbox 2308 2711 3929 2785">
     <span class='ocr_line' id='line_1_55' title="bbox 2308 2711 3929 2785; baseline -0.003 -14"><span class='ocrx_word' id='word_1_472' title='bbox 2308 2717 2397 2785; x_wconf 19' lang='lat' dir='ltr'><strong>lin</strong></span> <span class='ocrx_word' id='word_1_473' title='bbox 2435 2715 2592 2770; x_wconf 89' lang='lat' dir='ltr'><strong>vulva</strong></span> <span class='ocrx_word' id='word_1_474' title='bbox 2628 2714 2880 2782; x_wconf 76' lang='lat' dir='ltr'><strong>Virginis,</strong></span> <span class='ocrx_word' id='word_1_475' title='bbox 2908 2729 3031 2768; x_wconf 89' lang='lat' dir='ltr'><strong>eum</strong></span> <span class='ocrx_word' id='word_1_476' title='bbox 3077 2719 3408 2776; x_wconf 87' lang='lat' dir='ltr'><strong>nasceretur,</strong></span> <span class='ocrx_word' id='word_1_477' title='bbox 3455 2711 3764 2778; x_wconf 87' lang='lat' dir='ltr'><strong>laetaretur,</strong></span> <span class='ocrx_word' id='word_1_478' title='bbox 3796 2720 3929 2777; x_wconf 91' lang='lat' dir='ltr'><strong>etc.,</strong></span> 
     </span>
    </p>
   </div>
   <div class='ocr_carea' id='block_1_56' title="bbox 2311 2801 3932 2877">
    <p class='ocr_par' dir='ltr' id='par_1_56' title="bbox 2311 2801 3932 2877">
     <span class='ocr_line' id='line_1_56' title="bbox 2311 2801 3932 2877; baseline -0.002 -15"><span class='ocrx_word' id='word_1_479' title='bbox 2311 2874 2314 2877; x_wconf 24' lang='grc' dir='ltr'><strong><em>ι</em></strong></span> <span class='ocrx_word' id='word_1_480' title='bbox 2339 2815 2523 2862; x_wconf 84' lang='lat' dir='ltr'><strong>tamen</strong></span> <span class='ocrx_word' id='word_1_481' title='bbox 2548 2806 2620 2861; x_wconf 91' lang='lat' dir='ltr'><strong>de</strong></span> <span class='ocrx_word' id='word_1_482' title='bbox 2642 2805 2761 2860; x_wconf 90' lang='lat' dir='ltr'><strong>sinu</strong></span> <span class='ocrx_word' id='word_1_483' title='bbox 2785 2804 2959 2859; x_wconf 85' lang='lat' dir='ltr'><strong>Patris</strong></span> <span class='ocrx_word' id='word_1_484' title='bbox 2986 2818 3260 2874; x_wconf 89' lang='lat' dir='ltr'><strong>nunquam</strong></span> <span class='ocrx_word' id='word_1_485' title='bbox 3284 2801 3548 2859; x_wconf 75' lang='lat' dir='ltr'><strong>discessit.</strong></span> <span class='ocrx_word' id='word_1_486' title='bbox 3571 2801 3640 2856; x_wconf 85' lang='lat' dir='ltr'><strong>Et</strong></span> <span class='ocrx_word' id='word_1_487' title='bbox 3665 2817 3790 2856; x_wconf 89' lang='lat' dir='ltr'><strong>cum</strong></span> <span class='ocrx_word' id='word_1_488' title='bbox 3813 2802 3932 2858; x_wconf 87' lang='lat' dir='ltr'><strong>haec</strong></span> 
     </span>
    </p>
   </div>
   <div class='ocr_carea' id='block_1_57' title="bbox 2341 2893 3928 2966">
    <p class='ocr_par' dir='ltr' id='par_1_57' title="bbox 2341 2893 3928 2966">
     <span class='ocr_line' id='line_1_57' title="bbox 2341 2893 3928 2966; baseline 0.001 -14"><span class='ocrx_word' id='word_1_489' title='bbox 2341 2898 2587 2962; x_wconf 82' lang='lat' dir='ltr'><strong>dixisset,</strong></span> <span class='ocrx_word' id='word_1_490' title='bbox 2615 2895 2937 2952; x_wconf 75' lang='lat' dir='ltr'><strong>-°-—-Judices</strong></span> <span class='ocrx_word' id='word_1_491' title='bbox 2981 2904 3038 2951; x_wconf 91' lang='lat' dir='ltr'><strong>et</strong></span> <span class='ocrx_word' id='word_1_492' title='bbox 3082 2910 3272 2966; x_wconf 84' lang='lat' dir='ltr'><strong>omnes</strong></span> <span class='ocrx_word' id='word_1_493' title='bbox 3315 2894 3595 2960; x_wconf 82' lang='lat' dir='ltr'><strong>auditores</strong></span> <span class='ocrx_word' id='word_1_494' title='bbox 3633 2893 3928 2957; x_wconf 77' lang='lat' dir='ltr'><strong>dixerunt:</strong></span> 
     </span>
    </p>
   </div>
   <div class='ocr_carea' id='block_1_58' title="bbox 2341 2985 3926 3065">
    <p class='ocr_par' dir='ltr' id='par_1_58' title="bbox 2341 2985 3926 3065">
     <span class='ocr_line' id='line_1_58' title="bbox 2341 2985 3926 3065; baseline 0.001 -18"><span class='ocrx_word' id='word_1_495' title='bbox 2341 2987 2486 3057; x_wconf 80' lang='lat' dir='ltr'><strong>Satis</strong></span> <span class='ocrx_word' id='word_1_496' title='bbox 2525 2987 2720 3046; x_wconf 83' lang='lat' dir='ltr'><strong>subtile</strong></span> <span class='ocrx_word' id='word_1_497' title='bbox 2743 2986 2888 3065; x_wconf 52' lang='lat' dir='ltr'><strong>quod</strong></span> <span class='ocrx_word' id='word_1_498' title='bbox 2929 2995 3143 3061; x_wconf 74' lang='lat' dir='ltr'><strong>asseﬁs,</strong></span> <span class='ocrx_word' id='word_1_499' title='bbox 3167 3008 3224 3049; x_wconf 81' lang='lat' dir='ltr'><strong>et</strong></span> <span class='ocrx_word' id='word_1_500' title='bbox 3249 2993 3422 3049; x_wconf 89' lang='lat' dir='ltr'><strong>videri</strong></span> <span class='ocrx_word' id='word_1_501' title='bbox 3459 3009 3491 3048; x_wconf 93' lang='lat' dir='ltr'><strong>a</strong></span> <span class='ocrx_word' id='word_1_502' title='bbox 3515 2993 3676 3048; x_wconf 86' lang='lat' dir='ltr'><strong>nobis</strong></span> <span class='ocrx_word' id='word_1_503' title='bbox 3703 2985 3824 3048; x_wconf 18' lang='lat' dir='ltr'><strong>non.</strong></span> <span class='ocrx_word' id='word_1_504' title='bbox 3840 3008 3926 3063; x_wconf 88' lang='lat' dir='ltr'><strong>po-</strong></span> 
     </span>
    </p>
   </div>
   <div class='ocr_carea' id='block_1_59' title="bbox 2317 3083 3925 3157">
    <p class='ocr_par' dir='ltr' id='par_1_59' title="bbox 2317 3083 3925 3157">
     <span class='ocr_line' id='line_1_59' title="bbox 2317 3083 3925 3157; baseline -0.003 -15"><span class='ocrx_word' id='word_1_505' title='bbox 2317 3097 2468 3151; x_wconf 78' lang='lat' dir='ltr'><strong>test,</strong></span> <span class='ocrx_word' id='word_1_506' title='bbox 2494 3089 2593 3143; x_wconf 89' lang='lat' dir='ltr'><strong>nisi</strong></span> <span class='ocrx_word' id='word_1_507' title='bbox 2623 3087 2887 3157; x_wconf 86' lang='lat' dir='ltr'><strong>aliquibus</strong></span> <span class='ocrx_word' id='word_1_508' title='bbox 2914 3087 3019 3142; x_wconf 91' lang='lat' dir='ltr'><strong>hoc</strong></span> <span class='ocrx_word' id='word_1_509' title='bbox 3039 3084 3198 3141; x_wconf 78' lang='lat' dir='ltr'><strong>fuerit</strong></span> <span class='ocrx_word' id='word_1_510' title='bbox 3225 3084 3718 3156; x_wconf 87' lang='lat' dir='ltr'><strong>comparationibus</strong></span> <span class='ocrx_word' id='word_1_511' title='bbox 3751 3083 3925 3141; x_wconf 89' lang='lat' dir='ltr'><strong>decla-</strong></span> 
     </span>
    </p>
   </div>
   <div class='ocr_carea' id='block_1_60' title="bbox 658 3179 2617 3260">
    <p class='ocr_par' dir='ltr' id='par_1_60' title="bbox 658 3179 2617 3260">
     <span class='ocr_line' id='line_1_60' title="bbox 658 3179 2617 3260; baseline -0.006 -18"><span class='ocrx_word' id='word_1_512' title='bbox 658 3185 960 3255; x_wconf 84' lang='lat' dir='ltr'><strong>baptizatur</strong></span> <span class='ocrx_word' id='word_1_513' title='bbox 981 3201 1012 3240; x_wconf 91' lang='lat' dir='ltr'><strong>a</strong></span> <span class='ocrx_word' id='word_1_514' title='bbox 1042 3185 1260 3248; x_wconf 86' lang='lat' dir='ltr'><strong>famulo,</strong></span> <span class='ocrx_word' id='word_1_515' title='bbox 1283 3185 1436 3256; x_wconf 89' lang='lat' dir='ltr'><strong>quasi</strong></span> <span class='ocrx_word' id='word_1_516' title='bbox 1464 3181 1941 3238; x_wconf 80' lang='lat' dir='ltr'><strong>sanetilicationem</strong></span> <span class='ocrx_word' id='word_1_517' title='bbox 1971 3179 2239 3249; x_wconf 90' lang='lat' dir='ltr'><strong>accipiens</strong></span> <span class='ocrx_word' id='word_1_518' title='bbox 2267 3198 2313 3260; x_wconf 69' lang='grc' dir='ltr'><strong>ρ</strong></span> <span class='ocrx_word' id='word_1_519' title='bbox 2341 3187 2536 3232; x_wconf 90' lang='lat' dir='ltr'><strong>ratum.</strong></span> <span class='ocrx_word' id='word_1_520' title='bbox 2613 3218 2617 3224; x_wconf 85' lang='lat'><strong>.</strong></span> 
     </span>
    </p>
   </div>
   <div class='ocr_carea' id='block_1_61' title="bbox 660 3269 2239 3343">
    <p class='ocr_par' dir='ltr' id='par_1_61' title="bbox 660 3269 2239 3343">
     <span class='ocr_line' id='line_1_61' title="bbox 660 3269 2239 3343; baseline -0.002 -19"><span class='ocrx_word' id='word_1_521' title='bbox 660 3271 876 3343; x_wconf 82' lang='lat' dir='ltr'><strong>(Matth.</strong></span> <span class='ocrx_word' id='word_1_522' title='bbox 907 3289 983 3338; x_wconf 88' lang='grc' dir='ltr'>ιιι,</span> <span class='ocrx_word' id='word_1_523' title='bbox 1009 3271 1098 3340; x_wconf 78' lang='grc'><strong>15)</strong></span> <span class='ocrx_word' id='word_1_524' title='bbox 1124 3288 1139 3336; x_wconf 91' lang='grc'><strong>;</strong></span> <span class='ocrx_word' id='word_1_525' title='bbox 1167 3273 1344 3338; x_wconf 89' lang='lat' dir='ltr'><strong>aliam,</strong></span> <span class='ocrx_word' id='word_1_526' title='bbox 1376 3286 1479 3340; x_wconf 89' lang='lat' dir='ltr'><strong>qua</strong></span> <span class='ocrx_word' id='word_1_527' title='bbox 1505 3271 1620 3340; x_wconf 91' lang='lat' dir='ltr'><strong>ipse</strong></span> <span class='ocrx_word' id='word_1_528' title='bbox 1646 3269 1946 3324; x_wconf 79' lang='lat' dir='ltr'><strong>sanctificat</strong></span> <span class='ocrx_word' id='word_1_529' title='bbox 1973 3277 2029 3322; x_wconf 93' lang='lat' dir='ltr'><strong>et</strong></span> <span class='ocrx_word' id='word_1_530' title='bbox 2048 3283 2239 3338; x_wconf 86' lang='lat' dir='ltr'><strong>aquam</strong></span> 
     </span>
    </p>
   </div>
   <div class='ocr_carea' id='block_1_62' title="bbox 2418 3263 3928 3332">
    <p class='ocr_par' dir='ltr' id='par_1_62' title="bbox 2418 3263 3928 3332">
     <span class='ocr_line' id='line_1_62' title="bbox 2418 3263 3928 3332; baseline -0.001 -12"><span class='ocrx_word' id='word_1_531' title='bbox 2418 3266 2607 3322; x_wconf 84' lang='lat' dir='ltr'><strong>XXIV.</strong></span> <span class='ocrx_word' id='word_1_532' title='bbox 2638 3300 2710 3311; x_wconf 91' lang='lat'><strong>—</strong></span> <span class='ocrx_word' id='word_1_533' title='bbox 2735 3266 2908 3322; x_wconf 87' lang='lat' dir='ltr'><strong>Dicite</strong></span> <span class='ocrx_word' id='word_1_534' title='bbox 2935 3266 3084 3332; x_wconf 89' lang='lat' dir='ltr'><strong>mihi,</strong></span> <span class='ocrx_word' id='word_1_535' title='bbox 3125 3265 3262 3321; x_wconf 80' lang='lat' dir='ltr'><strong>dixit</strong></span> <span class='ocrx_word' id='word_1_536' title='bbox 3288 3263 3557 3321; x_wconf 79' lang='lat' dir='ltr'><strong>Arnobius</strong></span> <span class='ocrx_word' id='word_1_537' title='bbox 3588 3283 3602 3319; x_wconf 92' lang='lat'><strong>:</strong></span> <span class='ocrx_word' id='word_1_538' title='bbox 3635 3263 3784 3320; x_wconf 87' lang='lat' dir='ltr'><strong>Unde</strong></span> <span class='ocrx_word' id='word_1_539' title='bbox 3809 3263 3928 3318; x_wconf 82' lang='lat' dir='ltr'><strong>fons</strong></span> 
     </span>
    </p>
   </div>
   <div class='ocr_carea' id='block_1_63' title="bbox 659 3356 3923 3433">
    <p class='ocr_par' dir='ltr' id='par_1_63' title="bbox 659 3356 3923 3433">
     <span class='ocr_line' id='line_1_63' title="bbox 659 3356 3923 3433; baseline -0.002 -18"><span class='ocrx_word' id='word_1_540' title='bbox 659 3361 866 3433; x_wconf 89' lang='lat' dir='ltr'><strong>pariter</strong></span> <span class='ocrx_word' id='word_1_541' title='bbox 907 3369 962 3415; x_wconf 91' lang='lat' dir='ltr'><strong>et</strong></span> <span class='ocrx_word' id='word_1_542' title='bbox 998 3360 1314 3431; x_wconf 89' lang='lat' dir='ltr'><strong>Baptistam.</strong></span> <span class='ocrx_word' id='word_1_543' title='bbox 1341 3358 1535 3425; x_wconf 92' lang='lat' dir='ltr'><strong>Unam,</strong></span> <span class='ocrx_word' id='word_1_544' title='bbox 1577 3373 1683 3428; x_wconf 91' lang='lat' dir='ltr'><strong>qua</strong></span> <span class='ocrx_word' id='word_1_545' title='bbox 1710 3359 1908 3413; x_wconf 91' lang='lat' dir='ltr'><strong>dormit</strong></span> <span class='ocrx_word' id='word_1_546' title='bbox 1935 3359 1988 3412; x_wconf 91' lang='lat' dir='ltr'><strong>in</strong></span> <span class='ocrx_word' id='word_1_547' title='bbox 2017 3358 2158 3422; x_wconf 90' lang='lat' dir='ltr'><strong>navi,</strong></span> <span class='ocrx_word' id='word_1_548' title='bbox 2190 3365 2246 3412; x_wconf 90' lang='lat' dir='ltr'><strong>et</strong></span> <span class='ocrx_word' id='word_1_549' title='bbox 2347 3358 2618 3413; x_wconf 86' lang='lat' dir='ltr'><strong>nascitur?</strong></span> <span class='ocrx_word' id='word_1_550' title='bbox 2638 3357 2741 3422; x_wconf 91' lang='lat' dir='ltr'><strong>Qui</strong></span> <span class='ocrx_word' id='word_1_551' title='bbox 2769 3357 3159 3426; x_wconf 89' lang='lat' dir='ltr'><strong>respondentes</strong></span> <span class='ocrx_word' id='word_1_552' title='bbox 3175 3357 3426 3412; x_wconf 88' lang='lat' dir='ltr'><strong>dixerunt</strong></span> <span class='ocrx_word' id='word_1_553' title='bbox 3449 3375 3462 3410; x_wconf 91' lang='lat'><strong>:</strong></span> <span class='ocrx_word' id='word_1_554' title='bbox 3486 3356 3565 3412; x_wconf 90' lang='lat' dir='ltr'><strong>De</strong></span> <span class='ocrx_word' id='word_1_555' title='bbox 3590 3370 3725 3411; x_wconf 91' lang='lat' dir='ltr'><strong>vena</strong></span> <span class='ocrx_word' id='word_1_556' title='bbox 3749 3362 3923 3409; x_wconf 73' lang='lat' dir='ltr'><strong>terrm.</strong></span> 
     </span>
    </p>
   </div>
   <div class='ocr_carea' id='block_1_64' title="bbox 663 3439 3923 3521">
    <p class='ocr_par' dir='ltr' id='par_1_64' title="bbox 663 3439 3923 3521">
     <span class='ocr_line' id='line_1_64' title="bbox 663 3439 3923 3521; baseline -0.002 -14"><span class='ocrx_word' id='word_1_557' title='bbox 663 3452 929 3508; x_wconf 78' lang='lat' dir='ltr'><strong>excitatur</strong></span> <span class='ocrx_word' id='word_1_558' title='bbox 949 3468 980 3506; x_wconf 91' lang='lat' dir='ltr'><strong>a</strong></span> <span class='ocrx_word' id='word_1_559' title='bbox 1005 3439 1312 3521; x_wconf 90' lang='lat' dir='ltr'><strong>discipulis;</strong></span> <span class='ocrx_word' id='word_1_560' title='bbox 1343 3450 1520 3516; x_wconf 90' lang='lat' dir='ltr'><strong>aliam,</strong></span> <span class='ocrx_word' id='word_1_561' title='bbox 1543 3451 1792 3520; x_wconf 85' lang='lat' dir='ltr'><strong>quaipse</strong></span> <span class='ocrx_word' id='word_1_562' title='bbox 1816 3450 2029 3520; x_wconf 18' lang='lat' dir='ltr'><strong>“excitat</strong></span> <span class='ocrx_word' id='word_1_563' title='bbox 2055 3456 2115 3502; x_wconf 93' lang='lat' dir='ltr'><strong>ut</strong></span> <span class='ocrx_word' id='word_1_564' title='bbox 2150 3464 2245 3503; x_wconf 69' lang='grc' dir='ltr'><strong>εχ·</strong></span> <span class='ocrx_word' id='word_1_565' title='bbox 2345 3482 2418 3494; x_wconf 89' lang='grc'><strong><em>-</em></strong></span> <span class='ocrx_word' id='word_1_566' title='bbox 2444 3449 2712 3504; x_wconf 89' lang='lat' dir='ltr'><strong>Arnobius</strong></span> <span class='ocrx_word' id='word_1_567' title='bbox 2753 3448 2888 3504; x_wconf 88' lang='lat' dir='ltr'><strong>dixit</strong></span> <span class='ocrx_word' id='word_1_568' title='bbox 2920 3468 2932 3501; x_wconf 94' lang='lat'>:</span> <span class='ocrx_word' id='word_1_569' title='bbox 2965 3447 3116 3504; x_wconf 90' lang='lat' dir='ltr'><strong>Vena</strong></span> <span class='ocrx_word' id='word_1_570' title='bbox 3161 3449 3277 3504; x_wconf 71' lang='lat' dir='ltr'><strong>btec</strong></span> <span class='ocrx_word' id='word_1_571' title='bbox 3320 3448 3464 3504; x_wconf 90' lang='lat' dir='ltr'><strong>unde</strong></span> <span class='ocrx_word' id='word_1_572' title='bbox 3504 3448 3742 3503; x_wconf 85' lang='lat' dir='ltr'><strong>nascitur</strong></span> <span class='ocrx_word' id='word_1_573' title='bbox 3784 3445 3923 3511; x_wconf 86' lang='lat' dir='ltr'><strong>fons,</strong></span> 
     </span>
    </p>
   </div>
   <div class='ocr_carea' id='block_1_65' title="bbox 665 3529 3925 3611">
    <p class='ocr_par' dir='ltr' id='par_1_65' title="bbox 665 3529 3925 3611">
     <span class='ocr_line' id='line_1_65' title="bbox 665 3529 3925 3611; baseline -0.002 -12"><span class='ocrx_word' id='word_1_574' title='bbox 665 3543 836 3599; x_wconf 90' lang='lat' dir='ltr'><strong>citent</strong></span> <span class='ocrx_word' id='word_1_575' title='bbox 861 3542 1167 3598; x_wconf 91' lang='lat' dir='ltr'><strong>Dominum.</strong></span> <span class='ocrx_word' id='word_1_576' title='bbox 1203 3539 1376 3596; x_wconf 89' lang='lat' dir='ltr'><strong>Unam</strong></span> <span class='ocrx_word' id='word_1_577' title='bbox 1395 3580 1408 3606; x_wconf 95' lang='lat'><strong>,</strong></span> <span class='ocrx_word' id='word_1_578' title='bbox 1449 3555 1570 3610; x_wconf 61' lang='lat' dir='ltr'><strong>quae</strong></span> <span class='ocrx_word' id='word_1_579' title='bbox 1600 3541 1780 3597; x_wconf 82' lang='lat' dir='ltr'><strong>subsit</strong></span> <span class='ocrx_word' id='word_1_580' title='bbox 1806 3541 1997 3606; x_wconf 86' lang='lat' dir='ltr'><strong>ventis,</strong></span> <span class='ocrx_word' id='word_1_581' title='bbox 2037 3539 2248 3594; x_wconf 85' lang='lat' dir='ltr'><strong>flatibus</strong></span> <span class='ocrx_word' id='word_1_582' title='bbox 2326 3539 2524 3608; x_wconf 24' lang='lat' dir='ltr'><strong>,Patris</strong></span> <span class='ocrx_word' id='word_1_583' title='bbox 2551 3541 2728 3595; x_wconf 90' lang='lat' dir='ltr'><strong>locum</strong></span> <span class='ocrx_word' id='word_1_584' title='bbox 2756 3548 3058 3611; x_wconf 87' lang='lat' dir='ltr'><strong>opportune</strong></span> <span class='ocrx_word' id='word_1_585' title='bbox 3086 3541 3142 3596; x_wconf 84' lang='lat' dir='ltr'><strong>in</strong></span> <span class='ocrx_word' id='word_1_586' title='bbox 3160 3547 3339 3596; x_wconf 87' lang='lat' dir='ltr'><strong>vestra</strong></span> <span class='ocrx_word' id='word_1_587' title='bbox 3366 3549 3548 3596; x_wconf 88' lang='lat' dir='ltr'><strong>mente</strong></span> <span class='ocrx_word' id='word_1_588' title='bbox 3573 3540 3842 3611; x_wconf 88' lang='lat' dir='ltr'><strong>depingat,</strong></span> <span class='ocrx_word' id='word_1_589' title='bbox 3867 3529 3925 3593; x_wconf 86' lang='lat' dir='ltr'><strong>ut</strong></span> 
     </span>
    </p>
   </div>
   <div class='ocr_carea' id='block_1_66' title="bbox 666 3618 3968 3704">
    <p class='ocr_par' dir='ltr' id='par_1_66' title="bbox 666 3618 3968 3704">
     <span class='ocr_line' id='line_1_66' title="bbox 666 3618 3968 3704; baseline -0.003 -7"><span class='ocrx_word' id='word_1_590' title='bbox 666 3639 723 3688; x_wconf 74' lang='grc' dir='ltr'><strong>ει</strong></span> <span class='ocrx_word' id='word_1_591' title='bbox 749 3632 1088 3703; x_wconf 65' lang='lat' dir='ltr'><strong>tempestati;</strong></span> <span class='ocrx_word' id='word_1_592' title='bbox 1120 3631 1302 3697; x_wconf 73' lang='lat' dir='ltr'><strong>aliam.</strong></span> <span class='ocrx_word' id='word_1_593' title='bbox 1335 3646 1442 3700; x_wconf 87' lang='lat' dir='ltr'><strong>qua</strong></span> <span class='ocrx_word' id='word_1_594' title='bbox 1468 3631 1644 3686; x_wconf 79' lang='lat' dir='ltr'><strong>ventis</strong></span> <span class='ocrx_word' id='word_1_595' title='bbox 1685 3630 1932 3702; x_wconf 88' lang='lat' dir='ltr'><strong>imperat,</strong></span> <span class='ocrx_word' id='word_1_596' title='bbox 1961 3637 2017 3684; x_wconf 92' lang='lat' dir='ltr'><strong>et</strong></span> <span class='ocrx_word' id='word_1_597' title='bbox 2045 3636 2247 3698; x_wconf 85' lang='lat' dir='ltr'><strong>tempe-</strong></span> <span class='ocrx_word' id='word_1_598' title='bbox 2348 3635 2418 3691; x_wconf 84' lang='lat' dir='ltr'><strong>sit</strong></span> <span class='ocrx_word' id='word_1_599' title='bbox 2444 3632 2605 3689; x_wconf 86' lang='lat' dir='ltr'><strong>Pater</strong></span> <span class='ocrx_word' id='word_1_600' title='bbox 2634 3649 2790 3697; x_wconf 84' lang='lat' dir='ltr'><strong>vena,</strong></span> <span class='ocrx_word' id='word_1_601' title='bbox 2809 3633 2972 3689; x_wconf 89' lang='lat' dir='ltr'><strong>Filius</strong></span> <span class='ocrx_word' id='word_1_602' title='bbox 2994 3635 3131 3698; x_wconf 89' lang='lat' dir='ltr'><strong>fons,</strong></span> <span class='ocrx_word' id='word_1_603' title='bbox 3162 3635 3252 3704; x_wconf 87' lang='lat' dir='ltr'><strong>qui</strong></span> <span class='ocrx_word' id='word_1_604' title='bbox 3284 3643 3442 3689; x_wconf 87' lang='lat' dir='ltr'><strong>natus</strong></span> <span class='ocrx_word' id='word_1_605' title='bbox 3463 3642 3547 3689; x_wconf 90' lang='lat' dir='ltr'><strong>est</strong></span> <span class='ocrx_word' id='word_1_606' title='bbox 3565 3633 3634 3689; x_wconf 91' lang='lat' dir='ltr'><strong>de</strong></span> <span class='ocrx_word' id='word_1_607' title='bbox 3662 3648 3831 3699; x_wconf 88' lang='lat' dir='ltr'><strong>vena;</strong></span> <span class='ocrx_word' id='word_1_608' title='bbox 3860 3618 3932 3687; x_wconf 35' lang='lat' dir='ltr'><strong>de.</strong></span> <span class='ocrx_word' id='word_1_609' title='bbox 3962 3640 3968 3645; x_wconf 85' lang='lat'>&#39;</span> 
     </span>
    </p>
   </div>
   <div class='ocr_carea' id='block_1_67' title="bbox 663 3721 3925 3795">
    <p class='ocr_par' dir='ltr' id='par_1_67' title="bbox 663 3721 3925 3795">
     <span class='ocr_line' id='line_1_67' title="bbox 663 3721 3925 3795; baseline -0.001 -14"><span class='ocrx_word' id='word_1_610' title='bbox 663 3724 894 3781; x_wconf 81' lang='lat' dir='ltr'><strong>statibus</strong></span> <span class='ocrx_word' id='word_1_611' title='bbox 911 3724 1062 3795; x_wconf 85' lang='lat' dir='ltr'><strong>jubet</strong></span> <span class='ocrx_word' id='word_1_612' title='bbox 1092 3723 1285 3795; x_wconf 73' lang='lat' dir='ltr'><strong>(Marc.</strong></span> <span class='ocrx_word' id='word_1_613' title='bbox 1317 3740 1388 3789; x_wconf 76' lang='grc' dir='ltr'><strong>ιν,</strong></span> <span class='ocrx_word' id='word_1_614' title='bbox 1417 3723 1519 3790; x_wconf 79' lang='lat'><strong>&#39;58;</strong></span> <span class='ocrx_word' id='word_1_615' title='bbox 1551 3723 1742 3778; x_wconf 80' lang='lat' dir='ltr'><strong>Matth.</strong></span> <span class='ocrx_word' id='word_1_616' title='bbox 1774 3740 1882 3790; x_wconf 77' lang='lat' dir='ltr'><strong>vui,</strong></span> <span class='ocrx_word' id='word_1_617' title='bbox 1914 3721 2026 3793; x_wconf 75' lang='grc'><strong>24).</strong></span> <span class='ocrx_word' id='word_1_618' title='bbox 2052 3721 2243 3787; x_wconf 92' lang='lat' dir='ltr'><strong>Unam,</strong></span> <span class='ocrx_word' id='word_1_619' title='bbox 2306 3749 2310 3752; x_wconf 83' lang='lat'><strong>-</strong></span> <span class='ocrx_word' id='word_1_620' title='bbox 2348 3741 2486 3788; x_wconf 85' lang='lat' dir='ltr'><strong>vena</strong></span> <span class='ocrx_word' id='word_1_621' title='bbox 2512 3741 2642 3780; x_wconf 89' lang='lat' dir='ltr'><strong>vero</strong></span> <span class='ocrx_word' id='word_1_622' title='bbox 2670 3733 2726 3779; x_wconf 91' lang='lat' dir='ltr'><strong>et</strong></span> <span class='ocrx_word' id='word_1_623' title='bbox 2755 3723 2901 3780; x_wconf 88' lang='lat' dir='ltr'><strong>fonte</strong></span> <span class='ocrx_word' id='word_1_624' title='bbox 2920 3740 3028 3780; x_wconf 92' lang='lat' dir='ltr'><strong>non</strong></span> <span class='ocrx_word' id='word_1_625' title='bbox 3047 3724 3284 3780; x_wconf 85' lang='lat' dir='ltr'><strong>nascitur</strong></span> <span class='ocrx_word' id='word_1_626' title='bbox 3303 3725 3513 3792; x_wconf 83' lang='lat' dir='ltr'><strong>ﬂuvius,</strong></span> <span class='ocrx_word' id='word_1_627' title='bbox 3543 3723 3636 3780; x_wconf 88' lang='lat' dir='ltr'><strong>sed</strong></span> <span class='ocrx_word' id='word_1_628' title='bbox 3661 3722 3925 3794; x_wconf 89' lang='lat' dir='ltr'><strong>procedit.</strong></span> 
     </span>
    </p>
   </div>
   <div class='ocr_carea' id='block_1_68' title="bbox 665 3813 3924 3888">
    <p class='ocr_par' dir='ltr' id='par_1_68' title="bbox 665 3813 3924 3888">
     <span class='ocr_line' id='line_1_68' title="bbox 665 3813 3924 3888; baseline -0 -18"><span class='ocrx_word' id='word_1_629' title='bbox 665 3831 772 3886; x_wconf 86' lang='lat' dir='ltr'><strong>qua</strong></span> <span class='ocrx_word' id='word_1_630' title='bbox 817 3817 995 3888; x_wconf 90' lang='lat' dir='ltr'><strong>plorat</strong></span> <span class='ocrx_word' id='word_1_631' title='bbox 1032 3817 1305 3873; x_wconf 87' lang='lat' dir='ltr'><strong>hominem</strong></span> <span class='ocrx_word' id='word_1_632' title='bbox 1331 3825 1635 3882; x_wconf 89' lang='lat' dir='ltr'><strong>mortuum;</strong></span> <span class='ocrx_word' id='word_1_633' title='bbox 1666 3817 1856 3882; x_wconf 89' lang='lat' dir='ltr'><strong>aliam,</strong></span> <span class='ocrx_word' id='word_1_634' title='bbox 1888 3832 1992 3886; x_wconf 91' lang='lat' dir='ltr'><strong>qua</strong></span> <span class='ocrx_word' id='word_1_635' title='bbox 2023 3817 2252 3887; x_wconf 90' lang='lat' dir='ltr'><strong>imperat</strong></span> <span class='ocrx_word' id='word_1_636' title='bbox 2354 3827 2378 3856; x_wconf 78' lang='grc' dir='ltr'><strong><em>ο</em></strong></span> <span class='ocrx_word' id='word_1_637' title='bbox 2421 3818 2576 3872; x_wconf 83' lang='lat' dir='ltr'><strong>Aliud</strong></span> <span class='ocrx_word' id='word_1_638' title='bbox 2605 3825 2689 3872; x_wconf 90' lang='lat' dir='ltr'><strong>est</strong></span> <span class='ocrx_word' id='word_1_639' title='bbox 2730 3817 2897 3881; x_wconf 88' lang='lat' dir='ltr'><strong>nasci,</strong></span> <span class='ocrx_word' id='word_1_640' title='bbox 2927 3815 3068 3871; x_wconf 88' lang='lat' dir='ltr'><strong>aliud</strong></span> <span class='ocrx_word' id='word_1_641' title='bbox 3105 3824 3189 3872; x_wconf 90' lang='lat' dir='ltr'><strong>est</strong></span> <span class='ocrx_word' id='word_1_642' title='bbox 3217 3817 3527 3888; x_wconf 84' lang='lat' dir='ltr'><strong>procedere.</strong></span> <span class='ocrx_word' id='word_1_643' title='bbox 3556 3813 3822 3886; x_wconf 87' lang='lat' dir='ltr'><strong>Quidquid</strong></span> <span class='ocrx_word' id='word_1_644' title='bbox 3851 3814 3924 3869; x_wconf 86' lang='lat' dir='ltr'><strong>ad</strong></span> 
     </span>
    </p>
   </div>
   <div class='ocr_carea' id='block_1_69' title="bbox 942 3905 2724 3962">
    <p class='ocr_par' dir='ltr' id='par_1_69' title="bbox 942 3905 2724 3962">
     <span class='ocr_line' id='line_1_69' title="bbox 942 3905 2724 3962; baseline 0.002 -6"><span class='ocrx_word' id='word_1_645' title='bbox 942 3919 945 3921; x_wconf 91' lang='grc'>·</span> <span class='ocrx_word' id='word_1_646' title='bbox 1830 3905 1939 3958; x_wconf 85' lang='lat' dir='ltr'><strong>FR.</strong></span> <span class='ocrx_word' id='word_1_647' title='bbox 1982 3905 2460 3962; x_wconf 82' lang='lat' dir='ltr'><strong>FEU-ARDENTII</strong></span> <span class='ocrx_word' id='word_1_648' title='bbox 2498 3905 2724 3961; x_wconf 68' lang='grc' dir='ltr'><strong>ΝΟΤᾸΞ.</strong></span> 
     </span>
    </p>
   </div>
   <div class='ocr_carea' id='block_1_70' title="bbox 740 3994 2164 4060">
    <p class='ocr_par' dir='ltr' id='par_1_70' title="bbox 740 3994 2164 4060">
     <span class='ocr_line' id='line_1_70' title="bbox 740 3994 2164 4060; baseline 0 -10"><span class='ocrx_word' id='word_1_649' title='bbox 740 4007 766 4036; x_wconf 71' lang='grc' dir='ltr'><strong>ι</strong></span> <span class='ocrx_word' id='word_1_650' title='bbox 797 3997 1100 4053; x_wconf 86' lang='lat' dir='ltr'><strong>Delevimus</strong></span> <span class='ocrx_word' id='word_1_651' title='bbox 1126 4013 1240 4050; x_wconf 89' lang='lat' dir='ltr'><strong>cum</strong></span> <span class='ocrx_word' id='word_1_652' title='bbox 1275 4001 1521 4060; x_wconf 84' lang='lat' dir='ltr'><strong>tentante,</strong></span> <span class='ocrx_word' id='word_1_653' title='bbox 1545 3995 1688 4060; x_wconf 88' lang='lat' dir='ltr'><strong>quod</strong></span> <span class='ocrx_word' id='word_1_654' title='bbox 1717 3994 1880 4048; x_wconf 85' lang='lat' dir='ltr'><strong>habet</strong></span> <span class='ocrx_word' id='word_1_655' title='bbox 1906 4003 2016 4048; x_wconf 89' lang='lat' dir='ltr'><strong>vet.</strong></span> <span class='ocrx_word' id='word_1_656' title='bbox 2046 3995 2164 4050; x_wconf 93' lang='lat' dir='ltr'><strong>cod.</strong></span> 
     </span>
    </p>
   </div>
   <div class='ocr_carea' id='block_1_71' title="bbox 736 4062 2239 4133">
    <p class='ocr_par' dir='ltr' id='par_1_71' title="bbox 736 4062 2239 4133">
     <span class='ocr_line' id='line_1_71' title="bbox 736 4062 2239 4133; baseline 0.001 -15"><span class='ocrx_word' id='word_1_657' title='bbox 736 4067 764 4104; x_wconf 74' lang='grc' dir='ltr'>δ</span> <span class='ocrx_word' id='word_1_658' title='bbox 794 4066 1018 4122; x_wconf 78' lang='lat' dir='ltr'><strong>Flaccus</strong></span> <span class='ocrx_word' id='word_1_659' title='bbox 1043 4063 1284 4127; x_wconf 79' lang='lat' dir='ltr'><strong>Albinus,</strong></span> <span class='ocrx_word' id='word_1_660' title='bbox 1316 4065 1408 4133; x_wconf 92' lang='lat' dir='ltr'><strong>qui</strong></span> <span class='ocrx_word' id='word_1_661' title='bbox 1447 4071 1502 4118; x_wconf 92' lang='lat' dir='ltr'><strong>et</strong></span> <span class='ocrx_word' id='word_1_662' title='bbox 1541 4062 1794 4117; x_wconf 87' lang='lat' dir='ltr'><strong>Aleuinus</strong></span> <span class='ocrx_word' id='word_1_663' title='bbox 1816 4063 2028 4128; x_wconf 92' lang='lat' dir='ltr'><strong>dicitur,</strong></span> <span class='ocrx_word' id='word_1_664' title='bbox 2060 4062 2239 4121; x_wconf 88' lang='lat' dir='ltr'><strong>Caroli</strong></span> 
     </span>
    </p>
   </div>
   <div class='ocr_carea' id='block_1_72' title="bbox 666 4133 2231 4204">
    <p class='ocr_par' dir='ltr' id='par_1_72' title="bbox 666 4133 2231 4204">
     <span class='ocr_line' id='line_1_72' title="bbox 666 4133 2231 4204; baseline -0.001 -14"><span class='ocrx_word' id='word_1_665' title='bbox 666 4135 843 4200; x_wconf 84' lang='lat' dir='ltr'><strong>Magni</strong></span> <span class='ocrx_word' id='word_1_666' title='bbox 869 4133 1140 4204; x_wconf 88' lang='lat' dir='ltr'><strong>quondam</strong></span> <span class='ocrx_word' id='word_1_667' title='bbox 1181 4139 1652 4204; x_wconf 18' lang='lat' dir='ltr'><strong>praeceptor-,4ante</strong></span> <span class='ocrx_word' id='word_1_668' title='bbox 1680 4133 2014 4204; x_wconf 80' lang='lat' dir='ltr'><strong>octingentos</strong></span> <span class='ocrx_word' id='word_1_669' title='bbox 2044 4148 2231 4200; x_wconf 86' lang='lat' dir='ltr'><strong>annos,</strong></span> 
     </span>
    </p>
   </div>
   <div class='ocr_carea' id='block_1_73' title="bbox 665 4201 2242 4270">
    <p class='ocr_par' dir='ltr' id='par_1_73' title="bbox 665 4201 2242 4270">
     <span class='ocr_line' id='line_1_73' title="bbox 665 4201 2242 4270; baseline 0.002 -14"><span class='ocrx_word' id='word_1_670' title='bbox 665 4204 824 4270; x_wconf 84' lang='lat' dir='ltr'><strong>hujus</strong></span> <span class='ocrx_word' id='word_1_671' title='bbox 864 4201 970 4258; x_wconf 77' lang='lat' dir='ltr'><strong>loci</strong></span> <span class='ocrx_word' id='word_1_672' title='bbox 1011 4201 1311 4257; x_wconf 34' lang='lat' dir='ltr'><strong>etiam’sub</strong></span> <span class='ocrx_word' id='word_1_673' title='bbox 1353 4201 1572 4256; x_wconf 87' lang='lat' dir='ltr'><strong>Arnobii</strong></span> <span class='ocrx_word' id='word_1_674' title='bbox 1616 4202 1831 4255; x_wconf 91' lang='lat' dir='ltr'><strong>nomine</strong></span> <span class='ocrx_word' id='word_1_675' title='bbox 1876 4203 1949 4255; x_wconf 88' lang='lat' dir='ltr'><strong>ita</strong></span> <span class='ocrx_word' id='word_1_676' title='bbox 1997 4205 2242 4259; x_wconf 89' lang='lat' dir='ltr'><strong>meminit</strong></span> 
     </span>
    </p>
   </div>
   <div class='ocr_carea' id='block_1_74' title="bbox 668 4270 2240 4343">
    <p class='ocr_par' dir='ltr' id='par_1_74' title="bbox 668 4270 2240 4343">
     <span class='ocr_line' id='line_1_74' title="bbox 668 4270 2240 4343; baseline 0.001 -18"><span class='ocrx_word' id='word_1_677' title='bbox 668 4271 863 4343; x_wconf 83' lang='lat' dir='ltr'><strong>(Epist.</strong></span> <span class='ocrx_word' id='word_1_678' title='bbox 909 4272 978 4343; x_wconf 82' lang='lat' dir='ltr'><strong>ad</strong></span> <span class='ocrx_word' id='word_1_679' title='bbox 1021 4270 1260 4343; x_wconf 67' lang='lat' dir='ltr'><strong>Flavium</strong></span> <span class='ocrx_word' id='word_1_680' title='bbox 1288 4271 1528 4340; x_wconf 71' lang='lat' dir='ltr'><strong>Herium)</strong></span> <span class='ocrx_word' id='word_1_681' title='bbox 1574 4270 1880 4343; x_wconf 82' lang='lat' dir='ltr'><strong>:_Arnobius</strong></span> <span class='ocrx_word' id='word_1_682' title='bbox 1920 4274 1975 4325; x_wconf 91' lang='lat' dir='ltr'><strong>in</strong></span> <span class='ocrx_word' id='word_1_683' title='bbox 2001 4274 2240 4342; x_wconf 81' lang='lat' dir='ltr'><strong>conflictu</strong></span> 
     </span>
    </p>
   </div>
   <div class='ocr_carea' id='block_1_75' title="bbox 667 4340 2241 4413">
    <p class='ocr_par' dir='ltr' id='par_1_75' title="bbox 667 4340 2241 4413">
     <span class='ocr_line' id='line_1_75' title="bbox 667 4340 2241 4413; baseline 0.003 -19"><span class='ocrx_word' id='word_1_684' title='bbox 667 4340 815 4413; x_wconf 64' lang='lat' dir='ltr'><strong>auem</strong></span> <span class='ocrx_word' id='word_1_685' title='bbox 843 4340 1019 4413; x_wconf 80' lang='lat' dir='ltr'><strong>habuit</strong></span> <span class='ocrx_word' id='word_1_686' title='bbox 1060 4341 1495 4413; x_wconf 86' lang='lat' dir='ltr'><strong>cum_Serapione</strong></span> <span class='ocrx_word' id='word_1_687' title='bbox 1534 4341 1715 4413; x_wconf 77' lang='lat' dir='ltr'><strong>rubum</strong></span> <span class='ocrx_word' id='word_1_688' title='bbox 1754 4343 1925 4413; x_wconf 68' lang='lat' dir='ltr'><strong>posuit</strong></span> <span class='ocrx_word' id='word_1_689' title='bbox 1969 4340 2241 4399; x_wconf 79' lang='lat' dir='ltr'><strong>masculini</strong></span> 
     </span>
    </p>
   </div>
   <div class='ocr_carea' id='block_1_76' title="bbox 668 4408 2280 4481">
    <p class='ocr_par' dir='ltr' id='par_1_76' title="bbox 668 4408 2280 4481">
     <span class='ocr_line' id='line_1_76' title="bbox 668 4408 2280 4481; baseline 0.004 -17"><span class='ocrx_word' id='word_1_690' title='bbox 668 4408 886 4481; x_wconf 65' lang='lat' dir='ltr'><strong>generis,</strong></span> <span class='ocrx_word' id='word_1_691' title='bbox 919 4411 1090 4481; x_wconf 81' lang='lat' dir='ltr'><strong>dicens</strong></span> <span class='ocrx_word' id='word_1_692' title='bbox 1121 4429 1138 4466; x_wconf 91' lang='lat'><strong><em>:</em></strong></span> <span class='ocrx_word' id='word_1_693' title='bbox 1170 4410 1239 4464; x_wconf 88' lang='lat' dir='ltr'><strong>Et</strong></span> <span class='ocrx_word' id='word_1_694' title='bbox 1269 4408 1398 4481; x_wconf 59' lang='lat' dir='ltr'><strong>sicut</strong></span> <span class='ocrx_word' id='word_1_695' title='bbox 1425 4427 1537 4481; x_wconf 67' lang='lat' dir='ltr'><strong>vere</strong></span> <span class='ocrx_word' id='word_1_696' title='bbox 1563 4408 1718 4464; x_wconf 87' lang='lat' dir='ltr'><strong>rubus</strong></span> <span class='ocrx_word' id='word_1_697' title='bbox 1747 4408 2236 4481; x_wconf 78' lang='lat' dir='ltr'><strong>ﬂammam/tabuit.</strong></span> <span class='ocrx_word' id='word_1_698' title='bbox 2276 4466 2280 4470; x_wconf 37' lang='grc' dir='ltr'>λ</span> 
     </span>
    </p>
   </div>
   <div class='ocr_carea' id='block_1_77' title="bbox 744 4479 2244 4550">
    <p class='ocr_par' dir='ltr' id='par_1_77' title="bbox 744 4479 2244 4550">
     <span class='ocr_line' id='line_1_77' title="bbox 744 4479 2244 4550; baseline 0.004 -19"><span class='ocrx_word' id='word_1_699' title='bbox 744 4491 766 4517; x_wconf 76' lang='grc' dir='ltr'><strong>ε</strong></span> <span class='ocrx_word' id='word_1_700' title='bbox 807 4479 991 4550; x_wconf 79' lang='lat' dir='ltr'><strong>ldest,</strong></span> <span class='ocrx_word' id='word_1_701' title='bbox 1043 4480 1095 4532; x_wconf 92' lang='lat' dir='ltr'><strong>in</strong></span> <span class='ocrx_word' id='word_1_702' title='bbox 1123 4481 1278 4550; x_wconf 86' lang='lat' dir='ltr'><strong>unica</strong></span> <span class='ocrx_word' id='word_1_703' title='bbox 1304 4479 1546 4550; x_wconf 85' lang='lat' dir='ltr'><strong>FiliiDei</strong></span> <span class='ocrx_word' id='word_1_704' title='bbox 1585 4495 1810 4550; x_wconf 69' lang='lat' dir='ltr'><strong>persona</strong></span> <span class='ocrx_word' id='word_1_705' title='bbox 1851 4480 2027 4550; x_wconf 76' lang='lat' dir='ltr'><strong>divina</strong></span> <span class='ocrx_word' id='word_1_706' title='bbox 2058 4483 2244 4537; x_wconf 85' lang='lat' dir='ltr'><strong>huma-</strong></span> 
     </span>
    </p>
   </div>
   <div class='ocr_carea' id='block_1_78' title="bbox 669 4547 2245 4630">
    <p class='ocr_par' dir='ltr' id='par_1_78' title="bbox 669 4547 2245 4630">
     <span class='ocr_line' id='line_1_78' title="bbox 669 4547 2245 4630; baseline 0.004 -29"><span class='ocrx_word' id='word_1_707' title='bbox 669 4562 796 4630; x_wconf 67' lang='lat' dir='ltr'><strong>nam</strong></span> <span class='ocrx_word' id='word_1_708' title='bbox 823 4547 1164 4630; x_wconf 76' lang='lat' dir='ltr'><strong>divinamque</strong></span> <span class='ocrx_word' id='word_1_709' title='bbox 1191 4549 1538 4630; x_wconf 54' lang='lat' dir='ltr'><strong>substantiam</strong></span> <span class='ocrx_word' id='word_1_710' title='bbox 1560 4547 1834 4630; x_wconf 57' lang='lat' dir='ltr'><strong>profiteor.</strong></span> <span class='ocrx_word' id='word_1_711' title='bbox 1861 4549 2167 4630; x_wconf 57' lang='lat' dir='ltr'><strong>(lenissima</strong></span> <span class='ocrx_word' id='word_1_712' title='bbox 2190 4562 2245 4608; x_wconf 91' lang='lat' dir='ltr'><strong>et</strong></span> 
     </span>
    </p>
   </div>
   <div class='ocr_carea' id='block_1_79' title="bbox 667 4614 2242 4694">
    <p class='ocr_par' dir='ltr' id='par_1_79' title="bbox 667 4614 2242 4694">
     <span class='ocr_line' id='line_1_79' title="bbox 667 4614 2242 4694; baseline 0.006 -26"><span class='ocrx_word' id='word_1_713' title='bbox 667 4617 960 4694; x_wconf 68' lang='lat' dir='ltr'><strong>clarissima</strong></span> <span class='ocrx_word' id='word_1_714' title='bbox 981 4624 1065 4671; x_wconf 90' lang='lat' dir='ltr'><strong>est</strong></span> <span class='ocrx_word' id='word_1_715' title='bbox 1077 4614 1205 4672; x_wconf 68' lang='lat' dir='ltr'><strong>haec</strong></span> <span class='ocrx_word' id='word_1_716' title='bbox 1233 4616 1353 4694; x_wconf 66' lang='lat' dir='ltr'><strong>fidei</strong></span> <span class='ocrx_word' id='word_1_717' title='bbox 1381 4614 1696 4694; x_wconf 53' lang='lat' dir='ltr'><strong>Christiana</strong></span> <span class='ocrx_word' id='word_1_718' title='bbox 1723 4634 1790 4694; x_wconf 83' lang='lat' dir='ltr'><strong>ex</strong></span> <span class='ocrx_word' id='word_1_719' title='bbox 1807 4619 2079 4694; x_wconf 84' lang='lat' dir='ltr'><strong>Athanasii</strong></span> <span class='ocrx_word' id='word_1_720' title='bbox 2100 4638 2242 4694; x_wconf 85' lang='lat' dir='ltr'><strong>sym—</strong></span> 
     </span>
    </p>
   </div>
   <div class='ocr_carea' id='block_1_80' title="bbox 668 4684 2242 4759">
    <p class='ocr_par' dir='ltr' id='par_1_80' title="bbox 668 4684 2242 4759">
     <span class='ocr_line' id='line_1_80' title="bbox 668 4684 2242 4759; baseline 0.003 -17"><span class='ocrx_word' id='word_1_721' title='bbox 668 4685 796 4742; x_wconf 90' lang='lat' dir='ltr'><strong>bolo</strong></span> <span class='ocrx_word' id='word_1_722' title='bbox 821 4684 1098 4759; x_wconf 85' lang='lat' dir='ltr'><strong>desumpta</strong></span> <span class='ocrx_word' id='word_1_723' title='bbox 1126 4688 1425 4759; x_wconf 75' lang='lat' dir='ltr'><strong>confessio:</strong></span> <span class='ocrx_word' id='word_1_724' title='bbox 1457 4687 1603 4741; x_wconf 84' lang='lat' dir='ltr'><strong>Sicut</strong></span> <span class='ocrx_word' id='word_1_725' title='bbox 1649 4690 1821 4743; x_wconf 86' lang='lat' dir='ltr'><strong>anima</strong></span> <span class='ocrx_word' id='word_1_726' title='bbox 1874 4684 2146 4746; x_wconf 65' lang='lat' dir='ltr'><strong>rationalis</strong></span> <span class='ocrx_word' id='word_1_727' title='bbox 2194 4704 2242 4746; x_wconf 89' lang='lat' dir='ltr'><strong>et</strong></span> 
     </span>
    </p>
   </div>
   <div class='ocr_carea' id='block_1_81' title="bbox 668 4757 2238 4825">
    <p class='ocr_par' dir='ltr' id='par_1_81' title="bbox 668 4757 2238 4825">
     <span class='ocr_line' id='line_1_81' title="bbox 668 4757 2238 4825; baseline 0.006 -17"><span class='ocrx_word' id='word_1_728' title='bbox 668 4771 792 4825; x_wconf 78' lang='lat' dir='ltr'><strong>caro</strong></span> <span class='ocrx_word' id='word_1_729' title='bbox 811 4757 948 4809; x_wconf 78' lang='lat' dir='ltr'><strong>unus</strong></span> <span class='ocrx_word' id='word_1_730' title='bbox 969 4765 1045 4810; x_wconf 75' lang='lat' dir='ltr'><strong>est</strong></span> <span class='ocrx_word' id='word_1_731' title='bbox 1072 4758 1242 4825; x_wconf 88' lang='lat' dir='ltr'><strong>homo,</strong></span> <span class='ocrx_word' id='word_1_732' title='bbox 1256 4760 1330 4811; x_wconf 87' lang='lat' dir='ltr'><strong>ita</strong></span> <span class='ocrx_word' id='word_1_733' title='bbox 1351 4757 1490 4812; x_wconf 85' lang='lat' dir='ltr'><strong>Deus</strong></span> <span class='ocrx_word' id='word_1_734' title='bbox 1511 4768 1559 4811; x_wconf 87' lang='lat' dir='ltr'><strong>et</strong></span> <span class='ocrx_word' id='word_1_735' title='bbox 1587 4762 1735 4813; x_wconf 90' lang='lat' dir='ltr'><strong>homo</strong></span> <span class='ocrx_word' id='word_1_736' title='bbox 1753 4776 1882 4814; x_wconf 82' lang='lat' dir='ltr'><strong>unus</strong></span> <span class='ocrx_word' id='word_1_737' title='bbox 1899 4771 1973 4814; x_wconf 84' lang='lat' dir='ltr'><strong>est</strong></span> <span class='ocrx_word' id='word_1_738' title='bbox 1988 4760 2238 4818; x_wconf 84' lang='lat' dir='ltr'><strong>Christus.</strong></span> 
     </span>
    </p>
   </div>
   <div class='ocr_carea' id='block_1_82' title="bbox 2345 3989 3929 4064">
    <p class='ocr_par' dir='ltr' id='par_1_82' title="bbox 2345 3989 3929 4064">
     <span class='ocr_line' id='line_1_82' title="bbox 2345 3989 3929 4064; baseline 0.002 -14"><span class='ocrx_word' id='word_1_739' title='bbox 2345 3997 2534 4051; x_wconf 72' lang='lat' dir='ltr'><strong>stianze</strong></span> <span class='ocrx_word' id='word_1_740' title='bbox 2560 4004 2722 4064; x_wconf 88' lang='lat' dir='ltr'><strong>caput</strong></span> <span class='ocrx_word' id='word_1_741' title='bbox 2742 4003 2858 4050; x_wconf 92' lang='lat' dir='ltr'><strong>toto</strong></span> <span class='ocrx_word' id='word_1_742' title='bbox 2885 3989 3018 4052; x_wconf 77' lang='lat' dir='ltr'><strong>orbe</strong></span> <span class='ocrx_word' id='word_1_743' title='bbox 3044 3995 3310 4063; x_wconf 89' lang='lat' dir='ltr'><strong>docuisse,</strong></span> <span class='ocrx_word' id='word_1_744' title='bbox 3351 3997 3664 4064; x_wconf 84' lang='lat' dir='ltr'><strong>inculcasse,</strong></span> <span class='ocrx_word' id='word_1_745' title='bbox 3695 4004 3750 4052; x_wconf 90' lang='lat' dir='ltr'><strong>et</strong></span> <span class='ocrx_word' id='word_1_746' title='bbox 3773 3997 3929 4053; x_wconf 88' lang='lat' dir='ltr'><strong>innu-</strong></span> 
     </span>
    </p>
   </div>
   <div class='ocr_carea' id='block_1_83' title="bbox 2342 4065 3925 4149">
    <p class='ocr_par' dir='ltr' id='par_1_83' title="bbox 2342 4065 3925 4149">
     <span class='ocr_line' id='line_1_83' title="bbox 2342 4065 3925 4149; baseline 0.003 -28"><span class='ocrx_word' id='word_1_747' title='bbox 2342 4067 2507 4147; x_wconf 76' lang='lat' dir='ltr'><strong>meris</strong></span> <span class='ocrx_word' id='word_1_748' title='bbox 2558 4065 2860 4149; x_wconf 44' lang='lat' dir='ltr'><strong>miraculis,</strong></span> <span class='ocrx_word' id='word_1_749' title='bbox 2886 4065 3280 4149; x_wconf 49' lang='lat' dir='ltr'><strong>suppliciisque</strong></span> <span class='ocrx_word' id='word_1_750' title='bbox 3327 4067 3538 4149; x_wconf 70' lang='lat' dir='ltr'><strong>fortiter</strong></span> <span class='ocrx_word' id='word_1_751' title='bbox 3557 4066 3844 4149; x_wconf 56' lang='lat' dir='ltr'><strong>exantlatls</strong></span> <span class='ocrx_word' id='word_1_752' title='bbox 3872 4070 3925 4125; x_wconf 90' lang='lat' dir='ltr'><strong>in</strong></span> 
     </span>
    </p>
   </div>
   <div class='ocr_carea' id='block_1_84' title="bbox 2345 4135 3924 4193">
    <p class='ocr_par' dir='ltr' id='par_1_84' title="bbox 2345 4135 3924 4193">
     <span class='ocr_line' id='line_1_84' title="bbox 2345 4135 3924 4193; baseline 0.001 -4"><span class='ocrx_word' id='word_1_753' title='bbox 2345 4136 2537 4189; x_wconf 91' lang='lat' dir='ltr'><strong>animis</strong></span> <span class='ocrx_word' id='word_1_754' title='bbox 2565 4135 3031 4190; x_wconf 79' lang='lat' dir='ltr'><strong>innumerabilium</strong></span> <span class='ocrx_word' id='word_1_755' title='bbox 3061 4135 3337 4193; x_wconf 89' lang='lat' dir='ltr'><strong>hominum</strong></span> <span class='ocrx_word' id='word_1_756' title='bbox 3373 4136 3744 4193; x_wconf 86' lang='lat' dir='ltr'><strong>conﬁrmasse.</strong></span> <span class='ocrx_word' id='word_1_757' title='bbox 3790 4137 3924 4192; x_wconf 76' lang='lat' dir='ltr'><strong>Rur-</strong></span> 
     </span>
    </p>
   </div>
   <div class='ocr_carea' id='block_1_85' title="bbox 2344 4205 3924 4281">
    <p class='ocr_par' dir='ltr' id='par_1_85' title="bbox 2344 4205 3924 4281">
     <span class='ocr_line' id='line_1_85' title="bbox 2344 4205 3924 4281; baseline 0.003 -23"><span class='ocrx_word' id='word_1_758' title='bbox 2344 4221 2460 4259; x_wconf 92' lang='lat' dir='ltr'><strong>sum</strong></span> <span class='ocrx_word' id='word_1_759' title='bbox 2500 4205 2762 4281; x_wconf 86' lang='lat' dir='ltr'><strong>similiter_</strong></span> <span class='ocrx_word' id='word_1_760' title='bbox 2787 4213 3031 4281; x_wconf 69' lang='lat' dir='ltr'><strong>apertum</strong></span> <span class='ocrx_word' id='word_1_761' title='bbox 3078 4215 3134 4281; x_wconf 80' lang='lat' dir='ltr'><strong>et</strong></span> <span class='ocrx_word' id='word_1_762' title='bbox 3174 4207 3643 4281; x_wconf 25' lang='lat' dir='ltr'><strong>indubitatuln‘est</strong></span> <span class='ocrx_word' id='word_1_763' title='bbox 3666 4207 3924 4281; x_wconf 80' lang='lat' dir='ltr'><strong>Spiritum</strong></span> 
     </span>
    </p>
   </div>
   <div class='ocr_carea' id='block_1_86' title="bbox 2345 4273 3922 4344">
    <p class='ocr_par' dir='ltr' id='par_1_86' title="bbox 2345 4273 3922 4344">
     <span class='ocr_line' id='line_1_86' title="bbox 2345 4273 3922 4344; baseline 0.001 -15"><span class='ocrx_word' id='word_1_764' title='bbox 2345 4277 2588 4329; x_wconf 87' lang='lat' dir='ltr'><strong>sanctum</strong></span> <span class='ocrx_word' id='word_1_765' title='bbox 2617 4290 2686 4329; x_wconf 85' lang='lat' dir='ltr'><strong>ex</strong></span> <span class='ocrx_word' id='word_1_766' title='bbox 2714 4273 2954 4344; x_wconf 75' lang='lat' dir='ltr'><strong>ejusdem</strong></span> <span class='ocrx_word' id='word_1_767' title='bbox 2983 4273 3158 4331; x_wconf 91' lang='lat' dir='ltr'><strong>Patris</strong></span> <span class='ocrx_word' id='word_1_768' title='bbox 3185 4291 3249 4332; x_wconf 86' lang='lat' dir='ltr'><strong>ac</strong></span> <span class='ocrx_word' id='word_1_769' title='bbox 3274 4277 3437 4331; x_wconf 90' lang='lat' dir='ltr'><strong>etiam</strong></span> <span class='ocrx_word' id='word_1_770' title='bbox 3465 4277 3584 4332; x_wconf 85' lang='lat' dir='ltr'><strong>Filii</strong></span> <span class='ocrx_word' id='word_1_771' title='bbox 3626 4273 3922 4332; x_wconf 74' lang='lat' dir='ltr'><strong>substantia</strong></span> 
     </span>
    </p>
   </div>
   <div class='ocr_carea' id='block_1_87' title="bbox 2347 4345 3916 4415">
    <p class='ocr_par' dir='ltr' id='par_1_87' title="bbox 2347 4345 3916 4415">
     <span class='ocr_line' id='line_1_87' title="bbox 2347 4345 3916 4415; baseline 0.001 -16"><span class='ocrx_word' id='word_1_772' title='bbox 2347 4345 2659 4414; x_wconf 84' lang='lat' dir='ltr'><strong>Deitateque</strong></span> <span class='ocrx_word' id='word_1_773' title='bbox 2681 4347 2978 4415; x_wconf 74' lang='lat' dir='ltr'><strong>ab_:eterno</strong></span> <span class='ocrx_word' id='word_1_774' title='bbox 3005 4347 3320 4415; x_wconf 82' lang='lat' dir='ltr'><strong>procedere,</strong></span> <span class='ocrx_word' id='word_1_775' title='bbox 3343 4348 3597 4415; x_wconf 90' lang='lat' dir='ltr'><strong>quoniam</strong></span> <span class='ocrx_word' id='word_1_776' title='bbox 3627 4349 3880 4402; x_wconf 87' lang='lat' dir='ltr'><strong>scribitur</strong></span> <span class='ocrx_word' id='word_1_777' title='bbox 3904 4367 3916 4400; x_wconf 76' lang='grc' dir='ltr'>ε</span> 
     </span>
    </p>
   </div>
   <div class='ocr_carea' id='block_1_88' title="bbox 2348 4413 3924 4488">
    <p class='ocr_par' dir='ltr' id='par_1_88' title="bbox 2348 4413 3924 4488">
     <span class='ocr_line' id='line_1_88' title="bbox 2348 4413 3924 4488; baseline 0.002 -20"><span class='ocrx_word' id='word_1_778' title='bbox 2348 4413 2670 4488; x_wconf 28' lang='grc' dir='ltr'><strong>δρὶνὶιῃδίᾳιιί</strong></span> <span class='ocrx_word' id='word_1_779' title='bbox 2693 4432 2724 4468; x_wconf 89' lang='lat' dir='ltr'><strong>a</strong></span> <span class='ocrx_word' id='word_1_780' title='bbox 2750 4413 2908 4488; x_wconf 84' lang='lat' dir='ltr'><strong>Patre</strong></span> <span class='ocrx_word' id='word_1_781' title='bbox 2925 4413 3170 4485; x_wconf 73' lang='lat' dir='ltr'><strong>procedit.</strong></span> <span class='ocrx_word' id='word_1_782' title='bbox 3205 4415 3306 4488; x_wconf 81' lang='lat' dir='ltr'><strong>Ille</strong></span> <span class='ocrx_word' id='word_1_783' title='bbox 3331 4413 3520 4488; x_wconf 53' lang='lat' dir='ltr'><strong>{etnec</strong></span> <span class='ocrx_word' id='word_1_784' title='bbox 3542 4419 3778 4488; x_wconf 74' lang='lat' dir='ltr'><strong>accipiet.</strong></span> <span class='ocrx_word' id='word_1_785' title='bbox 3793 4416 3924 4488; x_wconf 86' lang='lat' dir='ltr'><strong>_Spi-</strong></span> 
     </span>
    </p>
   </div>
   <div class='ocr_carea' id='block_1_89' title="bbox 2345 4483 3922 4554">
    <p class='ocr_par' dir='ltr' id='par_1_89' title="bbox 2345 4483 3922 4554">
     <span class='ocr_line' id='line_1_89' title="bbox 2345 4483 3922 4554; baseline 0.003 -18"><span class='ocrx_word' id='word_1_786' title='bbox 2345 4483 2473 4554; x_wconf 57' lang='lat' dir='ltr'><strong>ritus</strong></span> <span class='ocrx_word' id='word_1_787' title='bbox 2506 4483 2682 4554; x_wconf 74' lang='lat' dir='ltr'><strong>Patris</strong></span> <span class='ocrx_word' id='word_1_788' title='bbox 2702 4487 2802 4539; x_wconf 89' lang='lat' dir='ltr'><strong>mei</strong></span> <span class='ocrx_word' id='word_1_789' title='bbox 2831 4483 3060 4554; x_wconf 81' lang='lat' dir='ltr'><strong>loquetur</strong></span> <span class='ocrx_word' id='word_1_790' title='bbox 3087 4488 3140 4540; x_wconf 87' lang='lat' dir='ltr'><strong>in</strong></span> <span class='ocrx_word' id='word_1_791' title='bbox 3171 4486 3310 4541; x_wconf 79' lang='lat' dir='ltr'><strong>vobis</strong></span> <span class='ocrx_word' id='word_1_792' title='bbox 3340 4485 3567 4541; x_wconf 89' lang='lat' dir='ltr'><strong>Deitate.</strong></span> <span class='ocrx_word' id='word_1_793' title='bbox 3596 4483 3768 4540; x_wconf 75' lang='lat' dir='ltr'><strong>Mittet</strong></span> <span class='ocrx_word' id='word_1_794' title='bbox 3787 4483 3922 4540; x_wconf 70' lang='lat' dir='ltr'><strong>Deus</strong></span> 
     </span>
    </p>
   </div>
   <div class='ocr_carea' id='block_1_90' title="bbox 2347 4553 3924 4623">
    <p class='ocr_par' dir='ltr' id='par_1_90' title="bbox 2347 4553 3924 4623">
     <span class='ocr_line' id='line_1_90' title="bbox 2347 4553 3924 4623; baseline 0.001 -16"><span class='ocrx_word' id='word_1_795' title='bbox 2347 4553 2600 4623; x_wconf 83' lang='lat' dir='ltr'><strong>Spiritum</strong></span> <span class='ocrx_word' id='word_1_796' title='bbox 2629 4553 2755 4623; x_wconf 66' lang='lat' dir='ltr'><strong>Filii</strong></span> <span class='ocrx_word' id='word_1_797' title='bbox 2785 4558 2864 4609; x_wconf 83' lang='lat' dir='ltr'><strong>sui</strong></span> <span class='ocrx_word' id='word_1_798' title='bbox 2893 4558 2946 4609; x_wconf 91' lang='lat' dir='ltr'><strong>in</strong></span> <span class='ocrx_word' id='word_1_799' title='bbox 2977 4556 3135 4609; x_wconf 87' lang='lat' dir='ltr'><strong>corda</strong></span> <span class='ocrx_word' id='word_1_800' title='bbox 3163 4567 3345 4620; x_wconf 80' lang='lat' dir='ltr'><strong>vestra,</strong></span> <span class='ocrx_word' id='word_1_801' title='bbox 3381 4567 3476 4610; x_wconf 82' lang='lat' dir='ltr'><strong>etc.</strong></span> <span class='ocrx_word' id='word_1_802' title='bbox 3511 4556 3578 4611; x_wconf 86' lang='lat' dir='ltr'><strong>Et</strong></span> <span class='ocrx_word' id='word_1_803' title='bbox 3606 4573 3727 4612; x_wconf 91' lang='lat' dir='ltr'><strong>cum</strong></span> <span class='ocrx_word' id='word_1_804' title='bbox 3757 4557 3924 4610; x_wconf 86' lang='lat' dir='ltr'><strong>Atha-</strong></span> 
     </span>
    </p>
   </div>
   <div class='ocr_carea' id='block_1_91' title="bbox 2345 4622 3926 4696">
    <p class='ocr_par' dir='ltr' id='par_1_91' title="bbox 2345 4622 3926 4696">
     <span class='ocr_line' id='line_1_91' title="bbox 2345 4622 3926 4696; baseline 0.001 -18"><span class='ocrx_word' id='word_1_805' title='bbox 2345 4622 2497 4696; x_wconf 81' lang='lat' dir='ltr'><strong>n_asio</strong></span> <span class='ocrx_word' id='word_1_806' title='bbox 2526 4622 2841 4696; x_wconf 81' lang='lat' dir='ltr'><strong>profitemur</strong></span> <span class='ocrx_word' id='word_1_807' title='bbox 2865 4639 3053 4679; x_wconf 91' lang='lat' dir='ltr'><strong>omnes</strong></span> <span class='ocrx_word' id='word_1_808' title='bbox 3077 4643 3089 4679; x_wconf 88' lang='lat'><strong>:</strong></span> <span class='ocrx_word' id='word_1_809' title='bbox 3121 4626 3348 4696; x_wconf 81' lang='lat' dir='ltr'><strong>Spiritus</strong></span> <span class='ocrx_word' id='word_1_810' title='bbox 3375 4639 3585 4682; x_wconf 79' lang='lat' dir='ltr'><strong>sanctus</strong></span> <span class='ocrx_word' id='word_1_811' title='bbox 3615 4645 3647 4680; x_wconf 93' lang='lat' dir='ltr'><strong>a</strong></span> <span class='ocrx_word' id='word_1_812' title='bbox 3678 4626 3837 4679; x_wconf 85' lang='lat' dir='ltr'><strong>Patre</strong></span> <span class='ocrx_word' id='word_1_813' title='bbox 3874 4636 3926 4679; x_wconf 85' lang='lat' dir='ltr'><strong>et</strong></span> 
     </span>
    </p>
   </div>
   <div class='ocr_carea' id='block_1_92' title="bbox 2344 4690 3925 4767">
    <p class='ocr_par' dir='ltr' id='par_1_92' title="bbox 2344 4690 3925 4767">
     <span class='ocr_line' id='line_1_92' title="bbox 2344 4690 3925 4767; baseline 0.001 -20"><span class='ocrx_word' id='word_1_814' title='bbox 2344 4690 2486 4767; x_wconf 53' lang='lat' dir='ltr'><strong>Ij‘ilio</strong></span> <span class='ocrx_word' id='word_1_815' title='bbox 2511 4690 2613 4767; x_wconf 62' lang='lat' dir='ltr'><strong>non</strong></span> <span class='ocrx_word' id='word_1_816' title='bbox 2643 4694 2829 4767; x_wconf 73' lang='lat' dir='ltr'><strong>factus,</strong></span> <span class='ocrx_word' id='word_1_817' title='bbox 2879 4710 2986 4767; x_wconf 71' lang='lat' dir='ltr'><strong>nec</strong></span> <span class='ocrx_word' id='word_1_818' title='bbox 2998 4690 3217 4767; x_wconf 77' lang='lat' dir='ltr'><strong>creatus,</strong></span> <span class='ocrx_word' id='word_1_819' title='bbox 3248 4711 3340 4750; x_wconf 87' lang='lat' dir='ltr'><strong>nec</strong></span> <span class='ocrx_word' id='word_1_820' title='bbox 3368 4700 3590 4767; x_wconf 82' lang='lat' dir='ltr'><strong>genitus,</strong></span> <span class='ocrx_word' id='word_1_821' title='bbox 3620 4696 3711 4750; x_wconf 79' lang='lat' dir='ltr'><strong>sed</strong></span> <span class='ocrx_word' id='word_1_822' title='bbox 3744 4712 3925 4767; x_wconf 80' lang='lat' dir='ltr'><strong>proce-</strong></span> 
     </span>
    </p>
   </div>
   <div class='ocr_carea' id='block_1_93' title="bbox 2346 4761 3925 4837">
    <p class='ocr_par' dir='ltr' id='par_1_93' title="bbox 2346 4761 3925 4837">
     <span class='ocr_line' id='line_1_93' title="bbox 2346 4761 3925 4837; baseline 0.004 -23"><span class='ocrx_word' id='word_1_823' title='bbox 2346 4763 2490 4837; x_wconf 74' lang='lat' dir='ltr'><strong>dens.</strong></span> <span class='ocrx_word' id='word_1_824' title='bbox 2523 4761 2926 4837; x_wconf 33' lang='lat' dir='ltr'><strong>ﬂmc‘,__i_nquam,</strong></span> <span class='ocrx_word' id='word_1_825' title='bbox 2958 4763 3064 4819; x_wconf 93' lang='lat' dir='ltr'><strong>duo</strong></span> <span class='ocrx_word' id='word_1_826' title='bbox 3093 4766 3270 4836; x_wconf 88' lang='lat' dir='ltr'><strong>capita</strong></span> <span class='ocrx_word' id='word_1_827' title='bbox 3295 4761 3433 4822; x_wconf 77' lang='lat' dir='ltr'><strong>adeo</strong></span> <span class='ocrx_word' id='word_1_828' title='bbox 3462 4781 3531 4821; x_wconf 84' lang='lat' dir='ltr'><strong>ex</strong></span> <span class='ocrx_word' id='word_1_829' title='bbox 3558 4761 3848 4837; x_wconf 83' lang='lat' dir='ltr'><strong>scripturis</strong></span> <span class='ocrx_word' id='word_1_830' title='bbox 3868 4774 3925 4820; x_wconf 86' lang='lat' dir='ltr'><strong>et</strong></span> 
     </span>
    </p>
   </div>
   <div class='ocr_carea' id='block_1_94' title="bbox 740 4823 4011 4909">
    <p class='ocr_par' dir='ltr' id='par_1_94' title="bbox 740 4823 4011 4909">
     <span class='ocr_line' id='line_1_94' title="bbox 740 4823 4011 4909; baseline 0.003 -30"><span class='ocrx_word' id='word_1_831' title='bbox 740 4823 780 4909; x_wconf 37' lang='lat' dir='ltr'><strong>d‘</strong></span> <span class='ocrx_word' id='word_1_832' title='bbox 806 4825 972 4909; x_wconf 71' lang='lat' dir='ltr'><strong>Vetus</strong></span> <span class='ocrx_word' id='word_1_833' title='bbox 1022 4827 1191 4882; x_wconf 83' lang='lat' dir='ltr'><strong>codex</strong></span> <span class='ocrx_word' id='word_1_834' title='bbox 1230 4823 1494 4909; x_wconf 70' lang='lat' dir='ltr'><strong>afﬁrmat,</strong></span> <span class='ocrx_word' id='word_1_835' title='bbox 1552 4827 1832 4909; x_wconf 67' lang='lat' dir='ltr'><strong>abscessit;</strong></span> <span class='ocrx_word' id='word_1_836' title='bbox 1861 4846 1959 4886; x_wconf 92' lang='lat' dir='ltr'><strong>nos</strong></span> <span class='ocrx_word' id='word_1_837' title='bbox 1997 4832 2242 4902; x_wconf 78' lang='lat' dir='ltr'><strong>exigente</strong></span> <span class='ocrx_word' id='word_1_838' title='bbox 2270 4850 2318 4909; x_wconf 78' lang='grc' dir='ltr'>ι)</span> <span class='ocrx_word' id='word_1_839' title='bbox 2344 4833 2599 4909; x_wconf 77' lang='lat' dir='ltr'><strong>symbolis</strong></span> <span class='ocrx_word' id='word_1_840' title='bbox 2620 4823 2880 4909; x_wconf 64' lang='lat' dir='ltr'><strong>dilucida</strong></span> <span class='ocrx_word' id='word_1_841' title='bbox 2916 4823 2973 4889; x_wconf 79' lang='lat' dir='ltr'><strong>et</strong></span> <span class='ocrx_word' id='word_1_842' title='bbox 2993 4843 3140 4909; x_wconf 79' lang='lat' dir='ltr'><strong>e_ert_a</strong></span> <span class='ocrx_word' id='word_1_843' title='bbox 3159 4823 3302 4901; x_wconf 72' lang='lat' dir='ltr'><strong>sunt,</strong></span> <span class='ocrx_word' id='word_1_844' title='bbox 3324 4845 3383 4909; x_wconf 72' lang='lat' dir='ltr'><strong>ut</strong></span> <span class='ocrx_word' id='word_1_845' title='bbox 3405 4851 3570 4909; x_wconf 80' lang='lat' dir='ltr'><strong>nemo</strong></span> <span class='ocrx_word' id='word_1_846' title='bbox 3589 4823 3926 4890; x_wconf 72' lang='lat' dir='ltr'><strong>Christiano-</strong></span> <span class='ocrx_word' id='word_1_847' title='bbox 4001 4843 4011 4848; x_wconf 82' lang='lat'><strong>‘</strong></span> 
     </span>
    </p>
   </div>
   <div class='ocr_carea' id='block_1_95' title="bbox 664 4897 1926 4968">
    <p class='ocr_par' dir='ltr' id='par_1_95' title="bbox 664 4897 1926 4968">
     <span class='ocr_line' id='line_1_95' title="bbox 664 4897 1926 4968; baseline 0.002 -16"><span class='ocrx_word' id='word_1_848' title='bbox 664 4897 944 4968; x_wconf 69' lang='lat' dir='ltr'><strong>sententia</strong></span> <span class='ocrx_word' id='word_1_849' title='bbox 955 4911 1222 4968; x_wconf 87' lang='lat' dir='ltr'><strong>sensuque</strong></span> <span class='ocrx_word' id='word_1_850' title='bbox 1248 4899 1588 4966; x_wconf 88' lang='lat' dir='ltr'><strong>negationem</strong></span> <span class='ocrx_word' id='word_1_851' title='bbox 1617 4899 1926 4968; x_wconf 88' lang='lat' dir='ltr'><strong>adjecimus.</strong></span> 
     </span>
    </p>
   </div>
   <div class='ocr_carea' id='block_1_96' title="bbox 741 4964 2241 5042">
    <p class='ocr_par' dir='ltr' id='par_1_96' title="bbox 741 4964 2241 5042">
     <span class='ocr_line' id='line_1_96' title="bbox 741 4964 2241 5042; baseline 0.005 -23"><span class='ocrx_word' id='word_1_852' title='bbox 741 4964 1170 5042; x_wconf 31' lang='lat' dir='ltr'><strong>{Certissimu‘m</strong></span> <span class='ocrx_word' id='word_1_853' title='bbox 1225 4975 1279 5020; x_wconf 88' lang='lat' dir='ltr'><strong>et</strong></span> <span class='ocrx_word' id='word_1_854' title='bbox 1319 4964 1807 5042; x_wconf 57' lang='lat' dir='ltr'><strong>clarissimum&#39;est</strong></span> <span class='ocrx_word' id='word_1_855' title='bbox 1839 4987 1930 5042; x_wconf 84' lang='lat' dir='ltr'><strong>cx_</strong></span> <span class='ocrx_word' id='word_1_856' title='bbox 1953 4969 2241 5042; x_wconf 89' lang='lat' dir='ltr'><strong>Scripturis</strong></span> 
     </span>
    </p>
   </div>
   <div class='ocr_carea' id='block_1_97' title="bbox 663 5034 2241 5110">
    <p class='ocr_par' dir='ltr' id='par_1_97' title="bbox 663 5034 2241 5110">
     <span class='ocr_line' id='line_1_97' title="bbox 663 5034 2241 5110; baseline 0.004 -22"><span class='ocrx_word' id='word_1_857' title='bbox 663 5034 897 5110; x_wconf 85' lang='lat' dir='ltr'><strong>ﬁdeique</strong></span> <span class='ocrx_word' id='word_1_858' title='bbox 909 5037 1199 5110; x_wconf 70' lang='lat' dir='ltr'><strong>catholica:</strong></span> <span class='ocrx_word' id='word_1_859' title='bbox 1219 5037 1473 5110; x_wconf 82' lang='lat' dir='ltr'><strong>symbolis</strong></span> <span class='ocrx_word' id='word_1_860' title='bbox 1500 5037 1690 5092; x_wconf 89' lang='lat' dir='ltr'><strong>Filium</strong></span> <span class='ocrx_word' id='word_1_861' title='bbox 1716 5039 1811 5095; x_wconf 91' lang='lat' dir='ltr'><strong>Dei</strong></span> <span class='ocrx_word' id='word_1_862' title='bbox 1839 5056 1870 5095; x_wconf 89' lang='lat' dir='ltr'><strong>a</strong></span> <span class='ocrx_word' id='word_1_863' title='bbox 1899 5039 2058 5096; x_wconf 89' lang='lat' dir='ltr'><strong>Patre</strong></span> <span class='ocrx_word' id='word_1_864' title='bbox 2072 5034 2241 5110; x_wconf 65' lang='lat' dir='ltr'><strong>&#39;geni-</strong></span> 
     </span>
    </p>
   </div>
   <div class='ocr_carea' id='block_1_98' title="bbox 659 5106 2240 5175">
    <p class='ocr_par' dir='ltr' id='par_1_98' title="bbox 659 5106 2240 5175">
     <span class='ocr_line' id='line_1_98' title="bbox 659 5106 2240 5175; baseline 0.003 -16"><span class='ocrx_word' id='word_1_865' title='bbox 659 5114 798 5168; x_wconf 86' lang='lat' dir='ltr'><strong>tum,</strong></span> <span class='ocrx_word' id='word_1_866' title='bbox 833 5106 1181 5175; x_wconf 89' lang='lat' dir='ltr'><strong>unigenitum,</strong></span> <span class='ocrx_word' id='word_1_867' title='bbox 1214 5114 1269 5162; x_wconf 89' lang='lat' dir='ltr'><strong>et</strong></span> <span class='ocrx_word' id='word_1_868' title='bbox 1295 5106 1361 5162; x_wconf 83' lang='lat' dir='ltr'><strong>ab</strong></span> <span class='ocrx_word' id='word_1_869' title='bbox 1389 5115 1591 5162; x_wconf 65' lang='lat' dir='ltr'><strong>aeterno</strong></span> <span class='ocrx_word' id='word_1_870' title='bbox 1617 5124 1686 5164; x_wconf 81' lang='lat' dir='ltr'><strong>ex</strong></span> <span class='ocrx_word' id='word_1_871' title='bbox 1709 5111 1896 5164; x_wconf 89' lang='lat' dir='ltr'><strong>eadem</strong></span> <span class='ocrx_word' id='word_1_872' title='bbox 1943 5106 2240 5166; x_wconf 73' lang='lat' dir='ltr'><strong>substantia</strong></span> 
     </span>
    </p>
   </div>
   <div class='ocr_carea' id='block_1_99' title="bbox 659 5177 2234 5248">
    <p class='ocr_par' dir='ltr' id='par_1_99' title="bbox 659 5177 2234 5248">
     <span class='ocr_line' id='line_1_99' title="bbox 659 5177 2234 5248; baseline 0.004 -20"><span class='ocrx_word' id='word_1_873' title='bbox 659 5190 757 5248; x_wconf 88' lang='lat' dir='ltr'><strong>s_eu</strong></span> <span class='ocrx_word' id='word_1_874' title='bbox 783 5177 991 5248; x_wconf 85' lang='lat' dir='ltr'><strong>Deitate</strong></span> <span class='ocrx_word' id='word_1_875' title='bbox 1018 5180 1203 5232; x_wconf 89' lang='lat' dir='ltr'><strong>natum</strong></span> <span class='ocrx_word' id='word_1_876' title='bbox 1223 5178 1400 5248; x_wconf 91' lang='lat' dir='ltr'><strong>et_dici</strong></span> <span class='ocrx_word' id='word_1_877' title='bbox 1421 5186 1631 5233; x_wconf 89' lang='lat' dir='ltr'><strong>etesse.</strong></span> <span class='ocrx_word' id='word_1_878' title='bbox 1661 5178 1928 5248; x_wconf 91' lang='lat' dir='ltr'><strong>Scriptum</strong></span> <span class='ocrx_word' id='word_1_879' title='bbox 1950 5189 2034 5234; x_wconf 90' lang='lat' dir='ltr'><strong>est</strong></span> <span class='ocrx_word' id='word_1_880' title='bbox 2061 5181 2234 5234; x_wconf 91' lang='lat' dir='ltr'><strong>enim:</strong></span> 
     </span>
    </p>
   </div>
   <div class='ocr_carea' id='block_1_100' title="bbox 659 5241 2238 5320">
    <p class='ocr_par' dir='ltr' id='par_1_100' title="bbox 659 5241 2238 5320">
     <span class='ocr_line' id='line_1_100' title="bbox 659 5241 2238 5320; baseline 0.006 -26"><span class='ocrx_word' id='word_1_881' title='bbox 659 5241 775 5320; x_wconf 79' lang='lat' dir='ltr'><strong>Ego</strong></span> <span class='ocrx_word' id='word_1_882' title='bbox 798 5245 945 5320; x_wconf 63' lang='lat' dir='ltr'><strong>hodie</strong></span> <span class='ocrx_word' id='word_1_883' title='bbox 976 5250 1132 5320; x_wconf 83' lang='lat' dir='ltr'><strong>genui</strong></span> <span class='ocrx_word' id='word_1_884' title='bbox 1159 5256 1224 5301; x_wconf 85' lang='lat' dir='ltr'><strong>te.</strong></span> <span class='ocrx_word' id='word_1_885' title='bbox 1247 5246 1386 5320; x_wconf 69' lang='grc' dir='ltr'>ᾼηιε</span> <span class='ocrx_word' id='word_1_886' title='bbox 1411 5247 1680 5320; x_wconf 71' lang='lat' dir='ltr'><strong>luciferum</strong></span> <span class='ocrx_word' id='word_1_887' title='bbox 1715 5241 1868 5320; x_wconf 78' lang='lat' dir='ltr'><strong>genui</strong></span> <span class='ocrx_word' id='word_1_888' title='bbox 1891 5258 1956 5320; x_wconf 83' lang='lat' dir='ltr'><strong>te.</strong></span> <span class='ocrx_word' id='word_1_889' title='bbox 1987 5248 2238 5320; x_wconf 86' lang='lat' dir='ltr'><strong>Unigeni-</strong></span> 
     </span>
    </p>
   </div>
   <div class='ocr_carea' id='block_1_101' title="bbox 662 5267 2236 5382">
    <p class='ocr_par' dir='ltr' id='par_1_101' title="bbox 662 5267 2236 5382">
     <span class='ocr_line' id='line_1_101' title="bbox 662 5267 2236 5320; baseline 0.006 -26"><span class='ocrx_word' id='word_1_890' title='bbox 662 5267 775 5312; x_wconf 71' lang='lat' dir='ltr'><strong>ngu</strong></span> <span class='ocrx_word' id='word_1_891' title='bbox 798 5267 945 5300; x_wconf 80' lang='lat' dir='ltr'><strong>Itoate</strong></span> <span class='ocrx_word' id='word_1_892' title='bbox 976 5267 1127 5319; x_wconf 75' lang='lat' dir='ltr'><strong>genui</strong></span> <span class='ocrx_word' id='word_1_893' title='bbox 1159 5267 1224 5301; x_wconf 82' lang='grc' dir='ltr'>ιε.</span> <span class='ocrx_word' id='word_1_894' title='bbox 1254 5267 1386 5301; x_wconf 68' lang='lat' dir='ltr'><strong>ante</strong></span> <span class='ocrx_word' id='word_1_895' title='bbox 1411 5267 1680 5319; x_wconf 73' lang='lat' dir='ltr'><strong>tucqerum</strong></span> <span class='ocrx_word' id='word_1_896' title='bbox 1752 5267 1868 5302; x_wconf 80' lang='lat' dir='ltr'><strong>enm</strong></span> <span class='ocrx_word' id='word_1_897' title='bbox 1894 5267 1956 5302; x_wconf 88' lang='grc' dir='ltr'>ιε.</span> <span class='ocrx_word' id='word_1_898' title='bbox 1987 5267 2236 5320; x_wconf 72' lang='lat' dir='ltr'><strong>unigeni-</strong></span> 
     </span>
     <span class='ocr_line' id='line_1_102' title="bbox 662 5267 2236 5382; baseline 0.004 -16"><span class='ocrx_word' id='word_1_899' title='bbox 662 5319 764 5382; x_wconf 70' lang='lat' dir='ltr'><strong>tus.</strong></span> <span class='ocrx_word' id='word_1_900' title='bbox 797 5317 881 5381; x_wconf 86' lang='lat' dir='ltr'><strong>qui</strong></span> <span class='ocrx_word' id='word_1_901' title='bbox 910 5325 985 5368; x_wconf 73' lang='lat' dir='ltr'><strong>est</strong></span> <span class='ocrx_word' id='word_1_902' title='bbox 1011 5320 1063 5371; x_wconf 86' lang='lat' dir='ltr'><strong>in</strong></span> <span class='ocrx_word' id='word_1_903' title='bbox 1091 5319 1209 5371; x_wconf 87' lang='lat' dir='ltr'><strong>sinu</strong></span> <span class='ocrx_word' id='word_1_904' title='bbox 1236 5315 1435 5382; x_wconf 84' lang='lat' dir='ltr'><strong>Patris,</strong></span> <span class='ocrx_word' id='word_1_905' title='bbox 1459 5327 1554 5370; x_wconf 87' lang='lat' dir='ltr'><strong>etc.</strong></span> <span class='ocrx_word' id='word_1_906' title='bbox 1584 5315 1674 5371; x_wconf 90' lang='lat' dir='ltr'><strong>Sic</strong></span> <span class='ocrx_word' id='word_1_907' title='bbox 1702 5267 1843 5372; x_wconf 56' lang='lat' dir='ltr'><strong>gens</strong></span> <span class='ocrx_word' id='word_1_908' title='bbox 1864 5318 2044 5372; x_wconf 76' lang='lat' dir='ltr'><strong>dilexit</strong></span> <span class='ocrx_word' id='word_1_909' title='bbox 2084 5337 2236 5373; x_wconf 87' lang='lat' dir='ltr'><strong>mun-</strong></span> 
     </span>
    </p>
   </div>
   <div class='ocr_carea' id='block_1_102' title="bbox 659 5379 2236 5459">
    <p class='ocr_par' dir='ltr' id='par_1_102' title="bbox 659 5379 2236 5459">
     <span class='ocr_line' id='line_1_103' title="bbox 659 5379 2236 5459; baseline 0.008 -28"><span class='ocrx_word' id='word_1_910' title='bbox 659 5379 817 5458; x_wconf 65' lang='lat' dir='ltr'><strong>dani,</strong></span> <span class='ocrx_word' id='word_1_911' title='bbox 841 5391 897 5459; x_wconf 78' lang='lat' dir='ltr'><strong>ut</strong></span> <span class='ocrx_word' id='word_1_912' title='bbox 934 5382 1138 5459; x_wconf 79' lang='lat' dir='ltr'><strong>Filium</strong></span> <span class='ocrx_word' id='word_1_913' title='bbox 1156 5403 1301 5459; x_wconf 59' lang='lat' dir='ltr'><strong>suum</strong></span> <span class='ocrx_word' id='word_1_914' title='bbox 1324 5379 1641 5459; x_wconf 72' lang='lat' dir='ltr'><strong>unigenitum</strong></span> <span class='ocrx_word' id='word_1_915' title='bbox 1670 5387 1834 5459; x_wconf 59' lang='lat' dir='ltr'><strong>daret.</strong></span> <span class='ocrx_word' id='word_1_916' title='bbox 1866 5387 1914 5459; x_wconf 70' lang='grc' dir='ltr'><em>Ε</em></span> <span class='ocrx_word' id='word_1_917' title='bbox 1917 5388 2060 5442; x_wconf 87' lang='lat' dir='ltr'><strong>ilium</strong></span> <span class='ocrx_word' id='word_1_918' title='bbox 2089 5406 2236 5443; x_wconf 84' lang='lat' dir='ltr'><strong>suum</strong></span> 
     </span>
    </p>
   </div>
   <div class='ocr_carea' id='block_1_103' title="bbox 657 5449 2272 5527">
    <p class='ocr_par' dir='ltr' id='par_1_103' title="bbox 657 5449 2272 5527">
     <span class='ocr_line' id='line_1_104' title="bbox 657 5449 2272 5527; baseline 0.011 -30"><span class='ocrx_word' id='word_1_919' title='bbox 657 5449 981 5527; x_wconf 48' lang='lat' dir='ltr'><strong>gnigenitum</strong></span> <span class='ocrx_word' id='word_1_920' title='bbox 1026 5458 1165 5527; x_wconf 69' lang='lat' dir='ltr'><strong>misit</strong></span> <span class='ocrx_word' id='word_1_921' title='bbox 1191 5455 1331 5509; x_wconf 78' lang='lat' dir='ltr'><strong>Deus</strong></span> <span class='ocrx_word' id='word_1_922' title='bbox 1358 5449 1708 5527; x_wconf 59' lang='lat' dir='ltr'><strong>in&#39;ntundum.</strong></span> <span class='ocrx_word' id='word_1_923' title='bbox 1743 5456 2051 5527; x_wconf 84' lang='lat' dir='ltr'><strong>Passimque</strong></span> <span class='ocrx_word' id='word_1_924' title='bbox 2098 5459 2272 5514; x_wconf 87' lang='lat' dir='ltr'><strong>Deus&#39;</strong></span> 
     </span>
    </p>
   </div>
   <div class='ocr_carea' id='block_1_104' title="bbox 656 5513 2238 5603">
    <p class='ocr_par' dir='ltr' id='par_1_104' title="bbox 656 5513 2238 5603">
     <span class='ocr_line' id='line_1_105' title="bbox 656 5513 2238 5603; baseline 0.008 -33"><span class='ocrx_word' id='word_1_925' title='bbox 656 5513 823 5603; x_wconf 46' lang='lat' dir='ltr'><strong>aster</strong></span> <span class='ocrx_word' id='word_1_926' title='bbox 851 5519 917 5573; x_wconf 86' lang='lat' dir='ltr'><strong>de</strong></span> <span class='ocrx_word' id='word_1_927' title='bbox 945 5523 1082 5603; x_wconf 62' lang='lat' dir='ltr'><strong>ctelo</strong></span> <span class='ocrx_word' id='word_1_928' title='bbox 1103 5533 1436 5603; x_wconf 62' lang='lat' dir='ltr'><strong>contestatur</strong></span> <span class='ocrx_word' id='word_1_929' title='bbox 1463 5525 1733 5603; x_wconf 68' lang='lat' dir='ltr'><strong>Qhristum</strong></span> <span class='ocrx_word' id='word_1_930' title='bbox 1759 5525 1940 5603; x_wconf 80' lang='lat' dir='ltr'><strong>Jesum</strong></span> <span class='ocrx_word' id='word_1_931' title='bbox 1964 5513 2081 5603; x_wconf 66' lang='lat' dir='ltr'><strong>esse</strong></span> <span class='ocrx_word' id='word_1_932' title='bbox 2107 5513 2238 5598; x_wconf 76' lang='lat' dir='ltr'><strong>prte-</strong></span> 
     </span>
    </p>
   </div>
   <div class='ocr_carea' id='block_1_105' title="bbox 653 5584 2236 5668">
    <p class='ocr_par' dir='ltr' id='par_1_105' title="bbox 653 5584 2236 5668">
     <span class='ocr_line' id='line_1_106' title="bbox 653 5584 2236 5668; baseline 0.009 -29"><span class='ocrx_word' id='word_1_933' title='bbox 653 5584 914 5668; x_wconf 76' lang='lat' dir='ltr'><strong>dilectum</strong></span> <span class='ocrx_word' id='word_1_934' title='bbox 946 5589 1061 5668; x_wconf 46' lang='lat' dir='ltr'><strong>&#39;sibi</strong></span> <span class='ocrx_word' id='word_1_935' title='bbox 1111 5591 1324 5668; x_wconf 77' lang='lat' dir='ltr'><strong>Filium,</strong></span> <span class='ocrx_word' id='word_1_936' title='bbox 1355 5595 1765 5668; x_wconf 77' lang='lat' dir='ltr'><strong>haudquaquam</strong></span> <span class='ocrx_word' id='word_1_937' title='bbox 1811 5584 2123 5668; x_wconf 47' lang='lat' dir='ltr'><strong>adoptivum-</strong></span> <span class='ocrx_word' id='word_1_938' title='bbox 2136 5616 2150 5662; x_wconf 89' lang='lat'><strong>;</strong></span> <span class='ocrx_word' id='word_1_939' title='bbox 2181 5607 2236 5653; x_wconf 92' lang='lat' dir='ltr'><strong>et</strong></span> 
     </span>
    </p>
   </div>
   <div class='ocr_carea' id='block_1_106' title="bbox 655 5613 2233 5737">
    <p class='ocr_par' dir='ltr' id='par_1_106' title="bbox 655 5613 2233 5737">
     <span class='ocr_line' id='line_1_107' title="bbox 655 5613 2233 5669; baseline 0.01 -31"><span class='ocrx_word' id='word_1_940' title='bbox 655 5613 914 5669; x_wconf 58' lang='grc' dir='ltr'>υιιιῖυιμιιι</span> <span class='ocrx_word' id='word_1_941' title='bbox 959 5613 1061 5645; x_wconf 71' lang='grc' dir='ltr'>διυι</span> <span class='ocrx_word' id='word_1_942' title='bbox 1111 5613 1324 5656; x_wconf 74' lang='lat' dir='ltr'><strong>riuum,</strong></span> <span class='ocrx_word' id='word_1_943' title='bbox 1356 5613 1498 5650; x_wconf 83' lang='lat' dir='ltr'><strong>naua</strong></span> <span class='ocrx_word' id='word_1_944' title='bbox 1539 5613 1765 5664; x_wconf 85' lang='lat' dir='ltr'><strong>uaquam</strong></span> <span class='ocrx_word' id='word_1_945' title='bbox 1811 5613 2150 5666; x_wconf 81' lang='lat' dir='ltr'><strong>adoptivum;</strong></span> <span class='ocrx_word' id='word_1_946' title='bbox 2181 5613 2233 5653; x_wconf 72' lang='lat' dir='ltr'><strong>CI</strong></span> 
     </span>
     <span class='ocr_line' id='line_1_108' title="bbox 655 5613 2233 5737; baseline 0.01 -29"><span class='ocrx_word' id='word_1_947' title='bbox 655 5665 891 5712; x_wconf 66' lang='lat' dir='ltr'><strong>menssnm</strong></span> <span class='ocrx_word' id='word_1_948' title='bbox 939 5657 1094 5737; x_wconf 77' lang='lat' dir='ltr'><strong>Jcsus</strong></span> <span class='ocrx_word' id='word_1_949' title='bbox 1141 5661 1318 5731; x_wconf 90' lang='lat' dir='ltr'><strong>palam</strong></span> <span class='ocrx_word' id='word_1_950' title='bbox 1355 5613 1796 5737; x_wconf 65' lang='lat' dir='ltr'><strong>confidenterque</strong></span> <span class='ocrx_word' id='word_1_951' title='bbox 1825 5667 1973 5737; x_wconf 87' lang='lat' dir='ltr'><strong>illum</strong></span> <span class='ocrx_word' id='word_1_952' title='bbox 2020 5665 2233 5722; x_wconf 87' lang='lat' dir='ltr'><strong>Patrem</strong></span> 
     </span>
    </p>
   </div>
   <div class='ocr_carea' id='block_1_107' title="bbox 657 5730 2235 5801">
    <p class='ocr_par' dir='ltr' id='par_1_107' title="bbox 657 5730 2235 5801">
     <span class='ocr_line' id='line_1_109' title="bbox 657 5730 2235 5801; baseline 0.006 -18"><span class='ocrx_word' id='word_1_953' title='bbox 657 5737 815 5783; x_wconf 77' lang='lat' dir='ltr'><strong>suum</strong></span> <span class='ocrx_word' id='word_1_954' title='bbox 863 5730 1438 5798; x_wconf 83' lang='lat' dir='ltr'><strong>appellat;apostolos</strong></span> <span class='ocrx_word' id='word_1_955' title='bbox 1465 5730 1881 5801; x_wconf 44' lang='lat' dir='ltr'><strong>dcnique‘istud</strong></span> <span class='ocrx_word' id='word_1_956' title='bbox 1925 5736 2044 5794; x_wconf 85' lang='lat' dir='ltr'><strong>ﬁdei</strong></span> <span class='ocrx_word' id='word_1_957' title='bbox 2081 5737 2235 5793; x_wconf 86' lang='lat' dir='ltr'><strong>Chri-</strong></span> 
     </span>
    </p>
   </div>
   <div class='ocr_carea' id='block_1_108' title="bbox 2342 4901 3923 4982">
    <p class='ocr_par' dir='ltr' id='par_1_108' title="bbox 2342 4901 3923 4982">
     <span class='ocr_line' id='line_1_110' title="bbox 2342 4901 3923 4982; baseline 0.002 -27"><span class='ocrx_word' id='word_1_958' title='bbox 2342 4901 2460 4956; x_wconf 87' lang='lat' dir='ltr'><strong>rum</strong></span> <span class='ocrx_word' id='word_1_959' title='bbox 2475 4901 2662 4982; x_wconf 38' lang='lat' dir='ltr'><strong>tie-his</strong></span> <span class='ocrx_word' id='word_1_960' title='bbox 2690 4903 2961 4982; x_wconf 76' lang='lat' dir='ltr'><strong>addubitet</strong></span> <span class='ocrx_word' id='word_1_961' title='bbox 2971 4903 3115 4982; x_wconf 68' lang='lat' dir='ltr'><strong>1Sed</strong></span> <span class='ocrx_word' id='word_1_962' title='bbox 3140 4921 3306 4975; x_wconf 89' lang='lat' dir='ltr'><strong>quare</strong></span> <span class='ocrx_word' id='word_1_963' title='bbox 3327 4904 3558 4982; x_wconf 79' lang='lat' dir='ltr'><strong>Spiritus</strong></span> <span class='ocrx_word' id='word_1_964' title='bbox 3576 4914 3794 4982; x_wconf 80' lang='lat' dir='ltr'><strong>sanctus</strong></span> <span class='ocrx_word' id='word_1_965' title='bbox 3814 4921 3923 4982; x_wconf 80' lang='lat' dir='ltr'><strong>non</strong></span> 
     </span>
    </p>
   </div>
   <div class='ocr_carea' id='block_1_109' title="bbox 2341 4973 3922 5041">
    <p class='ocr_par' dir='ltr' id='par_1_109' title="bbox 2341 4973 3922 5041">
     <span class='ocr_line' id='line_1_111' title="bbox 2341 4973 3922 5041; baseline 0.001 -15"><span class='ocrx_word' id='word_1_966' title='bbox 2341 4974 2512 5041; x_wconf 89' lang='lat' dir='ltr'><strong>possit</strong></span> <span class='ocrx_word' id='word_1_967' title='bbox 2532 4973 2637 5026; x_wconf 90' lang='lat' dir='ltr'><strong>dici</strong></span> <span class='ocrx_word' id='word_1_968' title='bbox 2665 4974 2942 5028; x_wconf 86' lang='lat' dir='ltr'><strong>amborum</strong></span> <span class='ocrx_word' id='word_1_969' title='bbox 2959 4973 3296 5039; x_wconf 54' lang='lat' dir='ltr'><strong>«Filiusfcum</strong></span> <span class='ocrx_word' id='word_1_970' title='bbox 3313 4973 3382 5030; x_wconf 71' lang='lat' dir='ltr'><strong>ex</strong></span> <span class='ocrx_word' id='word_1_971' title='bbox 3409 4976 3601 5031; x_wconf 89' lang='lat' dir='ltr'><strong>horum</strong></span> <span class='ocrx_word' id='word_1_972' title='bbox 3623 4975 3922 5030; x_wconf 80' lang='lat' dir='ltr'><strong>substantia</strong></span> 
     </span>
    </p>
   </div>
   <div class='ocr_carea' id='block_1_110' title="bbox 2341 5043 3922 5115">
    <p class='ocr_par' dir='ltr' id='par_1_110' title="bbox 2341 5043 3922 5115">
     <span class='ocr_line' id='line_1_112' title="bbox 2341 5043 3922 5115; baseline 0.003 -20"><span class='ocrx_word' id='word_1_973' title='bbox 2341 5050 2638 5113; x_wconf 88' lang='lat' dir='ltr'><strong>naturaque</strong></span> <span class='ocrx_word' id='word_1_974' title='bbox 2666 5057 2794 5115; x_wconf 77' lang='lat' dir='ltr'><strong>vere</strong></span> <span class='ocrx_word' id='word_1_975' title='bbox 2814 5043 2900 5108; x_wconf 90' lang='lat' dir='ltr'><strong>sit,</strong></span> <span class='ocrx_word' id='word_1_976' title='bbox 2933 5060 3097 5113; x_wconf 87' lang='lat' dir='ltr'><strong>quare</strong></span> <span class='ocrx_word' id='word_1_977' title='bbox 3144 5061 3251 5099; x_wconf 93' lang='lat' dir='ltr'><strong>non</strong></span> <span class='ocrx_word' id='word_1_978' title='bbox 3279 5059 3431 5115; x_wconf 68' lang='lat' dir='ltr'><strong>aeque</strong></span> <span class='ocrx_word' id='word_1_979' title='bbox 3459 5044 3666 5102; x_wconf 90' lang='lat' dir='ltr'><strong>dicatur</strong></span> <span class='ocrx_word' id='word_1_980' title='bbox 3687 5063 3690 5068; x_wconf 94' lang='grc'>·</span> <span class='ocrx_word' id='word_1_981' title='bbox 3709 5045 3922 5113; x_wconf 85' lang='lat' dir='ltr'><strong>genitus</strong></span> 
     </span>
    </p>
   </div>
   <div class='ocr_carea' id='block_1_111' title="bbox 2341 5112 3924 5182">
    <p class='ocr_par' dir='ltr' id='par_1_111' title="bbox 2341 5112 3924 5182">
     <span class='ocr_line' id='line_1_113' title="bbox 2341 5112 3924 5182; baseline 0.002 -17"><span class='ocrx_word' id='word_1_982' title='bbox 2341 5119 2502 5182; x_wconf 89' lang='lat' dir='ltr'><strong>atque</strong></span> <span class='ocrx_word' id='word_1_983' title='bbox 2532 5112 2848 5182; x_wconf 83' lang='lat' dir='ltr'><strong>procedens,</strong></span> <span class='ocrx_word' id='word_1_984' title='bbox 2881 5121 2935 5167; x_wconf 91' lang='lat' dir='ltr'><strong>et</strong></span> <span class='ocrx_word' id='word_1_985' title='bbox 2950 5112 3219 5182; x_wconf 79' lang='lat' dir='ltr'><strong>quantum</strong></span> <span class='ocrx_word' id='word_1_986' title='bbox 3249 5112 3461 5169; x_wconf 79' lang='lat' dir='ltr'><strong>intérsit</strong></span> <span class='ocrx_word' id='word_1_987' title='bbox 3508 5116 3648 5171; x_wconf 89' lang='lat' dir='ltr'><strong>inter</strong></span> <span class='ocrx_word' id='word_1_988' title='bbox 3671 5112 3820 5169; x_wconf 86' lang='lat' dir='ltr'><strong>nasci</strong></span> <span class='ocrx_word' id='word_1_989' title='bbox 3869 5124 3924 5168; x_wconf 90' lang='lat' dir='ltr'><strong>et</strong></span> 
     </span>
    </p>
   </div>
   <div class='ocr_carea' id='block_1_112' title="bbox 2377 5181 3926 5248">
    <p class='ocr_par' dir='ltr' id='par_1_112' title="bbox 2377 5181 3926 5248">
     <span class='ocr_line' id='line_1_114' title="bbox 2377 5181 3926 5248; baseline 0.001 -14"><span class='ocrx_word' id='word_1_990' title='bbox 2377 5181 2650 5248; x_wconf 77' lang='lat' dir='ltr'><strong>recedere,</strong></span> <span class='ocrx_word' id='word_1_991' title='bbox 2685 5198 2791 5236; x_wconf 91' lang='lat' dir='ltr'><strong>non</strong></span> <span class='ocrx_word' id='word_1_992' title='bbox 2822 5183 2893 5236; x_wconf 89' lang='lat' dir='ltr'><strong>ita</strong></span> <span class='ocrx_word' id='word_1_993' title='bbox 2939 5181 3215 5238; x_wconf 86' lang='lat' dir='ltr'><strong>definitum</strong></span> <span class='ocrx_word' id='word_1_994' title='bbox 3245 5192 3334 5239; x_wconf 90' lang='lat' dir='ltr'><strong>aut</strong></span> <span class='ocrx_word' id='word_1_995' title='bbox 3380 5185 3582 5240; x_wconf 89' lang='lat' dir='ltr'><strong>clarum</strong></span> <span class='ocrx_word' id='word_1_996' title='bbox 3607 5192 3709 5240; x_wconf 89' lang='lat' dir='ltr'><strong>est.</strong></span> <span class='ocrx_word' id='word_1_997' title='bbox 3758 5186 3926 5238; x_wconf 81' lang='lat' dir='ltr'><strong>Arno-</strong></span> 
     </span>
    </p>
   </div>
   <div class='ocr_carea' id='block_1_113' title="bbox 2379 5251 3921 5319">
    <p class='ocr_par' dir='ltr' id='par_1_113' title="bbox 2379 5251 3921 5319">
     <span class='ocr_line' id='line_1_115' title="bbox 2379 5251 3921 5319; baseline 0.001 -14"><span class='ocrx_word' id='word_1_998' title='bbox 2379 5251 2459 5306; x_wconf 91' lang='lat' dir='ltr'><strong>ius</strong></span> <span class='ocrx_word' id='word_1_999' title='bbox 2483 5260 2628 5308; x_wconf 88' lang='lat' dir='ltr'><strong>certe</strong></span> <span class='ocrx_word' id='word_1_1000' title='bbox 2656 5251 2742 5306; x_wconf 91' lang='lat' dir='ltr'><strong>hic</strong></span> <span class='ocrx_word' id='word_1_1001' title='bbox 2770 5251 3069 5306; x_wconf 88' lang='lat' dir='ltr'><strong>orthodoxe</strong></span> <span class='ocrx_word' id='word_1_1002' title='bbox 3111 5254 3315 5319; x_wconf 90' lang='lat' dir='ltr'><strong>scribit,</strong></span> <span class='ocrx_word' id='word_1_1003' title='bbox 3346 5255 3490 5309; x_wconf 82' lang='lat' dir='ltr'><strong>aliud</strong></span> <span class='ocrx_word' id='word_1_1004' title='bbox 3533 5273 3646 5309; x_wconf 78' lang='lat' dir='ltr'><strong>esse</strong></span> <span class='ocrx_word' id='word_1_1005' title='bbox 3680 5256 3824 5308; x_wconf 75' lang='lat' dir='ltr'><strong>nasci</strong></span> <span class='ocrx_word' id='word_1_1006' title='bbox 3871 5263 3921 5307; x_wconf 84' lang='lat' dir='ltr'><strong>et</strong></span> 
     </span>
    </p>
   </div>
   <div class='ocr_carea' id='block_1_114' title="bbox 2340 5321 3919 5447">
    <p class='ocr_par' dir='ltr' id='par_1_114' title="bbox 2340 5321 3919 5447">
     <span class='ocr_line' id='line_1_116' title="bbox 2340 5321 3919 5394; baseline 0.001 -20"><span class='ocrx_word' id='word_1_1007' title='bbox 2340 5322 2484 5376; x_wconf 83' lang='lat' dir='ltr'><strong>aliud</strong></span> <span class='ocrx_word' id='word_1_1008' title='bbox 2529 5321 2817 5392; x_wconf 83' lang='lat' dir='ltr'><strong>procedere,</strong></span> <span class='ocrx_word' id='word_1_1009' title='bbox 2869 5328 2923 5375; x_wconf 82' lang='lat' dir='ltr'><strong>et</strong></span> <span class='ocrx_word' id='word_1_1010' title='bbox 2958 5323 3217 5378; x_wconf 89' lang='lat' dir='ltr'><strong>continuo</strong></span> <span class='ocrx_word' id='word_1_1011' title='bbox 3281 5336 3368 5379; x_wconf 83' lang='lat' dir='ltr'><strong>ost</strong></span> <span class='ocrx_word' id='word_1_1012' title='bbox 3387 5325 3642 5394; x_wconf 89' lang='lat' dir='ltr'><strong>Spiritum</strong></span> <span class='ocrx_word' id='word_1_1013' title='bbox 3673 5332 3919 5380; x_wconf 88' lang='lat' dir='ltr'><strong>sanctum</strong></span> 
     </span>
     <span class='ocr_line' id='line_1_117' title="bbox 2340 5340 3916 5447; baseline 0.001 -3"><span class='ocrx_word' id='word_1_1014' title='bbox 2340 5399 2594 5447; x_wconf 81' lang='lat' dir='ltr'><strong>tanquam</strong></span> <span class='ocrx_word' id='word_1_1015' title='bbox 2638 5389 2853 5444; x_wconf 86' lang='lat' dir='ltr'><strong>fluvium</strong></span> <span class='ocrx_word' id='word_1_1016' title='bbox 2882 5405 2950 5444; x_wconf 85' lang='lat' dir='ltr'><strong>ex</strong></span> <span class='ocrx_word' id='word_1_1017' title='bbox 2973 5389 3131 5447; x_wconf 87' lang='lat' dir='ltr'><strong>Patre</strong></span> <span class='ocrx_word' id='word_1_1018' title='bbox 3157 5401 3212 5447; x_wconf 88' lang='lat' dir='ltr'><strong>et</strong></span> <span class='ocrx_word' id='word_1_1019' title='bbox 3240 5340 3377 5447; x_wconf 55' lang='lat' dir='ltr'><strong>Filio</strong></span> <span class='ocrx_word' id='word_1_1020' title='bbox 3406 5403 3660 5447; x_wconf 77' lang='lat' dir='ltr'><strong>tanquam</strong></span> <span class='ocrx_word' id='word_1_1021' title='bbox 3691 5409 3758 5447; x_wconf 81' lang='lat' dir='ltr'><strong>ex</strong></span> <span class='ocrx_word' id='word_1_1022' title='bbox 3783 5408 3916 5446; x_wconf 83' lang='lat' dir='ltr'><strong>vena</strong></span> 
     </span>
    </p>
   </div>
   <div class='ocr_carea' id='block_1_115' title="bbox 2339 5389 3916 5464">
    <p class='ocr_par' dir='ltr' id='par_1_115' title="bbox 2339 5389 3916 5464">
     <span class='ocr_line' id='line_1_118' title="bbox 2339 5389 3916 5464; baseline 0.001 -20"><span class='ocrx_word' id='word_1_1023' title='bbox 2339 5389 2594 5464; x_wconf 74' lang='lat' dir='ltr'><strong>tanquam</strong></span> <span class='ocrx_word' id='word_1_1024' title='bbox 2638 5389 2853 5464; x_wconf 81' lang='lat' dir='ltr'><strong>fluvium</strong></span> <span class='ocrx_word' id='word_1_1025' title='bbox 2882 5405 2950 5444; x_wconf 85' lang='lat' dir='ltr'><strong>ex</strong></span> <span class='ocrx_word' id='word_1_1026' title='bbox 2973 5389 3131 5447; x_wconf 87' lang='lat' dir='ltr'><strong>Patre</strong></span> <span class='ocrx_word' id='word_1_1027' title='bbox 3157 5401 3212 5447; x_wconf 88' lang='lat' dir='ltr'><strong>et</strong></span> <span class='ocrx_word' id='word_1_1028' title='bbox 3240 5389 3377 5447; x_wconf 80' lang='lat' dir='ltr'><strong>Filio</strong></span> <span class='ocrx_word' id='word_1_1029' title='bbox 3406 5389 3660 5464; x_wconf 76' lang='lat' dir='ltr'><strong>tanquam</strong></span> <span class='ocrx_word' id='word_1_1030' title='bbox 3691 5409 3758 5448; x_wconf 79' lang='lat' dir='ltr'><strong>ex</strong></span> <span class='ocrx_word' id='word_1_1031' title='bbox 3780 5408 3916 5464; x_wconf 76' lang='lat' dir='ltr'><strong>vena</strong></span> 
     </span>
    </p>
   </div>
   <div class='ocr_carea' id='block_1_116' title="bbox 2338 5460 3921 5534">
    <p class='ocr_par' dir='ltr' id='par_1_116' title="bbox 2338 5460 3921 5534">
     <span class='ocr_line' id='line_1_119' title="bbox 2338 5460 3921 5534; baseline 0.001 -21"><span class='ocrx_word' id='word_1_1032' title='bbox 2338 5460 2590 5534; x_wconf 73' lang='lat' dir='ltr'><strong>fonte-que</strong></span> <span class='ocrx_word' id='word_1_1033' title='bbox 2612 5460 2929 5534; x_wconf 64' lang='lat' dir='ltr'><strong>procedere,</strong></span> <span class='ocrx_word' id='word_1_1034' title='bbox 2947 5477 3055 5534; x_wconf 88' lang='lat' dir='ltr'><strong>non</strong></span> <span class='ocrx_word' id='word_1_1035' title='bbox 3073 5463 3247 5529; x_wconf 89' lang='lat' dir='ltr'><strong>nasci;</strong></span> <span class='ocrx_word' id='word_1_1036' title='bbox 3273 5480 3458 5534; x_wconf 88' lang='lat' dir='ltr'><strong>verum</strong></span> <span class='ocrx_word' id='word_1_1037' title='bbox 3479 5460 3741 5534; x_wconf 84' lang='lat' dir='ltr'><strong>quantum</strong></span> <span class='ocrx_word' id='word_1_1038' title='bbox 3759 5463 3921 5518; x_wconf 87' lang='lat' dir='ltr'><strong>distet</strong></span> 
     </span>
    </p>
   </div>
   <div class='ocr_carea' id='block_1_117' title="bbox 2338 5529 3496 5603">
    <p class='ocr_par' dir='ltr' id='par_1_117' title="bbox 2338 5529 3496 5603">
     <span class='ocr_line' id='line_1_120' title="bbox 2338 5529 3496 5603; baseline 0.003 -21"><span class='ocrx_word' id='word_1_1039' title='bbox 2338 5529 2444 5603; x_wconf 68' lang='lat' dir='ltr'><strong>ista</strong></span> <span class='ocrx_word' id='word_1_1040' title='bbox 2470 5529 2741 5603; x_wconf 77' lang='lat' dir='ltr'><strong>processio</strong></span> <span class='ocrx_word' id='word_1_1041' title='bbox 2762 5545 2793 5603; x_wconf 81' lang='lat' dir='ltr'><strong>a</strong></span> <span class='ocrx_word' id='word_1_1042' title='bbox 2823 5531 3099 5603; x_wconf 80' lang='lat' dir='ltr'><strong>nativitate</strong></span> <span class='ocrx_word' id='word_1_1043' title='bbox 3119 5549 3226 5603; x_wconf 86' lang='lat' dir='ltr'><strong>non</strong></span> <span class='ocrx_word' id='word_1_1044' title='bbox 3247 5533 3496 5603; x_wconf 83' lang='lat' dir='ltr'><strong>explicat.</strong></span> 
     </span>
    </p>
   </div>
   <div class='ocr_carea' id='block_1_118' title="bbox 2411 5597 3920 5672">
    <p class='ocr_par' dir='ltr' id='par_1_118' title="bbox 2411 5597 3920 5672">
     <span class='ocr_line' id='line_1_121' title="bbox 2411 5597 3920 5672; baseline 0.002 -22"><span class='ocrx_word' id='word_1_1045' title='bbox 2411 5597 2596 5672; x_wconf 75' lang='lat' dir='ltr'><strong>Patres</strong></span> <span class='ocrx_word' id='word_1_1046' title='bbox 2625 5599 2948 5672; x_wconf 67' lang='lat' dir='ltr'><strong>scholastici</strong></span> <span class='ocrx_word' id='word_1_1047' title='bbox 3000 5601 3198 5672; x_wconf 87' lang='lat' dir='ltr'><strong>aliquid</strong></span> <span class='ocrx_word' id='word_1_1048' title='bbox 3240 5597 3333 5657; x_wconf 62' lang='lat' dir='ltr'><strong>ex&#39;</strong></span> <span class='ocrx_word' id='word_1_1049' title='bbox 3361 5604 3660 5672; x_wconf 82' lang='lat' dir='ltr'><strong>Augustino</strong></span> <span class='ocrx_word' id='word_1_1050' title='bbox 3689 5602 3920 5672; x_wconf 79' lang='lat' dir='ltr'><strong>aﬂ&#39;erunt</strong></span> 
     </span>
    </p>
   </div>
   <div class='ocr_carea' id='block_1_119' title="bbox 2339 5665 3920 5753">
    <p class='ocr_par' dir='ltr' id='par_1_119' title="bbox 2339 5665 3920 5753">
     <span class='ocr_line' id='line_1_122' title="bbox 2339 5665 3920 5753; baseline 0.001 -33"><span class='ocrx_word' id='word_1_1051' title='bbox 2339 5665 2476 5753; x_wconf 56' lang='grc' dir='ltr'><strong>(μιν.</strong></span> <span class='ocrx_word' id='word_1_1052' title='bbox 2506 5683 2572 5721; x_wconf 80' lang='lat' dir='ltr'><strong>xv</strong></span> <span class='ocrx_word' id='word_1_1053' title='bbox 2600 5667 2673 5753; x_wconf 72' lang='lat' dir='ltr'><strong>de</strong></span> <span class='ocrx_word' id='word_1_1054' title='bbox 2693 5667 2902 5736; x_wconf 87' lang='lat' dir='ltr'><strong>Trinit.,</strong></span> <span class='ocrx_word' id='word_1_1055' title='bbox 2944 5688 2989 5725; x_wconf 84' lang='lat' dir='ltr'><strong>c.</strong></span> <span class='ocrx_word' id='word_1_1056' title='bbox 3040 5665 3163 5753; x_wconf 43' lang='lat'><strong>22),.</strong></span> <span class='ocrx_word' id='word_1_1057' title='bbox 3182 5665 3768 5753; x_wconf 51' lang='lat' dir='ltr'><strong>nimirunl,&#39;propterea</strong></span> <span class='ocrx_word' id='word_1_1058' title='bbox 3798 5671 3920 5750; x_wconf 70' lang='lat' dir='ltr'><strong>Spi-</strong></span> 
     </span>
    </p>
   </div>
   <div class='ocr_carea' id='block_1_120' title="bbox 2338 5740 3918 5815">
    <p class='ocr_par' dir='ltr' id='par_1_120' title="bbox 2338 5740 3918 5815">
     <span class='ocr_line' id='line_1_123' title="bbox 2338 5740 3918 5815; baseline 0.003 -23"><span class='ocrx_word' id='word_1_1059' title='bbox 2338 5740 2498 5792; x_wconf 88' lang='lat' dir='ltr'><strong>ritum</strong></span> <span class='ocrx_word' id='word_1_1060' title='bbox 2528 5747 2769 5793; x_wconf 86' lang='lat' dir='ltr'><strong>sanctum</strong></span> <span class='ocrx_word' id='word_1_1061' title='bbox 2793 5756 2900 5797; x_wconf 91' lang='lat' dir='ltr'><strong>non</strong></span> <span class='ocrx_word' id='word_1_1062' title='bbox 2929 5756 3047 5798; x_wconf 87' lang='lat' dir='ltr'><strong>esse</strong></span> <span class='ocrx_word' id='word_1_1063' title='bbox 3068 5740 3278 5808; x_wconf 86' lang='lat' dir='ltr'><strong>Filium,</strong></span> <span class='ocrx_word' id='word_1_1064' title='bbox 3311 5740 3765 5815; x_wconf 56' lang='lat' dir='ltr'><strong>neque&#39;genitum,</strong></span> <span class='ocrx_word' id='word_1_1065' title='bbox 3788 5740 3918 5811; x_wconf 81' lang='lat' dir='ltr'><strong>quia</strong></span> 
     </span>
    </p>
   </div>
  </div>
