4246 6264
609 362 714 437 τοι

1919 363 2191 425 ARNODII
2227 352 2533 424 JUMORiS

609 494 825 549 sensum
842 478 1141 547 incurrens,
1171 474 1405 552 Patrem,
1446 481 1504 535 et
1529 474 1742 541 Filium,
1771 474 2028 547 Spiritum
2049 475 2178 536 san;
2204 489 2258 547 Α
2282 481 2590 539 sufﬁcerent
2607 482 2801 543 horum
2818 482 3047 543 duorum
3072 482 3378 539 testimonia
3421 480 3713 552 apostolica
3760 498 3858 537 au-

609 578 754 637 ctum
780 571 858 625 sic
884 583 1049 625 unum
1077 566 1243 623 Deum
1272 566 1481 634 credas,
1523 574 1583 622 ut
1607 582 1718 623 non
1762 575 1920 638 putes
1964 569 2178 627 Patrem

609 675 792 716 verum
820 658 940 712 Filii
966 658 1283 726 genitorem,
1314 666 1369 713 et
1418 642 1747 728 unigenitum
1773 662 1961 715 verum
2006 660 2181 718 Patris

608 750 819 817 Filium,
866 750 1253 821 procedentem
1302 765 1371 804 ex
1424 748 1585 805 Patre
1610 759 1667 805 et
1692 749 1830 806 Filio
1858 767 1967 807 non
1993 752 2182 810 credas

607 841 861 913 Spiritum
881 847 1144 903 sanctum,
1168 841 1306 896 sicut
1325 856 1464 895 unus
1487 840 1630 897 Deus
1650 841 1943 899 secundum
1971 857 2181 899 sacram

606 930 934 1001 Scripturam
953 929 1247 993 credendus
1272 938 1372 996 est,
1396 944 1514 999 qua:
1540 930 1704 986 dicit:
1735 931 1986 989 Dominus
2041 932 2179 989 Deus

609 1026 742 1088 tuus,
798 1021 935 1081 Deus
982 1037 1114 1077 unus
1163 1030 1241 1077 est
1278 1020 1453 1092 (Deut.
1480 1019 1573 1091 vr).
1628 1020 1705 1077 Ita
1735 1023 1850 1093 ipse
1876 1039 2013 1080 unus
2039 1024 2182 1082 Deus

607 1113 769 1171 Pater
808 1128 987 1180 verus,
1042 1112 1207 1169 Filius
1246 1126 1424 1179 verus,
1468 1111 1698 1182 Spiritus
1716 1121 1933 1170 sanctus
1961 1130 2099 1171 unus
2121 1121 2183 1173 et
2224 1114 2240 1128 '

608 1220 764 1263 verus
806 1204 1102 1262 credendus
1137 1203 1278 1265 Deus
1325 1211 1424 1258 est.
1464 1202 1605 1259 Deus
1623 1205 1767 1259 enim
1790 1203 2029 1261 indivisa:
2056 1206 2181 1262 sub-

607 1298 816 1359 stantiae
864 1310 1063 1352 nomen
1111 1302 1210 1356 est,
1262 1294 1542 1364 accipienti
1593 1293 1876 1350 conferens
1899 1302 2093 1361 totum,
2125 1302 2181 1351 et

607 1389 739 1451 nihil
765 1387 1012 1449 minuens
1030 1385 1327 1442 eonferenti
1354 1404 1367 1439 :
1399 1401 1507 1440 non
1528 1385 1599 1439 ita
1628 1393 1688 1440 ut
1712 1385 1877 1441 Filius
1896 1386 2177 1453 habeatur,

606 1477 698 1549 qui
723 1474 884 1533 Pater
903 1482 1016 1541 est;
1042 1488 1217 1544 neque
1264 1473 1425 1531 Pater
1459 1473 1727 1539 credatur,
1745 1476 1842 1544 qui
1869 1474 2034 1531 Filius
2060 1481 2174 1543 est;

606 1581 706 1635 nec
723 1565 954 1641 Spiritus
981 1573 1196 1621 sanctus
1220 1565 1317 1633 qui
1345 1572 1428 1620 est
1454 1563 1614 1621 Pater
1631 1565 1945 1620 aestimetur.
1971 1577 1995 1601 ει
2016 1563 2180 1621 Pater

606 1657 747 1719 enim
776 1664 859 1723 est
886 1657 977 1736 qui
1005 1656 1134 1713 dicit
1152 1655 1288 1718 Filio
1316 1673 1328 1709 :
1352 1655 1481 1709 Ante
1502 1655 1774 1726 luciferum
1808 1656 1957 1726 genui
1986 1662 2034 1707 te
2056 1653 2173 1725 (Ps.

606 1764 711 1817 cxx,
735 1747 812 1820 4).
862 1746 1025 1805 Filius
1052 1747 1145 1819 qui
1191 1746 1354 1804 dicit:
1385 1746 1515 1799 Ante
1546 1762 1718 1801 omnes
1748 1746 1899 1801 colles
1920 1747 2179 1817 generavit

2282 574 2532 631 otoritate
2552 572 2785 628 ﬁrmata.
2816 573 2959 630 Sane
2984 573 3254 644 quomodo
3274 572 3387 643 jam
3409 572 3642 629 diximus
3665 580 3721 625 et
3741 588 3861 640 pro-

2281 665 2541 733 bavimus,
2567 666 2710 735 quod
2737 666 2830 734 qui
2856 664 3133 722 descendit
3181 664 3248 721 de
3290 664 3443 720 cmlis
3496 678 3596 733 pro
3645 677 3863 717 assum-

2280 757 2464 825 ptione
2490 756 2722 813 hominis
2740 770 3019 824 nunquam
3042 754 3305 810 dimiserit
3328 753 3515 814 cmlos,
3556 753 3681 821 quia
3735 755 3864 807 seri.

2281 857 2433 919 ptum
2459 856 2560 913 est,
2583 847 2749 903 Cretes
2768 856 2821 902 et
2850 857 3038 901 terram
3056 864 3148 918 ego
3175 843 3539 917 replebo'Uer.
3564 860 3713 909 mn,
3744 843 3861 913 24);

2282 948 2337 995 et
2379 941 2471 1009 qui
2514 956 2634 997 cum
2680 939 2747 994 ab
2775 939 2858 995 his
2884 937 2954 992 ad
2980 937 3147 995 ctelos
3171 935 3428 1001 ascendit,
3460 950 3561 990 nos
3586 948 3860 1003 nunquam

2280 1030 2579 1099 dereliquit.
2631 1028 2722 1085 Sic
2748 1029 2890 1084 enim
2935 1028 3051 1098 ipse
3075 1027 3326 1098 promisit
3351 1026 3537 1082 dicens
3562 1044 3574 1078 :
3605 1024 3741 1079 Ecce
3766 1042 3861 1097 ego

2279 1120 2535 1177 vobiscum
2552 1136 2668 1175 sum
2694 1117 2929 1174 omnibus
2958 1118 3133 1172 diebus
3155 1133 3314 1189 usque
3340 1116 3411 1191 ad
3453 1118 3862 1172 consummatio-

2279 1227 2392 1265 nem
2413 1210 2589 1265 secuti
2608 1207 2825 1279 (Matth.
2858 1206 3063 1278 nun).
3086 1206 3220 1261 Cum
3240 1220 3370 1275 ergo
3396 1213 3608 1262 constet
3630 1206 3860 1262 descen-

2279 1319 2369 1360 sus
2394 1303 2512 1373 ejus
2540 1301 2608 1359 ad
2628 1315 2872 1367 carnem,
2893 1300 2971 1356 sic
2992 1308 3287 1365 teneamus,
3309 1305 3368 1352 ut
3388 1298 3442 1352 in
3463 1297 3580 1367 ipso
3599 1296 3696 1352 Dei
3719 1295 3857 1355 Filio

2278 1394 2409 1449 duas
2429 1392 2753 1455 nativitates,
2775 1391 2914 1447 sicut
2930 1391 3064 1446 duas
3085 1388 3410 1445 substantias
3429 1386 3713 1455 fateamur,
3731 1394 3858 1443 ante

2279 1492 2520 1554 tempore
2548 1481 2886 1538 invisibiliter
2911 1494 2983 1536 ex
3008 1479 3188 1545 Patre,
3210 1494 3281 1535 ex
3308 1486 3553 1547 tempore
3582 1477 3857 1533 visibiliter

2279 1588 2348 1628 ex
2391 1580 2594 1637 matre;
2642 1578 2767 1629 ante
2821 1577 3065 1639 tempora
3118 1568 3260 1623 Deus
3282 1582 3440 1624 verus
3476 1566 3544 1622 de
3570 1566 3682 1622 Deo
3706 1581 3858 1634 vae.

2278 1678 2347 1726 ex
2374 1670 2614 1732 tempore
2642 1660 2783 1716 Deus
2809 1674 2968 1717 verus
2995 1666 3052 1714 et
3070 1659 3234 1714 homo
3261 1672 3421 1713 verus
3439 1670 3509 1712 ex
3527 1655 3692 1713 Martia
3714 1671 3861 1715 sem-

2278 1766 2376 1822 per
2396 1751 2613 1820 Virgine
2640 1749 2842 1821 Spiritu
2871 1756 3059 1805 sancto
3078 1748 3454 1814 obumbrante,
3484 1753 3642 1801 natus
3678 1754 3858 1807 autem

606 1857 701 1908 me,
751 1847 799 1905 et
844 1847 1115 1913 antequam
1158 1838 1435 1911 quidquam
1462 1839 1671 1911 faceret,
1698 1854 1794 1910 ego
1821 1853 1961 1891 eram
1983 1853 2095 1891 cum
2117 1853 2177 1894 eo
2212 1846 2254 1905 Β
2281 1858 2441 1898 verus
2458 1842 2601 1898 Deus
2625 1842 2906 1897 invisibilis
2925 1856 3047 1898 cum
3072 1855 3203 1895 vero
3223 1839 3442 1895 homine
3460 1837 3672 1903 visibili,
3697 1852 3854 1897 verus

606 1930 787 2003 (Prov.
815 1946 922 1995 VIII,
953 1927 1065 2003 25).
1087 1929 1461 1998 Ipsum'autem
1492 1927 1747 1999 Spiritum
1796 1934 2041 1983 sanctum
2083 1927 2192 1996 (μί’

606 2019 847 2093 procedit
873 2034 940 2075 ex
968 2017 1127 2074 Patre
1156 2027 1211 2074 et
1237 2018 1372 2074 Filio
1395 2018 1571 2089 (Jpan.
1628 2033 1715 2083 xv,
1761 2014 1872 2088 26),
1921 2016 2059 2071 sicut
2110 2015 2178 2071 de

606 2109 775 2179 fonte,
806 2118 861 2167 et
889 2110 957 2165 de
982 2125 1120 2165 vena
1162 2108 1326 2167 fontis
1352 2107 1648 2178 procedens
1673 2104 1882 2171 ﬂuvius,
1912 2106 1942 2144 ι’
1988 2112 2177 2161 contra

605 2202 903 2261 doctrinam
943 2200 1268 2267 Macedonii,
1313 2200 1481 2261 Deum
1512 2212 1645 2265 esse
1680 2195 1879 2263 Paulus
1906 2194 2179 2267 apostolus

607 2293 883 2351 evidenter
926 2293 1179 2358 ostendit,
1236 2308 1359 2349 eum
1412 2292 1606 2361 ipsum,
1661 2304 1822 2358 quem
1859 2288 2025 2345 Isaias
2050 2302 2178 2358 pro-

607 2386 766 2457 pheta
789 2386 920 2455 dicit
951 2404 963 2441 :
1004 2386 1122 2445 Vidi
1143 2384 1420 2441 Dominum
1446 2383 1703 2451 sedentem
1723 2384 1778 2438 in
1800 2382 2039 2436 thronum
2062 2396 2174 2433 .ex-

607 2464 815 2555 celsum,
865 2478 949 2544 qui
998 2478 1130 2531 dixit
1173 2477 1341 2530 mihi:
1374 2476 1543 2555 Vade,
1576 2476 1657 2541 dic
1682 2475 1870 2546 popqu
1899 2473 2034 2540 huic,
2087 2472 2179 2526 Vi-

608 2563 782 2619 dentes
810 2564 1059 2631 videbitis,
1086 2573 1134 2619 et
1162 2582 1264 2620 non
1284 2554 1516 2619 videbitis
1544 2563 1697 2636 (Isai.
1724 2581 1794 2629 v1,
1819 2563 1869 2629 l,
1897 2563 1970 2633 9).
2005 2563 2176 2634 Spiri-

607 2658 720 2709 tum
742 2662 982 2709 sanctum
1004 2656 1149 2709 hunc
1166 2651 1362 2711 Paulus
1381 2655 1487 2709 hoc
1508 2654 1695 2709 ordine
1716 2652 1982 2723 patefecit,
1997 2652 2179 2710 dicens

608 2744 676 2802 ad
696 2745 906 2802 Iudaeos
935 2765 947 2799 :
980 2745 1117 2800 Bene
1152 2745 1220 2800 de
1255 2745 1408 2800 vobis
1438 2743 1661 2816 Spiritus
1692 2753 1900 2799 sanctus
1930 2744 2051 2797 dicit
2089 2758 2180 2813 per

612 2833 847 2892 Isaiam:
880 2836 1042 2902 Vade,
1075 2836 1156 2890 dic
1178 2836 1365 2907 populo
1389 2835 1523 2903 huic,
1554 2834 1794 2889 Videntes
1822 2835 1955 2906 (Act.
1995 2848 2175 2897 xxvm,

608 2923 720 2996 36),
751 2934 855 2981 etc.
888 2926 1005 2982 Hoc
1029 2934 1230 2992 autem,
1261 2934 1323 2981 ut
1349 2928 1480 2994 dixi,
1534 2935 1734 2982 sectam
1764 2925 2057 2981 Macedonii
2088 2939 2180 2979 su-

608 3023 781 3085 perat,
809 3031 929 3084 quae
953 3017 1082 3074 dicit
1109 3034 1128 3072 :
1155 3017 1428 3088 Nusquam
1454 3019 1651 3087 legitur
1669 3019 1723 3074 in
1748 3017 2037 3087 Scripturis
2054 3032 2181 3072 san-

611 3106 729 3175 ctis,
760 3107 900 3163 Deus
927 3107 1157 3178 Spiritus
1176 3118 1421 3176 sanctus;
1450 3110 1683 3167 diximus
1708 3110 2011 3185 apostolum
2040 3108 2181 3163 Pau-

2280 1934 2420 1993 Deus
2447 1932 3004 2005 incomprehensibilis
3027 1947 3150 1988 cum
3177 1946 3309 1988 vero
3363 1931 3581 1986 homine
3622 1931 3853 1987 mortali.

2280 2023 2463 2091 Natus,
2506 2024 2744 2093 inquam,
2794 2038 2902 2078 non
2930 2036 3141 2087 aereus,
3196 2021 3291 2076 sed
3313 2034 3637 2091 corporeus;
3667 2034 3775 2074 non
3798 2020 3856 2076 in

2276 2114 2591 2185 phantasia,
2632 2113 2728 2169 sed
2752 2128 2989 2181 carnem,
3020 2127 3163 2177 ossa,
3194 2112 3527 2181 sanguinem,
3570 2117 3859 2167 sensumet

2280 2207 2509 2263 animam
2554 2214 2770 2275 gestans
2797 2222 2812 2259 :
2842 2219 2981 2261 unus
3005 2204 3252 2272 idemque
3271 2204 3431 2258 homo
3456 2192 3613 2258 verus
3634 2210 3693 2259 et
3715 2203 3859 2259 Deus

2282 2312 2458 2363 verus,
2480 2297 2775 2367 adimplens
2794 2295 2992 2365 Legem
3009 2304 3065 2351 et
3083 2294 3398 2365 Prophetas,
3428 2310 3618 2365 passus
3640 2290 3858 2353 crueeni

2279 2387 2568 2443 secundum
2596 2386 2914 2455 Scripturas,
2945 2401 3074 2441 vere
3100 2393 3346 2441 mortuus
3370 2394 3476 2452 est,
3506 2402 3634 2447 vere
3678 2385 3859 2455 sepul-

2279 2485 2381 2545 tus,
2409 2490 2533 2533 vere
2556 2491 2592 2555 pa
2612 2476 2837 2539 mortuis
2858 2475 3023 2529 tertia
3053 2474 3141 2529 die
3171 2475 3482 2553 resurrexit.
3535 2476 3652 2532 Hoc
3679 2484 3858 2532 tamen

2280 2568 2333 2625 in
2371 2582 2436 2623 eo
2485 2572 2566 2621 est
2614 2572 2905 2633 mortuum,
2951 2561 3098 2634 quod
3136 2565 3275 2620 mori
3294 2565 3489 2634 potuit.
3522 2566 3860 2623 Homoenim

2279 2655 2517 2715 mortalis
2544 2662 2628 2711 est
2665 2670 2695 2708 a
2722 2654 2833 2710 Deo
2876 2653 3160 2709 immortali
3205 2661 3514 2723 susceptus;
3564 2656 3862 2714 resurrexit

2282 2754 2460 2802 autem
2488 2762 2596 2801 non
2623 2738 2838 2801 Deus'in
2866 2745 3156 2809 hominem,
3205 2744 3302 2800 sed
3345 2738 3517 2801 homo'
3559 2744 3614 2801 in
3660 2746 3857 2803 Deum.

2282 2835 2476 2913 Postea
2515 2850 2614 2907 per
2639 2833 2988 2904 quadraginta
3008 2833 3121 2889 dies
3140 2834 3194 2889 in
3214 2833 3370 2891 terris
3390 2834 3534 2890 visus
3548 2842 3652 2900 est,
3685 2850 3749 2895 ac
3773 2835 3862 2899 sit:
3966 2860 3971 2864 δ

2282 2937 2585 3023 assumptps
2602 2928 2657 2982 in
2676 2926 2892 2991 omium,
2921 2924 3070 2983 sedet
3089 2925 3156 2979 ad
3172 2925 3453 2981 dexteram
3498 2923 3692 2991 Patris,
3721 2939 3860 2991 ven-

2282 3029 2434 3076 turus
2454 3016 2885 3088 ad'judicandum
2907 3017 3060 3073 vivos
3088 3024 3143 3073 et
3166 3024 3408 3075 mortuos
3438 3017 3574 3087 (Act.
3604 3016 3668 3087 ι).

2353 3108 2707 3167 ΧΧἾΙΙρ-Ει
2729 3124 2848 3164 cum
2870 3109 2986 3164 haec
3013 3105 3553 3173 diceret,—Universi
3573 3106 3856 3169 dixerunt:

610 3196 722 3267 lum
757 3199 900 3255 hunc
937 3200 1136 3259 dixisse
1186 3200 1442 3272 Spiritum
1494 3209 1755 3267 sanctum,
1813 3215 1971 3270 quem
2018 3200 2181 3261 Isaias
2203 3201 2250 3264 C
2283 3201 2381 3257 Dic
2403 3200 2577 3265 nobis,
2609 3197 3274 3270 quomodojudicabuntur
3296 3197 3401 3253 vivi
3427 3204 3485 3253 et
3532 3197 3769 3252 mortui?
3790 3223 3861 3239 -

613 3288 742 3353 dicit
775 3306 787 3342 :
827 3288 949 3349 Vidi
988 3290 1265 3351 Dbminum
1305 3290 1471 3347 Deum
1514 3293 1912 3361 omnipotentem
1951 3288 2182 3345 Sabaoth

612 3382 869 3437 sedentem
905 3397 1056 3461 super
1108 3382 1361 3446 thronum,
1381 3390 1433 3437 et
1453 3381 1701 3441 dicentem
1725 3380 1867 3444 mihi,
1900 3387 2001 3435 etc.
2034 3379 2184 3437 Nunc

613 3473 773 3543 etiam
822 3473 1037 3541 beatum
1084 3469 1299 3526 Petrum
1352 3471 1632 3526 ostendam
1674 3470 1953 3525 Dominum
1984 3469 2184 3529 dixisse

612 3562 869 3634 Spiritum
896 3570 1156 3628 sanctum,
1189 3570 1243 3617 et
1269 3561 1492 3628 suflicit;
1542 3562 1666 3631 quia
1708 3562 1859 3631 quasi
1907 3562 1960 3616 in
2007 3560 2181 3631 capite

612 3655 854 3726 carporis
876 3655 982 3710 duo
1004 3655 1165 3721 oculi,
1198 3655 1271 3711 ita
1298 3656 1353 3709 in
1379 3655 1553 3725 capite
1581 3652 1833 3709 Ecclesiae
1881 3652 2073 3709 Petrus
2126 3660 2181 3708 et

612 3744 809 3811 Paulus
826 3754 969 3804 sunt.
997 3748 1134 3803 Dicit
1160 3758 1287 3818 ergo
1316 3745 1503 3804 Petrus
1523 3748 1800 3818 apostolus
1829 3746 1896 3801 ad
1918 3746 2181 3802 Ananiam

612 3838 960 3907 mentientem
988 3859 1001 3893 :
1053 3837 1189 3904 Quid
1225 3841 1397 3912 utique
1432 3841 1665 3895 convenit
1705 3840 1794 3894 tibi
1837 3848 1886 3893 et
1912 3840 2183 3894 uxorituat

610 3929 818 3985 Μιὺὶ
838 3928 1291 3999 Spirituisancto?
1320 3928 1444 3984 Non
1475 3932 1597 3985 estis
1637 3930 1924 3984 hominibus
1962 3932 2179 3993 mentiti,

613 4017 703 4071 sed
740 4016 851 4073 Deo
880 4019 1016 4089 (Act.
1040 4032 1100 4087 ν,
1131 4020 1182 4081 3,
1205 4018 1281 4087 4).
1307 4017 1422 4071 Alia
1443 4018 1593 4093 plura
1624 4033 1965 4088 poneremus,
1997 4018 2042 4072 si
2073 4033 2181 4072 non

2285 3293 2552 3349 Arnobius
2572 3291 2706 3347 dixit
2730 3309 2742 3344 :
2773 3301 2795 3330 ο
2819 3290 2999 3354 Vivos,
3029 3289 3328 3357 credentes,
3356 3288 3674 3345 catholicam
3699 3287 3857 3343 ﬁdem

2284 3381 2577 3448 habentes;
2606 3387 2868 3443 mortuos,
2899 3378 3145 3448 gentiles,
3190 3376 3404 3437 Iudaeos
3456 3385 3514 3433 et
3558 3377 3856 3442 hareticos,

2283 3472 2375 3543 qui
2394 3487 2504 3528 non
2530 3471 2731 3529 habent
2756 3470 2921 3525 vitam
2940 3470 3231 3525 secundum
3260 3485 3561 3536 sermonem
3598 3469 3810 3525 Domini
3837 3486 3855 3523 :

2287 3564 2387 3629 Qui
2406 3554 2510 3618 non
2540 3562 2699 3616 credit
2716 3564 2770 3616 in
2799 3578 2897 3627 me,
2926 3573 3033 3615 non
3059 3561 3211 3615 habet
3230 3562 3386 3615 vitam
3412 3563 3466 3615 in
3486 3578 3542 3616 se
3569 3560 3746 3631 (Joan.
3772 3575 3854 3637 ιιι,

2280 3655 2395 3727 36).
2452 3652 2523 3709 Et
2558 3668 2743 3708 verum
2790 3652 2954 3708 dicit:
2997 3640 3096 3716 Qui
3134 3652 3295 3706 credit
3338 3654 3393 3706 in
3420 3670 3518 3718 me,
3547 3654 3594 3706 si
3630 3661 3859 3708 mortuus

2285 3749 2459 3821 fuerit,
2490 3748 2618 3801 vivet
2648 3743 2827 3817 (Joan.
2849 3759 2927 3810 vr,
2953 3741 3063 3813 '55).
3099 3742 3256 3811 Ergo,
3290 3747 3347 3801 ut
3366 3742 3495 3809 dixi,
3547 3756 3854 3813 sequamur.

2284 3838 2555 3893 Venturus
2581 3842 2664 3890 est
2689 3842 2749 3889 ut
2790 3832 2994 3903 iudicet
3037 3833 3190 3888 vivos
3226 3840 3284 3888 et
3326 3840 3583 3898 mortuos,
3607 3831 3859 3901 justoset

2286 3925 2531 3995 iniustos,
2564 3922 2750 3977 ﬁdeles
2770 3929 2827 3976 et
2842 3921 3170 3977 incredulos.
3195 3922 3338 3977 Mors
3354 3922 3499 3977 enim
3522 3920 3637 3990 ejus
3659 3919 3860 3991 pretio-

2286 4033 2373 4072 sas
2399 4015 2527 4073 facit
2554 4029 2743 4070 omnes
2783 4020 2985 4069 mortes
3007 4012 3336 4070 credentium
3356 4021 3516 4085 atque
3555 4019 3860 4070 sanctorum

1778 4131 1889 4186 FB.
1929 4130 2405 4186 FEU—ARDENTII
2440 4126 2666 4185 NOTAE.

615 4219 901 4290 utriusque
933 4226 1134 4290 sectam
1183 4219 1346 4290 fuisse
1380 4218 1691 4290 conﬁrmat,
1712 4218 1811 4275 Hic
1835 4235 2047 4276 errores
2072 4236 2183 4276 non

613 4288 827 4361 gntum,
857 4288 1034 4351 Nocti,
1085 4289 1180 4361 sed
1216 4299 1273 4346 et
1320 4288 1543 4361 Praxeae,
1566 4304 1630 4361 ac
1649 4288 2018 4361 Hermogenis,
2047 4306 2182 4361 quos

613 4357 970 4430 Tertullianus
995 4358 1390 4430 proﬂigayerat,
1421 4360 1488 4414 ab
1519 4358 1717 4430 inferis
1743 4357 2021 4426 revocans,
2045 4357 2182 4430 prae-

610 4427 824 4482 dicabat
861 4426 1077 4481 Patrem
1105 4426 1176 4483 et
1205 4426 1395 4482 Filium
1422 4437 1477 4483 et
1510 4428 1767 4498 Spiritum
1792 4426 2183 4484 sanctum’uni-

612 4510 732 4550 cam
755 4505 874 4569 esse
899 4508 1203 4569 personam,
1234 4511 1352 4569 quae
1367 4498 1477 4569 _his
1504 4499 1672 4559 tribus
1699 4499 2002 4569 no_minibus
2027 4514 2182 4554 voca-

612 4570 797 4634 retur:
821 4565 1063 4634 hancque
1091 4567 1143 4618 in
1166 4564 1335 4620 veteri
1366 4564 1729 4633 Testamento,
1755 4566 1928 4623 Patris
1964 4570 2181 4623 nomine

2291 4221 2375 4300 (ut
2421 4218 2672 4300 Socrates
2712 4217 2954 4300 tradidit)
2984 4233 3113 4300 cum
3141 4216 3433 4300 Efclesiam
3460 4224 3702 4300 intraret,
3730 4232 3861 4274 con-

2291 4286 2484 4370 culcati
2530 4295 2586 4343 et
2613 4288 2776 4370 occisi
2802 4286 3021 4370 fuerint.
3052 4287 3150 4343 Hic
3438 4286 3685 4370 sanctum
3708 4301 3859 4370 crea-

2290 4367 2462 4430 turam
2492 4373 2611 4430 esse
2631 4357 2808 4430 palam
2850 4357 3179 4430 pﬁgdigcansr
3204 4357 3402 4430 ίίΕιίιὍο
3421 4359 3860 4430 μηκυμσετρμάγρσ

2287 4429 2491 4497 primus
2510 4425 2686 4483 dictus
2706 4436 2806 4494 est,
2832 4425 2890 4481 ut
2915 4426 3139 4482 Basilius
3165 4427 3218 4480 in
3234 4425 3585 4497 Expositione
3615 4425 3737 4482 ﬁdei
3764 4425 3856 4482 Ni-

2286 4495 2445 4553 ctenaa
2475 4505 2718 4552 testatur.
2749 4498 2828 4555 Ad
2848 4497 2986 4551 hanc
3011 4497 3255 4552 hmresim
3282 4495 3628 4551 refellendam
3649 4505 3861 4553 etcom-

2286 4567 2605 4636 pescendath
2626 4575 2871 4636 coactum
2890 4564 2987 4619 fuit
2999 4565 3287 4636 concilium
3307 4565 3859 4621 aecumenicumCon-

613 4633 784 4707 legem
813 4633 997 4688 tulisse
1009 4651 1035 4707 ί
1056 4635 1111 4707 in
1132 4650 1293 4707 novo
1322 4644 1521 4702 autem,
1564 4635 1681 4691 Filii
1727 4638 1883 4693 titulo
1908 4638 2177 4701 hominem
2280 4633 2671 4707 stantinopolit.
2698 4637 2802 4707 sub
2831 4635 3153 4707 Theodosio.
3179 4634 3430 4707 Tuncque
3458 4635 3693 4695 additum
3713 4651 3857 4707 sym-

612 4699 1421 4803 ξξὲξξιπηεῖεξξηδνξητέξειξιςξιεεξέ
1444 4699 2183 4803 ﬁngeresﬁngeres
2210 4740 2259 4803 ι)

614 4771 783 4827 stolos
806 4771 1424 4831 venisseﬁ'l‘ertullianus
1462 4776 1611 4832 libris
1629 4771 1894 4832 adversus
1921 4771 2183 4834 Praseam

614 4848 670 4918 et
688 4840 1075 4918 Hermogenem
1104 4845 1245 4918 hanc
1264 4845 1507 4918 haeresim
1530 4846 1700 4918 solide
1726 4847 1939 4913 refellit,
1962 4862 2185 4918 sequen-

615 4911 747 4985 tium
773 4911 966 4967 deinde
990 4914 1304 4985 memorum
1332 4914 1519 4970 Patres
1542 4916 1785 4972 eamdem
1828 4911 2185 4985 coa'rguérunt

615 4981 1170 5051 etdamnaruntwil.
1195 4982 1282 5038 lib.
1315 4999 1368 5038 tv
1393 4985 1457 5037 de
1491 4984 1714 5051 Trinit.;
1756 4981 2010 5039 Athana}.
2045 4995 2179 5041 orat.

614 5050 814 5176 mm
856 5050 1071 5107 Sabettii
1100 5054 1387 5124 gregales),
1420 5061 1479 5108 ut
1498 5062 1556 5108 et
1581 5050 1830 5111 hocloco
1868 5065 2057 5111 noster
2080 5056 2183 5110 Ar-

615 5134 824 5178 HODIIIS.

685 5199 714 5229 ι
751 5190 950 5247 Similis
974 5192 1076 5247 sibi
1104 5190 1373 5247 Arnobius
1392 5193 1468 5247 ita
1496 5194 1563 5247 ad
1594 5194 1733 5248 hunc
1754 5195 1930 5247 locum
1960 5209 2098 5248 com.
2126 5194 2179 5248 in

615 5258 805 5344 paulu}.
1074 5278 1087 5314 :
1118 5260 1259 5344 Non.
1274 5278 1394 5344 ergo
1433 5264 1564 5344 sicut
1590 5262 1897 5344 damnabilis
1926 5262 2179 5344 Photinus

618 5325 807 5402 στεμίεί
1111 5348 1177 5385 etc
1202 5325 1391 5402 Maria
1404 5333 1597 5402 virgine
1631 5333 1844 5400 sumpsit
1881 5333 2193 5398 πωγώνων

617 5392 713 5475 sed
734 5404 854 5475 ante
873 5395 1141 5475 luciferum
1158 5409 1245 5475 est
1270 5418 1336 5454 ea:
1358 5392 1535 5475 Patris
1560 5417 1649 5455 ora
1671 5392 1986 5475 progenitus.

687 5461 717 5503 ι’
754 5460 852 5518 Hie
876 5460 1000 5539 cum
1024 5468 1126 5522 sub
1146 5468 1463 5539 Constantio
1492 5471 1617 5539 imp.
1645 5460 1727 5523 vir
1745 5460 1947 5523 aulicus
1962 5478 2021 5539 et
2035 5469 2182 5524 Aria-

619 5545 721 5613 nus
733 5540 892 5596 esset,
909 5532 1556 5613 Constantinopolitanum
1569 5532 1937 5613 episcopatum
1952 5538 2182 5613 factione

619 5600 957 5682 Arianprum,
988 5612 1045 5658 et
1071 5600 1309 5682 ejusdem
1335 5600 1636 5682 Constantii
1666 5600 1866 5682 favore,
1918 5609 2182 5682 renitente

619 5670 1003 5750 cgtliolicorum
1025 5670 1267 5750 pupillo,
1289 5684 1463 5750 _tauta
1512 5680 1763 5734 violentia
1796 5670 2095 5750 occupavit,
2123 5686 2181 5733 ut

619 5688 1003 5727 utnoucorum
1122 5688 1267 5743 puto,
1316 5688 1463 5732 tanta
1512 5688 1763 5734 violentia
1796 5688 2095 5750 occupavit,
2123 5688 2181 5733 ut

619 5738 834 5799 suum
858 5749 942 5797 ter
1156 5742 1399 5800 homines
1443 5757 1657 5801 ceruum
1690 5758 1763 5804 ,et
1796 5749 2183 5825 quinquaginta

814 5869 826 5881 ἱ

2282 4706 2409 4763 bolo
2428 4703 2638 4775 Nicieno
2653 4724 2665 4758 :
2682 4705 2756 4761 Et
2782 4707 2835 4758 in
2856 4705 3108 4775 §piritum
3121 4703 3359 4775 sanctum
3369 4704 3646 4759 Dominum
3658 4713 3709 4761 et
3734 4703 3857 4760 nivi-

2285 4777 2547 4846 ﬁcantem.
2583 4773 2685 4839 Qui
2713 4791 2829 4828 cum
2849 4772 3009 4846 Patre
3030 4772 3253 4846 et___Fitio
3282 4776 3449 4846 simut
3465 4774 3734 4846 adoratur,
3756 4783 3855 4846 etc.

2287 4841 2518 4913 (Sozam.
2546 4845 2638 4916 tib.
2671 4859 2747 4909 tn,
2770 4860 2883 4913 cap.
2917 4842 2971 4909 9,
2991 4852 3043 4897 et
3068 4842 3157 4897 tib.
3189 4858 3395 4914 rv,cap.
3422 4844 3482 4911 7;
3508 4841 3729 4916 Nicep‘h.
3762 4842 3851 4898 lib.

2288 4931 2382 5064 in:
2399 4913 2905 5064 ,ῗῗιέὶίξῗιξιηξιίπε
2936 4983 3287 5064 ηεροιξξίοηιξ
3312 4982 3380 5037 ad
3416 4990 3603 5052 quaest
3631 4980 3739 5064 .‘09
3764 4997 3859 5037 ον’

2285 5054 2663 5120 thodoxorum,
2706 5053 2995 5108 viventium
3028 5053 3447 5120 "iudicandorum
3499 5053 3717 5107 nomine
3764 5067 3861 5113 eos

2287 5124 2788 5195 interpretatur‘qui
2815 5131 2926 5195 tum
2966 5122 3139 5195 adhuc
3184 5123 3496 5195 superstites
3536 5129 3713 5195 erunt,
3721 5135 3860 5195 _cum

2285 5188 2527 5267 Christus
2570 5193 2635 5267 ad
2667 5188 3175 5267 judicium_veniet_:_
3197 5188 3266 5247 de
3286 5191 3510 5267 quibus,_
3536 5191 3689 5267 juxta
3711 5188 3860 5251 Grac-
3942 5205 3955 5209 ‘

2284 5279 2469 5334 eorum
2488 5259 2793 5331 lectionem,
2811 5259 3061 5334 scribitur
3074 5279 3107 5334 :_
3120 5259 3175 5313 Ν
3177 5278 3244 5334 on
3264 5259 3439 5334 omnes
3459 5259 3855 5334 obdormiemus.

2284 5331 2485 5387 Horum
2513 5328 2794 5415 personam
2822 5328 3047 5410 inductis
3074 5328 3268 5415 Paulus
3305 5332 3390 5415 ait
3421 5350 3449 5415 :_
3486 5330 3600 5415 {Vos
3622 5333 3709 5415 qui
3736 5328 3859 5383 vitii-

2283 5419 2412 5473 mus,
2444 5399 2530 5473 qui
2555 5400 2743 5454 residui
2764 5413 2954 5473 sumus,
2985 5399 3038 5452 in
3057 5399 3273 5473 adventu
3295 5400 3524 5473 Domini,
3547 5399 3651 5473 etc'.
3678 5400 3859 5473 Augu-

2284 5468 2466 5525 stinus'
2478 5478 2760 5541 utramque
2804 5468 3299 5541 interpretationem
3338 5468 3693 5541 amplectitur,
3705 5468 3859 5541 scri-

2284 5542 2416 5595 bens
2449 5558 2459 5592 :
2505 5537 2753 5592 Venturus
2780 5548 2856 5592 est
2891 5537 3128 5609 judicare
3172 5541 3306 5595 tvivos
3331 5550 3381 5594 et
3402 5537 3651 5609 mortuos.
3680 5537 3857 5591 Vives

2285 5612 2368 5681 qui
2398 5610 2772 5681 super-fuerint,
2801 5607 3026 5681 mortuos
3060 5612 3144 5681 qui
3198 5612 3568 5681 praecesserint.
3595 5607 3781 5681 Potest
3800 5614 3857 5681 _et

2284 5675 2359 5752 {ic
2384 5675 2626 5752 intelligi,
2650 5678 2787 5731 vivos
2808 5678 3012 5752 justas,
3053 5675 3287 5752 mortuos
3323 5680 3560 5752 injustas.
3594 5677 3709 5733 Lib.
3737 5692 3757 5732 ι
3782 5675 3849 5729 de

2284 5748 2536 5817 Symbolo
2553 5747 2630 5804 'ad
2657 5747 3088 5819 catechumenos,
3118 5763 3236 5823 cap.
3260 5748 3313 5805 4.

3953 353 3960 360 ρ
