  <div class='ocr_page' id='page_1' title='image "/cluster/home/n/w/nwhite01/storage/ocr_20150623/53/hvd.32044073505232/160.png"; bbox 0 0 4246 6264; ppageno 0'>
   <div class='ocr_carea' id='block_1_1' title="bbox 404 302 518 374">
    <p class='ocr_par' dir='ltr' id='par_1_1' title="bbox 404 302 518 374">
     <span class='ocr_line' id='line_1_1' title="bbox 404 302 518 374; baseline 0 -8"><span class='ocrx_word' id='word_1_1' title='bbox 404 302 518 374; x_wconf 66' lang='grc'><strong>509</strong></span> 
     </span>
    </p>
   </div>
   <div class='ocr_carea' id='block_1_2' title="bbox 1158 291 2922 359">
    <p class='ocr_par' dir='ltr' id='par_1_2' title="bbox 1158 291 2922 359">
     <span class='ocr_line' id='line_1_2' title="bbox 1158 291 2922 359; baseline -0.002 -7"><span class='ocrx_word' id='word_1_2' title='bbox 1158 293 1582 352; x_wconf 83' lang='lat' dir='ltr'><strong>CONFLICTUS</strong></span> <span class='ocrx_word' id='word_1_3' title='bbox 1620 293 1704 348; x_wconf 86' lang='lat' dir='ltr'><strong>DE</strong></span> <span class='ocrx_word' id='word_1_4' title='bbox 1745 292 1879 356; x_wconf 75' lang='lat' dir='ltr'><strong>DEO</strong></span> <span class='ocrx_word' id='word_1_5' title='bbox 1918 291 2126 350; x_wconf 76' lang='lat' dir='ltr'><strong>TRINO</strong></span> <span class='ocrx_word' id='word_1_6' title='bbox 2163 292 2252 348; x_wconf 85' lang='lat' dir='ltr'><strong>ET</strong></span> <span class='ocrx_word' id='word_1_7' title='bbox 2295 292 2450 359; x_wconf 77' lang='lat' dir='ltr'><strong>UNO,</strong></span> <span class='ocrx_word' id='word_1_8' title='bbox 2492 293 2644 350; x_wconf 86' lang='lat' dir='ltr'><strong>ETC.</strong></span> <span class='ocrx_word' id='word_1_9' title='bbox 2687 293 2818 351; x_wconf 83' lang='lat' dir='ltr'><strong>LIB.</strong></span> <span class='ocrx_word' id='word_1_10' title='bbox 2859 295 2922 358; x_wconf 84' lang='lat' dir='ltr'><strong>ll.</strong></span> 
     </span>
    </p>
   </div>
   <div class='ocr_carea' id='block_1_3' title="bbox 3577 302 3683 364">
    <p class='ocr_par' dir='ltr' id='par_1_3' title="bbox 3577 302 3683 364">
     <span class='ocr_line' id='line_1_3' title="bbox 3577 302 3683 364; baseline 0.066 -8"><span class='ocrx_word' id='word_1_11' title='bbox 3577 302 3683 364; x_wconf 74' lang='lat'><strong>310</strong></span> 
     </span>
    </p>
   </div>
   <div class='ocr_carea' id='block_1_4' title="bbox 406 403 3678 492">
    <p class='ocr_par' dir='ltr' id='par_1_4' title="bbox 406 403 3678 492">
     <span class='ocr_line' id='line_1_4' title="bbox 406 403 3678 492; baseline -0.002 -19"><span class='ocrx_word' id='word_1_12' title='bbox 406 417 527 492; x_wconf 88' lang='lat' dir='ltr'><strong>(Ps.</strong></span> <span class='ocrx_word' id='word_1_13' title='bbox 562 430 688 486; x_wconf 79' lang='lat' dir='ltr'><strong>cxv,</strong></span> <span class='ocrx_word' id='word_1_14' title='bbox 718 412 829 485; x_wconf 82' lang='lat' dir='ltr'><strong>l5),</strong></span> <span class='ocrx_word' id='word_1_15' title='bbox 852 413 904 467; x_wconf 88' lang='lat' dir='ltr'><strong>in</strong></span> <span class='ocrx_word' id='word_1_16' title='bbox 933 419 1156 474; x_wconf 83' lang='lat' dir='ltr'><strong>tantum,</strong></span> <span class='ocrx_word' id='word_1_17' title='bbox 1191 416 1246 463; x_wconf 95' lang='lat' dir='ltr'><strong>ut</strong></span> <span class='ocrx_word' id='word_1_18' title='bbox 1272 410 1323 465; x_wconf 90' lang='lat' dir='ltr'><strong>in</strong></span> <span class='ocrx_word' id='word_1_19' title='bbox 1353 407 1542 463; x_wconf 88' lang='lat' dir='ltr'><strong>eadem</strong></span> <span class='ocrx_word' id='word_1_20' title='bbox 1565 422 1745 474; x_wconf 89' lang='lat' dir='ltr'><strong>carne,</strong></span> <span class='ocrx_word' id='word_1_21' title='bbox 1768 421 1874 478; x_wconf 89' lang='lat' dir='ltr'><strong>qua</strong></span> <span class='ocrx_word' id='word_1_22' title='bbox 1903 420 1991 460; x_wconf 89' lang='lat' dir='ltr'><strong>na-</strong></span> <span class='ocrx_word' id='word_1_23' title='bbox 2013 409 2063 465; x_wconf 81' lang='lat' dir='ltr'><strong>A</strong></span> <span class='ocrx_word' id='word_1_24' title='bbox 2093 403 2323 476; x_wconf 72' lang='lat' dir='ltr'><strong>Spiritus</strong></span> <span class='ocrx_word' id='word_1_25' title='bbox 2348 413 2564 462; x_wconf 90' lang='lat' dir='ltr'><strong>sanctus</strong></span> <span class='ocrx_word' id='word_1_26' title='bbox 2593 406 2646 460; x_wconf 91' lang='lat' dir='ltr'><strong>in</strong></span> <span class='ocrx_word' id='word_1_27' title='bbox 2675 420 2741 461; x_wconf 91' lang='lat' dir='ltr'><strong>eo</strong></span> <span class='ocrx_word' id='word_1_28' title='bbox 2769 422 2888 461; x_wconf 89' lang='lat' dir='ltr'><strong>esse</strong></span> <span class='ocrx_word' id='word_1_29' title='bbox 2932 423 3037 462; x_wconf 89' lang='lat' dir='ltr'><strong>non</strong></span> <span class='ocrx_word' id='word_1_30' title='bbox 3083 410 3257 479; x_wconf 90' lang='lat' dir='ltr'><strong>potuit</strong></span> <span class='ocrx_word' id='word_1_31' title='bbox 3303 411 3352 480; x_wconf 93' lang='lat' dir='ltr'><strong>(l</strong></span> <span class='ocrx_word' id='word_1_32' title='bbox 3386 411 3511 482; x_wconf 82' lang='lat' dir='ltr'><strong>Reg.</strong></span> <span class='ocrx_word' id='word_1_33' title='bbox 3565 430 3678 479; x_wconf 71' lang='lat' dir='ltr'><strong>XIII;</strong></span> 
     </span>
    </p>
   </div>
   <div class='ocr_carea' id='block_1_5' title="bbox 407 497 1992 580">
    <p class='ocr_par' dir='ltr' id='par_1_5' title="bbox 407 497 1992 580">
     <span class='ocr_line' id='line_1_5' title="bbox 407 497 1992 580; baseline -0.008 -16"><span class='ocrx_word' id='word_1_34' title='bbox 407 519 519 573; x_wconf 86' lang='lat' dir='ltr'><strong>tus,</strong></span> <span class='ocrx_word' id='word_1_35' title='bbox 552 515 610 562; x_wconf 87' lang='lat' dir='ltr'><strong>et</strong></span> <span class='ocrx_word' id='word_1_36' title='bbox 632 520 840 580; x_wconf 89' lang='lat' dir='ltr'><strong>passus,</strong></span> <span class='ocrx_word' id='word_1_37' title='bbox 870 512 924 558; x_wconf 93' lang='lat' dir='ltr'><strong>et</strong></span> <span class='ocrx_word' id='word_1_38' title='bbox 952 509 1193 557; x_wconf 90' lang='lat' dir='ltr'><strong>mortuus</strong></span> <span class='ocrx_word' id='word_1_39' title='bbox 1225 500 1538 564; x_wconf 75' lang='lat' dir='ltr'><strong>resurrexit,</strong></span> <span class='ocrx_word' id='word_1_40' title='bbox 1568 505 1623 552; x_wconf 90' lang='lat' dir='ltr'><strong>et</strong></span> <span class='ocrx_word' id='word_1_41' title='bbox 1672 514 1772 570; x_wconf 91' lang='lat' dir='ltr'><strong>pro</strong></span> <span class='ocrx_word' id='word_1_42' title='bbox 1816 497 1992 570; x_wconf 89' lang='lat' dir='ltr'><strong>quali-</strong></span> 
     </span>
    </p>
   </div>
   <div class='ocr_carea' id='block_1_6' title="bbox 409 589 1992 674">
    <p class='ocr_par' dir='ltr' id='par_1_6' title="bbox 409 589 1992 674">
     <span class='ocr_line' id='line_1_6' title="bbox 409 589 1992 674; baseline -0.009 -16"><span class='ocrx_word' id='word_1_43' title='bbox 409 609 526 668; x_wconf 71' lang='lat' dir='ltr'><strong>tate</strong></span> <span class='ocrx_word' id='word_1_44' title='bbox 556 615 798 674; x_wconf 76' lang='lat' dir='ltr'><strong>operum,</strong></span> <span class='ocrx_word' id='word_1_45' title='bbox 828 611 1012 653; x_wconf 92' lang='lat' dir='ltr'><strong>omnes</strong></span> <span class='ocrx_word' id='word_1_46' title='bbox 1039 595 1123 650; x_wconf 90' lang='lat' dir='ltr'><strong>vel</strong></span> <span class='ocrx_word' id='word_1_47' title='bbox 1145 594 1208 650; x_wconf 91' lang='lat' dir='ltr'><strong>ad</strong></span> <span class='ocrx_word' id='word_1_48' title='bbox 1237 601 1491 648; x_wconf 61' lang='lat' dir='ltr'><strong>atternam</strong></span> <span class='ocrx_word' id='word_1_49' title='bbox 1513 605 1767 646; x_wconf 80' lang='lat' dir='ltr'><strong>coronam</strong></span> <span class='ocrx_word' id='word_1_50' title='bbox 1789 589 1992 660; x_wconf 70' lang='lat' dir='ltr'><strong>gloriae,</strong></span> 
     </span>
    </p>
   </div>
   <div class='ocr_carea' id='block_1_7' title="bbox 411 675 1989 762">
    <p class='ocr_par' dir='ltr' id='par_1_7' title="bbox 411 675 1989 762">
     <span class='ocr_line' id='line_1_7' title="bbox 411 675 1989 762; baseline -0.009 -14"><span class='ocrx_word' id='word_1_51' title='bbox 411 675 503 751; x_wconf 76' lang='lat' dir='ltr'><strong>vel</strong></span> <span class='ocrx_word' id='word_1_52' title='bbox 531 691 601 748; x_wconf 86' lang='lat' dir='ltr'><strong>ad</strong></span> <span class='ocrx_word' id='word_1_53' title='bbox 640 689 892 762; x_wconf 90' lang='lat' dir='ltr'><strong>supplicia</strong></span> <span class='ocrx_word' id='word_1_54' title='bbox 921 695 1138 753; x_wconf 62' lang='lat' dir='ltr'><strong>aeterna,</strong></span> <span class='ocrx_word' id='word_1_55' title='bbox 1182 685 1293 739; x_wconf 90' lang='lat' dir='ltr'><strong>Deo</strong></span> <span class='ocrx_word' id='word_1_56' title='bbox 1325 682 1616 758; x_wconf 81' lang='lat' dir='ltr'><strong>judicante,</strong></span> <span class='ocrx_word' id='word_1_57' title='bbox 1667 682 1989 752; x_wconf 73' lang='lat' dir='ltr'><strong>pertingant.</strong></span> 
     </span>
    </p>
   </div>
   <div class='ocr_carea' id='block_1_8' title="bbox 412 767 1994 860">
    <p class='ocr_par' dir='ltr' id='par_1_8' title="bbox 412 767 1994 860">
     <span class='ocr_line' id='line_1_8' title="bbox 412 767 1994 860; baseline -0.009 -17"><span class='ocrx_word' id='word_1_58' title='bbox 412 767 753 860; x_wconf 67' lang='lat' dir='ltr'><strong>Credendum</strong></span> <span class='ocrx_word' id='word_1_59' title='bbox 781 796 1007 854; x_wconf 85' lang='lat' dir='ltr'><strong>namque</strong></span> <span class='ocrx_word' id='word_1_60' title='bbox 1037 788 1119 835; x_wconf 91' lang='lat' dir='ltr'><strong>est</strong></span> <span class='ocrx_word' id='word_1_61' title='bbox 1145 779 1376 836; x_wconf 87' lang='lat' dir='ltr'><strong>animam</strong></span> <span class='ocrx_word' id='word_1_62' title='bbox 1419 785 1660 832; x_wconf 91' lang='lat' dir='ltr'><strong>nostram</strong></span> <span class='ocrx_word' id='word_1_63' title='bbox 1713 792 1742 830; x_wconf 92' lang='lat' dir='ltr'><strong>a</strong></span> <span class='ocrx_word' id='word_1_64' title='bbox 1785 777 1894 831; x_wconf 91' lang='lat' dir='ltr'><strong>Deo</strong></span> <span class='ocrx_word' id='word_1_65' title='bbox 1915 775 1994 830; x_wconf 83' lang='lat' dir='ltr'><strong>fa-</strong></span> 
     </span>
    </p>
   </div>
   <div class='ocr_carea' id='block_1_9' title="bbox 412 865 1994 943">
    <p class='ocr_par' dir='ltr' id='par_1_9' title="bbox 412 865 1994 943">
     <span class='ocr_line' id='line_1_9' title="bbox 412 865 1994 943; baseline -0.006 -12"><span class='ocrx_word' id='word_1_66' title='bbox 412 882 560 932; x_wconf 82' lang='lat' dir='ltr'><strong>ctam</strong></span> <span class='ocrx_word' id='word_1_67' title='bbox 585 892 612 926; x_wconf 78' lang='lat'><strong>:-</strong></span> <span class='ocrx_word' id='word_1_68' title='bbox 630 872 911 939; x_wconf 72' lang='lat' dir='ltr'><strong>et—licetsn</strong></span> <span class='ocrx_word' id='word_1_69' title='bbox 938 877 1196 943; x_wconf 84' lang='lat' dir='ltr'><strong>perpetua</strong></span> <span class='ocrx_word' id='word_1_70' title='bbox 1219 869 1271 922; x_wconf 94' lang='lat' dir='ltr'><strong>in</strong></span> <span class='ocrx_word' id='word_1_71' title='bbox 1293 868 1604 923; x_wconf 85' lang='lat' dir='ltr'><strong>alterutram</strong></span> <span class='ocrx_word' id='word_1_72' title='bbox 1633 865 1994 922; x_wconf 86' lang='lat' dir='ltr'><strong>conditionem</strong></span> 
     </span>
    </p>
   </div>
   <div class='ocr_carea' id='block_1_10' title="bbox 414 951 1993 1036">
    <p class='ocr_par' dir='ltr' id='par_1_10' title="bbox 414 951 1993 1036">
     <span class='ocr_line' id='line_1_10' title="bbox 414 951 1993 1036; baseline -0.009 -12"><span class='ocrx_word' id='word_1_73' title='bbox 414 951 516 1036; x_wconf 67' lang='lat' dir='ltr'><strong>aut</strong></span> <span class='ocrx_word' id='word_1_74' title='bbox 551 953 692 1022; x_wconf 14' lang='lat' dir='ltr'><strong>busti;</strong></span> <span class='ocrx_word' id='word_1_75' title='bbox 725 954 813 1024; x_wconf 83' lang='lat' dir='ltr'><strong>aut</strong></span> <span class='ocrx_word' id='word_1_76' title='bbox 832 957 966 1028; x_wconf 71' lang='lat' dir='ltr'><strong>man</strong></span> <span class='ocrx_word' id='word_1_77' title='bbox 991 961 1246 1028; x_wconf 78' lang='lat' dir='ltr'><strong>futuram,</strong></span> <span class='ocrx_word' id='word_1_78' title='bbox 1274 969 1301 997; x_wconf 76' lang='grc' dir='ltr'><strong>ἰ</strong></span> <span class='ocrx_word' id='word_1_79' title='bbox 1329 960 1446 1025; x_wconf 86' lang='lat' dir='ltr'><strong>sine</strong></span> <span class='ocrx_word' id='word_1_80' title='bbox 1488 957 1642 1013; x_wconf 89' lang='lat' dir='ltr'><strong>initio</strong></span> <span class='ocrx_word' id='word_1_81' title='bbox 1677 969 1854 1012; x_wconf 88' lang='lat' dir='ltr'><strong>tamen</strong></span> <span class='ocrx_word' id='word_1_82' title='bbox 1884 971 1993 1012; x_wconf 92' lang='lat' dir='ltr'><strong>non</strong></span> 
     </span>
    </p>
   </div>
   <div class='ocr_carea' id='block_1_11' title="bbox 414 1043 1996 1130">
    <p class='ocr_par' dir='ltr' id='par_1_11' title="bbox 414 1043 1996 1130">
     <span class='ocr_line' id='line_1_11' title="bbox 414 1043 1996 1130; baseline -0.006 -16"><span class='ocrx_word' id='word_1_83' title='bbox 414 1071 536 1114; x_wconf 82' lang='lat' dir='ltr'><strong>esse</strong></span> <span class='ocrx_word' id='word_1_84' title='bbox 562 1043 829 1118; x_wconf 73' lang='lat' dir='ltr'><strong>animam;</strong></span> <span class='ocrx_word' id='word_1_85' title='bbox 861 1054 986 1126; x_wconf 85' lang='lat' dir='ltr'><strong>quia</strong></span> <span class='ocrx_word' id='word_1_86' title='bbox 1013 1055 1119 1110; x_wconf 90' lang='lat' dir='ltr'><strong>hoc</strong></span> <span class='ocrx_word' id='word_1_87' title='bbox 1145 1052 1312 1108; x_wconf 90' lang='lat' dir='ltr'><strong>solius</strong></span> <span class='ocrx_word' id='word_1_88' title='bbox 1337 1050 1434 1106; x_wconf 87' lang='lat' dir='ltr'><strong>Dei</strong></span> <span class='ocrx_word' id='word_1_89' title='bbox 1463 1062 1545 1106; x_wconf 90' lang='lat' dir='ltr'><strong>est</strong></span> <span class='ocrx_word' id='word_1_90' title='bbox 1591 1049 1879 1130; x_wconf 81' lang='lat' dir='ltr'><strong>peculiare,</strong></span> <span class='ocrx_word' id='word_1_91' title='bbox 1933 1063 1996 1104; x_wconf 90' lang='lat' dir='ltr'><strong>ac</strong></span> 
     </span>
    </p>
   </div>
   <div class='ocr_carea' id='block_1_12' title="bbox 411 1132 1988 1220">
    <p class='ocr_par' dir='ltr' id='par_1_12' title="bbox 411 1132 1988 1220">
     <span class='ocr_line' id='line_1_12' title="bbox 411 1132 1988 1220; baseline -0.007 -15"><span class='ocrx_word' id='word_1_92' title='bbox 411 1132 514 1220; x_wconf 84' lang='lat' dir='ltr'><strong>per</strong></span> <span class='ocrx_word' id='word_1_93' title='bbox 553 1149 656 1204; x_wconf 88' lang='lat' dir='ltr'><strong>hoc</strong></span> <span class='ocrx_word' id='word_1_94' title='bbox 697 1155 999 1208; x_wconf 80' lang='lat' dir='ltr'><strong>creaturam</strong></span> <span class='ocrx_word' id='word_1_95' title='bbox 1039 1137 1140 1202; x_wconf 86' lang='lat' dir='ltr'><strong>Dei</strong></span> <span class='ocrx_word' id='word_1_96' title='bbox 1177 1159 1298 1202; x_wconf 89' lang='lat' dir='ltr'><strong>esse</strong></span> <span class='ocrx_word' id='word_1_97' title='bbox 1326 1144 1555 1198; x_wconf 89' lang='lat' dir='ltr'><strong>animam</strong></span> <span class='ocrx_word' id='word_1_98' title='bbox 1575 1143 1686 1198; x_wconf 88' lang='lat' dir='ltr'><strong>sive</strong></span> <span class='ocrx_word' id='word_1_99' title='bbox 1714 1142 1988 1200; x_wconf 82' lang='lat' dir='ltr'><strong>facturam.</strong></span> 
     </span>
    </p>
   </div>
   <div class='ocr_carea' id='block_1_13' title="bbox 410 1223 1997 1314">
    <p class='ocr_par' dir='ltr' id='par_1_13' title="bbox 410 1223 1997 1314">
     <span class='ocr_line' id='line_1_13' title="bbox 410 1223 1997 1314; baseline -0.003 -22"><span class='ocrx_word' id='word_1_100' title='bbox 410 1238 682 1314; x_wconf 59' lang='lat' dir='ltr'><strong>Scriptum</strong></span> <span class='ocrx_word' id='word_1_101' title='bbox 703 1245 786 1296; x_wconf 89' lang='lat' dir='ltr'><strong>est</strong></span> <span class='ocrx_word' id='word_1_102' title='bbox 814 1223 956 1292; x_wconf 81' lang='lat' dir='ltr'><strong>enim</strong></span> <span class='ocrx_word' id='word_1_103' title='bbox 984 1255 995 1288; x_wconf 91' lang='lat'>:</span> <span class='ocrx_word' id='word_1_104' title='bbox 1028 1231 1129 1303; x_wconf 85' lang='lat' dir='ltr'><strong>Qui</strong></span> <span class='ocrx_word' id='word_1_105' title='bbox 1159 1233 1404 1304; x_wconf 78' lang='lat' dir='ltr'><strong>ﬁguravit</strong></span> <span class='ocrx_word' id='word_1_106' title='bbox 1431 1231 1615 1288; x_wconf 80' lang='lat' dir='ltr'><strong>ﬂatum</strong></span> <span class='ocrx_word' id='word_1_107' title='bbox 1642 1233 1878 1290; x_wconf 89' lang='lat' dir='ltr'><strong>omnium</strong></span> <span class='ocrx_word' id='word_1_108' title='bbox 1897 1232 1997 1288; x_wconf 90' lang='lat' dir='ltr'><strong>bo-</strong></span> 
     </span>
    </p>
   </div>
   <div class='ocr_carea' id='block_1_14' title="bbox 410 1311 1992 1400">
    <p class='ocr_par' dir='ltr' id='par_1_14' title="bbox 410 1311 1992 1400">
     <span class='ocr_line' id='line_1_14' title="bbox 410 1311 1992 1400; baseline -0.001 -16"><span class='ocrx_word' id='word_1_109' title='bbox 410 1311 635 1396; x_wconf 83' lang='lat' dir='ltr'><strong>minum,</strong></span> <span class='ocrx_word' id='word_1_110' title='bbox 672 1331 786 1400; x_wconf 89' lang='lat' dir='ltr'><strong>ipse</strong></span> <span class='ocrx_word' id='word_1_111' title='bbox 813 1329 915 1392; x_wconf 79' lang='lat' dir='ltr'><strong>scit</strong></span> <span class='ocrx_word' id='word_1_112' title='bbox 938 1328 1140 1386; x_wconf 80' lang='lat' dir='ltr'><strong>omnia.</strong></span> <span class='ocrx_word' id='word_1_113' title='bbox 1168 1326 1235 1388; x_wconf 82' lang='lat' dir='ltr'><strong>Et</strong></span> <span class='ocrx_word' id='word_1_114' title='bbox 1257 1340 1512 1386; x_wconf 79' lang='lat' dir='ltr'><strong>rursum:</strong></span> <span class='ocrx_word' id='word_1_115' title='bbox 1545 1324 1687 1380; x_wconf 82' lang='lat' dir='ltr'><strong>Vivit</strong></span> <span class='ocrx_word' id='word_1_116' title='bbox 1721 1325 1992 1391; x_wconf 76' lang='lat' dir='ltr'><strong>Dominus,</strong></span> 
     </span>
    </p>
   </div>
   <div class='ocr_carea' id='block_1_15' title="bbox 410 1404 1998 1504">
    <p class='ocr_par' dir='ltr' id='par_1_15' title="bbox 410 1404 1998 1504">
     <span class='ocr_line' id='line_1_15' title="bbox 410 1404 1998 1504; baseline -0.005 -26"><span class='ocrx_word' id='word_1_117' title='bbox 410 1423 500 1500; x_wconf 75' lang='lat' dir='ltr'><strong>qui</strong></span> <span class='ocrx_word' id='word_1_118' title='bbox 539 1421 672 1478; x_wconf 78' lang='lat' dir='ltr'><strong>fecit</strong></span> <span class='ocrx_word' id='word_1_119' title='bbox 716 1419 874 1480; x_wconf 90' lang='lat' dir='ltr'><strong>nobis</strong></span> <span class='ocrx_word' id='word_1_120' title='bbox 900 1405 1154 1476; x_wconf 81' lang='lat' dir='ltr'><strong>animam.</strong></span> <span class='ocrx_word' id='word_1_121' title='bbox 1184 1404 1472 1504; x_wconf 80' lang='lat' dir='ltr'><strong>iterum</strong></span> <span class='ocrx_word' id='word_1_122' title='bbox 1506 1435 1518 1474; x_wconf 84' lang='lat'><strong>:</strong></span> <span class='ocrx_word' id='word_1_123' title='bbox 1550 1415 1578 1457; x_wconf 74' lang='grc' dir='ltr'><strong><em>ι’</em></strong></span> <span class='ocrx_word' id='word_1_124' title='bbox 1607 1416 1835 1488; x_wconf 83' lang='lat' dir='ltr'><strong>Spiritus</strong></span> <span class='ocrx_word' id='word_1_125' title='bbox 1859 1434 1891 1471; x_wconf 91' lang='lat' dir='ltr'><strong>a</strong></span> <span class='ocrx_word' id='word_1_126' title='bbox 1919 1435 1998 1471; x_wconf 86' lang='lat' dir='ltr'><strong>me</strong></span> 
     </span>
    </p>
   </div>
   <div class='ocr_carea' id='block_1_16' title="bbox 409 1509 1991 1585">
    <p class='ocr_par' dir='ltr' id='par_1_16' title="bbox 409 1509 1991 1585">
     <span class='ocr_line' id='line_1_16' title="bbox 409 1509 1991 1585; baseline -0.004 -15"><span class='ocrx_word' id='word_1_127' title='bbox 409 1514 632 1585; x_wconf 77' lang='lat' dir='ltr'><strong>prodiet,</strong></span> <span class='ocrx_word' id='word_1_128' title='bbox 679 1522 732 1570; x_wconf 83' lang='lat' dir='ltr'><strong>et</strong></span> <span class='ocrx_word' id='word_1_129' title='bbox 768 1529 971 1572; x_wconf 77' lang='lat' dir='ltr'><strong>omnem</strong></span> <span class='ocrx_word' id='word_1_130' title='bbox 1020 1514 1262 1570; x_wconf 78' lang='lat' dir='ltr'><strong>animum</strong></span> <span class='ocrx_word' id='word_1_131' title='bbox 1289 1529 1385 1585; x_wconf 81' lang='lat' dir='ltr'><strong>ego</strong></span> <span class='ocrx_word' id='word_1_132' title='bbox 1421 1511 1519 1584; x_wconf 77' lang='lat' dir='ltr'><strong>feci</strong></span> <span class='ocrx_word' id='word_1_133' title='bbox 1542 1509 1694 1579; x_wconf 85' lang='lat' dir='ltr'><strong>(Isai.</strong></span> <span class='ocrx_word' id='word_1_134' title='bbox 1721 1526 1847 1578; x_wconf 78' lang='lat' dir='ltr'><strong>Lvn,</strong></span> <span class='ocrx_word' id='word_1_135' title='bbox 1882 1510 1991 1582; x_wconf 82' lang='lat' dir='ltr'><strong>l6).</strong></span> 
     </span>
    </p>
   </div>
   <div class='ocr_carea' id='block_1_17' title="bbox 410 1602 1996 1680">
    <p class='ocr_par' dir='ltr' id='par_1_17' title="bbox 410 1602 1996 1680">
     <span class='ocr_line' id='line_1_17' title="bbox 410 1602 1996 1680; baseline 0.001 -19"><span class='ocrx_word' id='word_1_136' title='bbox 410 1604 641 1674; x_wconf 80' lang='lat' dir='ltr'><strong>Carnem</strong></span> <span class='ocrx_word' id='word_1_137' title='bbox 670 1620 886 1678; x_wconf 89' lang='lat' dir='ltr'><strong>quoque</strong></span> <span class='ocrx_word' id='word_1_138' title='bbox 913 1613 1154 1661; x_wconf 87' lang='lat' dir='ltr'><strong>nostram</strong></span> <span class='ocrx_word' id='word_1_139' title='bbox 1176 1619 1244 1658; x_wconf 91' lang='lat' dir='ltr'><strong>ex</strong></span> <span class='ocrx_word' id='word_1_140' title='bbox 1275 1604 1401 1660; x_wconf 90' lang='lat' dir='ltr'><strong>limo</strong></span> <span class='ocrx_word' id='word_1_141' title='bbox 1453 1618 1552 1674; x_wconf 88' lang='lat' dir='ltr'><strong>per</strong></span> <span class='ocrx_word' id='word_1_142' title='bbox 1593 1602 1779 1680; x_wconf 18' lang='lat' dir='ltr'><strong>Deum.</strong></span> <span class='ocrx_word' id='word_1_143' title='bbox 1804 1602 1996 1662; x_wconf 75' lang='lat' dir='ltr'><strong>laetam</strong></span> 
     </span>
    </p>
   </div>
   <div class='ocr_carea' id='block_1_18' title="bbox 413 1692 1994 1774">
    <p class='ocr_par' dir='ltr' id='par_1_18' title="bbox 413 1692 1994 1774">
     <span class='ocr_line' id='line_1_18' title="bbox 413 1692 1994 1774; baseline -0.001 -23"><span class='ocrx_word' id='word_1_144' title='bbox 413 1695 569 1768; x_wconf 76' lang='lat' dir='ltr'><strong>(Gen.</strong></span> <span class='ocrx_word' id='word_1_145' title='bbox 598 1713 657 1762; x_wconf 80' lang='grc' dir='ltr'><strong><em>ιι,</em></strong></span> <span class='ocrx_word' id='word_1_146' title='bbox 691 1694 765 1766; x_wconf 88' lang='lat'><strong>7),</strong></span> <span class='ocrx_word' id='word_1_147' title='bbox 789 1703 843 1773; x_wconf 83' lang='lat' dir='ltr'><strong>et</strong></span> <span class='ocrx_word' id='word_1_148' title='bbox 865 1693 1070 1774; x_wconf 39' lang='lat' dir='ltr'><strong>idcirco.</strong></span> <span class='ocrx_word' id='word_1_149' title='bbox 1086 1703 1370 1764; x_wconf 89' lang='lat' dir='ltr'><strong>utramque</strong></span> <span class='ocrx_word' id='word_1_150' title='bbox 1389 1692 1994 1750; x_wconf 78' lang='lat' dir='ltr'><strong>hominis-substantiam</strong></span> 
     </span>
    </p>
   </div>
   <div class='ocr_carea' id='block_1_19' title="bbox 2099 496 3683 577">
    <p class='ocr_par' dir='ltr' id='par_1_19' title="bbox 2099 496 3683 577">
     <span class='ocr_line' id='line_1_19' title="bbox 2099 496 3683 577; baseline 0.006 -26"><span class='ocrx_word' id='word_1_151' title='bbox 2099 498 2224 566; x_wconf 67' lang='lat'><strong>10).</strong></span> <span class='ocrx_word' id='word_1_152' title='bbox 2279 496 2504 572; x_wconf 74' lang='lat' dir='ltr'><strong>Spiritus</strong></span> <span class='ocrx_word' id='word_1_153' title='bbox 2524 500 2659 552; x_wconf 82' lang='lat' dir='ltr'><strong>enim</strong></span> <span class='ocrx_word' id='word_1_154' title='bbox 2706 508 2914 554; x_wconf 86' lang='lat' dir='ltr'><strong>sanctus</strong></span> <span class='ocrx_word' id='word_1_155' title='bbox 2950 500 3234 571; x_wconf 70' lang='lat' dir='ltr'><strong>disciplima</strong></span> <span class='ocrx_word' id='word_1_156' title='bbox 3273 504 3683 577; x_wconf 72' lang='lat' dir='ltr'><strong>aﬁ‘ugietﬁctuns</strong></span> 
     </span>
    </p>
   </div>
   <div class='ocr_carea' id='block_1_20' title="bbox 2099 585 3683 663">
    <p class='ocr_par' dir='ltr' id='par_1_20' title="bbox 2099 585 3683 663">
     <span class='ocr_line' id='line_1_20' title="bbox 2099 585 3683 663; baseline 0.005 -21"><span class='ocrx_word' id='word_1_157' title='bbox 2099 586 2267 659; x_wconf 88' lang='lat' dir='ltr'><strong>(Sap.</strong></span> <span class='ocrx_word' id='word_1_158' title='bbox 2302 604 2338 654; x_wconf 88' lang='grc' dir='ltr'><strong><em>ι,</em></strong></span> <span class='ocrx_word' id='word_1_159' title='bbox 2364 585 2453 657; x_wconf 84' lang='lat'><strong>5),</strong></span> <span class='ocrx_word' id='word_1_160' title='bbox 2477 597 2499 625; x_wconf 75' lang='grc' dir='ltr'>ε</span> <span class='ocrx_word' id='word_1_161' title='bbox 2523 596 2684 660; x_wconf 88' lang='lat' dir='ltr'><strong>atque</strong></span> <span class='ocrx_word' id='word_1_162' title='bbox 2705 589 2906 642; x_wconf 88' lang='lat' dir='ltr'><strong>utinam</strong></span> <span class='ocrx_word' id='word_1_163' title='bbox 2935 591 3218 645; x_wconf 89' lang='lat' dir='ltr'><strong>recedente</strong></span> <span class='ocrx_word' id='word_1_164' title='bbox 3242 590 3444 662; x_wconf 87' lang='lat' dir='ltr'><strong>Spiritu</strong></span> <span class='ocrx_word' id='word_1_165' title='bbox 3471 602 3683 663; x_wconf 73' lang='lat' dir='ltr'><strong>sancto,</strong></span> 
     </span>
    </p>
   </div>
   <div class='ocr_carea' id='block_1_21' title="bbox 2099 680 3680 752">
    <p class='ocr_par' dir='ltr' id='par_1_21' title="bbox 2099 680 3680 752">
     <span class='ocr_line' id='line_1_21' title="bbox 2099 680 3680 752; baseline 0.005 -17"><span class='ocrx_word' id='word_1_166' title='bbox 2099 681 2205 736; x_wconf 90' lang='lat' dir='ltr'><strong>alio</strong></span> <span class='ocrx_word' id='word_1_167' title='bbox 2241 681 2433 752; x_wconf 90' lang='lat' dir='ltr'><strong>spiritu</strong></span> <span class='ocrx_word' id='word_1_168' title='bbox 2482 697 2588 735; x_wconf 90' lang='lat' dir='ltr'><strong>non</strong></span> <span class='ocrx_word' id='word_1_169' title='bbox 2639 680 3019 748; x_wconf 81' lang='lat' dir='ltr'><strong>ludiﬁcaretur,</strong></span> <span class='ocrx_word' id='word_1_170' title='bbox 3072 684 3156 738; x_wconf 92' lang='lat' dir='ltr'><strong>vel</strong></span> <span class='ocrx_word' id='word_1_171' title='bbox 3186 685 3347 739; x_wconf 89' lang='lat' dir='ltr'><strong>etiam</strong></span> <span class='ocrx_word' id='word_1_172' title='bbox 3377 696 3680 744; x_wconf 82' lang='lat' dir='ltr'><strong>vexaretur.</strong></span> 
     </span>
    </p>
   </div>
   <div class='ocr_carea' id='block_1_22' title="bbox 2099 771 3684 845">
    <p class='ocr_par' dir='ltr' id='par_1_22' title="bbox 2099 771 3684 845">
     <span class='ocr_line' id='line_1_22' title="bbox 2099 771 3684 845; baseline 0.004 -19"><span class='ocrx_word' id='word_1_173' title='bbox 2099 771 2180 826; x_wconf 80' lang='lat' dir='ltr'><strong>Ad</strong></span> <span class='ocrx_word' id='word_1_174' title='bbox 2209 772 2520 841; x_wconf 89' lang='lat' dir='ltr'><strong>qualitatem</strong></span> <span class='ocrx_word' id='word_1_175' title='bbox 2550 771 2711 844; x_wconf 90' lang='lat' dir='ltr'><strong>igitur</strong></span> <span class='ocrx_word' id='word_1_176' title='bbox 2727 773 2851 828; x_wconf 79' lang='lat' dir='ltr'><strong>laeti</strong></span> <span class='ocrx_word' id='word_1_177' title='bbox 2881 775 2926 829; x_wconf 87' lang='lat' dir='ltr'><strong>si</strong></span> <span class='ocrx_word' id='word_1_178' title='bbox 2954 776 3319 845; x_wconf 89' lang='lat' dir='ltr'><strong>respiciamus,</strong></span> <span class='ocrx_word' id='word_1_179' title='bbox 3342 777 3537 830; x_wconf 87' lang='lat' dir='ltr'><strong>bonam</strong></span> <span class='ocrx_word' id='word_1_180' title='bbox 3569 793 3684 832; x_wconf 90' lang='lat' dir='ltr'><strong>rem</strong></span> 
     </span>
    </p>
   </div>
   <div class='ocr_carea' id='block_1_23' title="bbox 2097 861 3682 935">
    <p class='ocr_par' dir='ltr' id='par_1_23' title="bbox 2097 861 3682 935">
     <span class='ocr_line' id='line_1_23' title="bbox 2097 861 3682 935; baseline 0.004 -20"><span class='ocrx_word' id='word_1_181' title='bbox 2097 861 2256 930; x_wconf 84' lang='lat' dir='ltr'><strong>facit;</strong></span> <span class='ocrx_word' id='word_1_182' title='bbox 2298 862 2392 917; x_wconf 89' lang='lat' dir='ltr'><strong>sed</strong></span> <span class='ocrx_word' id='word_1_183' title='bbox 2421 879 2527 917; x_wconf 92' lang='lat' dir='ltr'><strong>non</strong></span> <span class='ocrx_word' id='word_1_184' title='bbox 2572 863 2962 934; x_wconf 90' lang='lat' dir='ltr'><strong>respiciendum</strong></span> <span class='ocrx_word' id='word_1_185' title='bbox 2991 873 3074 919; x_wconf 91' lang='lat' dir='ltr'><strong>est</strong></span> <span class='ocrx_word' id='word_1_186' title='bbox 3097 865 3163 917; x_wconf 88' lang='lat' dir='ltr'><strong>ad</strong></span> <span class='ocrx_word' id='word_1_187' title='bbox 3192 866 3502 935; x_wconf 87' lang='lat' dir='ltr'><strong>qualitatem</strong></span> <span class='ocrx_word' id='word_1_188' title='bbox 3537 865 3682 934; x_wconf 81' lang='lat' dir='ltr'><strong>facti,</strong></span> 
     </span>
    </p>
   </div>
   <div class='ocr_carea' id='block_1_24' title="bbox 2097 954 3681 1028">
    <p class='ocr_par' dir='ltr' id='par_1_24' title="bbox 2097 954 3681 1028">
     <span class='ocr_line' id='line_1_24' title="bbox 2097 954 3681 1028; baseline 0.003 -20"><span class='ocrx_word' id='word_1_189' title='bbox 2097 954 2192 1009; x_wconf 91' lang='lat' dir='ltr'><strong>sed</strong></span> <span class='ocrx_word' id='word_1_190' title='bbox 2221 955 2287 1010; x_wconf 92' lang='lat' dir='ltr'><strong>ad</strong></span> <span class='ocrx_word' id='word_1_191' title='bbox 2331 954 2635 1028; x_wconf 89' lang='lat' dir='ltr'><strong>superbiam</strong></span> <span class='ocrx_word' id='word_1_192' title='bbox 2660 957 3064 1025; x_wconf 89' lang='lat' dir='ltr'><strong>contemptoris.</strong></span> <span class='ocrx_word' id='word_1_193' title='bbox 3100 956 3230 1010; x_wconf 87' lang='lat' dir='ltr'><strong>Nam</strong></span> <span class='ocrx_word' id='word_1_194' title='bbox 3277 966 3332 1011; x_wconf 91' lang='lat' dir='ltr'><strong>et</strong></span> <span class='ocrx_word' id='word_1_195' title='bbox 3376 960 3681 1013; x_wconf 89' lang='lat' dir='ltr'><strong>communio</strong></span> 
     </span>
    </p>
   </div>
   <div class='ocr_carea' id='block_1_25' title="bbox 2099 1047 3680 1122">
    <p class='ocr_par' dir='ltr' id='par_1_25' title="bbox 2099 1047 3680 1122">
     <span class='ocr_line' id='line_1_25' title="bbox 2099 1047 3680 1122; baseline 0.001 -20"><span class='ocrx_word' id='word_1_196' title='bbox 2099 1047 2423 1102; x_wconf 90' lang='lat' dir='ltr'><strong>sacramenti</strong></span> <span class='ocrx_word' id='word_1_197' title='bbox 2462 1055 2647 1102; x_wconf 89' lang='lat' dir='ltr'><strong>sancta</strong></span> <span class='ocrx_word' id='word_1_198' title='bbox 2678 1056 2778 1116; x_wconf 90' lang='lat' dir='ltr'><strong>est,</strong></span> <span class='ocrx_word' id='word_1_199' title='bbox 2812 1049 2905 1103; x_wconf 88' lang='lat' dir='ltr'><strong>sed</strong></span> <span class='ocrx_word' id='word_1_200' title='bbox 2952 1050 3308 1118; x_wconf 90' lang='lat' dir='ltr'><strong>perniciosum</strong></span> <span class='ocrx_word' id='word_1_201' title='bbox 3337 1067 3472 1121; x_wconf 90' lang='lat' dir='ltr'><strong>opus</strong></span> <span class='ocrx_word' id='word_1_202' title='bbox 3518 1053 3680 1122; x_wconf 84' lang='lat' dir='ltr'><strong>perﬁ-</strong></span> 
     </span>
    </p>
   </div>
   <div class='ocr_carea' id='block_1_26' title="bbox 2097 1137 3685 1211">
    <p class='ocr_par' dir='ltr' id='par_1_26' title="bbox 2097 1137 3685 1211">
     <span class='ocr_line' id='line_1_26' title="bbox 2097 1137 3685 1211; baseline 0.003 -20"><span class='ocrx_word' id='word_1_203' title='bbox 2097 1138 2253 1202; x_wconf 88' lang='lat' dir='ltr'><strong>citur,</strong></span> <span class='ocrx_word' id='word_1_204' title='bbox 2286 1138 2412 1192; x_wconf 85' lang='lat' dir='ltr'><strong>huic</strong></span> <span class='ocrx_word' id='word_1_205' title='bbox 2459 1138 2502 1192; x_wconf 92' lang='lat' dir='ltr'><strong>si</strong></span> <span class='ocrx_word' id='word_1_206' title='bbox 2553 1137 2788 1192; x_wconf 92' lang='lat' dir='ltr'><strong>nondum</strong></span> <span class='ocrx_word' id='word_1_207' title='bbox 2817 1137 2974 1192; x_wconf 82' lang='lat' dir='ltr'><strong>fuerit</strong></span> <span class='ocrx_word' id='word_1_208' title='bbox 3002 1140 3358 1192; x_wconf 87' lang='lat' dir='ltr'><strong>sacratissima</strong></span> <span class='ocrx_word' id='word_1_209' title='bbox 3393 1140 3534 1194; x_wconf 90' lang='lat' dir='ltr'><strong>unda</strong></span> <span class='ocrx_word' id='word_1_210' title='bbox 3564 1157 3685 1211; x_wconf 91' lang='lat' dir='ltr'><strong>per-</strong></span> 
     </span>
    </p>
   </div>
   <div class='ocr_carea' id='block_1_27' title="bbox 2095 1230 3796 1302">
    <p class='ocr_par' dir='ltr' id='par_1_27' title="bbox 2095 1230 3796 1302">
     <span class='ocr_line' id='line_1_27' title="bbox 2095 1230 3796 1302; baseline 0.004 -18"><span class='ocrx_word' id='word_1_211' title='bbox 2095 1230 2262 1286; x_wconf 83' lang='lat' dir='ltr'><strong>fusus.</strong></span> <span class='ocrx_word' id='word_1_212' title='bbox 2308 1231 2444 1284; x_wconf 91' lang='lat' dir='ltr'><strong>Sunt</strong></span> <span class='ocrx_word' id='word_1_213' title='bbox 2490 1232 2657 1285; x_wconf 89' lang='lat' dir='ltr'><strong>multa</strong></span> <span class='ocrx_word' id='word_1_214' title='bbox 2705 1232 2788 1286; x_wconf 88' lang='lat' dir='ltr'><strong>bis</strong></span> <span class='ocrx_word' id='word_1_215' title='bbox 2834 1233 3043 1298; x_wconf 89' lang='lat' dir='ltr'><strong>similia,</strong></span> <span class='ocrx_word' id='word_1_216' title='bbox 3075 1249 3194 1302; x_wconf 65' lang='lat' dir='ltr'><strong>quae</strong></span> <span class='ocrx_word' id='word_1_217' title='bbox 3239 1250 3361 1289; x_wconf 92' lang='lat' dir='ltr'><strong>cum</strong></span> <span class='ocrx_word' id='word_1_218' title='bbox 3408 1235 3548 1291; x_wconf 92' lang='lat' dir='ltr'><strong>bona</strong></span> <span class='ocrx_word' id='word_1_219' title='bbox 3577 1238 3685 1294; x_wconf 90' lang='lat' dir='ltr'><strong>sint</strong></span> <span class='ocrx_word' id='word_1_220' title='bbox 3793 1277 3796 1280; x_wconf 48' lang='grc' dir='ltr'><strong>ι</strong></span> 
     </span>
    </p>
   </div>
   <div class='ocr_carea' id='block_1_28' title="bbox 2097 1322 3685 1396">
    <p class='ocr_par' dir='ltr' id='par_1_28' title="bbox 2097 1322 3685 1396">
     <span class='ocr_line' id='line_1_28' title="bbox 2097 1322 3685 1396; baseline 0.004 -19"><span class='ocrx_word' id='word_1_221' title='bbox 2097 1337 2284 1393; x_wconf 89' lang='lat' dir='ltr'><strong>opera,</strong></span> <span class='ocrx_word' id='word_1_222' title='bbox 2335 1322 2626 1391; x_wconf 89' lang='lat' dir='ltr'><strong>perniciem</strong></span> <span class='ocrx_word' id='word_1_223' title='bbox 2678 1322 2893 1392; x_wconf 91' lang='lat' dir='ltr'><strong>pariunt</strong></span> <span class='ocrx_word' id='word_1_224' title='bbox 2919 1340 3040 1378; x_wconf 91' lang='lat' dir='ltr'><strong>cum</strong></span> <span class='ocrx_word' id='word_1_225' title='bbox 3087 1339 3193 1380; x_wconf 91' lang='lat' dir='ltr'><strong>non</strong></span> <span class='ocrx_word' id='word_1_226' title='bbox 3238 1340 3304 1377; x_wconf 91' lang='lat' dir='ltr'><strong>eo</strong></span> <span class='ocrx_word' id='word_1_227' title='bbox 3345 1325 3532 1380; x_wconf 89' lang='lat' dir='ltr'><strong>ordine</strong></span> <span class='ocrx_word' id='word_1_228' title='bbox 3578 1344 3685 1396; x_wconf 89' lang='lat' dir='ltr'><strong>quo</strong></span> 
     </span>
    </p>
   </div>
   <div class='ocr_carea' id='block_1_29' title="bbox 2097 1413 3686 1486">
    <p class='ocr_par' dir='ltr' id='par_1_29' title="bbox 2097 1413 3686 1486">
     <span class='ocr_line' id='line_1_29' title="bbox 2097 1413 3686 1486; baseline 0.001 -17"><span class='ocrx_word' id='word_1_229' title='bbox 2097 1423 2222 1469; x_wconf 91' lang='lat' dir='ltr'><strong>sunt</strong></span> <span class='ocrx_word' id='word_1_230' title='bbox 2266 1413 2556 1468; x_wconf 89' lang='lat' dir='ltr'><strong>constituta</strong></span> <span class='ocrx_word' id='word_1_231' title='bbox 2603 1422 2946 1484; x_wconf 78' lang='lat' dir='ltr'><strong>peraguntur.</strong></span> <span class='ocrx_word' id='word_1_232' title='bbox 3008 1413 3130 1467; x_wconf 88' lang='lat' dir='ltr'><strong>Ideo</strong></span> <span class='ocrx_word' id='word_1_233' title='bbox 3179 1414 3398 1481; x_wconf 85' lang='lat' dir='ltr'><strong>angelus</strong></span> <span class='ocrx_word' id='word_1_234' title='bbox 3445 1415 3564 1482; x_wconf 90' lang='lat' dir='ltr'><strong>iste,</strong></span> <span class='ocrx_word' id='word_1_235' title='bbox 3595 1419 3686 1486; x_wconf 88' lang='lat' dir='ltr'><strong>qui</strong></span> 
     </span>
    </p>
   </div>
   <div class='ocr_carea' id='block_1_30' title="bbox 2098 1505 3688 1576">
    <p class='ocr_par' dir='ltr' id='par_1_30' title="bbox 2098 1505 3688 1576">
     <span class='ocr_line' id='line_1_30' title="bbox 2098 1505 3688 1576; baseline 0.002 -14"><span class='ocrx_word' id='word_1_236' title='bbox 2098 1514 2179 1562; x_wconf 89' lang='lat' dir='ltr'><strong>est</strong></span> <span class='ocrx_word' id='word_1_237' title='bbox 2225 1505 2491 1568; x_wconf 85' lang='lat' dir='ltr'><strong>diabolus,</strong></span> <span class='ocrx_word' id='word_1_238' title='bbox 2525 1505 2592 1560; x_wconf 92' lang='lat' dir='ltr'><strong>de</strong></span> <span class='ocrx_word' id='word_1_239' title='bbox 2647 1506 3064 1576; x_wconf 81' lang='lat' dir='ltr'><strong>praesumptione</strong></span> <span class='ocrx_word' id='word_1_240' title='bbox 3108 1506 3329 1560; x_wconf 88' lang='lat' dir='ltr'><strong>incurrit</strong></span> <span class='ocrx_word' id='word_1_241' title='bbox 3384 1507 3594 1576; x_wconf 84' lang='lat' dir='ltr'><strong>culpam</strong></span> <span class='ocrx_word' id='word_1_242' title='bbox 3634 1518 3688 1566; x_wconf 91' lang='lat' dir='ltr'><strong>et</strong></span> 
     </span>
    </p>
   </div>
   <div class='ocr_carea' id='block_1_31' title="bbox 2098 1599 3683 1671">
    <p class='ocr_par' dir='ltr' id='par_1_31' title="bbox 2098 1599 3683 1671">
     <span class='ocr_line' id='line_1_31' title="bbox 2098 1599 3683 1671; baseline 0.002 -17"><span class='ocrx_word' id='word_1_243' title='bbox 2098 1599 2302 1670; x_wconf 85' lang='lat' dir='ltr'><strong>primus</strong></span> <span class='ocrx_word' id='word_1_244' title='bbox 2331 1599 2571 1654; x_wconf 91' lang='lat' dir='ltr'><strong>omnium</strong></span> <span class='ocrx_word' id='word_1_245' title='bbox 2602 1599 2915 1666; x_wconf 88' lang='lat' dir='ltr'><strong>angelorum</strong></span> <span class='ocrx_word' id='word_1_246' title='bbox 2972 1599 3023 1654; x_wconf 88' lang='lat' dir='ltr'><strong>in</strong></span> <span class='ocrx_word' id='word_1_247' title='bbox 3073 1615 3169 1654; x_wconf 89' lang='lat' dir='ltr'><strong>suo</strong></span> <span class='ocrx_word' id='word_1_248' title='bbox 3211 1600 3371 1654; x_wconf 90' lang='lat' dir='ltr'><strong>corde</strong></span> <span class='ocrx_word' id='word_1_249' title='bbox 3421 1603 3683 1671; x_wconf 85' lang='lat' dir='ltr'><strong>peccavit.</strong></span> 
     </span>
    </p>
   </div>
   <div class='ocr_carea' id='block_1_32' title="bbox 2101 1689 3686 1762">
    <p class='ocr_par' dir='ltr' id='par_1_32' title="bbox 2101 1689 3686 1762">
     <span class='ocr_line' id='line_1_32' title="bbox 2101 1689 3686 1762; baseline 0.001 -16"><span class='ocrx_word' id='word_1_250' title='bbox 2101 1689 2191 1746; x_wconf 87' lang='lat' dir='ltr'><strong>Sic</strong></span> <span class='ocrx_word' id='word_1_251' title='bbox 2218 1690 2361 1745; x_wconf 89' lang='lat' dir='ltr'><strong>enim</strong></span> <span class='ocrx_word' id='word_1_252' title='bbox 2389 1689 2586 1745; x_wconf 84' lang='lat' dir='ltr'><strong>dicitur</strong></span> <span class='ocrx_word' id='word_1_253' title='bbox 2624 1691 2676 1746; x_wconf 89' lang='lat' dir='ltr'><strong>in</strong></span> <span class='ocrx_word' id='word_1_254' title='bbox 2719 1690 2983 1762; x_wconf 87' lang='lat' dir='ltr'><strong>propheta</strong></span> <span class='ocrx_word' id='word_1_255' title='bbox 3030 1706 3060 1744; x_wconf 92' lang='lat' dir='ltr'><strong>a</strong></span> <span class='ocrx_word' id='word_1_256' title='bbox 3099 1691 3325 1746; x_wconf 90' lang='lat' dir='ltr'><strong>Domino</strong></span> <span class='ocrx_word' id='word_1_257' title='bbox 3361 1711 3371 1743; x_wconf 86' lang='lat'><strong>:</strong></span> <span class='ocrx_word' id='word_1_258' title='bbox 3407 1691 3481 1744; x_wconf 85' lang='lat' dir='ltr'><strong>Tu</strong></span> <span class='ocrx_word' id='word_1_259' title='bbox 3511 1693 3686 1748; x_wconf 74' lang='lat' dir='ltr'><strong>dixisti</strong></span> 
     </span>
    </p>
   </div>
   <div class='ocr_carea' id='block_1_33' title="bbox 411 1777 3686 1862">
    <p class='ocr_par' dir='ltr' id='par_1_33' title="bbox 411 1777 3686 1862">
     <span class='ocr_line' id='line_1_33' title="bbox 411 1777 3686 1862; baseline -0.001 -21"><span class='ocrx_word' id='word_1_260' title='bbox 411 1785 574 1850; x_wconf 81' lang='lat' dir='ltr'><strong>unius</strong></span> <span class='ocrx_word' id='word_1_261' title='bbox 595 1785 692 1841; x_wconf 88' lang='lat' dir='ltr'><strong>Dei</strong></span> <span class='ocrx_word' id='word_1_262' title='bbox 719 1800 838 1862; x_wconf 86' lang='lat' dir='ltr'><strong>esse</strong></span> <span class='ocrx_word' id='word_1_263' title='bbox 861 1785 1132 1862; x_wconf 84' lang='lat' dir='ltr'><strong>auctoris;</strong></span> <span class='ocrx_word' id='word_1_264' title='bbox 1163 1792 1325 1855; x_wconf 90' lang='lat' dir='ltr'><strong>atque</strong></span> <span class='ocrx_word' id='word_1_265' title='bbox 1355 1783 1476 1840; x_wconf 88' lang='lat' dir='ltr'><strong>ideo</strong></span> <span class='ocrx_word' id='word_1_266' title='bbox 1505 1783 1683 1840; x_wconf 87' lang='lat' dir='ltr'><strong>omnia</strong></span> <span class='ocrx_word' id='word_1_267' title='bbox 1710 1799 1829 1856; x_wconf 69' lang='lat' dir='ltr'><strong>qua:</strong></span> <span class='ocrx_word' id='word_1_268' title='bbox 1856 1782 1997 1842; x_wconf 81' lang='lat' dir='ltr'><strong>facta</strong></span> <span class='ocrx_word' id='word_1_269' title='bbox 2027 1777 2074 1846; x_wconf 81' lang='grc' dir='ltr'><strong>Β</strong></span> <span class='ocrx_word' id='word_1_270' title='bbox 2100 1781 2156 1836; x_wconf 82' lang='lat' dir='ltr'><strong>in</strong></span> <span class='ocrx_word' id='word_1_271' title='bbox 2201 1779 2353 1845; x_wconf 76' lang='lat' dir='ltr'><strong>corde;</strong></span> <span class='ocrx_word' id='word_1_272' title='bbox 2396 1788 2480 1834; x_wconf 88' lang='lat' dir='ltr'><strong>tuo</strong></span> <span class='ocrx_word' id='word_1_273' title='bbox 2511 1796 2528 1833; x_wconf 89' lang='lat'><strong><em>:</em></strong></span> <span class='ocrx_word' id='word_1_274' title='bbox 2557 1779 2847 1861; x_wconf 73' lang='lat' dir='ltr'><strong>Ascendam</strong></span> <span class='ocrx_word' id='word_1_275' title='bbox 2873 1798 3024 1852; x_wconf 87' lang='lat' dir='ltr'><strong>super</strong></span> <span class='ocrx_word' id='word_1_276' title='bbox 3053 1782 3162 1836; x_wconf 72' lang='lat' dir='ltr'><strong>coeli</strong></span> <span class='ocrx_word' id='word_1_277' title='bbox 3188 1783 3359 1837; x_wconf 86' lang='lat' dir='ltr'><strong>sidera</strong></span> <span class='ocrx_word' id='word_1_278' title='bbox 3389 1782 3544 1852; x_wconf 85' lang='lat' dir='ltr'><strong>(Isai.</strong></span> <span class='ocrx_word' id='word_1_279' title='bbox 3579 1800 3686 1848; x_wconf 76' lang='lat' dir='ltr'><strong>xiv,</strong></span> 
     </span>
    </p>
   </div>
   <div class='ocr_carea' id='block_1_34' title="bbox 414 1858 2044 1951">
    <p class='ocr_par' dir='ltr' id='par_1_34' title="bbox 414 1858 2044 1951">
     <span class='ocr_line' id='line_1_34' title="bbox 414 1858 2044 1951; baseline 0 -21"><span class='ocrx_word' id='word_1_280' title='bbox 414 1884 542 1938; x_wconf 82' lang='lat' dir='ltr'><strong>sunt</strong></span> <span class='ocrx_word' id='word_1_281' title='bbox 554 1875 707 1930; x_wconf 89' lang='lat' dir='ltr'><strong>nobis</strong></span> <span class='ocrx_word' id='word_1_282' title='bbox 717 1858 924 1951; x_wconf 80' lang='lat' dir='ltr'><strong>subdita</strong></span> <span class='ocrx_word' id='word_1_283' title='bbox 941 1881 1082 1938; x_wconf 88' lang='lat' dir='ltr'><strong>sunt,</strong></span> <span class='ocrx_word' id='word_1_284' title='bbox 1101 1873 1223 1944; x_wconf 84' lang='lat' dir='ltr'><strong>quia</strong></span> <span class='ocrx_word' id='word_1_285' title='bbox 1237 1873 1326 1928; x_wconf 89' lang='lat' dir='ltr'><strong>illa</strong></span> <span class='ocrx_word' id='word_1_286' title='bbox 1338 1872 1490 1944; x_wconf 88' lang='lat' dir='ltr'><strong>jussu</strong></span> <span class='ocrx_word' id='word_1_287' title='bbox 1504 1873 1597 1928; x_wconf 91' lang='lat' dir='ltr'><strong>Dei</strong></span> <span class='ocrx_word' id='word_1_288' title='bbox 1609 1883 1732 1929; x_wconf 92' lang='lat' dir='ltr'><strong>sunt</strong></span> <span class='ocrx_word' id='word_1_289' title='bbox 1746 1873 1994 1948; x_wconf 73' lang='lat' dir='ltr'><strong>formata.</strong></span> <span class='ocrx_word' id='word_1_290' title='bbox 2019 1877 2022 1880; x_wconf 86' lang='grc'><em>’</em></span> <span class='ocrx_word' id='word_1_291' title='bbox 2041 1877 2044 1880; x_wconf 67' lang='grc'>“</span> 
     </span>
    </p>
   </div>
   <div class='ocr_carea' id='block_1_35' title="bbox 416 1963 1996 2040">
    <p class='ocr_par' dir='ltr' id='par_1_35' title="bbox 416 1963 1996 2040">
     <span class='ocr_line' id='line_1_35' title="bbox 416 1963 1996 2040; baseline 0.001 -20"><span class='ocrx_word' id='word_1_292' title='bbox 416 1963 587 2040; x_wconf 75' lang='lat' dir='ltr'><strong>Igitur</strong></span> <span class='ocrx_word' id='word_1_293' title='bbox 611 1979 720 2038; x_wconf 86' lang='lat' dir='ltr'><strong>non</strong></span> <span class='ocrx_word' id='word_1_294' title='bbox 748 1980 929 2035; x_wconf 87' lang='lat' dir='ltr'><strong>opere.</strong></span> <span class='ocrx_word' id='word_1_295' title='bbox 959 1965 1036 2020; x_wconf 90' lang='lat' dir='ltr'><strong>De</strong></span> <span class='ocrx_word' id='word_1_296' title='bbox 1060 1965 1275 2020; x_wconf 88' lang='lat' dir='ltr'><strong>homine</strong></span> <span class='ocrx_word' id='word_1_297' title='bbox 1305 1973 1486 2022; x_wconf 87' lang='lat' dir='ltr'><strong>autem</strong></span> <span class='ocrx_word' id='word_1_298' title='bbox 1507 1964 1706 2022; x_wconf 81' lang='lat' dir='ltr'><strong>dixisse</strong></span> <span class='ocrx_word' id='word_1_299' title='bbox 1727 1966 1895 2022; x_wconf 83' lang='lat' dir='ltr'><strong>Demn</strong></span> <span class='ocrx_word' id='word_1_300' title='bbox 1915 1967 1996 2022; x_wconf 90' lang='lat' dir='ltr'><strong>le-</strong></span> 
     </span>
    </p>
   </div>
   <div class='ocr_carea' id='block_1_36' title="bbox 421 2052 1998 2134">
    <p class='ocr_par' dir='ltr' id='par_1_36' title="bbox 421 2052 1998 2134">
     <span class='ocr_line' id='line_1_36' title="bbox 421 2052 1998 2134; baseline 0.002 -20"><span class='ocrx_word' id='word_1_301' title='bbox 421 2053 601 2129; x_wconf 66' lang='grc' dir='ltr'><strong><em>εἰιηιιε</em></strong></span> <span class='ocrx_word' id='word_1_302' title='bbox 625 2071 637 2106; x_wconf 93' lang='lat'>:</span> <span class='ocrx_word' id='word_1_303' title='bbox 667 2052 944 2114; x_wconf 77' lang='lat' dir='ltr'><strong>Faciamus</strong></span> <span class='ocrx_word' id='word_1_304' title='bbox 973 2055 1225 2134; x_wconf 75' lang='lat' dir='ltr'><strong>hominem</strong></span> <span class='ocrx_word' id='word_1_305' title='bbox 1264 2055 1332 2109; x_wconf 84' lang='lat' dir='ltr'><strong>ad</strong></span> <span class='ocrx_word' id='word_1_306' title='bbox 1375 2057 1651 2130; x_wconf 78' lang='lat' dir='ltr'><strong>imaginem</strong></span> <span class='ocrx_word' id='word_1_307' title='bbox 1677 2065 1729 2112; x_wconf 84' lang='lat' dir='ltr'><strong>et</strong></span> <span class='ocrx_word' id='word_1_308' title='bbox 1753 2059 1998 2117; x_wconf 79' lang='lat' dir='ltr'><strong>similitu-</strong></span> 
     </span>
    </p>
   </div>
   <div class='ocr_carea' id='block_1_37' title="bbox 424 2143 2000 2218">
    <p class='ocr_par' dir='ltr' id='par_1_37' title="bbox 424 2143 2000 2218">
     <span class='ocr_line' id='line_1_37' title="bbox 424 2143 2000 2218; baseline 0.004 -19"><span class='ocrx_word' id='word_1_309' title='bbox 424 2145 603 2204; x_wconf 74' lang='lat' dir='ltr'><strong>dinem</strong></span> <span class='ocrx_word' id='word_1_310' title='bbox 629 2153 861 2201; x_wconf 77' lang='lat' dir='ltr'><strong>nostram</strong></span> <span class='ocrx_word' id='word_1_311' title='bbox 880 2143 1030 2215; x_wconf 81' lang='lat' dir='ltr'><strong>(Gen.</strong></span> <span class='ocrx_word' id='word_1_312' title='bbox 1063 2162 1098 2210; x_wconf 84' lang='grc' dir='ltr'><strong><em>ι,</em></strong></span> <span class='ocrx_word' id='word_1_313' title='bbox 1130 2143 1254 2218; x_wconf 75' lang='grc'><strong>25);</strong></span> <span class='ocrx_word' id='word_1_314' title='bbox 1283 2154 1338 2201; x_wconf 87' lang='lat' dir='ltr'><strong>et</strong></span> <span class='ocrx_word' id='word_1_315' title='bbox 1363 2147 1484 2206; x_wconf 90' lang='lat' dir='ltr'><strong>ideo</strong></span> <span class='ocrx_word' id='word_1_316' title='bbox 1530 2147 1804 2206; x_wconf 89' lang='lat' dir='ltr'><strong>hominem</strong></span> <span class='ocrx_word' id='word_1_317' title='bbox 1843 2151 2000 2206; x_wconf 90' lang='lat' dir='ltr'><strong>nobi-</strong></span> 
     </span>
    </p>
   </div>
   <div class='ocr_carea' id='block_1_38' title="bbox 421 2224 1998 2302">
    <p class='ocr_par' dir='ltr' id='par_1_38' title="bbox 421 2224 1998 2302">
     <span class='ocr_line' id='line_1_38' title="bbox 421 2224 1998 2302; baseline 0.004 -10"><span class='ocrx_word' id='word_1_318' title='bbox 421 2233 682 2302; x_wconf 77' lang='lat' dir='ltr'><strong>lissimam</strong></span> <span class='ocrx_word' id='word_1_319' title='bbox 721 2233 820 2292; x_wconf 89' lang='lat' dir='ltr'><strong>Dei</strong></span> <span class='ocrx_word' id='word_1_320' title='bbox 864 2232 1117 2290; x_wconf 81' lang='lat' dir='ltr'><strong>fabricam</strong></span> <span class='ocrx_word' id='word_1_321' title='bbox 1161 2251 1268 2290; x_wconf 89' lang='lat' dir='ltr'><strong>non</strong></span> <span class='ocrx_word' id='word_1_322' title='bbox 1295 2224 1463 2292; x_wconf 90' lang='lat' dir='ltr'><strong>solum</strong></span> <span class='ocrx_word' id='word_1_323' title='bbox 1491 2253 1560 2294; x_wconf 87' lang='lat' dir='ltr'><strong>ex</strong></span> <span class='ocrx_word' id='word_1_324' title='bbox 1586 2240 1765 2296; x_wconf 88' lang='lat' dir='ltr'><strong>anima</strong></span> <span class='ocrx_word' id='word_1_325' title='bbox 1796 2247 1852 2298; x_wconf 91' lang='lat' dir='ltr'><strong>et</strong></span> <span class='ocrx_word' id='word_1_326' title='bbox 1877 2256 1998 2298; x_wconf 91' lang='lat' dir='ltr'><strong>cor-</strong></span> 
     </span>
    </p>
   </div>
   <div class='ocr_carea' id='block_1_39' title="bbox 419 2325 1998 2406">
    <p class='ocr_par' dir='ltr' id='par_1_39' title="bbox 419 2325 1998 2406">
     <span class='ocr_line' id='line_1_39' title="bbox 419 2325 1998 2406; baseline 0.001 -26"><span class='ocrx_word' id='word_1_327' title='bbox 419 2339 576 2396; x_wconf 87' lang='lat' dir='ltr'><strong>pore,</strong></span> <span class='ocrx_word' id='word_1_328' title='bbox 605 2325 698 2380; x_wconf 85' lang='lat' dir='ltr'><strong>sed</strong></span> <span class='ocrx_word' id='word_1_329' title='bbox 729 2333 785 2382; x_wconf 89' lang='lat' dir='ltr'><strong>et</strong></span> <span class='ocrx_word' id='word_1_330' title='bbox 801 2325 990 2395; x_wconf 83' lang='lat' dir='ltr'><strong>spiritu</strong></span> <span class='ocrx_word' id='word_1_331' title='bbox 1010 2333 1272 2395; x_wconf 85' lang='lat' dir='ltr'><strong>constare,</strong></span> <span class='ocrx_word' id='word_1_332' title='bbox 1305 2335 1358 2386; x_wconf 86' lang='lat' dir='ltr'><strong>et</strong></span> <span class='ocrx_word' id='word_1_333' title='bbox 1377 2343 1496 2386; x_wconf 88' lang='lat' dir='ltr'><strong>esse</strong></span> <span class='ocrx_word' id='word_1_334' title='bbox 1535 2331 1801 2402; x_wconf 88' lang='lat' dir='ltr'><strong>triplicem</strong></span> <span class='ocrx_word' id='word_1_335' title='bbox 1850 2334 1998 2406; x_wconf 72' lang='lat' dir='ltr'><strong>Apo-</strong></span> 
     </span>
    </p>
   </div>
   <div class='ocr_carea' id='block_1_40' title="bbox 417 2415 1999 2492">
    <p class='ocr_par' dir='ltr' id='par_1_40' title="bbox 417 2415 1999 2492">
     <span class='ocr_line' id='line_1_40' title="bbox 417 2415 1999 2492; baseline 0.004 -20"><span class='ocrx_word' id='word_1_336' title='bbox 417 2416 588 2489; x_wconf 78' lang='lat' dir='ltr'><strong>stolus</strong></span> <span class='ocrx_word' id='word_1_337' title='bbox 615 2415 810 2487; x_wconf 81' lang='lat' dir='ltr'><strong>probat</strong></span> <span class='ocrx_word' id='word_1_338' title='bbox 849 2415 1031 2478; x_wconf 84' lang='lat' dir='ltr'><strong>dicens</strong></span> <span class='ocrx_word' id='word_1_339' title='bbox 1059 2434 1071 2469; x_wconf 94' lang='lat'><em>:</em></span> <span class='ocrx_word' id='word_1_340' title='bbox 1109 2428 1130 2455; x_wconf 80' lang='grc' dir='ltr'><strong><em>ο</em></strong></span> <span class='ocrx_word' id='word_1_341' title='bbox 1164 2417 1235 2473; x_wconf 85' lang='lat' dir='ltr'><strong>Ut</strong></span> <span class='ocrx_word' id='word_1_342' title='bbox 1258 2419 1456 2492; x_wconf 83' lang='lat' dir='ltr'><strong>integer</strong></span> <span class='ocrx_word' id='word_1_343' title='bbox 1481 2422 1693 2492; x_wconf 78' lang='lat' dir='ltr'><strong>spiritus</strong></span> <span class='ocrx_word' id='word_1_344' title='bbox 1732 2430 1915 2492; x_wconf 76' lang='lat' dir='ltr'><strong>vester,</strong></span> <span class='ocrx_word' id='word_1_345' title='bbox 1945 2433 1999 2479; x_wconf 85' lang='lat' dir='ltr'><strong>et</strong></span> 
     </span>
    </p>
   </div>
   <div class='ocr_carea' id='block_1_41' title="bbox 413 2511 1993 2589">
    <p class='ocr_par' dir='ltr' id='par_1_41' title="bbox 413 2511 1993 2589">
     <span class='ocr_line' id='line_1_41' title="bbox 413 2511 1993 2589; baseline 0.008 -28"><span class='ocrx_word' id='word_1_346' title='bbox 413 2527 557 2576; x_wconf 72' lang='lat' dir='ltr'><strong>caro,</strong></span> <span class='ocrx_word' id='word_1_347' title='bbox 577 2519 628 2566; x_wconf 80' lang='lat' dir='ltr'><strong>et</strong></span> <span class='ocrx_word' id='word_1_348' title='bbox 645 2511 822 2568; x_wconf 71' lang='lat' dir='ltr'><strong>animo</strong></span> <span class='ocrx_word' id='word_1_349' title='bbox 839 2512 894 2566; x_wconf 83' lang='lat' dir='ltr'><strong>in</strong></span> <span class='ocrx_word' id='word_1_350' title='bbox 915 2511 1134 2567; x_wconf 71' lang='lat' dir='ltr'><strong>adseruit</strong></span> <span class='ocrx_word' id='word_1_351' title='bbox 1155 2511 1254 2569; x_wconf 86' lang='lat' dir='ltr'><strong>Dei</strong></span> <span class='ocrx_word' id='word_1_352' title='bbox 1279 2523 1508 2572; x_wconf 80' lang='lat' dir='ltr'><strong>seruetur</strong></span> <span class='ocrx_word' id='word_1_353' title='bbox 1526 2515 1570 2586; x_wconf 87' lang='grc' dir='ltr'><strong>(Ι</strong></span> <span class='ocrx_word' id='word_1_354' title='bbox 1595 2516 1768 2576; x_wconf 75' lang='lat' dir='ltr'><strong>Thess.</strong></span> <span class='ocrx_word' id='word_1_355' title='bbox 1799 2535 1854 2584; x_wconf 88' lang='lat' dir='ltr'><strong>v,</strong></span> <span class='ocrx_word' id='word_1_356' title='bbox 1877 2518 1993 2589; x_wconf 71' lang='grc'><strong>25).</strong></span> 
     </span>
    </p>
   </div>
   <div class='ocr_carea' id='block_1_42' title="bbox 411 2596 1993 2677">
    <p class='ocr_par' dir='ltr' id='par_1_42' title="bbox 411 2596 1993 2677">
     <span class='ocr_line' id='line_1_42' title="bbox 411 2596 1993 2677; baseline 0.008 -20"><span class='ocrx_word' id='word_1_357' title='bbox 411 2596 552 2668; x_wconf 75' lang='lat' dir='ltr'><strong>Sane</strong></span> <span class='ocrx_word' id='word_1_358' title='bbox 575 2600 820 2671; x_wconf 84' lang='lat' dir='ltr'><strong>spiritum</strong></span> <span class='ocrx_word' id='word_1_359' title='bbox 848 2600 990 2670; x_wconf 88' lang='lat' dir='ltr'><strong>dico,</strong></span> <span class='ocrx_word' id='word_1_360' title='bbox 1021 2603 1112 2673; x_wconf 87' lang='lat' dir='ltr'><strong>qui</strong></span> <span class='ocrx_word' id='word_1_361' title='bbox 1141 2603 1392 2660; x_wconf 88' lang='lat' dir='ltr'><strong>accidens</strong></span> <span class='ocrx_word' id='word_1_362' title='bbox 1419 2613 1522 2670; x_wconf 91' lang='lat' dir='ltr'><strong>est,</strong></span> <span class='ocrx_word' id='word_1_363' title='bbox 1546 2621 1652 2666; x_wconf 86' lang='lat' dir='ltr'><strong>non</strong></span> <span class='ocrx_word' id='word_1_364' title='bbox 1673 2611 1993 2677; x_wconf 84' lang='lat' dir='ltr'><strong>naturalem,</strong></span> 
     </span>
    </p>
   </div>
   <div class='ocr_carea' id='block_1_43' title="bbox 412 2692 1998 2770">
    <p class='ocr_par' dir='ltr' id='par_1_43' title="bbox 412 2692 1998 2770">
     <span class='ocr_line' id='line_1_43' title="bbox 412 2692 1998 2770; baseline 0.006 -23"><span class='ocrx_word' id='word_1_365' title='bbox 412 2705 509 2765; x_wconf 83' lang='lat' dir='ltr'><strong>nec</strong></span> <span class='ocrx_word' id='word_1_366' title='bbox 535 2692 804 2759; x_wconf 83' lang='lat' dir='ltr'><strong>eumdem,</strong></span> <span class='ocrx_word' id='word_1_367' title='bbox 851 2708 972 2754; x_wconf 85' lang='lat' dir='ltr'><strong>esse</strong></span> <span class='ocrx_word' id='word_1_368' title='bbox 1002 2694 1054 2748; x_wconf 90' lang='lat' dir='ltr'><strong>in</strong></span> <span class='ocrx_word' id='word_1_369' title='bbox 1085 2695 1356 2751; x_wconf 90' lang='lat' dir='ltr'><strong>omnibus.</strong></span> <span class='ocrx_word' id='word_1_370' title='bbox 1417 2693 1511 2751; x_wconf 92' lang='lat' dir='ltr'><strong>Sic</strong></span> <span class='ocrx_word' id='word_1_371' title='bbox 1539 2699 1682 2752; x_wconf 89' lang='lat' dir='ltr'><strong>enim</strong></span> <span class='ocrx_word' id='word_1_372' title='bbox 1713 2699 1998 2770; x_wconf 82' lang='lat' dir='ltr'><strong>Apostolus</strong></span> 
     </span>
    </p>
   </div>
   <div class='ocr_carea' id='block_1_44' title="bbox 413 2779 1994 2861">
    <p class='ocr_par' dir='ltr' id='par_1_44' title="bbox 413 2779 1994 2861">
     <span class='ocr_line' id='line_1_44' title="bbox 413 2779 1994 2861; baseline 0.008 -26"><span class='ocrx_word' id='word_1_373' title='bbox 413 2779 538 2842; x_wconf 87' lang='lat' dir='ltr'><strong>dicit</strong></span> <span class='ocrx_word' id='word_1_374' title='bbox 561 2799 574 2835; x_wconf 91' lang='lat'><strong>:</strong></span> <span class='ocrx_word' id='word_1_375' title='bbox 608 2779 722 2838; x_wconf 84' lang='lat' dir='ltr'><strong>Nos</strong></span> <span class='ocrx_word' id='word_1_376' title='bbox 747 2791 919 2840; x_wconf 82' lang='lat' dir='ltr'><strong>autem</strong></span> <span class='ocrx_word' id='word_1_377' title='bbox 942 2799 1048 2838; x_wconf 79' lang='lat' dir='ltr'><strong>non</strong></span> <span class='ocrx_word' id='word_1_378' title='bbox 1068 2785 1307 2854; x_wconf 84' lang='lat' dir='ltr'><strong>spiritum</strong></span> <span class='ocrx_word' id='word_1_379' title='bbox 1328 2786 1481 2860; x_wconf 77' lang='lat' dir='ltr'><strong>hujus</strong></span> <span class='ocrx_word' id='word_1_380' title='bbox 1501 2789 1678 2844; x_wconf 80' lang='lat' dir='ltr'><strong>mundi</strong></span> <span class='ocrx_word' id='word_1_381' title='bbox 1691 2793 1994 2861; x_wconf 76' lang='lat' dir='ltr'><strong>occepimus,</strong></span> 
     </span>
    </p>
   </div>
   <div class='ocr_carea' id='block_1_45' title="bbox 412 2869 1999 2950">
    <p class='ocr_par' dir='ltr' id='par_1_45' title="bbox 412 2869 1999 2950">
     <span class='ocr_line' id='line_1_45' title="bbox 412 2869 1999 2950; baseline 0.008 -25"><span class='ocrx_word' id='word_1_382' title='bbox 412 2869 502 2939; x_wconf 74' lang='lat' dir='ltr'><strong>sed</strong></span> <span class='ocrx_word' id='word_1_383' title='bbox 527 2871 768 2940; x_wconf 77' lang='lat' dir='ltr'><strong>spiritum</strong></span> <span class='ocrx_word' id='word_1_384' title='bbox 795 2873 885 2943; x_wconf 74' lang='lat' dir='ltr'><strong>qui</strong></span> <span class='ocrx_word' id='word_1_385' title='bbox 912 2889 980 2932; x_wconf 73' lang='lat' dir='ltr'><strong>ea:</strong></span> <span class='ocrx_word' id='word_1_386' title='bbox 1003 2872 1115 2930; x_wconf 76' lang='lat' dir='ltr'><strong>Deo</strong></span> <span class='ocrx_word' id='word_1_387' title='bbox 1143 2882 1224 2932; x_wconf 85' lang='lat' dir='ltr'><strong>est</strong></span> <span class='ocrx_word' id='word_1_388' title='bbox 1251 2873 1295 2944; x_wconf 89' lang='lat' dir='ltr'><strong>(l</strong></span> <span class='ocrx_word' id='word_1_389' title='bbox 1324 2874 1446 2933; x_wconf 86' lang='lat' dir='ltr'><strong>Cor.</strong></span> <span class='ocrx_word' id='word_1_390' title='bbox 1480 2893 1536 2942; x_wconf 90' lang='grc' dir='ltr'><strong><em>ιι,</em></strong></span> <span class='ocrx_word' id='word_1_391' title='bbox 1571 2877 1678 2950; x_wconf 62' lang='grc' dir='ltr'><strong>ιε).</strong></span> <span class='ocrx_word' id='word_1_392' title='bbox 1710 2879 1875 2940; x_wconf 86' lang='lat' dir='ltr'><strong>Istum</strong></span> <span class='ocrx_word' id='word_1_393' title='bbox 1903 2898 1999 2938; x_wconf 88' lang='lat' dir='ltr'><strong>au-</strong></span> 
     </span>
    </p>
   </div>
   <div class='ocr_carea' id='block_1_46' title="bbox 418 2961 1994 3044">
    <p class='ocr_par' dir='ltr' id='par_1_46' title="bbox 418 2961 1994 3044">
     <span class='ocr_line' id='line_1_46' title="bbox 418 2961 1994 3044; baseline 0.013 -33"><span class='ocrx_word' id='word_1_394' title='bbox 418 2965 530 3012; x_wconf 90' lang='lat' dir='ltr'><strong>tem</strong></span> <span class='ocrx_word' id='word_1_395' title='bbox 566 2974 730 3029; x_wconf 89' lang='lat' dir='ltr'><strong>quem</strong></span> <span class='ocrx_word' id='word_1_396' title='bbox 775 2961 1056 3017; x_wconf 89' lang='lat' dir='ltr'><strong>credentes</strong></span> <span class='ocrx_word' id='word_1_397' title='bbox 1093 2965 1402 3035; x_wconf 88' lang='lat' dir='ltr'><strong>accipimus,</strong></span> <span class='ocrx_word' id='word_1_398' title='bbox 1433 2969 1621 3037; x_wconf 70' lang='lat' dir='ltr'><strong>gratia:</strong></span> <span class='ocrx_word' id='word_1_399' title='bbox 1647 2972 1837 3030; x_wconf 66' lang='lat' dir='ltr'><strong>divinae</strong></span> <span class='ocrx_word' id='word_1_400' title='bbox 1884 2982 1994 3044; x_wconf 82' lang='lat' dir='ltr'><strong>est;</strong></span> 
     </span>
    </p>
   </div>
   <div class='ocr_carea' id='block_1_47' title="bbox 421 3049 1998 3135">
    <p class='ocr_par' dir='ltr' id='par_1_47' title="bbox 421 3049 1998 3135">
     <span class='ocr_line' id='line_1_47' title="bbox 421 3049 1998 3135; baseline 0.014 -31"><span class='ocrx_word' id='word_1_401' title='bbox 421 3049 650 3106; x_wconf 88' lang='lat' dir='ltr'><strong>alterum</strong></span> <span class='ocrx_word' id='word_1_402' title='bbox 675 3065 807 3114; x_wconf 80' lang='lat' dir='ltr'><strong>vero</strong></span> <span class='ocrx_word' id='word_1_403' title='bbox 827 3053 1070 3124; x_wconf 83' lang='lat' dir='ltr'><strong>spiritum</strong></span> <span class='ocrx_word' id='word_1_404' title='bbox 1090 3055 1400 3115; x_wconf 85' lang='lat' dir='ltr'><strong>intentionis</strong></span> <span class='ocrx_word' id='word_1_405' title='bbox 1417 3061 1710 3120; x_wconf 67' lang='lat' dir='ltr'><strong>diabolicae.</strong></span> <span class='ocrx_word' id='word_1_406' title='bbox 1737 3064 1869 3135; x_wconf 88' lang='lat' dir='ltr'><strong>Quia</strong></span> <span class='ocrx_word' id='word_1_407' title='bbox 1891 3069 1998 3126; x_wconf 90' lang='lat' dir='ltr'><strong>dia-</strong></span> 
     </span>
    </p>
   </div>
   <div class='ocr_carea' id='block_1_48' title="bbox 2102 1874 3687 1945">
    <p class='ocr_par' dir='ltr' id='par_1_48' title="bbox 2102 1874 3687 1945">
     <span class='ocr_line' id='line_1_48' title="bbox 2102 1874 3687 1945; baseline -0.001 -14"><span class='ocrx_word' id='word_1_408' title='bbox 2102 1875 2225 1944; x_wconf 77' lang='grc'><strong>15),</strong></span> <span class='ocrx_word' id='word_1_409' title='bbox 2252 1881 2356 1929; x_wconf 88' lang='lat' dir='ltr'><strong>etc.</strong></span> <span class='ocrx_word' id='word_1_410' title='bbox 2382 1874 2594 1930; x_wconf 88' lang='lat' dir='ltr'><strong>Primus</strong></span> <span class='ocrx_word' id='word_1_411' title='bbox 2621 1888 2750 1944; x_wconf 89' lang='lat' dir='ltr'><strong>ergo</strong></span> <span class='ocrx_word' id='word_1_412' title='bbox 2773 1875 2825 1928; x_wconf 90' lang='lat' dir='ltr'><strong>in</strong></span> <span class='ocrx_word' id='word_1_413' title='bbox 2855 1890 2955 1929; x_wconf 88' lang='lat' dir='ltr'><strong>suo</strong></span> <span class='ocrx_word' id='word_1_414' title='bbox 2983 1875 3146 1930; x_wconf 88' lang='lat' dir='ltr'><strong>corde</strong></span> <span class='ocrx_word' id='word_1_415' title='bbox 3174 1875 3412 1945; x_wconf 86' lang='lat' dir='ltr'><strong>peccavit</strong></span> <span class='ocrx_word' id='word_1_416' title='bbox 3445 1893 3457 1926; x_wconf 91' lang='lat'>:</span> <span class='ocrx_word' id='word_1_417' title='bbox 3484 1890 3551 1929; x_wconf 91' lang='lat' dir='ltr'><strong>ex</strong></span> <span class='ocrx_word' id='word_1_418' title='bbox 3579 1890 3687 1943; x_wconf 90' lang='lat' dir='ltr'><strong>quo</strong></span> 
     </span>
    </p>
   </div>
   <div class='ocr_carea' id='block_1_49' title="bbox 2097 1951 3684 2043">
    <p class='ocr_par' dir='ltr' id='par_1_49' title="bbox 2097 1951 3684 2043">
     <span class='ocr_line' id='line_1_49' title="bbox 2097 1951 3684 2043; baseline -0.001 -22"><span class='ocrx_word' id='word_1_419' title='bbox 2097 1951 2362 2037; x_wconf 84' lang='lat' dir='ltr'><strong>pullulare</strong></span> <span class='ocrx_word' id='word_1_420' title='bbox 2388 1965 2627 2043; x_wconf 87' lang='lat' dir='ltr'><strong>omnium</strong></span> <span class='ocrx_word' id='word_1_421' title='bbox 2654 1966 3128 2035; x_wconf 59' lang='lat' dir='ltr'><strong>praesumptionuni</strong></span> <span class='ocrx_word' id='word_1_422' title='bbox 3168 1980 3362 2034; x_wconf 89' lang='lat' dir='ltr'><strong>genera</strong></span> <span class='ocrx_word' id='word_1_423' title='bbox 3405 1974 3532 2020; x_wconf 92' lang='lat' dir='ltr'><strong>tunc</strong></span> <span class='ocrx_word' id='word_1_424' title='bbox 3575 1981 3684 2020; x_wconf 76' lang='lat' dir='ltr'><strong>em-</strong></span> 
     </span>
    </p>
   </div>
   <div class='ocr_carea' id='block_1_50' title="bbox 2093 2055 3686 2135">
    <p class='ocr_par' dir='ltr' id='par_1_50' title="bbox 2093 2055 3686 2135">
     <span class='ocr_line' id='line_1_50' title="bbox 2093 2055 3686 2135; baseline 0.001 -19"><span class='ocrx_word' id='word_1_425' title='bbox 2093 2067 2314 2130; x_wconf 87' lang='lat' dir='ltr'><strong>perunt,</strong></span> <span class='ocrx_word' id='word_1_426' title='bbox 2367 2075 2490 2135; x_wconf 86' lang='lat' dir='ltr'><strong>cum</strong></span> <span class='ocrx_word' id='word_1_427' title='bbox 2524 2055 2725 2134; x_wconf 84' lang='lat' dir='ltr'><strong>nullius</strong></span> <span class='ocrx_word' id='word_1_428' title='bbox 2754 2059 3057 2132; x_wconf 85' lang='lat' dir='ltr'><strong>exemplum</strong></span> <span class='ocrx_word' id='word_1_429' title='bbox 3106 2067 3350 2125; x_wconf 90' lang='lat' dir='ltr'><strong>secutus,</strong></span> <span class='ocrx_word' id='word_1_430' title='bbox 3381 2075 3410 2112; x_wconf 91' lang='lat' dir='ltr'><strong>a</strong></span> <span class='ocrx_word' id='word_1_431' title='bbox 3457 2075 3515 2114; x_wconf 91' lang='lat' dir='ltr'><strong>se</strong></span> <span class='ocrx_word' id='word_1_432' title='bbox 3543 2059 3686 2119; x_wconf 80' lang='lat' dir='ltr'><strong>dedit</strong></span> 
     </span>
    </p>
   </div>
   <div class='ocr_carea' id='block_1_51' title="bbox 2091 2147 3688 2225">
    <p class='ocr_par' dir='ltr' id='par_1_51' title="bbox 2091 2147 3688 2225">
     <span class='ocr_line' id='line_1_51' title="bbox 2091 2147 3688 2225; baseline 0.002 -23"><span class='ocrx_word' id='word_1_433' title='bbox 2091 2147 2358 2220; x_wconf 84' lang='lat' dir='ltr'><strong>peccandi</strong></span> <span class='ocrx_word' id='word_1_434' title='bbox 2398 2148 2699 2225; x_wconf 76' lang='lat' dir='ltr'><strong>exordium.</strong></span> <span class='ocrx_word' id='word_1_435' title='bbox 2729 2148 2932 2206; x_wconf 83' lang='lat' dir='ltr'><strong>Natura</strong></span> <span class='ocrx_word' id='word_1_436' title='bbox 2982 2158 3158 2203; x_wconf 88' lang='lat' dir='ltr'><strong>autem</strong></span> <span class='ocrx_word' id='word_1_437' title='bbox 3208 2150 3379 2203; x_wconf 90' lang='lat' dir='ltr'><strong>bonus</strong></span> <span class='ocrx_word' id='word_1_438' title='bbox 3420 2157 3519 2214; x_wconf 89' lang='lat' dir='ltr'><strong>est,</strong></span> <span class='ocrx_word' id='word_1_439' title='bbox 3551 2150 3688 2207; x_wconf 85' lang='lat' dir='ltr'><strong>sicut</strong></span> 
     </span>
    </p>
   </div>
   <div class='ocr_carea' id='block_1_52' title="bbox 2085 2237 3687 2316">
    <p class='ocr_par' dir='ltr' id='par_1_52' title="bbox 2085 2237 3687 2316">
     <span class='ocr_line' id='line_1_52' title="bbox 2085 2237 3687 2316; baseline -0.001 -19"><span class='ocrx_word' id='word_1_440' title='bbox 2085 2237 2352 2302; x_wconf 62' lang='lat' dir='ltr'><strong>‘eﬂ‘raotor</strong></span> <span class='ocrx_word' id='word_1_441' title='bbox 2379 2248 2460 2296; x_wconf 91' lang='lat' dir='ltr'><strong>est</strong></span> <span class='ocrx_word' id='word_1_442' title='bbox 2479 2240 2643 2296; x_wconf 89' lang='lat' dir='ltr'><strong>homo</strong></span> <span class='ocrx_word' id='word_1_443' title='bbox 2671 2237 2688 2277; x_wconf 74' lang='grc' dir='ltr'>ί</span> <span class='ocrx_word' id='word_1_444' title='bbox 2710 2239 2887 2316; x_wconf 84' lang='lat' dir='ltr'><strong>aliena</strong></span> <span class='ocrx_word' id='word_1_445' title='bbox 2907 2240 3122 2308; x_wconf 82' lang='lat' dir='ltr'><strong>rapiens</strong></span> <span class='ocrx_word' id='word_1_446' title='bbox 3150 2240 3388 2304; x_wconf 88' lang='lat' dir='ltr'><strong>babenti,</strong></span> <span class='ocrx_word' id='word_1_447' title='bbox 3411 2249 3466 2295; x_wconf 91' lang='lat' dir='ltr'><strong>et</strong></span> <span class='ocrx_word' id='word_1_448' title='bbox 3493 2241 3687 2295; x_wconf 81' lang='lat' dir='ltr'><strong>libera-</strong></span> 
     </span>
    </p>
   </div>
   <div class='ocr_carea' id='block_1_53' title="bbox 2101 2329 3687 2408">
    <p class='ocr_par' dir='ltr' id='par_1_53' title="bbox 2101 2329 3687 2408">
     <span class='ocr_line' id='line_1_53' title="bbox 2101 2329 3687 2408; baseline -0.002 -18"><span class='ocrx_word' id='word_1_449' title='bbox 2101 2331 2164 2392; x_wconf 86' lang='lat' dir='ltr'><strong>lis</strong></span> <span class='ocrx_word' id='word_1_450' title='bbox 2193 2339 2276 2388; x_wconf 88' lang='lat' dir='ltr'><strong>cst</strong></span> <span class='ocrx_word' id='word_1_451' title='bbox 2327 2331 2490 2386; x_wconf 86' lang='lat' dir='ltr'><strong>homo</strong></span> <span class='ocrx_word' id='word_1_452' title='bbox 2538 2330 2754 2406; x_wconf 86' lang='lat' dir='ltr'><strong>propria</strong></span> <span class='ocrx_word' id='word_1_453' title='bbox 2800 2330 3080 2408; x_wconf 75' lang='lat' dir='ltr'><strong>conferens</strong></span> <span class='ocrx_word' id='word_1_454' title='bbox 3127 2331 3405 2400; x_wconf 85' lang='lat' dir='ltr'><strong>indigenti.</strong></span> <span class='ocrx_word' id='word_1_455' title='bbox 3451 2329 3687 2400; x_wconf 80' lang='lat' dir='ltr'><strong>Uterque</strong></span> 
     </span>
    </p>
   </div>
   <div class='ocr_carea' id='block_1_54' title="bbox 2100 2420 3686 2499">
    <p class='ocr_par' dir='ltr' id='par_1_54' title="bbox 2100 2420 3686 2499">
     <span class='ocr_line' id='line_1_54' title="bbox 2100 2420 3686 2499; baseline 0.002 -23"><span class='ocrx_word' id='word_1_456' title='bbox 2100 2423 2264 2476; x_wconf 91' lang='lat' dir='ltr'><strong>homo</strong></span> <span class='ocrx_word' id='word_1_457' title='bbox 2311 2428 2412 2484; x_wconf 90' lang='lat' dir='ltr'><strong>est,</strong></span> <span class='ocrx_word' id='word_1_458' title='bbox 2585 2437 2724 2478; x_wconf 90' lang='lat' dir='ltr'><strong>unus</strong></span> <span class='ocrx_word' id='word_1_459' title='bbox 2751 2422 2925 2478; x_wconf 89' lang='lat' dir='ltr'><strong>bonus</strong></span> <span class='ocrx_word' id='word_1_460' title='bbox 2955 2422 3090 2488; x_wconf 88' lang='lat' dir='ltr'><strong>aliis,</strong></span> <span class='ocrx_word' id='word_1_461' title='bbox 3135 2425 3186 2478; x_wconf 91' lang='lat' dir='ltr'><strong>in</strong></span> <span class='ocrx_word' id='word_1_462' title='bbox 3216 2424 3335 2478; x_wconf 86' lang='lat' dir='ltr'><strong>aliis</strong></span> <span class='ocrx_word' id='word_1_463' title='bbox 3358 2440 3465 2478; x_wconf 89' lang='lat' dir='ltr'><strong>non</strong></span> <span class='ocrx_word' id='word_1_464' title='bbox 3495 2434 3686 2481; x_wconf 89' lang='lat' dir='ltr'><strong>natura</strong></span> 
     </span>
    </p>
   </div>
   <div class='ocr_carea' id='block_1_55' title="bbox 2099 2512 3683 2585">
    <p class='ocr_par' dir='ltr' id='par_1_55' title="bbox 2099 2512 3683 2585">
     <span class='ocr_line' id='line_1_55' title="bbox 2099 2512 3683 2585; baseline 0.001 -18"><span class='ocrx_word' id='word_1_465' title='bbox 2099 2512 2290 2578; x_wconf 86' lang='lat' dir='ltr'><strong>malus,</strong></span> <span class='ocrx_word' id='word_1_466' title='bbox 2321 2518 2543 2584; x_wconf 83' lang='lat' dir='ltr'><strong>propter</strong></span> <span class='ocrx_word' id='word_1_467' title='bbox 2573 2512 2846 2569; x_wconf 90' lang='lat' dir='ltr'><strong>Creatoris</strong></span> <span class='ocrx_word' id='word_1_468' title='bbox 2872 2514 3144 2582; x_wconf 91' lang='lat' dir='ltr'><strong>injuriam,</strong></span> <span class='ocrx_word' id='word_1_469' title='bbox 3173 2516 3266 2570; x_wconf 89' lang='lat' dir='ltr'><strong>sed</strong></span> <span class='ocrx_word' id='word_1_470' title='bbox 3291 2531 3467 2585; x_wconf 77' lang='lat' dir='ltr'><strong>prava:</strong></span> <span class='ocrx_word' id='word_1_471' title='bbox 3497 2517 3683 2570; x_wconf 79' lang='lat' dir='ltr'><strong>volun-</strong></span> 
     </span>
    </p>
   </div>
   <div class='ocr_carea' id='block_1_56' title="bbox 2099 2603 3683 2672">
    <p class='ocr_par' dir='ltr' id='par_1_56' title="bbox 2099 2603 3683 2672">
     <span class='ocr_line' id='line_1_56' title="bbox 2099 2603 3683 2672; baseline -0.003 -6"><span class='ocrx_word' id='word_1_472' title='bbox 2099 2606 2224 2666; x_wconf 80' lang='lat' dir='ltr'><strong>tatis</strong></span> <span class='ocrx_word' id='word_1_473' title='bbox 2245 2603 2454 2672; x_wconf 84' lang='lat' dir='ltr'><strong>studio;</strong></span> <span class='ocrx_word' id='word_1_474' title='bbox 2483 2603 2656 2662; x_wconf 85' lang='lat' dir='ltr'><strong>bonus</strong></span> <span class='ocrx_word' id='word_1_475' title='bbox 2684 2613 2884 2672; x_wconf 85' lang='lat' dir='ltr'><strong>autem,</strong></span> <span class='ocrx_word' id='word_1_476' title='bbox 2917 2615 2971 2661; x_wconf 91' lang='lat' dir='ltr'><strong>et</strong></span> <span class='ocrx_word' id='word_1_477' title='bbox 3002 2615 3191 2662; x_wconf 86' lang='lat' dir='ltr'><strong>natura</strong></span> <span class='ocrx_word' id='word_1_478' title='bbox 3223 2609 3414 2672; x_wconf 91' lang='lat' dir='ltr'><strong>bonus,</strong></span> <span class='ocrx_word' id='word_1_479' title='bbox 3448 2614 3502 2660; x_wconf 88' lang='lat' dir='ltr'><strong>et</strong></span> <span class='ocrx_word' id='word_1_480' title='bbox 3531 2607 3683 2662; x_wconf 65' lang='lat' dir='ltr'><strong>bona:</strong></span> 
     </span>
    </p>
   </div>
   <div class='ocr_carea' id='block_1_57' title="bbox 2095 2683 3683 2775">
    <p class='ocr_par' dir='ltr' id='par_1_57' title="bbox 2095 2683 3683 2775">
     <span class='ocr_line' id='line_1_57' title="bbox 2095 2683 3683 2775; baseline -0.001 -19"><span class='ocrx_word' id='word_1_481' title='bbox 2095 2698 2276 2758; x_wconf 84' lang='lat' dir='ltr'><strong>studio</strong></span> <span class='ocrx_word' id='word_1_482' title='bbox 2321 2697 2637 2758; x_wconf 82' lang='lat' dir='ltr'><strong>voluntatis.</strong></span> <span class='ocrx_word' id='word_1_483' title='bbox 2673 2696 2825 2758; x_wconf 88' lang='lat' dir='ltr'><strong>Unde</strong></span> <span class='ocrx_word' id='word_1_484' title='bbox 2861 2683 2931 2754; x_wconf 25' lang='lat' dir='ltr'><strong>let</strong></span> <span class='ocrx_word' id='word_1_485' title='bbox 2960 2699 3279 2775; x_wconf 82' lang='lat' dir='ltr'><strong>angelorum</strong></span> <span class='ocrx_word' id='word_1_486' title='bbox 3334 2713 3560 2752; x_wconf 89' lang='lat' dir='ltr'><strong>canores</strong></span> <span class='ocrx_word' id='word_1_487' title='bbox 3602 2699 3683 2754; x_wconf 89' lang='lat' dir='ltr'><strong>his</strong></span> 
     </span>
    </p>
   </div>
   <div class='ocr_carea' id='block_1_58' title="bbox 2097 2787 3683 2860">
    <p class='ocr_par' dir='ltr' id='par_1_58' title="bbox 2097 2787 3683 2860">
     <span class='ocr_line' id='line_1_58' title="bbox 2097 2787 3683 2860; baseline -0.002 -15"><span class='ocrx_word' id='word_1_488' title='bbox 2097 2788 2436 2846; x_wconf 84' lang='lat' dir='ltr'><strong>sermonibus</strong></span> <span class='ocrx_word' id='word_1_489' title='bbox 2463 2789 2907 2856; x_wconf 84' lang='lat' dir='ltr'><strong>resonabunt,-ut</strong></span> <span class='ocrx_word' id='word_1_490' title='bbox 2934 2787 3042 2844; x_wconf 80' lang='lat' dir='ltr'><strong>Deo</strong></span> <span class='ocrx_word' id='word_1_491' title='bbox 3065 2791 3230 2860; x_wconf 84' lang='lat' dir='ltr'><strong>gloria</strong></span> <span class='ocrx_word' id='word_1_492' title='bbox 3270 2791 3324 2843; x_wconf 86' lang='lat' dir='ltr'><strong>in</strong></span> <span class='ocrx_word' id='word_1_493' title='bbox 3353 2787 3565 2844; x_wconf 71' lang='lat' dir='ltr'><strong>excelsis</strong></span> <span class='ocrx_word' id='word_1_494' title='bbox 3593 2805 3683 2852; x_wconf 81' lang='lat' dir='ltr'><strong>ca-</strong></span> 
     </span>
    </p>
   </div>
   <div class='ocr_carea' id='block_1_59' title="bbox 2097 2877 3682 2956">
    <p class='ocr_par' dir='ltr' id='par_1_59' title="bbox 2097 2877 3682 2956">
     <span class='ocr_line' id='line_1_59' title="bbox 2097 2877 3682 2956; baseline -0.001 -18"><span class='ocrx_word' id='word_1_495' title='bbox 2097 2889 2317 2940; x_wconf 89' lang='lat' dir='ltr'><strong>neretur</strong></span> <span class='ocrx_word' id='word_1_496' title='bbox 2342 2890 2398 2938; x_wconf 93' lang='lat' dir='ltr'><strong>et</strong></span> <span class='ocrx_word' id='word_1_497' title='bbox 2439 2896 2629 2953; x_wconf 89' lang='lat' dir='ltr'><strong>pacem</strong></span> <span class='ocrx_word' id='word_1_498' title='bbox 2658 2881 2756 2940; x_wconf 87' lang='lat' dir='ltr'><strong>Dei</strong></span> <span class='ocrx_word' id='word_1_499' title='bbox 2803 2896 2966 2952; x_wconf 89' lang='lat' dir='ltr'><strong>super</strong></span> <span class='ocrx_word' id='word_1_500' title='bbox 2995 2888 3190 2936; x_wconf 87' lang='lat' dir='ltr'><strong>terram</strong></span> <span class='ocrx_word' id='word_1_501' title='bbox 3205 2877 3334 2942; x_wconf 75' lang='lat' dir='ltr'><strong>cum</strong></span> <span class='ocrx_word' id='word_1_502' title='bbox 3379 2881 3682 2956; x_wconf 81' lang='lat' dir='ltr'><strong>hominibus</strong></span> 
     </span>
    </p>
   </div>
   <div class='ocr_carea' id='block_1_60' title="bbox 2096 2966 3682 3040">
    <p class='ocr_par' dir='ltr' id='par_1_60' title="bbox 2096 2966 3682 3040">
     <span class='ocr_line' id='line_1_60' title="bbox 2096 2966 3682 3040; baseline -0.002 -11"><span class='ocrx_word' id='word_1_503' title='bbox 2096 2974 2253 3030; x_wconf 65' lang='lat' dir='ltr'><strong>bonae</strong></span> <span class='ocrx_word' id='word_1_504' title='bbox 2280 2980 2527 3032; x_wconf 84' lang='lat' dir='ltr'><strong>sererent</strong></span> <span class='ocrx_word' id='word_1_505' title='bbox 2552 2970 2841 3026; x_wconf 87' lang='lat' dir='ltr'><strong>voluntatis</strong></span> <span class='ocrx_word' id='word_1_506' title='bbox 2862 2970 2882 3040; x_wconf 90' lang='lat'><strong>(</strong></span> <span class='ocrx_word' id='word_1_507' title='bbox 2902 2968 3024 3022; x_wconf 83' lang='lat' dir='ltr'><strong>Luc.</strong></span> <span class='ocrx_word' id='word_1_508' title='bbox 3051 2986 3107 3035; x_wconf 87' lang='grc' dir='ltr'><strong><em>ιι,</em></strong></span> <span class='ocrx_word' id='word_1_509' title='bbox 3133 2971 3217 3032; x_wconf 76' lang='grc'><strong>14,</strong></span> <span class='ocrx_word' id='word_1_510' title='bbox 3252 2966 3360 3038; x_wconf 76' lang='grc'><strong>15).</strong></span> <span class='ocrx_word' id='word_1_511' title='bbox 3385 2971 3535 3038; x_wconf 79' lang='lat' dir='ltr'><strong>Malae</strong></span> <span class='ocrx_word' id='word_1_512' title='bbox 3556 2985 3682 3040; x_wconf 89' lang='lat' dir='ltr'><strong>ergo</strong></span> 
     </span>
    </p>
   </div>
   <div class='ocr_carea' id='block_1_61' title="bbox 2099 3062 3680 3134">
    <p class='ocr_par' dir='ltr' id='par_1_61' title="bbox 2099 3062 3680 3134">
     <span class='ocr_line' id='line_1_61' title="bbox 2099 3062 3680 3134; baseline -0.001 -15"><span class='ocrx_word' id='word_1_513' title='bbox 2099 3065 2390 3121; x_wconf 88' lang='lat' dir='ltr'><strong>voluntatis</strong></span> <span class='ocrx_word' id='word_1_514' title='bbox 2411 3062 2632 3118; x_wconf 85' lang='lat' dir='ltr'><strong>arbitrio</strong></span> <span class='ocrx_word' id='word_1_515' title='bbox 2661 3063 2882 3132; x_wconf 88' lang='lat' dir='ltr'><strong>angelus</strong></span> <span class='ocrx_word' id='word_1_516' title='bbox 2908 3062 3081 3121; x_wconf 90' lang='lat' dir='ltr'><strong>bonus</strong></span> <span class='ocrx_word' id='word_1_517' title='bbox 3109 3077 3231 3117; x_wconf 89' lang='lat' dir='ltr'><strong>cum</strong></span> <span class='ocrx_word' id='word_1_518' title='bbox 3246 3072 3411 3131; x_wconf 82' lang='lat' dir='ltr'><strong>esset,</strong></span> <span class='ocrx_word' id='word_1_519' title='bbox 3444 3063 3680 3134; x_wconf 85' lang='lat' dir='ltr'><strong>declina-</strong></span> 
     </span>
    </p>
   </div>
   <div class='ocr_carea' id='block_1_62' title="bbox 419 3141 3680 3232">
    <p class='ocr_par' dir='ltr' id='par_1_62' title="bbox 419 3141 3680 3232">
     <span class='ocr_line' id='line_1_62' title="bbox 419 3141 3680 3232; baseline 0.004 -36"><span class='ocrx_word' id='word_1_520' title='bbox 419 3141 576 3199; x_wconf 89' lang='lat' dir='ltr'><strong>bolus</strong></span> <span class='ocrx_word' id='word_1_521' title='bbox 600 3159 710 3200; x_wconf 90' lang='lat' dir='ltr'><strong>non</strong></span> <span class='ocrx_word' id='word_1_522' title='bbox 737 3145 855 3202; x_wconf 89' lang='lat' dir='ltr'><strong>sine</strong></span> <span class='ocrx_word' id='word_1_523' title='bbox 892 3146 1045 3204; x_wconf 90' lang='lat' dir='ltr'><strong>initio</strong></span> <span class='ocrx_word' id='word_1_524' title='bbox 1073 3157 1154 3206; x_wconf 90' lang='lat' dir='ltr'><strong>est</strong></span> <span class='ocrx_word' id='word_1_525' title='bbox 1193 3160 1420 3218; x_wconf 88' lang='lat' dir='ltr'><strong>creatus,</strong></span> <span class='ocrx_word' id='word_1_526' title='bbox 1451 3163 1510 3211; x_wconf 91' lang='lat' dir='ltr'><strong>ut</strong></span> <span class='ocrx_word' id='word_1_527' title='bbox 1528 3156 1760 3215; x_wconf 79' lang='lat' dir='ltr'><strong>Marcion</strong></span> <span class='ocrx_word' id='word_1_528' title='bbox 1780 3161 1991 3232; x_wconf 85' lang='lat' dir='ltr'><strong>delirat,</strong></span> <span class='ocrx_word' id='word_1_529' title='bbox 2022 3152 2070 3216; x_wconf 89' lang='lat' dir='ltr'>C</span> <span class='ocrx_word' id='word_1_530' title='bbox 2098 3158 2176 3215; x_wconf 93' lang='lat' dir='ltr'><strong>vit</strong></span> <span class='ocrx_word' id='word_1_531' title='bbox 2201 3156 2268 3212; x_wconf 92' lang='lat' dir='ltr'><strong>ad</strong></span> <span class='ocrx_word' id='word_1_532' title='bbox 2296 3155 2494 3210; x_wconf 90' lang='lat' dir='ltr'><strong>malum</strong></span> <span class='ocrx_word' id='word_1_533' title='bbox 2523 3173 2534 3208; x_wconf 91' lang='lat'><strong>:</strong></span> <span class='ocrx_word' id='word_1_534' title='bbox 2567 3155 2710 3210; x_wconf 91' lang='lat' dir='ltr'><strong>hunc</strong></span> <span class='ocrx_word' id='word_1_535' title='bbox 2736 3162 2950 3210; x_wconf 88' lang='lat' dir='ltr'><strong>secutus</strong></span> <span class='ocrx_word' id='word_1_536' title='bbox 2979 3161 3062 3209; x_wconf 89' lang='lat' dir='ltr'><strong>est</strong></span> <span class='ocrx_word' id='word_1_537' title='bbox 3079 3156 3244 3210; x_wconf 86' lang='lat' dir='ltr'><strong>homo</strong></span> <span class='ocrx_word' id='word_1_538' title='bbox 3273 3153 3431 3225; x_wconf 81' lang='lat' dir='ltr'><strong>(Gen.</strong></span> <span class='ocrx_word' id='word_1_539' title='bbox 3466 3154 3564 3223; x_wconf 86' lang='grc' dir='ltr'><strong><em>ιιι),</em></strong></span> <span class='ocrx_word' id='word_1_540' title='bbox 3591 3155 3680 3225; x_wconf 91' lang='lat' dir='ltr'><strong>qui</strong></span> 
     </span>
    </p>
   </div>
   <div class='ocr_carea' id='block_1_63' title="bbox 415 3233 1994 3313">
    <p class='ocr_par' dir='ltr' id='par_1_63' title="bbox 415 3233 1994 3313">
     <span class='ocr_line' id='line_1_63' title="bbox 415 3233 1994 3313; baseline 0.016 -26"><span class='ocrx_word' id='word_1_541' title='bbox 415 3233 513 3296; x_wconf 80' lang='lat' dir='ltr'><strong>sed</strong></span> <span class='ocrx_word' id='word_1_542' title='bbox 533 3250 564 3289; x_wconf 89' lang='lat' dir='ltr'><strong>a</strong></span> <span class='ocrx_word' id='word_1_543' title='bbox 587 3235 699 3294; x_wconf 83' lang='lat' dir='ltr'><strong>Deo</strong></span> <span class='ocrx_word' id='word_1_544' title='bbox 725 3236 872 3294; x_wconf 87' lang='lat' dir='ltr'><strong>bono</strong></span> <span class='ocrx_word' id='word_1_545' title='bbox 890 3239 1114 3308; x_wconf 81' lang='lat' dir='ltr'><strong>angelus</strong></span> <span class='ocrx_word' id='word_1_546' title='bbox 1131 3240 1305 3300; x_wconf 70' lang='lat' dir='ltr'><strong>tinctus</strong></span> <span class='ocrx_word' id='word_1_547' title='bbox 1325 3253 1424 3313; x_wconf 83' lang='lat' dir='ltr'><strong>est,</strong></span> <span class='ocrx_word' id='word_1_548' title='bbox 1451 3255 1505 3303; x_wconf 87' lang='lat' dir='ltr'><strong>et</strong></span> <span class='ocrx_word' id='word_1_549' title='bbox 1523 3253 1903 3310; x_wconf 76' lang='lat' dir='ltr'><strong>omnemslum</strong></span> <span class='ocrx_word' id='word_1_550' title='bbox 1924 3272 1994 3312; x_wconf 71' lang='lat' dir='ltr'><strong>ex</strong></span> 
     </span>
    </p>
   </div>
   <div class='ocr_carea' id='block_1_64' title="bbox 415 3327 1031 3404">
    <p class='ocr_par' dir='ltr' id='par_1_64' title="bbox 415 3327 1031 3404">
     <span class='ocr_line' id='line_1_64' title="bbox 415 3327 1031 3404; baseline 0.008 -24"><span class='ocrx_word' id='word_1_551' title='bbox 415 3327 533 3398; x_wconf 79' lang='lat' dir='ltr'><strong>ipso</strong></span> <span class='ocrx_word' id='word_1_552' title='bbox 553 3328 762 3384; x_wconf 85' lang='lat' dir='ltr'><strong>initium</strong></span> <span class='ocrx_word' id='word_1_553' title='bbox 783 3333 1031 3404; x_wconf 83' lang='lat' dir='ltr'><strong>sumpsit.</strong></span> 
     </span>
    </p>
   </div>
   <div class='ocr_carea' id='block_1_65' title="bbox 483 3416 1994 3498">
    <p class='ocr_par' dir='ltr' id='par_1_65' title="bbox 483 3416 1994 3498">
     <span class='ocr_line' id='line_1_65' title="bbox 483 3416 1994 3498; baseline 0.016 -25"><span class='ocrx_word' id='word_1_554' title='bbox 483 3416 511 3456; x_wconf 73' lang='grc' dir='ltr'><strong><em>ει</em></strong></span> <span class='ocrx_word' id='word_1_555' title='bbox 551 3417 745 3480; x_wconf 74' lang='lat' dir='ltr'><strong>Malum</strong></span> <span class='ocrx_word' id='word_1_556' title='bbox 774 3430 953 3484; x_wconf 80' lang='lat' dir='ltr'><strong>autem</strong></span> <span class='ocrx_word' id='word_1_557' title='bbox 984 3440 1102 3488; x_wconf 77' lang='lat' dir='ltr'><strong>esse</strong></span> <span class='ocrx_word' id='word_1_558' title='bbox 1128 3427 1272 3496; x_wconf 89' lang='lat' dir='ltr'><strong>quod</strong></span> <span class='ocrx_word' id='word_1_559' title='bbox 1300 3430 1550 3498; x_wconf 89' lang='lat' dir='ltr'><strong>prohibet</strong></span> <span class='ocrx_word' id='word_1_560' title='bbox 1590 3433 1705 3490; x_wconf 84' lang='lat' dir='ltr'><strong>ﬁeri</strong></span> <span class='ocrx_word' id='word_1_561' title='bbox 1742 3437 1914 3494; x_wconf 88' lang='lat' dir='ltr'><strong>bonus</strong></span> <span class='ocrx_word' id='word_1_562' title='bbox 1939 3449 1994 3497; x_wconf 88' lang='lat' dir='ltr'><strong>et</strong></span> 
     </span>
    </p>
   </div>
   <div class='ocr_carea' id='block_1_66' title="bbox 415 3509 1996 3597">
    <p class='ocr_par' dir='ltr' id='par_1_66' title="bbox 415 3509 1996 3597">
     <span class='ocr_line' id='line_1_66' title="bbox 415 3509 1996 3597; baseline 0.01 -27"><span class='ocrx_word' id='word_1_563' title='bbox 415 3509 672 3582; x_wconf 85' lang='lat' dir='ltr'><strong>benignus</strong></span> <span class='ocrx_word' id='word_1_564' title='bbox 700 3513 860 3579; x_wconf 86' lang='lat' dir='ltr'><strong>Deus,</strong></span> <span class='ocrx_word' id='word_1_565' title='bbox 884 3515 1098 3572; x_wconf 85' lang='lat' dir='ltr'><strong>etiamsi</strong></span> <span class='ocrx_word' id='word_1_566' title='bbox 1125 3517 1179 3574; x_wconf 90' lang='lat' dir='ltr'><strong>id</strong></span> <span class='ocrx_word' id='word_1_567' title='bbox 1217 3518 1416 3576; x_wconf 85' lang='lat' dir='ltr'><strong>bonum</strong></span> <span class='ocrx_word' id='word_1_568' title='bbox 1445 3523 1536 3587; x_wconf 86' lang='lat' dir='ltr'><strong>sit,</strong></span> <span class='ocrx_word' id='word_1_569' title='bbox 1568 3527 1764 3582; x_wconf 88' lang='lat' dir='ltr'><strong>malum</strong></span> <span class='ocrx_word' id='word_1_570' title='bbox 1786 3529 1996 3597; x_wconf 86' lang='lat' dir='ltr'><strong>judica-</strong></span> 
     </span>
    </p>
   </div>
   <div class='ocr_carea' id='block_1_67' title="bbox 415 3601 1990 3688">
    <p class='ocr_par' dir='ltr' id='par_1_67' title="bbox 415 3601 1990 3688">
     <span class='ocr_line' id='line_1_67' title="bbox 415 3601 1990 3688; baseline 0.011 -30"><span class='ocrx_word' id='word_1_571' title='bbox 415 3601 556 3659; x_wconf 65' lang='grc' dir='ltr'><strong>δίων</strong></span> <span class='ocrx_word' id='word_1_572' title='bbox 581 3619 680 3674; x_wconf 83' lang='lat' dir='ltr'><strong>per</strong></span> <span class='ocrx_word' id='word_1_573' title='bbox 696 3607 1111 3676; x_wconf 80' lang='lat' dir='ltr'><strong>prohibitionem</strong></span> <span class='ocrx_word' id='word_1_574' title='bbox 1131 3606 1474 3678; x_wconf 81' lang='lat' dir='ltr'><strong>Legislatoris</strong></span> <span class='ocrx_word' id='word_1_575' title='bbox 1484 3613 1599 3670; x_wconf 89' lang='lat' dir='ltr'><strong>Dei.</strong></span> <span class='ocrx_word' id='word_1_576' title='bbox 1615 3615 1644 3669; x_wconf 84' lang='lat' dir='ltr'><strong>J</strong></span> <span class='ocrx_word' id='word_1_577' title='bbox 1648 3633 1730 3671; x_wconf 89' lang='lat' dir='ltr'><strong>am</strong></span> <span class='ocrx_word' id='word_1_578' title='bbox 1745 3619 1872 3688; x_wconf 92' lang='lat' dir='ltr'><strong>quid</strong></span> <span class='ocrx_word' id='word_1_579' title='bbox 1884 3628 1990 3677; x_wconf 87' lang='lat' dir='ltr'><strong>tam</strong></span> 
     </span>
    </p>
   </div>
   <div class='ocr_carea' id='block_1_68' title="bbox 417 3694 1996 3778">
    <p class='ocr_par' dir='ltr' id='par_1_68' title="bbox 417 3694 1996 3778">
     <span class='ocr_line' id='line_1_68' title="bbox 417 3694 1996 3778; baseline 0.011 -29"><span class='ocrx_word' id='word_1_580' title='bbox 417 3694 614 3754; x_wconf 85' lang='lat' dir='ltr'><strong>bonum</strong></span> <span class='ocrx_word' id='word_1_581' title='bbox 641 3711 802 3767; x_wconf 84' lang='lat' dir='ltr'><strong>quam</strong></span> <span class='ocrx_word' id='word_1_582' title='bbox 832 3699 1156 3758; x_wconf 81' lang='lat' dir='ltr'><strong>sacriﬁcium</strong></span> <span class='ocrx_word' id='word_1_583' title='bbox 1184 3700 1295 3758; x_wconf 91' lang='lat' dir='ltr'><strong>Deo</strong></span> <span class='ocrx_word' id='word_1_584' title='bbox 1324 3702 1554 3760; x_wconf 79' lang='lat' dir='ltr'><strong>ollerre?</strong></span> <span class='ocrx_word' id='word_1_585' title='bbox 1591 3705 1693 3762; x_wconf 88' lang='lat' dir='ltr'><strong>Sed</strong></span> <span class='ocrx_word' id='word_1_586' title='bbox 1723 3711 1996 3778; x_wconf 87' lang='lat' dir='ltr'><strong>quomodo</strong></span> 
     </span>
    </p>
   </div>
   <div class='ocr_carea' id='block_1_69' title="bbox 416 3789 1996 3872">
    <p class='ocr_par' dir='ltr' id='par_1_69' title="bbox 416 3789 1996 3872">
     <span class='ocr_line' id='line_1_69' title="bbox 416 3789 1996 3872; baseline 0.009 -30"><span class='ocrx_word' id='word_1_587' title='bbox 416 3793 727 3856; x_wconf 86' lang='lat' dir='ltr'><strong>exspectare</strong></span> <span class='ocrx_word' id='word_1_588' title='bbox 753 3796 999 3846; x_wconf 83' lang='lat' dir='ltr'><strong>sanctum</strong></span> <span class='ocrx_word' id='word_1_589' title='bbox 1025 3789 1331 3848; x_wconf 78' lang='lat' dir='ltr'><strong>Samuelem</strong></span> <span class='ocrx_word' id='word_1_590' title='bbox 1369 3809 1464 3855; x_wconf 83' lang='lat' dir='ltr'><strong>rex</strong></span> <span class='ocrx_word' id='word_1_591' title='bbox 1491 3795 1617 3853; x_wconf 85' lang='lat' dir='ltr'><strong>Saul</strong></span> <span class='ocrx_word' id='word_1_592' title='bbox 1656 3799 1847 3865; x_wconf 87' lang='lat' dir='ltr'><strong>noluit,</strong></span> <span class='ocrx_word' id='word_1_593' title='bbox 1881 3803 1996 3872; x_wconf 84' lang='lat' dir='ltr'><strong>ipse</strong></span> 
     </span>
    </p>
   </div>
   <div class='ocr_carea' id='block_1_70' title="bbox 418 3878 1994 3956">
    <p class='ocr_par' dir='ltr' id='par_1_70' title="bbox 418 3878 1994 3956">
     <span class='ocr_line' id='line_1_70' title="bbox 418 3878 1994 3956; baseline 0.014 -28"><span class='ocrx_word' id='word_1_594' title='bbox 418 3882 597 3938; x_wconf 72' lang='lat' dir='ltr'><strong>autem</strong></span> <span class='ocrx_word' id='word_1_595' title='bbox 624 3878 943 3936; x_wconf 73' lang='lat' dir='ltr'><strong>sacriﬁcium</strong></span> <span class='ocrx_word' id='word_1_596' title='bbox 969 3890 1218 3939; x_wconf 67' lang='lat' dir='ltr'><strong>nim-ante</strong></span> <span class='ocrx_word' id='word_1_597' title='bbox 1255 3884 1536 3954; x_wconf 76' lang='lat' dir='ltr'><strong>Samuele,</strong></span> <span class='ocrx_word' id='word_1_598' title='bbox 1570 3888 1822 3956; x_wconf 87' lang='lat' dir='ltr'><strong>incendit,</strong></span> <span class='ocrx_word' id='word_1_599' title='bbox 1857 3894 1994 3950; x_wconf 85' lang='lat' dir='ltr'><strong>ultra</strong></span> 
     </span>
    </p>
   </div>
   <div class='ocr_carea' id='block_1_71' title="bbox 2093 3245 3679 3317">
    <p class='ocr_par' dir='ltr' id='par_1_71' title="bbox 2093 3245 3679 3317">
     <span class='ocr_line' id='line_1_71' title="bbox 2093 3245 3679 3317; baseline -0.003 -13"><span class='ocrx_word' id='word_1_600' title='bbox 2093 3249 2288 3305; x_wconf 72' lang='lat' dir='ltr'><strong>divinae</strong></span> <span class='ocrx_word' id='word_1_601' title='bbox 2316 3247 2448 3316; x_wconf 87' lang='lat' dir='ltr'><strong>legis</strong></span> <span class='ocrx_word' id='word_1_602' title='bbox 2477 3246 2719 3303; x_wconf 84' lang='lat' dir='ltr'><strong>instituta</strong></span> <span class='ocrx_word' id='word_1_603' title='bbox 2739 3246 3080 3317; x_wconf 86' lang='lat' dir='ltr'><strong>contempsit.</strong></span> <span class='ocrx_word' id='word_1_604' title='bbox 3099 3245 3326 3302; x_wconf 87' lang='lat' dir='ltr'><strong>Creator</strong></span> <span class='ocrx_word' id='word_1_605' title='bbox 3353 3251 3530 3301; x_wconf 74' lang='lat' dir='ltr'><strong>autem</strong></span> <span class='ocrx_word' id='word_1_606' title='bbox 3543 3260 3679 3315; x_wconf 74' lang='lat' dir='ltr'><strong>pm-</strong></span> 
     </span>
    </p>
   </div>
   <div class='ocr_carea' id='block_1_72' title="bbox 2096 3338 3680 3412">
    <p class='ocr_par' dir='ltr' id='par_1_72' title="bbox 2096 3338 3680 3412">
     <span class='ocr_line' id='line_1_72' title="bbox 2096 3338 3680 3412; baseline -0.001 -16"><span class='ocrx_word' id='word_1_607' title='bbox 2096 3341 2241 3396; x_wconf 88' lang='lat' dir='ltr'><strong>scius</strong></span> <span class='ocrx_word' id='word_1_608' title='bbox 2261 3343 2662 3412; x_wconf 83' lang='lat' dir='ltr'><strong>contemptores</strong></span> <span class='ocrx_word' id='word_1_609' title='bbox 2691 3338 2806 3395; x_wconf 79' lang='lat' dir='ltr'><strong>fore</strong></span> <span class='ocrx_word' id='word_1_610' title='bbox 2828 3347 2882 3394; x_wconf 90' lang='lat' dir='ltr'><strong>et</strong></span> <span class='ocrx_word' id='word_1_611' title='bbox 2910 3340 3129 3409; x_wconf 85' lang='lat' dir='ltr'><strong>angelos</strong></span> <span class='ocrx_word' id='word_1_612' title='bbox 3159 3347 3214 3394; x_wconf 84' lang='lat' dir='ltr'><strong>et</strong></span> <span class='ocrx_word' id='word_1_613' title='bbox 3241 3339 3505 3404; x_wconf 88' lang='lat' dir='ltr'><strong>homines,</strong></span> <span class='ocrx_word' id='word_1_614' title='bbox 3525 3338 3680 3408; x_wconf 50' lang='lat' dir='ltr'><strong>justid</strong></span> 
     </span>
    </p>
   </div>
   <div class='ocr_carea' id='block_1_73' title="bbox 2099 3437 3682 3502">
    <p class='ocr_par' dir='ltr' id='par_1_73' title="bbox 2099 3437 3682 3502">
     <span class='ocr_line' id='line_1_73' title="bbox 2099 3437 3682 3502; baseline -0.001 -10"><span class='ocrx_word' id='word_1_615' title='bbox 2099 3439 2184 3492; x_wconf 65' lang='lat' dir='ltr'><strong>tias</strong></span> <span class='ocrx_word' id='word_1_616' title='bbox 2222 3453 2331 3492; x_wconf 71' lang='lat' dir='ltr'><strong>sua:</strong></span> <span class='ocrx_word' id='word_1_617' title='bbox 2377 3437 2618 3494; x_wconf 88' lang='lat' dir='ltr'><strong>subditos</strong></span> <span class='ocrx_word' id='word_1_618' title='bbox 2647 3437 2791 3502; x_wconf 80' lang='lat' dir='ltr'><strong>fecit,</strong></span> <span class='ocrx_word' id='word_1_619' title='bbox 2825 3439 2898 3492; x_wconf 89' lang='lat' dir='ltr'><strong>ita</strong></span> <span class='ocrx_word' id='word_1_620' title='bbox 2927 3447 2988 3493; x_wconf 89' lang='lat' dir='ltr'><strong>ut</strong></span> <span class='ocrx_word' id='word_1_621' title='bbox 3013 3439 3259 3494; x_wconf 87' lang='lat' dir='ltr'><strong>absolute</strong></span> <span class='ocrx_word' id='word_1_622' title='bbox 3288 3453 3382 3494; x_wconf 90' lang='lat' dir='ltr'><strong>eos</strong></span> <span class='ocrx_word' id='word_1_623' title='bbox 3408 3453 3516 3492; x_wconf 63' lang='lat' dir='ltr'><strong>sua:</strong></span> <span class='ocrx_word' id='word_1_624' title='bbox 3561 3449 3682 3491; x_wconf 81' lang='lat' dir='ltr'><strong>esse</strong></span> 
     </span>
    </p>
   </div>
   <div class='ocr_carea' id='block_1_74' title="bbox 2095 3527 3679 3601">
    <p class='ocr_par' dir='ltr' id='par_1_74' title="bbox 2095 3527 3679 3601">
     <span class='ocr_line' id='line_1_74' title="bbox 2095 3527 3679 3601; baseline -0.003 -16"><span class='ocrx_word' id='word_1_625' title='bbox 2095 3531 2434 3601; x_wconf 77' lang='lat' dir='ltr'><strong>permitteret</strong></span> <span class='ocrx_word' id='word_1_626' title='bbox 2458 3530 2768 3594; x_wconf 86' lang='lat' dir='ltr'><strong>voluntatis,</strong></span> <span class='ocrx_word' id='word_1_627' title='bbox 2801 3538 2828 3575; x_wconf 72' lang='lat' dir='ltr'><strong>IS</strong></span> <span class='ocrx_word' id='word_1_628' title='bbox 2857 3530 2981 3597; x_wconf 88' lang='lat' dir='ltr'><strong>quia</strong></span> <span class='ocrx_word' id='word_1_629' title='bbox 3008 3544 3112 3583; x_wconf 91' lang='lat' dir='ltr'><strong>nec</strong></span> <span class='ocrx_word' id='word_1_630' title='bbox 3137 3528 3295 3582; x_wconf 87' lang='lat' dir='ltr'><strong>aliter</strong></span> <span class='ocrx_word' id='word_1_631' title='bbox 3316 3529 3499 3594; x_wconf 82' lang='lat' dir='ltr'><strong>gratiae</strong></span> <span class='ocrx_word' id='word_1_632' title='bbox 3518 3527 3679 3580; x_wconf 88' lang='lat' dir='ltr'><strong>retri-</strong></span> 
     </span>
    </p>
   </div>
   <div class='ocr_carea' id='block_1_75' title="bbox 2098 3622 3418 3691">
    <p class='ocr_par' dir='ltr' id='par_1_75' title="bbox 2098 3622 3418 3691">
     <span class='ocr_line' id='line_1_75' title="bbox 2098 3622 3418 3691; baseline -0.01 -13"><span class='ocrx_word' id='word_1_633' title='bbox 2098 3623 2249 3678; x_wconf 91' lang='lat' dir='ltr'><strong>butio</strong></span> <span class='ocrx_word' id='word_1_634' title='bbox 2265 3622 2410 3691; x_wconf 90' lang='lat' dir='ltr'><strong>justa</strong></span> <span class='ocrx_word' id='word_1_635' title='bbox 2440 3636 2560 3676; x_wconf 90' lang='lat' dir='ltr'><strong>esse</strong></span> <span class='ocrx_word' id='word_1_636' title='bbox 2578 3627 2780 3690; x_wconf 81' lang='lat' dir='ltr'><strong>posset.</strong></span> <span class='ocrx_word' id='word_1_637' title='bbox 3415 3637 3418 3640; x_wconf 86' lang='lat'><strong><em>-</em></strong></span> 
     </span>
    </p>
   </div>
   <div class='ocr_carea' id='block_1_76' title="bbox 2168 3707 3678 3778">
    <p class='ocr_par' dir='ltr' id='par_1_76' title="bbox 2168 3707 3678 3778">
     <span class='ocr_line' id='line_1_76' title="bbox 2168 3707 3678 3778; baseline -0.001 -13"><span class='ocrx_word' id='word_1_638' title='bbox 2168 3711 2386 3766; x_wconf 86' lang='lat' dir='ltr'><strong>Initium</strong></span> <span class='ocrx_word' id='word_1_639' title='bbox 2415 3718 2593 3764; x_wconf 91' lang='lat' dir='ltr'><strong>autem</strong></span> <span class='ocrx_word' id='word_1_640' title='bbox 2622 3709 2854 3777; x_wconf 88' lang='lat' dir='ltr'><strong>hominis</strong></span> <span class='ocrx_word' id='word_1_641' title='bbox 2883 3711 2937 3762; x_wconf 78' lang='lat' dir='ltr'><strong>et</strong></span> <span class='ocrx_word' id='word_1_642' title='bbox 2964 3708 3418 3778; x_wconf 67' lang='lat' dir='ltr'><strong>praevaricationis</strong></span> <span class='ocrx_word' id='word_1_643' title='bbox 3445 3707 3560 3774; x_wconf 88' lang='lat' dir='ltr'><strong>ejus</strong></span> <span class='ocrx_word' id='word_1_644' title='bbox 3574 3709 3678 3763; x_wconf 83' lang='lat' dir='ltr'><strong>evi-</strong></span> 
     </span>
    </p>
   </div>
   <div class='ocr_carea' id='block_1_77' title="bbox 2097 3796 3679 3867">
    <p class='ocr_par' dir='ltr' id='par_1_77' title="bbox 2097 3796 3679 3867">
     <span class='ocr_line' id='line_1_77' title="bbox 2097 3796 3679 3867; baseline -0.003 -10"><span class='ocrx_word' id='word_1_645' title='bbox 2097 3803 2232 3857; x_wconf 89' lang='lat' dir='ltr'><strong>dens</strong></span> <span class='ocrx_word' id='word_1_646' title='bbox 2259 3801 2533 3856; x_wconf 86' lang='lat' dir='ltr'><strong>Geneseos</strong></span> <span class='ocrx_word' id='word_1_647' title='bbox 2561 3799 2697 3853; x_wconf 89' lang='lat' dir='ltr'><strong>liber</strong></span> <span class='ocrx_word' id='word_1_648' title='bbox 2736 3797 2877 3852; x_wconf 89' lang='lat' dir='ltr'><strong>inter</strong></span> <span class='ocrx_word' id='word_1_649' title='bbox 2902 3797 2986 3851; x_wconf 89' lang='lat' dir='ltr'><strong>sui</strong></span> <span class='ocrx_word' id='word_1_650' title='bbox 3013 3796 3162 3850; x_wconf 82' lang='lat' dir='ltr'><strong>initis</strong></span> <span class='ocrx_word' id='word_1_651' title='bbox 3205 3796 3460 3863; x_wconf 87' lang='lat' dir='ltr'><strong>loquitur,</strong></span> <span class='ocrx_word' id='word_1_652' title='bbox 3503 3799 3679 3867; x_wconf 89' lang='lat' dir='ltr'><strong>angeli</strong></span> 
     </span>
    </p>
   </div>
   <div class='ocr_carea' id='block_1_78' title="bbox 2098 3886 3677 3959">
    <p class='ocr_par' dir='ltr' id='par_1_78' title="bbox 2098 3886 3677 3959">
     <span class='ocr_line' id='line_1_78' title="bbox 2098 3886 3677 3959; baseline -0.004 -9"><span class='ocrx_word' id='word_1_653' title='bbox 2098 3901 2279 3950; x_wconf 87' lang='lat' dir='ltr'><strong>autem</strong></span> <span class='ocrx_word' id='word_1_654' title='bbox 2315 3892 2527 3948; x_wconf 89' lang='lat' dir='ltr'><strong>initium</strong></span> <span class='ocrx_word' id='word_1_655' title='bbox 2553 3895 2782 3945; x_wconf 85' lang='lat' dir='ltr'><strong>testatur</strong></span> <span class='ocrx_word' id='word_1_656' title='bbox 2828 3888 3086 3959; x_wconf 76' lang='lat' dir='ltr'><strong>propheta</strong></span> <span class='ocrx_word' id='word_1_657' title='bbox 3137 3887 3323 3942; x_wconf 88' lang='lat' dir='ltr'><strong>dicens</strong></span> <span class='ocrx_word' id='word_1_658' title='bbox 3353 3905 3366 3940; x_wconf 90' lang='lat'><strong>:</strong></span> <span class='ocrx_word' id='word_1_659' title='bbox 3393 3886 3420 3923; x_wconf 72' lang='grc' dir='ltr'><strong>ιι</strong></span> <span class='ocrx_word' id='word_1_660' title='bbox 3453 3887 3529 3940; x_wconf 83' lang='grc' dir='ltr'><strong><em>Τιι</em></strong></span> <span class='ocrx_word' id='word_1_661' title='bbox 3562 3905 3677 3943; x_wconf 85' lang='lat' dir='ltr'><strong>eras</strong></span> 
     </span>
    </p>
   </div>
   <div class='ocr_carea' id='block_1_79' title="bbox 1579 4020 2476 4084">
    <p class='ocr_par' dir='ltr' id='par_1_79' title="bbox 1579 4020 2476 4084">
     <span class='ocr_line' id='line_1_79' title="bbox 1579 4020 2476 4084; baseline -0.001 -6"><span class='ocrx_word' id='word_1_662' title='bbox 1579 4020 1689 4078; x_wconf 70' lang='lat' dir='ltr'><strong>FB.</strong></span> <span class='ocrx_word' id='word_1_663' title='bbox 1731 4021 2216 4084; x_wconf 76' lang='lat' dir='ltr'><strong>FEU-ARDENTII</strong></span> <span class='ocrx_word' id='word_1_664' title='bbox 2250 4024 2476 4081; x_wconf 67' lang='lat' dir='ltr'><strong>NOTAE.</strong></span> 
     </span>
    </p>
   </div>
   <div class='ocr_carea' id='block_1_80' title="bbox 496 4121 1990 4196">
    <p class='ocr_par' dir='ltr' id='par_1_80' title="bbox 496 4121 1990 4196">
     <span class='ocr_line' id='line_1_80' title="bbox 496 4121 1990 4196; baseline 0.011 -19"><span class='ocrx_word' id='word_1_665' title='bbox 496 4131 538 4196; x_wconf 29' lang='grc' dir='ltr'><strong>Ἀ</strong></span> <span class='ocrx_word' id='word_1_666' title='bbox 560 4121 684 4180; x_wconf 71' lang='grc' dir='ltr'><strong>Ηωο</strong></span> <span class='ocrx_word' id='word_1_667' title='bbox 709 4123 850 4182; x_wconf 84' lang='lat' dir='ltr'><strong>dicta</strong></span> <span class='ocrx_word' id='word_1_668' title='bbox 875 4125 1118 4184; x_wconf 87' lang='lat' dir='ltr'><strong>vide‘ntur</strong></span> <span class='ocrx_word' id='word_1_669' title='bbox 1136 4128 1392 4186; x_wconf 87' lang='lat' dir='ltr'><strong>adversus</strong></span> <span class='ocrx_word' id='word_1_670' title='bbox 1423 4129 1742 4196; x_wconf 70' lang='lat' dir='ltr'><strong>Manichaws</strong></span> <span class='ocrx_word' id='word_1_671' title='bbox 1786 4143 1842 4192; x_wconf 91' lang='lat' dir='ltr'><strong>et</strong></span> <span class='ocrx_word' id='word_1_672' title='bbox 1869 4135 1990 4192; x_wconf 90' lang='lat' dir='ltr'><strong>Ori-</strong></span> 
     </span>
    </p>
   </div>
   <div class='ocr_carea' id='block_1_81' title="bbox 418 4192 1994 4320">
    <p class='ocr_par' dir='ltr' id='par_1_81' title="bbox 418 4192 1994 4320">
     <span class='ocr_line' id='line_1_81' title="bbox 418 4192 1994 4320; baseline 0.005 -65"><span class='ocrx_word' id='word_1_673' title='bbox 418 4192 838 4320; x_wconf 47' lang='grc' dir='ltr'><strong>ξὲιέἱῶιέεώὥυοο</strong></span> <span class='ocrx_word' id='word_1_674' title='bbox 864 4198 1067 4256; x_wconf 73' lang='lat' dir='ltr'><strong>aninias</strong></span> <span class='ocrx_word' id='word_1_675' title='bbox 1091 4198 1202 4256; x_wconf 87' lang='lat' dir='ltr'><strong>Deo</strong></span> <span class='ocrx_word' id='word_1_676' title='bbox 1221 4209 1516 4258; x_wconf 63' lang='lat' dir='ltr'><strong>coaeternas</strong></span> <span class='ocrx_word' id='word_1_677' title='bbox 1535 4192 1760 4262; x_wconf 73' lang='lat' dir='ltr'><strong>tinxisse</strong></span> <span class='ocrx_word' id='word_1_678' title='bbox 1783 4215 1994 4264; x_wconf 87' lang='lat' dir='ltr'><strong>veteres</strong></span> 
     </span>
    </p>
   </div>
   <div class='ocr_carea' id='block_1_82' title="bbox 483 4331 1993 4414">
    <p class='ocr_par' dir='ltr' id='par_1_82' title="bbox 483 4331 1993 4414">
     <span class='ocr_line' id='line_1_82' title="bbox 483 4331 1993 4414; baseline 0.011 -27"><span class='ocrx_word' id='word_1_679' title='bbox 483 4331 512 4414; x_wconf 62' lang='grc' dir='ltr'><strong>ξ’</strong></span> <span class='ocrx_word' id='word_1_680' title='bbox 553 4332 930 4414; x_wconf 60' lang='lat' dir='ltr'><strong>Tertullinus,</strong></span> <span class='ocrx_word' id='word_1_681' title='bbox 962 4336 1055 4393; x_wconf 91' lang='lat' dir='ltr'><strong>lib.</strong></span> <span class='ocrx_word' id='word_1_682' title='bbox 1103 4338 1172 4414; x_wconf 79' lang='lat' dir='ltr'><strong>de</strong></span> <span class='ocrx_word' id='word_1_683' title='bbox 1208 4338 1416 4404; x_wconf 81' lang='lat' dir='ltr'><strong>Anima,</strong></span> <span class='ocrx_word' id='word_1_684' title='bbox 1450 4343 1641 4414; x_wconf 81' lang='lat' dir='ltr'><strong>capite</strong></span> <span class='ocrx_word' id='word_1_685' title='bbox 1666 4344 1777 4414; x_wconf 15' lang='lat' dir='ltr'><strong>icui</strong></span> <span class='ocrx_word' id='word_1_686' title='bbox 1806 4346 1993 4404; x_wconf 84' lang='lat' dir='ltr'><strong>titulus</strong></span> 
     </span>
    </p>
   </div>
   <div class='ocr_carea' id='block_1_83' title="bbox 413 4399 1991 4486">
    <p class='ocr_par' dir='ltr' id='par_1_83' title="bbox 413 4399 1991 4486">
     <span class='ocr_line' id='line_1_83' title="bbox 413 4399 1991 4486; baseline 0.009 -29"><span class='ocrx_word' id='word_1_687' title='bbox 413 4399 682 4486; x_wconf 59' lang='lat' dir='ltr'><strong>pmngitur</strong></span> <span class='ocrx_word' id='word_1_688' title='bbox 711 4403 883 4486; x_wconf 60' lang='lat' dir='ltr'><strong>Ursum</strong></span> <span class='ocrx_word' id='word_1_689' title='bbox 918 4399 1036 4486; x_wconf 58' lang='lat' dir='ltr'><strong>esse</strong></span> <span class='ocrx_word' id='word_1_690' title='bbox 1055 4410 1282 4486; x_wconf 60' lang='lat' dir='ltr'><strong>animos»</strong></span> <span class='ocrx_word' id='word_1_691' title='bbox 1309 4419 1359 4463; x_wconf 86' lang='lat' dir='ltr'><strong>et</strong></span> <span class='ocrx_word' id='word_1_692' title='bbox 1378 4399 1638 4486; x_wconf 50' lang='lat' dir='ltr'><strong>spiritalis,</strong></span> <span class='ocrx_word' id='word_1_693' title='bbox 1664 4399 1991 4486; x_wconf 30' lang='lat' dir='ltr'><strong>hujusAlsaia—a</strong></span> 
     </span>
    </p>
   </div>
   <div class='ocr_carea' id='block_1_84' title="bbox 415 4470 1989 4556">
    <p class='ocr_par' dir='ltr' id='par_1_84' title="bbox 415 4470 1989 4556">
     <span class='ocr_line' id='line_1_84' title="bbox 415 4470 1989 4556; baseline 0.004 -22"><span class='ocrx_word' id='word_1_694' title='bbox 546 4470 618 4556; x_wconf 76' lang='lat' dir='ltr'><strong>ita</strong></span> <span class='ocrx_word' id='word_1_695' title='bbox 643 4476 885 4556; x_wconf 78' lang='lat' dir='ltr'><strong>meminit</strong></span> <span class='ocrx_word' id='word_1_696' title='bbox 919 4495 932 4530; x_wconf 95' lang='lat'><strong><em>:</em></strong></span> <span class='ocrx_word' id='word_1_697' title='bbox 965 4476 1110 4556; x_wconf 45' lang='lat' dir='ltr'><strong>Satis</strong></span> <span class='ocrx_word' id='word_1_698' title='bbox 1135 4470 1469 4556; x_wconf 61' lang='lat' dir='ltr'><strong>declarantur</strong></span> <span class='ocrx_word' id='word_1_699' title='bbox 1488 4470 1796 4556; x_wconf 54' lang='lat' dir='ltr'><strong>dilerentite</strong></span> <span class='ocrx_word' id='word_1_700' title='bbox 1815 4470 1989 4556; x_wconf 58' lang='lat' dir='ltr'><strong>Spiri;</strong></span> 
     </span>
    </p>
   </div>
   <div class='ocr_carea' id='block_1_85' title="bbox 416 4545 1990 4624">
    <p class='ocr_par' dir='ltr' id='par_1_85' title="bbox 416 4545 1990 4624">
     <span class='ocr_line' id='line_1_85' title="bbox 416 4545 1990 4624; baseline 0.011 -30"><span class='ocrx_word' id='word_1_701' title='bbox 416 4552 496 4596; x_wconf 81' lang='lat' dir='ltr'><strong>tus</strong></span> <span class='ocrx_word' id='word_1_702' title='bbox 522 4551 572 4624; x_wconf 58' lang='lat' dir='ltr'><strong>et</strong></span> <span class='ocrx_word' id='word_1_703' title='bbox 599 4545 940 4624; x_wconf 59' lang='lat' dir='ltr'><strong>annua,_ipso</strong></span> <span class='ocrx_word' id='word_1_704' title='bbox 977 4545 1086 4604; x_wconf 80' lang='lat' dir='ltr'><strong>Deo</strong></span> <span class='ocrx_word' id='word_1_705' title='bbox 1114 4552 1479 4624; x_wconf 69' lang='lat' dir='ltr'><strong>pronuntiante</strong></span> <span class='ocrx_word' id='word_1_706' title='bbox 1501 4545 1778 4624; x_wconf 47' lang='lat' dir='ltr'><strong>:_&#39;Spiritus</strong></span> <span class='ocrx_word' id='word_1_707' title='bbox 1803 4545 1869 4610; x_wconf 55' lang='lat' dir='ltr'><strong>ea;</strong></span> <span class='ocrx_word' id='word_1_708' title='bbox 1910 4573 1990 4612; x_wconf 82' lang='lat' dir='ltr'><strong>me</strong></span> 
     </span>
    </p>
   </div>
   <div class='ocr_carea' id='block_1_86' title="bbox 411 4611 1986 4691">
    <p class='ocr_par' dir='ltr' id='par_1_86' title="bbox 411 4611 1986 4691">
     <span class='ocr_line' id='line_1_86' title="bbox 411 4611 1986 4691; baseline 0.011 -27"><span class='ocrx_word' id='word_1_709' title='bbox 411 4611 650 4691; x_wconf 66' lang='lat' dir='ltr'><strong>prodicit,</strong></span> <span class='ocrx_word' id='word_1_710' title='bbox 699 4624 749 4667; x_wconf 84' lang='lat' dir='ltr'><strong>et</strong></span> <span class='ocrx_word' id='word_1_711' title='bbox 783 4611 983 4691; x_wconf 63' lang='lat' dir='ltr'><strong>ﬂatum</strong></span> <span class='ocrx_word' id='word_1_712' title='bbox 1003 4611 1202 4691; x_wconf 52' lang='lat' dir='ltr'><strong>omnem</strong></span> <span class='ocrx_word' id='word_1_713' title='bbox 1230 4635 1321 4691; x_wconf 84' lang='lat' dir='ltr'><strong>ego</strong></span> <span class='ocrx_word' id='word_1_714' title='bbox 1359 4621 1475 4690; x_wconf 79' lang='lat' dir='ltr'><strong>feci.</strong></span> <span class='ocrx_word' id='word_1_715' title='bbox 1509 4611 1605 4691; x_wconf 75' lang='lat' dir='ltr'><strong>Esi</strong></span> <span class='ocrx_word' id='word_1_716' title='bbox 1648 4625 1822 4680; x_wconf 77' lang='lat' dir='ltr'><strong>anima</strong></span> <span class='ocrx_word' id='word_1_717' title='bbox 1848 4611 1986 4681; x_wconf 79' lang='lat' dir='ltr'><strong>enim</strong></span> 
     </span>
    </p>
   </div>
   <div class='ocr_carea' id='block_1_87' title="bbox 409 4683 1991 4765">
    <p class='ocr_par' dir='ltr' id='par_1_87' title="bbox 409 4683 1991 4765">
     <span class='ocr_line' id='line_1_87' title="bbox 409 4683 1991 4765; baseline 0.011 -31"><span class='ocrx_word' id='word_1_718' title='bbox 409 4683 566 4765; x_wconf 74' lang='lat' dir='ltr'><strong>ﬂatus</strong></span> <span class='ocrx_word' id='word_1_719' title='bbox 606 4685 776 4753; x_wconf 82' lang='lat' dir='ltr'><strong>factus</strong></span> <span class='ocrx_word' id='word_1_720' title='bbox 801 4702 879 4765; x_wconf 62' lang='lat' dir='ltr'><strong>ea:</strong></span> <span class='ocrx_word' id='word_1_721' title='bbox 903 4688 1106 4756; x_wconf 84' lang='lat' dir='ltr'><strong>spiritu.</strong></span> <span class='ocrx_word' id='word_1_722' title='bbox 1147 4683 1469 4765; x_wconf 53' lang='lat' dir='ltr'><strong>Etrurs&#39;us:</strong></span> <span class='ocrx_word' id='word_1_723' title='bbox 1501 4689 1602 4765; x_wconf 78' lang='lat' dir='ltr'><strong>Qui</strong></span> <span class='ocrx_word' id='word_1_724' title='bbox 1642 4694 1781 4750; x_wconf 81' lang='lat' dir='ltr'><strong>dedit</strong></span> <span class='ocrx_word' id='word_1_725' title='bbox 1809 4697 1991 4765; x_wconf 77' lang='lat' dir='ltr'><strong>ﬂatum</strong></span> 
     </span>
    </p>
   </div>
   <div class='ocr_carea' id='block_1_88' title="bbox 406 4751 1987 4836">
    <p class='ocr_par' dir='ltr' id='par_1_88' title="bbox 406 4751 1987 4836">
     <span class='ocr_line' id='line_1_88' title="bbox 406 4751 1987 4836; baseline 0.01 -32"><span class='ocrx_word' id='word_1_726' title='bbox 406 4751 770 4836; x_wconf 26' lang='lat' dir='ltr'><strong>populo‘super</strong></span> <span class='ocrx_word' id='word_1_727' title='bbox 790 4751 1000 4836; x_wconf 53' lang='lat' dir='ltr'><strong>terrain,</strong></span> <span class='ocrx_word' id='word_1_728' title='bbox 1021 4751 1670 4836; x_wconf 58' lang='lat' dir='ltr'><strong>et__s]n&#39;ritum_colcantibus</strong></span> <span class='ocrx_word' id='word_1_729' title='bbox 1696 4751 1987 4836; x_wconf 60' lang='lat' dir='ltr'><strong>earn&#39;Usai.</strong></span> 
     </span>
    </p>
   </div>
   <div class='ocr_carea' id='block_1_89' title="bbox 408 4821 1989 4905">
    <p class='ocr_par' dir='ltr' id='par_1_89' title="bbox 408 4821 1989 4905">
     <span class='ocr_line' id='line_1_89' title="bbox 408 4821 1989 4905; baseline 0.01 -30"><span class='ocrx_word' id='word_1_730' title='bbox 408 4821 560 4892; x_wconf 79' lang='lat' dir='ltr'><strong>an),</strong></span> <span class='ocrx_word' id='word_1_731' title='bbox 571 4821 690 4905; x_wconf 57' lang='lat' dir='ltr'><strong>etc;</strong></span> <span class='ocrx_word' id='word_1_732' title='bbox 715 4821 1040 4905; x_wconf 32' lang='lat' dir='ltr'><strong>Augustinus</strong></span> <span class='ocrx_word' id='word_1_733' title='bbox 1065 4821 1203 4884; x_wconf 77' lang='lat' dir='ltr'><strong>libro</strong></span> <span class='ocrx_word' id='word_1_734' title='bbox 1223 4829 1290 4905; x_wconf 81' lang='lat' dir='ltr'><strong>de</strong></span> <span class='ocrx_word' id='word_1_735' title='bbox 1317 4829 1508 4888; x_wconf 79' lang='lat' dir='ltr'><strong>Anima</strong></span> <span class='ocrx_word' id='word_1_736' title='bbox 1531 4841 1585 4887; x_wconf 91' lang='lat' dir='ltr'><strong>et</strong></span> <span class='ocrx_word' id='word_1_737' title='bbox 1611 4834 1727 4902; x_wconf 89' lang='lat' dir='ltr'><strong>ejus</strong></span> <span class='ocrx_word' id='word_1_738' title='bbox 1753 4821 1989 4905; x_wconf 79' lang='lat' dir='ltr'><strong>Origine,</strong></span> 
     </span>
    </p>
   </div>
   <div class='ocr_carea' id='block_1_90' title="bbox 408 4891 1995 4977">
    <p class='ocr_par' dir='ltr' id='par_1_90' title="bbox 408 4891 1995 4977">
     <span class='ocr_line' id='line_1_90' title="bbox 408 4891 1995 4977; baseline 0.011 -33"><span class='ocrx_word' id='word_1_739' title='bbox 408 4891 530 4977; x_wconf 71' lang='lat' dir='ltr'><strong>cap.</strong></span> <span class='ocrx_word' id='word_1_740' title='bbox 564 4891 672 4946; x_wconf 76' lang='lat' dir='ltr'><strong>M:</strong></span> <span class='ocrx_word' id='word_1_741' title='bbox 724 4891 953 4964; x_wconf 85' lang='lat' dir='ltr'><strong>Spiritus</strong></span> <span class='ocrx_word' id='word_1_742' title='bbox 998 4913 1032 4950; x_wconf 83' lang='grc' dir='ltr'><em>α</em></span> <span class='ocrx_word' id='word_1_743' title='bbox 1057 4914 1138 4952; x_wconf 79' lang='lat' dir='ltr'><strong>me</strong></span> <span class='ocrx_word' id='word_1_744' title='bbox 1161 4900 1313 4964; x_wconf 57' lang='lat' dir='ltr'><strong>sciet,</strong></span> <span class='ocrx_word' id='word_1_745' title='bbox 1361 4909 1412 4954; x_wconf 85' lang='lat' dir='ltr'><strong>et</strong></span> <span class='ocrx_word' id='word_1_746' title='bbox 1455 4891 1659 4958; x_wconf 60' lang='lat' dir='ltr'><strong>omne&quot;;</strong></span> <span class='ocrx_word' id='word_1_747' title='bbox 1683 4891 1876 4974; x_wconf 51' lang='lat' dir='ltr'><strong>ﬂatur;</strong></span> <span class='ocrx_word' id='word_1_748' title='bbox 1898 4891 1995 4977; x_wconf 73' lang='lat' dir='ltr'><strong>ego</strong></span> 
     </span>
    </p>
   </div>
   <div class='ocr_carea' id='block_1_91' title="bbox 409 4962 1992 5117">
    <p class='ocr_par' dir='ltr' id='par_1_91' title="bbox 409 4962 1992 5117">
     <span class='ocr_line' id='line_1_91' title="bbox 409 4962 1992 5117; baseline 0.001 -18"><span class='ocrx_word' id='word_1_749' title='bbox 409 4962 932 5117; x_wconf 47' lang='lat' dir='ltr'><strong>Terltlliljanug,</strong></span> <span class='ocrx_word' id='word_1_750' title='bbox 1097 5036 1166 5093; x_wconf 90' lang='lat' dir='ltr'><strong>de</strong></span> <span class='ocrx_word' id='word_1_751' title='bbox 1207 5037 1332 5096; x_wconf 82' lang='lat' dir='ltr'><strong>Res.</strong></span> <span class='ocrx_word' id='word_1_752' title='bbox 1373 5055 1510 5109; x_wconf 90' lang='lat' dir='ltr'><strong>car.,</strong></span> <span class='ocrx_word' id='word_1_753' title='bbox 1555 5043 1633 5099; x_wconf 90' lang='lat' dir='ltr'><strong>sic</strong></span> <span class='ocrx_word' id='word_1_754' title='bbox 1661 5045 1802 5102; x_wconf 89' lang='lat' dir='ltr'><strong>hunc</strong></span> <span class='ocrx_word' id='word_1_755' title='bbox 1841 5045 1992 5101; x_wconf 88' lang='lat' dir='ltr'><strong>Pauli</strong></span> 
     </span>
    </p>
   </div>
   <div class='ocr_carea' id='block_1_92' title="bbox 411 5076 1986 5186">
    <p class='ocr_par' dir='ltr' id='par_1_92' title="bbox 411 5076 1986 5186">
     <span class='ocr_line' id='line_1_92' title="bbox 411 5076 1986 5186; baseline 0.012 -32"><span class='ocrx_word' id='word_1_756' title='bbox 411 5076 933 5186; x_wconf 50' lang='grc' dir='ltr'><strong>ιφωξιῖξέςῑςῇῖῖᾙ</strong></span> 
     </span>
    </p>
   </div>
   <div class='ocr_carea' id='block_1_93' title="bbox 411 5179 1989 5253">
    <p class='ocr_par' dir='ltr' id='par_1_93' title="bbox 411 5179 1989 5253">
     <span class='ocr_line' id='line_1_93' title="bbox 411 5179 1989 5253; baseline 0.013 -32"><span class='ocrx_word' id='word_1_757' title='bbox 411 5179 460 5253; x_wconf 67' lang='lat' dir='ltr'><strong>et</strong></span> <span class='ocrx_word' id='word_1_758' title='bbox 488 5179 848 5253; x_wconf 38' lang='lat' dir='ltr'><strong>spiritus-sine</strong></span> <span class='ocrx_word' id='word_1_759' title='bbox 892 5179 1098 5253; x_wconf 68' lang='lat' dir='ltr'><strong>querelq</strong></span> <span class='ocrx_word' id='word_1_760' title='bbox 1140 5179 1520 5253; x_wconf 69' lang='lat' dir='ltr'><strong>conserventur,</strong></span> <span class='ocrx_word' id='word_1_761' title='bbox 1577 5193 1680 5240; x_wconf 90' lang='lat' dir='ltr'><strong>etc.</strong></span> <span class='ocrx_word' id='word_1_762' title='bbox 1724 5179 1989 5242; x_wconf 71' lang='lat' dir='ltr'><strong>Caeterum</strong></span> 
     </span>
    </p>
   </div>
   <div class='ocr_carea' id='block_1_94' title="bbox 406 5235 1984 5323">
    <p class='ocr_par' dir='ltr' id='par_1_94' title="bbox 406 5235 1984 5323">
     <span class='ocr_line' id='line_1_94' title="bbox 406 5235 1984 5323; baseline 0.011 -30"><span class='ocrx_word' id='word_1_763' title='bbox 406 5235 660 5323; x_wconf 44' lang='lat' dir='ltr'><strong>iactitans,</strong></span> <span class='ocrx_word' id='word_1_764' title='bbox 690 5242 794 5323; x_wconf 84' lang='lat' dir='ltr'><strong>lib._</strong></span> <span class='ocrx_word' id='word_1_765' title='bbox 815 5235 1130 5323; x_wconf 25' lang='lat' dir='ltr'><strong>“caprili</strong></span> <span class='ocrx_word' id='word_1_766' title='bbox 1144 5235 1482 5323; x_wconf 81' lang='lat' dir='ltr'><strong>Lactantius,</strong></span> <span class='ocrx_word' id='word_1_767' title='bbox 1505 5235 1984 5323; x_wconf 53' lang='lat' dir='ltr'><strong>iibib&#39;ieﬁtiih&#39;dfa</strong></span> 
     </span>
    </p>
   </div>
   <div class='ocr_carea' id='block_1_95' title="bbox 407 5307 1991 5441">
    <p class='ocr_par' dir='ltr' id='par_1_95' title="bbox 407 5307 1991 5441">
     <span class='ocr_line' id='line_1_95' title="bbox 407 5307 1991 5441; baseline 0.012 -81"><span class='ocrx_word' id='word_1_768' title='bbox 407 5307 491 5375; x_wconf 72' lang='lat' dir='ltr'><strong>is,</strong></span> <span class='ocrx_word' id='word_1_769' title='bbox 522 5318 580 5366; x_wconf 89' lang='lat' dir='ltr'><strong>et</strong></span> <span class='ocrx_word' id='word_1_770' title='bbox 607 5311 744 5393; x_wconf 74' lang='lat' dir='ltr'><strong>libro</strong></span> <span class='ocrx_word' id='word_1_771' title='bbox 761 5314 831 5368; x_wconf 85' lang='lat' dir='ltr'><strong>de</strong></span> <span class='ocrx_word' id='word_1_772' title='bbox 849 5307 1074 5441; x_wconf 64' lang='lat' dir='ltr'><strong>Dgilicio</strong></span> <span class='ocrx_word' id='word_1_773' title='bbox 1094 5307 1210 5384; x_wconf 82' lang='lat' dir='ltr'><strong>Dei,</strong></span> <span class='ocrx_word' id='word_1_774' title='bbox 1241 5334 1360 5401; x_wconf 76' lang='lat' dir='ltr'><strong>cap.</strong></span> <span class='ocrx_word' id='word_1_775' title='bbox 1393 5307 1537 5377; x_wconf 72' lang='grc' dir='ltr'><strong><em>ιε’θι</em></strong></span> <span class='ocrx_word' id='word_1_776' title='bbox 1552 5322 1645 5405; x_wconf 73' lang='lat' dir='ltr'><strong>is;</strong></span> <span class='ocrx_word' id='word_1_777' title='bbox 1669 5307 1991 5407; x_wconf 58' lang='grc' dir='ltr'><strong><em>Ᾱῦκιιειίὶιιίέ</em></strong></span> 
     </span>
     <span class='ocr_line' id='line_1_96' title="bbox 407 5381 1988 5441; baseline 0 0"><span class='ocrx_word' id='word_1_778' title='bbox 407 5391 640 5441; x_wconf 71' lang='lat' dir='ltr'><strong>quoque.</strong></span> <span class='ocrx_word' id='word_1_779' title='bbox 656 5381 793 5438; x_wconf 71' lang='lat' dir='ltr'><strong>libro</strong></span> <span class='ocrx_word' id='word_1_780' title='bbox 812 5385 879 5440; x_wconf 89' lang='lat' dir='ltr'><strong>de</strong></span> <span class='ocrx_word' id='word_1_781' title='bbox 936 5392 1096 5441; x_wconf 84' lang='lat' dir='ltr'><strong>nmtu</strong></span> <span class='ocrx_word' id='word_1_782' title='bbox 1117 5395 1174 5441; x_wconf 89' lang='lat' dir='ltr'><strong>et</strong></span> <span class='ocrx_word' id='word_1_783' title='bbox 1192 5387 1402 5441; x_wconf 81' lang='lat' dir='ltr'><strong>Annua.</strong></span> <span class='ocrx_word' id='word_1_784' title='bbox 1432 5391 1545 5441; x_wconf 80' lang='lat' dir='ltr'><strong>fuse</strong></span> <span class='ocrx_word' id='word_1_785' title='bbox 1571 5393 1844 5441; x_wconf 77' lang='lat' dir='ltr'><strong>disnntant</strong></span> <span class='ocrx_word' id='word_1_786' title='bbox 1865 5396 1988 5441; x_wconf 68' lang='lat' dir='ltr'><strong>mm!</strong></span> 
     </span>
    </p>
   </div>
   <div class='ocr_carea' id='block_1_96' title="bbox 404 5381 1991 5467">
    <p class='ocr_par' dir='ltr' id='par_1_96' title="bbox 404 5381 1991 5467">
     <span class='ocr_line' id='line_1_97' title="bbox 404 5381 1991 5467; baseline 0.011 -34"><span class='ocrx_word' id='word_1_787' title='bbox 404 5391 640 5467; x_wconf 68' lang='lat' dir='ltr'><strong>quoque,</strong></span> <span class='ocrx_word' id='word_1_788' title='bbox 656 5381 793 5467; x_wconf 79' lang='lat' dir='ltr'><strong>libro</strong></span> <span class='ocrx_word' id='word_1_789' title='bbox 812 5385 879 5464; x_wconf 77' lang='lat' dir='ltr'><strong>de</strong></span> <span class='ocrx_word' id='word_1_790' title='bbox 894 5381 1096 5467; x_wconf 67' lang='lat' dir='ltr'><strong>Spiritu</strong></span> <span class='ocrx_word' id='word_1_791' title='bbox 1117 5395 1174 5442; x_wconf 90' lang='lat' dir='ltr'><strong>et</strong></span> <span class='ocrx_word' id='word_1_792' title='bbox 1191 5381 1402 5467; x_wconf 69' lang='lat' dir='ltr'><strong>Anima,</strong></span> <span class='ocrx_word' id='word_1_793' title='bbox 1432 5391 1545 5467; x_wconf 63' lang='lat' dir='ltr'><strong>[use</strong></span> <span class='ocrx_word' id='word_1_794' title='bbox 1571 5381 1844 5462; x_wconf 62' lang='lat' dir='ltr'><strong>disputant</strong></span> <span class='ocrx_word' id='word_1_795' title='bbox 1865 5381 1991 5467; x_wconf 80' lang='lat' dir='ltr'><strong>quid</strong></span> 
     </span>
    </p>
   </div>
   <div class='ocr_carea' id='block_1_97' title="bbox 407 5451 1990 5544">
    <p class='ocr_par' dir='ltr' id='par_1_97' title="bbox 407 5451 1990 5544">
     <span class='ocr_line' id='line_1_98' title="bbox 407 5451 1990 5544; baseline 0.012 -43"><span class='ocrx_word' id='word_1_796' title='bbox 703 5451 1084 5544; x_wconf 44' lang='lat' dir='ltr'><strong>triai‘ntersit;</strong></span> <span class='ocrx_word' id='word_1_797' title='bbox 1121 5467 1178 5544; x_wconf 70' lang='lat' dir='ltr'><strong>et</strong></span> <span class='ocrx_word' id='word_1_798' title='bbox 1201 5476 1304 5544; x_wconf 80' lang='lat' dir='ltr'><strong>nos</strong></span> <span class='ocrx_word' id='word_1_799' title='bbox 1332 5451 1402 5544; x_wconf 70' lang='lat' dir='ltr'><strong>de</strong></span> <span class='ocrx_word' id='word_1_800' title='bbox 1429 5461 1608 5544; x_wconf 66' lang='lat' dir='ltr'><strong>more</strong></span> <span class='ocrx_word' id='word_1_801' title='bbox 1630 5451 1846 5534; x_wconf 70' lang='lat' dir='ltr'><strong>quoque</strong></span> <span class='ocrx_word' id='word_1_802' title='bbox 1880 5451 1990 5522; x_wconf 72' lang='lat' dir='ltr'><strong>dis-</strong></span> 
     </span>
    </p>
   </div>
   <div class='ocr_carea' id='block_1_98' title="bbox 407 5528 1990 5669">
    <p class='ocr_par' dir='ltr' id='par_1_98' title="bbox 407 5528 1990 5669">
     <span class='ocr_line' id='line_1_99' title="bbox 407 5528 1775 5597; baseline 0.012 -25"><span class='ocrx_word' id='word_1_803' title='bbox 407 5528 672 5591; x_wconf 70' lang='lat' dir='ltr'><strong>seruimus</strong></span> <span class='ocrx_word' id='word_1_804' title='bbox 699 5533 890 5580; x_wconf 89' lang='lat' dir='ltr'><strong>annot.</strong></span> <span class='ocrx_word' id='word_1_805' title='bbox 917 5528 972 5580; x_wconf 89' lang='lat' dir='ltr'><strong>in</strong></span> <span class='ocrx_word' id='word_1_806' title='bbox 1000 5528 1308 5597; x_wconf 70' lang='lat' dir='ltr'><strong>praedictum</strong></span> <span class='ocrx_word' id='word_1_807' title='bbox 1329 5530 1515 5587; x_wconf 63' lang='lat' dir='ltr'><strong>lrenmi</strong></span> <span class='ocrx_word' id='word_1_808' title='bbox 1542 5528 1738 5589; x_wconf 73' lang='lat' dir='ltr'><strong>locum.</strong></span> <span class='ocrx_word' id='word_1_809' title='bbox 1759 5528 1775 5534; x_wconf 79' lang='grc'><strong>’</strong></span> 
     </span>
     <span class='ocr_line' id='line_1_100' title="bbox 481 5586 1990 5669; baseline 0.012 -26"><span class='ocrx_word' id='word_1_810' title='bbox 481 5586 515 5669; x_wconf 40' lang='grc' dir='ltr'><strong>δ’</strong></span> <span class='ocrx_word' id='word_1_811' title='bbox 546 5589 804 5662; x_wconf 86' lang='lat' dir='ltr'><strong>Theologi</strong></span> <span class='ocrx_word' id='word_1_812' title='bbox 833 5604 985 5653; x_wconf 85' lang='lat' dir='ltr'><strong>recte</strong></span> <span class='ocrx_word' id='word_1_813' title='bbox 1026 5597 1223 5655; x_wconf 91' lang='lat' dir='ltr'><strong>docent</strong></span> <span class='ocrx_word' id='word_1_814' title='bbox 1259 5602 1500 5669; x_wconf 70' lang='lat' dir='ltr'><strong>qumdam</strong></span> <span class='ocrx_word' id='word_1_815' title='bbox 1557 5618 1674 5658; x_wconf 86' lang='lat' dir='ltr'><strong>esse</strong></span> <span class='ocrx_word' id='word_1_816' title='bbox 1705 5605 1990 5660; x_wconf 86' lang='lat' dir='ltr'><strong>intrinsece</strong></span> 
     </span>
    </p>
   </div>
   <div class='ocr_carea' id='block_1_99' title="bbox 407 5659 1988 5744">
    <p class='ocr_par' dir='ltr' id='par_1_99' title="bbox 407 5659 1988 5744">
     <span class='ocr_line' id='line_1_101' title="bbox 407 5659 1988 5744; baseline 0.011 -32"><span class='ocrx_word' id='word_1_817' title='bbox 407 5659 550 5744; x_wconf 73' lang='lat' dir='ltr'><strong>mala</strong></span> <span class='ocrx_word' id='word_1_818' title='bbox 573 5669 629 5716; x_wconf 91' lang='lat' dir='ltr'><strong>et</strong></span> <span class='ocrx_word' id='word_1_819' title='bbox 649 5659 777 5744; x_wconf 61' lang='lat' dir='ltr'><strong>quia</strong></span> <span class='ocrx_word' id='word_1_820' title='bbox 789 5669 1230 5744; x_wconf 67' lang='lat' dir='ltr'><strong>nunqgambona</strong></span> <span class='ocrx_word' id='word_1_821' title='bbox 1390 5682 1642 5744; x_wconf 72' lang='lat' dir='ltr'><strong>possunt,</strong></span> <span class='ocrx_word' id='word_1_822' title='bbox 1663 5684 1719 5727; x_wconf 87' lang='lat' dir='ltr'><strong>ut</strong></span> <span class='ocrx_word' id='word_1_823' title='bbox 1740 5659 1988 5744; x_wconf 51' lang='lat' dir='ltr'><strong>blaspbe4</strong></span> 
     </span>
    </p>
   </div>
   <div class='ocr_carea' id='block_1_100' title="bbox 406 5737 1986 5810">
    <p class='ocr_par' dir='ltr' id='par_1_100' title="bbox 406 5737 1986 5810">
     <span class='ocr_line' id='line_1_102' title="bbox 406 5737 1986 5810; baseline 0.004 -18"><span class='ocrx_word' id='word_1_824' title='bbox 406 5737 539 5803; x_wconf 68' lang='lat' dir='ltr'><strong>tnta,</strong></span> <span class='ocrx_word' id='word_1_825' title='bbox 563 5741 906 5804; x_wconf 84' lang='lat' dir='ltr'><strong>contemptus</strong></span> <span class='ocrx_word' id='word_1_826' title='bbox 932 5737 1048 5805; x_wconf 91' lang='lat' dir='ltr'><strong>Dei,</strong></span> <span class='ocrx_word' id='word_1_827' title='bbox 1066 5737 1700 5810; x_wconf 41' lang='lat' dir='ltr'><strong>idololatria—adulteria,</strong></span> <span class='ocrx_word' id='word_1_828' title='bbox 1724 5752 1826 5798; x_wconf 88' lang='lat' dir='ltr'><strong>etc.</strong></span> <span class='ocrx_word' id='word_1_829' title='bbox 1845 5737 1870 5810; x_wconf 80' lang='grc'><strong>;’</strong></span> <span class='ocrx_word' id='word_1_830' title='bbox 1884 5745 1986 5800; x_wconf 87' lang='lat' dir='ltr'><strong>alia</strong></span> 
     </span>
    </p>
   </div>
   <div class='ocr_carea' id='block_1_101' title="bbox 2018 4545 2068 4604">
    <p class='ocr_par' dir='ltr' id='par_1_101' title="bbox 2018 4545 2068 4604">
     <span class='ocr_line' id='line_1_103' title="bbox 2018 4545 2068 4604; baseline 0 0"><span class='ocrx_word' id='word_1_831' title='bbox 2018 4545 2068 4604; x_wconf 83' lang='grc' dir='ltr'>υ</span> 
     </span>
    </p>
   </div>
   <div class='ocr_carea' id='block_1_102' title="bbox 2096 4132 3679 4203">
    <p class='ocr_par' dir='ltr' id='par_1_102' title="bbox 2096 4132 3679 4203">
     <span class='ocr_line' id='line_1_104' title="bbox 2096 4132 3679 4203; baseline -0.005 -7"><span class='ocrx_word' id='word_1_832' title='bbox 2096 4155 2229 4196; x_wconf 82' lang='lat' dir='ltr'><strong>vers</strong></span> <span class='ocrx_word' id='word_1_833' title='bbox 2255 4138 2394 4194; x_wconf 82' lang='lat' dir='ltr'><strong>mala’</strong></span> <span class='ocrx_word' id='word_1_834' title='bbox 2418 4145 2625 4192; x_wconf 89' lang='lat' dir='ltr'><strong>tantum</strong></span> <span class='ocrx_word' id='word_1_835' title='bbox 2651 4149 2792 4200; x_wconf 84' lang='lat' dir='ltr'><strong>esse,</strong></span> <span class='ocrx_word' id='word_1_836' title='bbox 2821 4134 2944 4203; x_wconf 90' lang='lat' dir='ltr'><strong>quia</strong></span> <span class='ocrx_word' id='word_1_837' title='bbox 2974 4132 3241 4203; x_wconf 87' lang='lat' dir='ltr'><strong>prohibita</strong></span> <span class='ocrx_word' id='word_1_838' title='bbox 3280 4140 3422 4196; x_wconf 88' lang='lat' dir='ltr'><strong>sunt,</strong></span> <span class='ocrx_word' id='word_1_839' title='bbox 3453 4141 3509 4187; x_wconf 91' lang='lat' dir='ltr'><strong>ut</strong></span> <span class='ocrx_word' id='word_1_840' title='bbox 3555 4147 3679 4188; x_wconf 89' lang='lat' dir='ltr'><strong>esus</strong></span> 
     </span>
    </p>
   </div>
   <div class='ocr_carea' id='block_1_103' title="bbox 2095 4202 3680 4274">
    <p class='ocr_par' dir='ltr' id='par_1_103' title="bbox 2095 4202 3680 4274">
     <span class='ocr_line' id='line_1_105' title="bbox 2095 4202 3680 4274; baseline -0.004 -8"><span class='ocrx_word' id='word_1_841' title='bbox 2095 4209 2492 4266; x_wconf 82' lang='lat' dir='ltr'><strong>immundon</strong></span> <span class='ocrx_word' id='word_1_842' title='bbox 2520 4206 2622 4262; x_wconf 92' lang='lat' dir='ltr'><strong>sub</strong></span> <span class='ocrx_word' id='word_1_843' title='bbox 2647 4206 2786 4274; x_wconf 89' lang='lat' dir='ltr'><strong>lege,</strong></span> <span class='ocrx_word' id='word_1_844' title='bbox 2817 4202 2874 4259; x_wconf 89' lang='lat' dir='ltr'><strong>et</strong></span> <span class='ocrx_word' id='word_1_845' title='bbox 2916 4202 3061 4271; x_wconf 89' lang='lat' dir='ltr'><strong>quod</strong></span> <span class='ocrx_word' id='word_1_846' title='bbox 3107 4203 3192 4274; x_wconf 87' lang='lat' dir='ltr'><strong>hic</strong></span> <span class='ocrx_word' id='word_1_847' title='bbox 3220 4210 3372 4259; x_wconf 88' lang='lat' dir='ltr'><strong>notat</strong></span> <span class='ocrx_word' id='word_1_848' title='bbox 3413 4203 3680 4260; x_wconf 83' lang='lat' dir='ltr'><strong>Arnobius</strong></span> 
     </span>
    </p>
   </div>
   <div class='ocr_carea' id='block_1_104' title="bbox 2093 4273 3323 4338">
    <p class='ocr_par' dir='ltr' id='par_1_104' title="bbox 2093 4273 3323 4338">
     <span class='ocr_line' id='line_1_106' title="bbox 2093 4273 3323 4338; baseline -0.009 -1"><span class='ocrx_word' id='word_1_849' title='bbox 2093 4279 2163 4338; x_wconf 85' lang='lat' dir='ltr'><strong>de</strong></span> <span class='ocrx_word' id='word_1_850' title='bbox 2183 4277 2456 4335; x_wconf 80' lang='lat' dir='ltr'><strong>sacriﬁciis</strong></span> <span class='ocrx_word' id='word_1_851' title='bbox 2485 4284 2542 4333; x_wconf 90' lang='lat' dir='ltr'><strong>et</strong></span> <span class='ocrx_word' id='word_1_852' title='bbox 2564 4273 2941 4333; x_wconf 85' lang='lat' dir='ltr'><strong>communione</strong></span> <span class='ocrx_word' id='word_1_853' title='bbox 2973 4273 3323 4331; x_wconf 71' lang='lat' dir='ltr'><strong>euehat-istim.</strong></span> 
     </span>
    </p>
   </div>
   <div class='ocr_carea' id='block_1_105' title="bbox 2168 4346 2823 4411">
    <p class='ocr_par' dir='ltr' id='par_1_105' title="bbox 2168 4346 2823 4411">
     <span class='ocr_line' id='line_1_107' title="bbox 2168 4346 2823 4411; baseline -0.006 -9"><span class='ocrx_word' id='word_1_854' title='bbox 2168 4358 2192 4385; x_wconf 79' lang='grc' dir='ltr'><strong>ο</strong></span> <span class='ocrx_word' id='word_1_855' title='bbox 2233 4348 2396 4403; x_wconf 82' lang='lat' dir='ltr'><strong>Vetus</strong></span> <span class='ocrx_word' id='word_1_856' title='bbox 2413 4347 2606 4411; x_wconf 77' lang='lat' dir='ltr'><strong>codex,</strong></span> <span class='ocrx_word' id='word_1_857' title='bbox 2627 4346 2823 4402; x_wconf 79' lang='lat' dir='ltr'><strong>utilem.</strong></span> 
     </span>
    </p>
   </div>
   <div class='ocr_carea' id='block_1_106' title="bbox 2169 4413 3680 4486">
    <p class='ocr_par' dir='ltr' id='par_1_106' title="bbox 2169 4413 3680 4486">
     <span class='ocr_line' id='line_1_108' title="bbox 2169 4413 3680 4486; baseline -0.003 -13"><span class='ocrx_word' id='word_1_858' title='bbox 2169 4416 2188 4456; x_wconf 76' lang='grc' dir='ltr'>ί</span> <span class='ocrx_word' id='word_1_859' title='bbox 2229 4417 2308 4473; x_wconf 84' lang='lat' dir='ltr'><strong>ita</strong></span> <span class='ocrx_word' id='word_1_860' title='bbox 2330 4417 2612 4486; x_wconf 77' lang='lat' dir='ltr'><strong>legendum</strong></span> <span class='ocrx_word' id='word_1_861' title='bbox 2632 4415 2957 4486; x_wconf 75' lang='lat' dir='ltr'><strong>censuimus,</strong></span> <span class='ocrx_word' id='word_1_862' title='bbox 2982 4427 3084 4486; x_wconf 87' lang='lat' dir='ltr'><strong>pro</strong></span> <span class='ocrx_word' id='word_1_863' title='bbox 3099 4413 3269 4486; x_wconf 72' lang='lat' dir='ltr'><strong>aliena</strong></span> <span class='ocrx_word' id='word_1_864' title='bbox 3288 4413 3512 4481; x_wconf 84' lang='lat' dir='ltr'><strong>sapiens,</strong></span> <span class='ocrx_word' id='word_1_865' title='bbox 3535 4415 3680 4483; x_wconf 85' lang='lat' dir='ltr'><strong>quod</strong></span> 
     </span>
    </p>
   </div>
   <div class='ocr_carea' id='block_1_107' title="bbox 2094 4485 3680 4554">
    <p class='ocr_par' dir='ltr' id='par_1_107' title="bbox 2094 4485 3680 4554">
     <span class='ocr_line' id='line_1_109' title="bbox 2094 4485 3680 4554; baseline -0.003 -10"><span class='ocrx_word' id='word_1_866' title='bbox 2094 4496 2178 4544; x_wconf 86' lang='lat' dir='ltr'><strong>est</strong></span> <span class='ocrx_word' id='word_1_867' title='bbox 2204 4488 2258 4544; x_wconf 91' lang='lat' dir='ltr'><strong>in</strong></span> <span class='ocrx_word' id='word_1_868' title='bbox 2286 4485 2458 4544; x_wconf 79' lang='lat' dir='ltr'><strong>veteri</strong></span> <span class='ocrx_word' id='word_1_869' title='bbox 2502 4487 2706 4544; x_wconf 85' lang='lat' dir='ltr'><strong>codice.</strong></span> <span class='ocrx_word' id='word_1_870' title='bbox 2736 4485 3027 4548; x_wconf 59' lang='lat' dir='ltr'><strong>Castorum,</strong></span> <span class='ocrx_word' id='word_1_871' title='bbox 3055 4485 3122 4539; x_wconf 89' lang='lat' dir='ltr'><strong>de</strong></span> <span class='ocrx_word' id='word_1_872' title='bbox 3148 4485 3323 4554; x_wconf 84' lang='lat' dir='ltr'><strong>primo</strong></span> <span class='ocrx_word' id='word_1_873' title='bbox 3343 4486 3521 4554; x_wconf 85' lang='lat' dir='ltr'><strong>angeli</strong></span> <span class='ocrx_word' id='word_1_874' title='bbox 3549 4486 3680 4541; x_wconf 88' lang='lat' dir='ltr'><strong>mali</strong></span> 
     </span>
    </p>
   </div>
   <div class='ocr_carea' id='block_1_108' title="bbox 2133 4553 3677 4614">
    <p class='ocr_par' dir='ltr' id='par_1_108' title="bbox 2133 4553 3677 4614">
     <span class='ocr_line' id='line_1_110' title="bbox 2133 4553 3677 4614; baseline 0 -2"><span class='ocrx_word' id='word_1_875' title='bbox 2133 4566 2319 4613; x_wconf 88' lang='lat' dir='ltr'><strong>eccato</strong></span> <span class='ocrx_word' id='word_1_876' title='bbox 2345 4559 2562 4614; x_wconf 85' lang='lat' dir='ltr'><strong>coniose</strong></span> <span class='ocrx_word' id='word_1_877' title='bbox 2592 4558 2937 4613; x_wconf 90' lang='lat' dir='ltr'><strong>tractavimus</strong></span> <span class='ocrx_word' id='word_1_878' title='bbox 2973 4553 3384 4610; x_wconf 77' lang='lat' dir='ltr'><strong>Commentariis</strong></span> <span class='ocrx_word' id='word_1_879' title='bbox 3407 4558 3604 4612; x_wconf 85' lang='lat' dir='ltr'><strong>nostris</strong></span> <span class='ocrx_word' id='word_1_880' title='bbox 3624 4558 3677 4612; x_wconf 90' lang='lat' dir='ltr'><strong>in</strong></span> 
     </span>
    </p>
   </div>
   <div class='ocr_carea' id='block_1_109' title="bbox 2089 4574 3680 4698">
    <p class='ocr_par' dir='ltr' id='par_1_109' title="bbox 2089 4574 3680 4698">
     <span class='ocr_line' id='line_1_111' title="bbox 2133 4574 3677 4614; baseline 0 -2"><span class='ocrx_word' id='word_1_881' title='bbox 2133 4574 2319 4613; x_wconf 67' lang='grc' dir='ltr'><strong>8003ιο</strong></span> <span class='ocrx_word' id='word_1_882' title='bbox 2345 4574 2409 4614; x_wconf 86' lang='lat' dir='ltr'><strong>CO</strong></span> <span class='ocrx_word' id='word_1_883' title='bbox 2449 4574 2562 4613; x_wconf 74' lang='lat' dir='ltr'><strong>lose</strong></span> <span class='ocrx_word' id='word_1_884' title='bbox 2592 4574 2937 4613; x_wconf 74' lang='lat' dir='ltr'><strong>tracrawmus</strong></span> <span class='ocrx_word' id='word_1_885' title='bbox 2973 4574 3384 4610; x_wconf 57' lang='lat' dir='ltr'><strong>commentariis</strong></span> <span class='ocrx_word' id='word_1_886' title='bbox 3407 4574 3604 4612; x_wconf 72' lang='lat' dir='ltr'><strong>IIOSU‘IS</strong></span> <span class='ocrx_word' id='word_1_887' title='bbox 3624 4574 3677 4612; x_wconf 87' lang='grc' dir='ltr'>ω</span> 
     </span>
     <span class='ocr_line' id='line_1_112' title="bbox 2089 4574 3680 4698; baseline -0.003 -14"><span class='ocrx_word' id='word_1_888' title='bbox 2089 4574 2389 4698; x_wconf 58' lang='lat' dir='ltr'><strong>Epistulam</strong></span> <span class='ocrx_word' id='word_1_889' title='bbox 2410 4574 2559 4683; x_wconf 57' lang='lat' dir='ltr'><strong>gesti</strong></span> <span class='ocrx_word' id='word_1_890' title='bbox 2579 4627 2727 4684; x_wconf 71' lang='lat' dir='ltr'><strong>luds:</strong></span> <span class='ocrx_word' id='word_1_891' title='bbox 2751 4633 2928 4698; x_wconf 81' lang='lat' dir='ltr'><strong>apost.</strong></span> <span class='ocrx_word' id='word_1_892' title='bbox 2951 4624 3138 4698; x_wconf 19' lang='lat' dir='ltr'><strong>APaul&#39;o</strong></span> <span class='ocrx_word' id='word_1_893' title='bbox 3163 4634 3315 4698; x_wconf 84' lang='lat' dir='ltr'><strong>post,</strong></span> <span class='ocrx_word' id='word_1_894' title='bbox 3347 4643 3449 4682; x_wconf 86' lang='lat' dir='ltr'><strong>non</strong></span> <span class='ocrx_word' id='word_1_895' title='bbox 3491 4637 3680 4698; x_wconf 83' lang='lat' dir='ltr'><strong>natura</strong></span> 
     </span>
    </p>
   </div>
   <div class='ocr_carea' id='block_1_110' title="bbox 2096 4695 3680 4766">
    <p class='ocr_par' dir='ltr' id='par_1_110' title="bbox 2096 4695 3680 4766">
     <span class='ocr_line' id='line_1_113' title="bbox 2096 4695 3680 4766; baseline 0.001 -14"><span class='ocrx_word' id='word_1_896' title='bbox 2096 4695 2280 4752; x_wconf 69' lang='lat' dir='ltr'><strong>motus.</strong></span> <span class='ocrx_word' id='word_1_897' title='bbox 2313 4697 2508 4754; x_wconf 83' lang='lat' dir='ltr'><strong>Nostro</strong></span> <span class='ocrx_word' id='word_1_898' title='bbox 2545 4698 2746 4766; x_wconf 90' lang='lat' dir='ltr'><strong>judicio</strong></span> <span class='ocrx_word' id='word_1_899' title='bbox 2791 4695 3085 4766; x_wconf 84' lang='lat' dir='ltr'><strong>adjecimus</strong></span> <span class='ocrx_word' id='word_1_900' title='bbox 3114 4695 3304 4751; x_wconf 78' lang='lat' dir='ltr'><strong>vocem</strong></span> <span class='ocrx_word' id='word_1_901' title='bbox 3331 4697 3514 4752; x_wconf 80' lang='lat' dir='ltr'><strong>malus.</strong></span> <span class='ocrx_word' id='word_1_902' title='bbox 3545 4697 3680 4753; x_wconf 79' lang='lat' dir='ltr'><strong>Nam</strong></span> 
     </span>
    </p>
   </div>
   <div class='ocr_carea' id='block_1_111' title="bbox 2097 4765 3678 4837">
    <p class='ocr_par' dir='ltr' id='par_1_111' title="bbox 2097 4765 3678 4837">
     <span class='ocr_line' id='line_1_114' title="bbox 2097 4765 3678 4837; baseline -0.002 -14"><span class='ocrx_word' id='word_1_903' title='bbox 2097 4767 2164 4823; x_wconf 80' lang='lat' dir='ltr'><strong>ad</strong></span> <span class='ocrx_word' id='word_1_904' title='bbox 2193 4767 2441 4837; x_wconf 85' lang='lat' dir='ltr'><strong>injuriam</strong></span> <span class='ocrx_word' id='word_1_905' title='bbox 2476 4765 2748 4824; x_wconf 80' lang='lat' dir='ltr'><strong>Creatoris</strong></span> <span class='ocrx_word' id='word_1_906' title='bbox 2775 4765 3085 4831; x_wconf 75' lang='lat' dir='ltr'><strong>referretur,</strong></span> <span class='ocrx_word' id='word_1_907' title='bbox 3115 4767 3160 4820; x_wconf 86' lang='lat' dir='ltr'><strong>si</strong></span> <span class='ocrx_word' id='word_1_908' title='bbox 3187 4767 3316 4834; x_wconf 88' lang='lat' dir='ltr'><strong>quid</strong></span> <span class='ocrx_word' id='word_1_909' title='bbox 3340 4775 3531 4822; x_wconf 88' lang='lat' dir='ltr'><strong>natura</strong></span> <span class='ocrx_word' id='word_1_910' title='bbox 3558 4782 3678 4820; x_wconf 89' lang='lat' dir='ltr'><strong>ma-</strong></span> 
     </span>
    </p>
   </div>
   <div class='ocr_carea' id='block_1_112' title="bbox 2097 4837 2578 4894">
    <p class='ocr_par' dir='ltr' id='par_1_112' title="bbox 2097 4837 2578 4894">
     <span class='ocr_line' id='line_1_115' title="bbox 2097 4837 2578 4894; baseline 0.002 -3"><span class='ocrx_word' id='word_1_911' title='bbox 2097 4837 2207 4892; x_wconf 91' lang='lat' dir='ltr'><strong>lum</strong></span> <span class='ocrx_word' id='word_1_912' title='bbox 2234 4837 2578 4894; x_wconf 81' lang='lat' dir='ltr'><strong>condidisset.</strong></span> 
     </span>
    </p>
   </div>
   <div class='ocr_carea' id='block_1_113' title="bbox 2173 4906 3678 4979">
    <p class='ocr_par' dir='ltr' id='par_1_113' title="bbox 2173 4906 3678 4979">
     <span class='ocr_line' id='line_1_116' title="bbox 2173 4906 3678 4979; baseline 0.008 -18"><span class='ocrx_word' id='word_1_913' title='bbox 2173 4917 2199 4956; x_wconf 75' lang='lat'><strong><em>8</em></strong></span> <span class='ocrx_word' id='word_1_914' title='bbox 2223 4906 2314 4979; x_wconf 67' lang='lat' dir='ltr'><strong>ita</strong></span> <span class='ocrx_word' id='word_1_915' title='bbox 2341 4919 2396 4979; x_wconf 83' lang='lat' dir='ltr'><strong>et</strong></span> <span class='ocrx_word' id='word_1_916' title='bbox 2421 4907 2663 4979; x_wconf 79' lang='lat' dir='ltr'><strong>Justinus</strong></span> <span class='ocrx_word' id='word_1_917' title='bbox 2696 4915 2902 4979; x_wconf 78' lang='lat' dir='ltr'><strong>martyr</strong></span> <span class='ocrx_word' id='word_1_918' title='bbox 2931 4907 3348 4979; x_wconf 66' lang='lat' dir='ltr'><strong>apostolicam“!</strong></span> <span class='ocrx_word' id='word_1_919' title='bbox 3374 4912 3678 4979; x_wconf 70' lang='grc' dir='ltr'><strong>ῑθωροιῖωη</strong></span> 
     </span>
    </p>
   </div>
   <div class='ocr_carea' id='block_1_114' title="bbox 2103 4973 3678 5056">
    <p class='ocr_par' dir='ltr' id='par_1_114' title="bbox 2103 4973 3678 5056">
     <span class='ocr_line' id='line_1_117' title="bbox 2103 4973 3678 5056; baseline 0.004 -22"><span class='ocrx_word' id='word_1_920' title='bbox 2103 4977 2183 5056; x_wconf 72' lang='lat' dir='ltr'><strong>vir</strong></span> <span class='ocrx_word' id='word_1_921' title='bbox 2204 4977 2463 5056; x_wconf 81' lang='lat' dir='ltr'><strong>_(Apolog.</strong></span> <span class='ocrx_word' id='word_1_922' title='bbox 2496 4978 2551 5050; x_wconf 83' lang='grc' dir='ltr'><strong><em>ι)</em></strong></span> <span class='ocrx_word' id='word_1_923' title='bbox 2578 4979 2816 5050; x_wconf 70' lang='grc' dir='ltr'><strong>εΑπςειί,</strong></span> <span class='ocrx_word' id='word_1_924' title='bbox 2840 4973 3047 5050; x_wconf 78' lang='lat' dir='ltr'><strong>inquit,</strong></span> <span class='ocrx_word' id='word_1_925' title='bbox 3079 4980 3406 5056; x_wconf 54' lang='lat' dir='ltr'><strong>minasque</strong></span> <span class='ocrx_word' id='word_1_926' title='bbox 3433 4973 3678 5056; x_wconf 61' lang='lat' dir='ltr'><strong>quenter,»</strong></span> 
     </span>
    </p>
   </div>
   <div class='ocr_carea' id='block_1_115' title="bbox 2098 5039 3676 5122">
    <p class='ocr_par' dir='ltr' id='par_1_115' title="bbox 2098 5039 3676 5122">
     <span class='ocr_line' id='line_1_118' title="bbox 2098 5039 3676 5122; baseline -0.005 -21"><span class='ocrx_word' id='word_1_927' title='bbox 2098 5039 2248 5122; x_wconf 78' lang='lat' dir='ltr'><strong>initio</strong></span> <span class='ocrx_word' id='word_1_928' title='bbox 2276 5039 2391 5122; x_wconf 58' lang='lat' dir='ltr'><strong>cum</strong></span> <span class='ocrx_word' id='word_1_929' title='bbox 2412 5039 2719 5104; x_wconf 51' lang='lat' dir='ltr'><strong>crearentur</strong></span> <span class='ocrx_word' id='word_1_930' title='bbox 2747 5039 3052 5122; x_wconf 63' lang='lat' dir='ltr'><strong>acceperunt</strong></span> <span class='ocrx_word' id='word_1_931' title='bbox 3089 5066 3120 5100; x_wconf 89' lang='lat' dir='ltr'><strong>a</strong></span> <span class='ocrx_word' id='word_1_932' title='bbox 3157 5047 3267 5122; x_wconf 73' lang='grc' dir='ltr'><strong>ρεο</strong></span> <span class='ocrx_word' id='word_1_933' title='bbox 3290 5039 3499 5122; x_wconf 68' lang='lat' dir='ltr'><strong>libertini</strong></span> <span class='ocrx_word' id='word_1_934' title='bbox 3532 5039 3676 5122; x_wconf 53' lang='lat' dir='ltr'><strong>orbi-</strong></span> 
     </span>
    </p>
   </div>
   <div class='ocr_carea' id='block_1_116' title="bbox 2094 5107 3673 5202">
    <p class='ocr_par' dir='ltr' id='par_1_116' title="bbox 2094 5107 3673 5202">
     <span class='ocr_line' id='line_1_119' title="bbox 2094 5107 3673 5202; baseline -0.001 2"><span class='ocrx_word' id='word_1_935' title='bbox 2094 5120 2266 5202; x_wconf 64' lang='grc' dir='ltr'><strong>εξίαπιν</strong></span> <span class='ocrx_word' id='word_1_936' title='bbox 2284 5120 2424 5202; x_wconf 55' lang='lat' dir='ltr'><strong>ius“</strong></span> <span class='ocrx_word' id='word_1_937' title='bbox 2444 5137 2643 5202; x_wconf 73' lang='grc' dir='ltr'><strong>ρωηειπι</strong></span> <span class='ocrx_word' id='word_1_938' title='bbox 2661 5107 2984 5202; x_wconf 44' lang='lat' dir='ltr'><strong>resecatam</strong></span> <span class='ocrx_word' id='word_1_939' title='bbox 3001 5117 3213 5202; x_wconf 58' lang='grc' dir='ltr'><strong>ιυεηξβη</strong></span> <span class='ocrx_word' id='word_1_940' title='bbox 3233 5107 3673 5202; x_wconf 56' lang='grc' dir='ltr'><strong>ξ’ἔξπνέἐηενέἱίῖυῆ</strong></span> 
     </span>
    </p>
   </div>
   <div class='ocr_carea' id='block_1_117' title="bbox 2065 5181 3676 5260">
    <p class='ocr_par' dir='ltr' id='par_1_117' title="bbox 2065 5181 3676 5260">
     <span class='ocr_line' id='line_1_120' title="bbox 2065 5181 3676 5260; baseline -0.013 -4"><span class='ocrx_word' id='word_1_941' title='bbox 2065 5252 2068 5256; x_wconf 89' lang='grc'>.</span> <span class='ocrx_word' id='word_1_942' title='bbox 2093 5181 2262 5244; x_wconf 48' lang='lat' dir='ltr'><strong>Nulli</strong></span> <span class='ocrx_word' id='word_1_943' title='bbox 2284 5181 2424 5260; x_wconf 46' lang='lat' dir='ltr'><strong>enim</strong></span> <span class='ocrx_word' id='word_1_944' title='bbox 2444 5181 2603 5245; x_wconf 69' lang='lat' dir='ltr'><strong>laude</strong></span> <span class='ocrx_word' id='word_1_945' title='bbox 2630 5181 2905 5260; x_wconf 61' lang='lat' dir='ltr'><strong>qitidqggm</strong></span> <span class='ocrx_word' id='word_1_946' title='bbox 2949 5195 3080 5240; x_wconf 82' lang='lat' dir='ltr'><strong>esset</strong></span> <span class='ocrx_word' id='word_1_947' title='bbox 3107 5183 3343 5260; x_wconf 62' lang='lat' dir='ltr'><strong>dignum,</strong></span> <span class='ocrx_word' id='word_1_948' title='bbox 3361 5181 3427 5260; x_wconf 71' lang='lat' dir='ltr'><strong>ni</strong></span> <span class='ocrx_word' id='word_1_949' title='bbox 3454 5191 3585 5232; x_wconf 80' lang='lat' dir='ltr'><strong>esset</strong></span> <span class='ocrx_word' id='word_1_950' title='bbox 3606 5181 3676 5235; x_wconf 75' lang='lat' dir='ltr'><strong>ad</strong></span> 
     </span>
    </p>
   </div>
   <div class='ocr_carea' id='block_1_118' title="bbox 2091 5250 3676 5334">
    <p class='ocr_par' dir='ltr' id='par_1_118' title="bbox 2091 5250 3676 5334">
     <span class='ocr_line' id='line_1_121' title="bbox 2091 5250 3676 5334; baseline 0 0"><span class='ocrx_word' id='word_1_951' title='bbox 2091 5258 2392 5334; x_wconf 64' lang='lat' dir='ltr'><strong>utrumlibet.</strong></span> <span class='ocrx_word' id='word_1_952' title='bbox 2413 5260 2606 5334; x_wconf 61' lang='lat' dir='ltr'><strong>ﬂexile.</strong></span> <span class='ocrx_word' id='word_1_953' title='bbox 2643 5250 2914 5334; x_wconf 55' lang='lat' dir='ltr'><strong>serum</strong></span> <span class='ocrx_word' id='word_1_954' title='bbox 2955 5262 3014 5334; x_wconf 68' lang='lat' dir='ltr'><strong>st</strong></span> <span class='ocrx_word' id='word_1_955' title='bbox 3059 5257 3250 5332; x_wconf 62' lang='grc' dir='ltr'><strong>ωξεη</strong></span> <span class='ocrx_word' id='word_1_956' title='bbox 3290 5250 3518 5334; x_wconf 60' lang='lat' dir='ltr'><strong>nterim?</strong></span> <span class='ocrx_word' id='word_1_957' title='bbox 3557 5268 3676 5334; x_wconf 63' lang='grc' dir='ltr'><strong>(μω</strong></span> 
     </span>
    </p>
   </div>
   <div class='ocr_carea' id='block_1_119' title="bbox 2092 5320 3676 5388">
    <p class='ocr_par' dir='ltr' id='par_1_119' title="bbox 2092 5320 3676 5388">
     <span class='ocr_line' id='line_1_122' title="bbox 2092 5320 3676 5388; baseline -0.001 -6"><span class='ocrx_word' id='word_1_958' title='bbox 2092 5336 2248 5383; x_wconf 85' lang='lat' dir='ltr'><strong>vetus</strong></span> <span class='ocrx_word' id='word_1_959' title='bbox 2268 5320 2506 5385; x_wconf 76' lang='lat' dir='ltr'><strong>Ecclesia</strong></span> <span class='ocrx_word' id='word_1_960' title='bbox 2530 5338 2638 5383; x_wconf 87' lang='lat' dir='ltr'><strong>tam</strong></span> <span class='ocrx_word' id='word_1_961' title='bbox 2671 5326 2925 5382; x_wconf 78' lang='lat' dir='ltr'><strong>adversus</strong></span> <span class='ocrx_word' id='word_1_962' title='bbox 2953 5320 3312 5388; x_wconf 85' lang='lat' dir='ltr'><strong>Simonianos,</strong></span> <span class='ocrx_word' id='word_1_963' title='bbox 3332 5320 3676 5380; x_wconf 80' lang='lat' dir='ltr'><strong>Marcionitas</strong></span> 
     </span>
    </p>
   </div>
   <div class='ocr_carea' id='block_1_120' title="bbox 2091 5391 3671 5465">
    <p class='ocr_par' dir='ltr' id='par_1_120' title="bbox 2091 5391 3671 5465">
     <span class='ocr_line' id='line_1_123' title="bbox 2091 5391 3671 5465; baseline -0.002 -13"><span class='ocrx_word' id='word_1_964' title='bbox 2091 5406 2148 5452; x_wconf 91' lang='lat' dir='ltr'><strong>et</strong></span> <span class='ocrx_word' id='word_1_965' title='bbox 2174 5397 2513 5465; x_wconf 71' lang='lat' dir='ltr'><strong>Manichaeos,</strong></span> <span class='ocrx_word' id='word_1_966' title='bbox 2528 5396 2678 5453; x_wconf 85' lang='lat' dir='ltr'><strong>liberi</strong></span> <span class='ocrx_word' id='word_1_967' title='bbox 2702 5394 2908 5465; x_wconf 82' lang='lat' dir='ltr'><strong>arbitrii</strong></span> <span class='ocrx_word' id='word_1_968' title='bbox 2937 5393 3138 5465; x_wconf 81' lang='lat' dir='ltr'><strong>primos</strong></span> <span class='ocrx_word' id='word_1_969' title='bbox 3165 5391 3366 5458; x_wconf 84' lang='lat' dir='ltr'><strong>hostes,</strong></span> <span class='ocrx_word' id='word_1_970' title='bbox 3385 5409 3546 5463; x_wconf 90' lang='lat' dir='ltr'><strong>quam</strong></span> <span class='ocrx_word' id='word_1_971' title='bbox 3575 5396 3671 5450; x_wconf 55' lang='lat' dir='ltr'><strong>ad.</strong></span> 
     </span>
    </p>
   </div>
   <div class='ocr_carea' id='block_1_121' title="bbox 2091 5462 3672 5537">
    <p class='ocr_par' dir='ltr' id='par_1_121' title="bbox 2091 5462 3672 5537">
     <span class='ocr_line' id='line_1_124' title="bbox 2091 5462 3672 5537; baseline -0.001 -17"><span class='ocrx_word' id='word_1_972' title='bbox 2091 5482 2278 5522; x_wconf 88' lang='lat' dir='ltr'><strong>versus</strong></span> <span class='ocrx_word' id='word_1_973' title='bbox 2328 5462 2661 5537; x_wconf 85' lang='lat' dir='ltr'><strong>Pelagianos.</strong></span> <span class='ocrx_word' id='word_1_974' title='bbox 2692 5462 2946 5537; x_wconf 82' lang='lat' dir='ltr'><strong>ejusdem</strong></span> <span class='ocrx_word' id='word_1_975' title='bbox 2975 5462 3175 5537; x_wconf 80' lang='lat' dir='ltr'><strong>nimios</strong></span> <span class='ocrx_word' id='word_1_976' title='bbox 3220 5462 3514 5537; x_wconf 69' lang='lat' dir='ltr'><strong>pmcones,</strong></span> <span class='ocrx_word' id='word_1_977' title='bbox 3545 5480 3672 5519; x_wconf 87' lang='lat' dir='ltr'><strong>san—</strong></span> 
     </span>
    </p>
   </div>
   <div class='ocr_carea' id='block_1_122' title="bbox 2089 5533 3673 5596">
    <p class='ocr_par' dir='ltr' id='par_1_122' title="bbox 2089 5533 3673 5596">
     <span class='ocr_line' id='line_1_125' title="bbox 2089 5533 3673 5596; baseline -0.003 -5"><span class='ocrx_word' id='word_1_978' title='bbox 2089 5537 2328 5592; x_wconf 79' lang='lat' dir='ltr'><strong>ctissime</strong></span> <span class='ocrx_word' id='word_1_979' title='bbox 2364 5533 2620 5596; x_wconf 74' lang='lat' dir='ltr'><strong>deci&#39;evit,</strong></span> <span class='ocrx_word' id='word_1_980' title='bbox 2653 5535 2854 5588; x_wconf 90' lang='lat' dir='ltr'><strong>utinam</strong></span> <span class='ocrx_word' id='word_1_981' title='bbox 2883 5533 3026 5590; x_wconf 81' lang='lat' dir='ltr'><strong>serio</strong></span> <span class='ocrx_word' id='word_1_982' title='bbox 3067 5533 3250 5590; x_wconf 82' lang='lat' dir='ltr'><strong>secum</strong></span> <span class='ocrx_word' id='word_1_983' title='bbox 3288 5536 3673 5591; x_wconf 84' lang='lat' dir='ltr'><strong>meditarentur</strong></span> 
     </span>
    </p>
   </div>
   <div class='ocr_carea' id='block_1_123' title="bbox 2093 5602 3668 5678">
    <p class='ocr_par' dir='ltr' id='par_1_123' title="bbox 2093 5602 3668 5678">
     <span class='ocr_line' id='line_1_126' title="bbox 2093 5602 3668 5678; baseline -0.003 -20"><span class='ocrx_word' id='word_1_984' title='bbox 2093 5603 2383 5678; x_wconf 76' lang='lat' dir='ltr'><strong>Lutherani</strong></span> <span class='ocrx_word' id='word_1_985' title='bbox 2429 5612 2485 5678; x_wconf 90' lang='lat' dir='ltr'><strong>et_</strong></span> <span class='ocrx_word' id='word_1_986' title='bbox 2510 5602 2850 5678; x_wconf 80' lang='lat' dir='ltr'><strong>_Calvinia_ni!</strong></span> <span class='ocrx_word' id='word_1_987' title='bbox 2880 5606 3191 5662; x_wconf 88' lang='lat' dir='ltr'><strong>desinerent</strong></span> <span class='ocrx_word' id='word_1_988' title='bbox 3218 5607 3458 5678; x_wconf 79' lang='lat' dir='ltr'><strong>profecto</strong></span> <span class='ocrx_word' id='word_1_989' title='bbox 3487 5604 3587 5655; x_wconf 88' lang='lat' dir='ltr'><strong>hac</strong></span> <span class='ocrx_word' id='word_1_990' title='bbox 3614 5603 3668 5654; x_wconf 90' lang='lat' dir='ltr'><strong>in</strong></span> 
     </span>
    </p>
   </div>
   <div class='ocr_carea' id='block_1_124' title="bbox 2090 5673 3255 5733">
    <p class='ocr_par' dir='ltr' id='par_1_124' title="bbox 2090 5673 3255 5733">
     <span class='ocr_line' id='line_1_127' title="bbox 2090 5673 3255 5733; baseline -0.001 -3"><span class='ocrx_word' id='word_1_991' title='bbox 2090 5689 2150 5730; x_wconf 87' lang='lat' dir='ltr'><strong>re</strong></span> <span class='ocrx_word' id='word_1_992' title='bbox 2177 5675 2369 5729; x_wconf 86' lang='lat' dir='ltr'><strong>saltem</strong></span> <span class='ocrx_word' id='word_1_993' title='bbox 2399 5673 2552 5727; x_wconf 88' lang='lat' dir='ltr'><strong>nobis</strong></span> <span class='ocrx_word' id='word_1_994' title='bbox 2569 5673 2847 5728; x_wconf 78' lang='lat' dir='ltr'><strong>catholicis</strong></span> <span class='ocrx_word' id='word_1_995' title='bbox 2875 5693 2994 5733; x_wconf 87' lang='lat' dir='ltr'><strong>esse</strong></span> <span class='ocrx_word' id='word_1_996' title='bbox 3023 5673 3255 5732; x_wconf 80' lang='lat' dir='ltr'><strong>molesti.</strong></span> 
     </span>
    </p>
   </div>
   <div class='ocr_carea' id='block_1_125' title="bbox 2162 5739 3672 5818">
    <p class='ocr_par' dir='ltr' id='par_1_125' title="bbox 2162 5739 3672 5818">
     <span class='ocr_line' id='line_1_128' title="bbox 2162 5739 3672 5818; baseline -0.003 -18"><span class='ocrx_word' id='word_1_997' title='bbox 2162 5741 2192 5781; x_wconf 69' lang='grc'><strong><em>³</em></strong></span> <span class='ocrx_word' id='word_1_998' title='bbox 2227 5742 2454 5800; x_wconf 79' lang='lat' dir='ltr'><strong>Nomina</strong></span> <span class='ocrx_word' id='word_1_999' title='bbox 2481 5739 2838 5810; x_wconf 88' lang='lat' dir='ltr'><strong>subjectarum</strong></span> <span class='ocrx_word' id='word_1_1000' title='bbox 2865 5761 3196 5816; x_wconf 83' lang='lat' dir='ltr'><strong>gemmarum</strong></span> <span class='ocrx_word' id='word_1_1001' title='bbox 3216 5748 3287 5800; x_wconf 87' lang='lat' dir='ltr'><strong>ita</strong></span> <span class='ocrx_word' id='word_1_1002' title='bbox 3309 5740 3672 5818; x_wconf 59' lang='lat' dir='ltr'><strong>legendam</strong></span> 
     </span>
    </p>
   </div>
  </div>
