4246 6270
557 345 654 405 511

1866 332 2138 391 ARNOBH
2175 332 2476 390 JUNIORIS

3695 326 3808 389 δι’

561 461 878 534 consignatio
911 455 1278 517 similitudinis,
1309 460 1358 505 et
1385 467 1576 505 corona
1603 449 1822 514 decoris,
1848 450 1903 502 in
1932 451 2126 504 deliciis
2154 458 2209 517 Α
2230 450 2303 504 ita
2332 449 2400 503 ad
2427 449 2649 504 nihilum
2670 448 2988 520 redigendus
3007 451 3109 506 erit
3136 450 3188 504 in
3212 445 3530 516 ﬁnem,quia
3550 445 3803 516 scriptum

559 551 794 622 paradisi
829 548 927 600 Dei
957 546 1118 616 fuisti.
1162 539 1378 595 Omnem
1413 538 1633 610 lapidem
1673 541 1916 610 optimum
1944 540 2134 596 habens

557 642 690 710 inte
715 635 965 700 sardium,
993 643 1043 688 et
1062 632 1333 703 lapatium,
1359 639 1410 685 et
1454 631 1804 702 smaragdum,
1845 638 1896 684 et
1917 631 2137 684 carbun-

558 729 748 790 culum,
767 731 820 781 et
834 725 1132 796 saphyrum,
1147 731 1197 776 et
1207 721 1484 793 jaspidem,
1499 730 1548 776 et
1560 722 1817 793 ligurium,
1829 731 1880 774 et
1897 723 2134 788 achaten,

559 824 611 871 et
637 813 998 885 amethystum,
1028 821 1079 866 et
1110 811 1462 882 chrysolitum,
1501 819 1551 865 et
1578 811 1830 876 berillum,
1860 820 1910 866 et
1930 811 2140 883 onychi-
2181 855 2185 860 ,

559 918 704 970 num,
736 913 787 959 et
806 921 932 958 auro
959 904 1183 974 implesti
1207 903 1468 958 thesauros
1498 912 1628 968 tuos,
1657 912 1707 957 et
1726 905 1998 974 apothecas
2027 913 2139 959 tuas

558 997 614 1052 in
645 1005 708 1052 te.
761 992 904 1050 Nam
928 1014 994 1051 ea:
1020 1013 1120 1068 qua
1149 996 1231 1050 die
1257 1005 1460 1050 creatus
1505 1013 1557 1049 es
1584 1006 1654 1061 tu,
1689 1006 1714 1032 ⁸
1737 1013 1850 1049 cum
1885 996 2141 1050 cherubim

559 1089 708 1160 posui
739 1097 786 1141 te
810 1088 866 1141 in
888 1095 1060 1141 monte
1083 1095 1263 1140 sancto
1309 1085 1426 1150 Dei,
1445 1095 1495 1139 et
1522 1088 1688 1158 factus
1709 1103 1761 1140 es
1789 1087 1843 1139 in
1872 1086 2038 1139 medio
2059 1086 2140 1139 la-

560 1179 738 1250 pidum
763 1179 1048 1248 igneorum,
1091 1185 1142 1230 et
1167 1175 1319 1231 abisti
1345 1177 1456 1230 sine
1490 1175 1694 1228 macula
1726 1177 1781 1228 in
1820 1174 1992 1228 diebus
2022 1177 2140 1238 tuis,

559 1285 627 1323 ea:
646 1284 746 1338 qua
773 1267 858 1321 die
876 1276 1077 1321 creatus
1105 1284 1158 1320 es
1189 1277 1260 1330 tu,
1292 1266 1451 1320 donec
1479 1267 1827 1320 invenirentur
1848 1267 2141 1338 iniquitates

564 1370 668 1414 tute
689 1361 746 1413 in
779 1369 856 1424 te,
887 1357 916 1396 ι’
938 1376 972 1411 a
1016 1357 1340 1411 multitudine
1367 1357 1692 1427 cogitationis
1741 1366 1856 1412 tute.
1888 1357 2139 1429 Implesti,

562 1450 700 1502 enim
732 1448 1088 1518 promptuaria
1134 1455 1222 1499 tua
1247 1447 1535 1517 iniquitate,
1565 1456 1587 1485 ο
1613 1455 1663 1500 et
1698 1449 1938 1516 peccasti,
1967 1459 2016 1502 et
2035 1450 2144 1502 vul-

2238 546 2321 593 est
2356 557 2368 591 :
2404 538 2613 594 Terram
2640 550 2714 606 tu,
2743 539 2980 605 Domine,
3012 539 3260 612 fundasti,
3291 547 3341 591 et
3367 546 3523 607 opera
3565 551 3807 589 manuum

2241 639 2440 683 tuarum
2469 639 2587 682 sunt
2612 631 2741 684 coeli.
2774 628 2886 700 Ipsi
2925 629 3178 699 peribunt,
3221 636 3274 680 tu
3296 635 3466 680 autem
3487 626 3540 679 in
3563 634 3807 679 cternum

2238 738 2415 775 manes
2439 721 2554 792 (Ps.
2578 737 2646 787 cr,
2677 721 2776 786 26;
2804 720 2964 775 Hebr.
2991 707 3027 786 ι.
3059 719 3167 789 10).
3199 718 3390 774 Coalum
3426 723 3606 771 autem
3625 731 3806 769 novum

2239 804 2288 864 et
2321 821 2508 866 terram
2553 829 2738 866 novam
2784 811 3011 867 ﬁdeliter
3050 811 3145 866 Dei
3171 809 3382 879 eloquia
3429 807 3807 878 repromittunt

2241 903 2396 974 (Isai.
2430 920 2552 968 va,
2586 903 2684 969 l7;
2728 903 3004 974 Id..l..XVl,
3035 902 3134 969 2‘2;
3181 903 3339 972 Apoc.
3385 916 3494 966 xxi,
3529 898 3589 965 i;
3617 898 3660 953 ll
3688 897 3804 951 Pet.

2241 1008 2316 1057 Ill,
2347 992 2470 1062 15),
2503 993 2556 1047 in
2579 994 2772 1063 quibus
2798 1001 3114 1064 perpetuum
3164 992 3267 1046 hoc
3292 990 3496 1045 sanctis
3521 988 3631 1044 suis
3657 987 3811 1042 inha-

2241 1083 2377 1139 bitet
2408 1102 2421 1137 :
2453 1099 2570 1154 qua:
2597 1084 2893 1154 cujusmodi
2925 1085 3032 1139 sint
3083 1082 3276 1149 futura,
3309 1081 3423 1152 ipse
3469 1079 3614 1135 solus
3639 1073 3831 1143 novit,

2242 1173 2334 1242 qui
2365 1174 2598 1230 facturus
2627 1184 2738 1241 est;
2768 1176 2894 1245 quia
2918 1191 3008 1228 nec
3028 1173 3200 1228 oculus
3229 1172 3374 1236 vidit,
3413 1187 3504 1224 nec
3533 1169 3675 1222 auris
3714 1183 3808 1220 au-

2245 1265 2386 1330 dirit,
2418 1282 2509 1319 nec
2545 1267 2599 1318 in
2637 1281 2726 1320 cor
2753 1265 2971 1318 hominis
2999 1262 3338 1317 ascenderunt
3364 1275 3476 1332 qua
3502 1255 3811 1330 praeparavit

2245 1353 2386 1410 Deus
2413 1356 2737 1426 diligentibus
2765 1373 2819 1410 se
2847 1355 3000 1424 (Isai.
3027 1371 3168 1420 inv,
3198 1353 3306 1419 4;]
3333 1351 3452 1406 Cor.
3479 1367 3532 1415 n,
3563 1350 3638 1420 9).
3670 1341 3674 1345 ’

2315 1443 2689 1516 Obtemperavi
2719 1445 2984 1516 petitioni,
3029 1445 3192 1500 immo
3233 1442 3460 1514 jussioni
3496 1448 3716 1504 vestrae;
3756 1445 3812 1493 et

565 1549 775 1594 neratus
804 1555 857 1592 es
885 1556 918 1591 a
945 1531 1117 1593 monte
1142 1534 1241 1590 Dei
1267 1553 1285 1589 :
1325 1546 1374 1590 et
1399 1535 1579 1590 eduxit
1611 1546 1660 1591 te
1685 1537 1748 1591 de
1774 1537 2050 1603 cherubim,
2081 1539 2145 1592 de
2245 1537 2474 1606 qualiter
2500 1538 2733 1602 credam,
2761 1537 2983 1609 exposui
3011 1553 3023 1588 :
3047 1543 3288 1606 superest
3307 1540 3365 1590 ut
3392 1532 3585 1588 vestris
3611 1529 3812 1585 oratio-

564 1631 732 1683 medio
752 1628 992 1698 lapidum.
1009 1629 1293 1698 igneorum.
1315 1625 1619 1681 Exaltatum
1638 1629 1772 1681 enim
1795 1621 1980 1682 estcor
2005 1639 2144 1683 tuum
2248 1627 2401 1682 nibus
2445 1628 2576 1682 mihi
2603 1628 2832 1684 donetur
2858 1643 3009 1682 amor
3038 1627 3247 1682 timoris
3273 1624 3501 1691 Domini,
3530 1633 3590 1678 ut
3616 1621 3814 1692 possim

564 1720 620 1772 in
643 1719 890 1772 dedecore
916 1725 1039 1781 tuo;
1068 1716 1188 1770 ideo"
1213 1718 1270 1769 in
1299 1725 1488 1770 terram
1525 1718 1716 1787 projeci
1739 1719 1854 1771 tein
1875 1728 2144 1789 conspectu
2247 1717 2446 1772 habere
2473 1718 2558 1772 vel
2585 1719 2786 1772 initium
2818 1719 3099 1788 sapientiw,
3130 1724 3187 1772 et
3213 1716 3282 1772 sit
3323 1717 3376 1770 in
3421 1729 3509 1769 me
3533 1712 3814 1767 intellectus

565 1823 758 1878 regum,
789 1817 840 1860 et
857 1807 977 1861 dedi
1002 1807 1120 1860 tein
1142 1805 1511 1860 traductionem
1536 1816 1742 1877 propter
1769 1808 2145 1884 multitudinem
2173 1825 2222 1886 Β
2247 1805 2427 1872 bonus,
2454 1808 2617 1863 rectis
2641 1807 2894 1880 operibus
2939 1806 3254 1862 manifestus
3283 1805 3397 1877 (Ps.
3424 1821 3511 1869 cx,
3540 1802 3661 1874 10),
3707 1816 3812 1871 quo

569 1907 894 1968 peccatorum
933 1906 1167 1962 tuorum,
1196 1905 1247 1950 et
1277 1898 1594 1969 iniquitatem
1631 1900 1988 1970 negotiationis
2019 1909 2142 1966 tuae,

565 1984 593 2024 δ
610 1990 730 2058 quia
757 1989 1118 2042 contaminasti
1145 1996 1328 2042 sancta
1357 1997 1461 2042 tua.
1482 1987 1552 2042 Et
1578 1989 1857 2059 producam
1882 1991 2054 2062 ignem
2079 1992 2146 2046 de

567 2081 736 2133 medio
768 2081 860 2145 tui,
885 2090 934 2134 et
953 2082 1064 2150 ipse
1091 2080 1226 2150 ignis
1261 2079 1522 2134 devorabit
1545 2090 1606 2146 te,
1630 2089 1681 2135 et
1699 2081 1830 2136 dabo
1859 2092 1907 2136 te
1927 2085 1980 2137 in
2001 2085 2144 2137 cine-

567 2186 675 2223 rem
694 2187 845 2241 super
871 2180 1059 2224 terram
1078 2171 1132 2224 in
1163 2180 1433 2240 conspectu
1461 2172 1686 2226 omnium
1705 2172 1978 2227 videntium
2007 2184 2072 2240 te,
2095 2183 2148 2230 et

569 2279 743 2316 omnes
769 2263 853 2332 qui
901 2272 946 2316 te
990 2271 1236 2316 noverunt
1280 2264 1414 2317 inter
1441 2264 1674 2318 nationes
1714 2253 2147 2320 contristabuntur

569 2370 722 2422 super
751 2362 815 2406 te.
853 2362 878 2390 ε
922 2350 990 2407 Ut
1037 2353 1326 2426 prodigium
1369 2356 1506 2408 enim
1552 2356 1718 2426 [actus
1754 2372 1828 2422 es,
1849 2364 1901 2410 et
1918 2372 2022 2411 non
2041 2357 2143 2412 eris

570 2444 789 2512 amplius
817 2445 872 2496 in
900 2453 1144 2499 ceternum
1174 2445 1384 2516 (Ezech.
1407 2463 1588 2511 xxvur,
1613 2446 1681 2500 12
1700 2446 1738 2518 ).

643 2541 896 2596 Nondum
915 2557 1131 2612 quoque
1161 2545 1333 2613 ipsum
1360 2543 1579 2600 credere
1598 2544 1857 2600 debemus
1877 2560 1908 2598 a
1937 2544 2049 2600 Deo
2069 2545 2148 2600 fa-

572 2639 718 2687 ctum
740 2647 809 2686 ex
827 2632 1011 2698 nihilo,
1035 2633 1172 2688 sicut
1193 2633 1386 2702 legitur
1400 2633 1460 2688 in
1484 2633 1802 2689 Machabaais
1825 2653 1838 2687 :
1869 2634 2146 2707 (Aspicite,

572 2723 690 2792 lilii,
713 2725 767 2777 in
791 2724 968 2779 castum
988 2734 1037 2778 et
1057 2733 1276 2795 terram;
1297 2732 1348 2778 et
1361 2725 1577 2796 aspectis
1597 2725 1848 2791 omnibus,
1866 2742 1980 2796 qua:
1997 2727 2054 2779 in
2075 2727 2150 2780 eis

571 2822 710 2875 sunt,
726 2814 994 2885 intelligite
1005 2814 1256 2886 quomodo
1275 2829 1340 2868 ea:
1355 2814 1516 2870 nihilo
1531 2816 1650 2886 fecit
1663 2832 1724 2870 ea
1737 2814 1877 2870 Deus
1892 2814 1957 2886 (ll
1971 2814 2030 2869 Η
2031 2814 2147 2869 ach.

571 2919 666 2968 vn,
686 2903 797 2974 28).
855 2903 997 2973 Ergo
1043 2905 1182 2960 sicut
1219 2921 1288 2963 ex
1333 2905 1500 2963 nihilo
1547 2905 1719 2963 factus
1771 2915 1853 2962 est
1902 2906 2149 2972 mundus,

2247 1912 2277 1950 a
2305 1898 2585 1968 prohibitis
2604 1898 2895 1960 abstinens.
2921 1897 3086 1967 jussis
3105 1897 3364 1952 insistam.

2316 1985 2548 2042 XXVIII.
2562 2018 2635 2029 —
2652 1987 2914 2057 Serapion
2933 1987 3098 2043 dixit:
3128 1985 3280 2042 Hanc
3295 2001 3409 2042 rem
3428 2000 3551 2042 cum
3570 1981 3813 2040 orationi-

2248 2079 2348 2134 bus
2393 2081 2681 2151 impetrare
2719 2081 2901 2148 debes,
2950 2083 3064 2138 sive
3091 2082 3216 2150 tuis,
3244 2082 3357 2138 sive
3382 2093 3818 2151 quorumcunque

2249 2179 2556 2227 sanctorum
2600 2187 2760 2242 quam
2787 2189 2896 2230 non
2939 2172 3104 2228 habes
3149 2186 3248 2243 per
3290 2170 3496 2226 arbitrii
3523 2169 3818 2224 libertatem

2248 2279 2577 2319 concessam.
2599 2297 2670 2308 --
2699 2265 2969 2320 Arnobius
2995 2263 3129 2319 dixit
3160 2281 3172 2316 :
3216 2260 3285 2317 Et
3307 2277 3467 2332 quam
3505 2275 3620 2316 rem
3647 2259 3817 2313 habeo

2249 2368 2348 2423 per
2385 2353 2589 2407 arbitrii
2627 2353 2926 2408 libertatem
2954 2366 3264 2408 concessam
3289 2351 3408 2404 1—
3428 2349 3687 2420 Serapion
3731 2359 3820 2402 re-

2250 2445 2463 2516 spondit
2482 2462 2495 2497 :
2512 2454 2537 2492 ε
2564 2442 2631 2498 Ut
2658 2459 2689 2497 a
2715 2443 2998 2513 prohibitis
3017 2443 3309 2510 abstineas,
3332 2448 3386 2497 et
3399 2441 3562 2512 jussis
3590 2440 3818 2496 insistas.

2248 2568 2320 2579 —
2345 2537 2610 2591 Arnobius
2633 2535 2770 2590 dixit
2801 2553 2814 2588 :
2846 2533 2949 2602 Qui
2975 2551 3007 2588 a
3033 2534 3317 2604 prohibitis
3345 2534 3600 2600 abstinet,
3631 2541 3687 2588 et
3707 2531 3821 2587 sine

2253 2637 2476 2700 peccato
2503 2627 2762 2694 efﬁcitur;
2803 2629 2893 2698 qui
2939 2642 3068 2682 vero
3095 2626 3255 2682 etiam
3282 2626 3442 2695 jussis
3466 2625 3682 2688 insistit,
3711 2639 3822 2679 non

2254 2720 2428 2776 solum
2467 2736 2498 2774 a
2537 2719 2742 2790 peccati
2795 2717 3206 2788 reprehensione
3253 2716 3457 2771 alienus
3501 2721 3603 2781 est,
3633 2727 3825 2770 verum

2257 2812 2421 2868 etiam
2463 2812 2620 2867 laude
2648 2810 2836 2880 dignus
2872 2817 2975 2866 est.
3004 2840 3075 2852 —
3099 2807 3356 2879 Serapion
3393 2807 3527 2862 dixit
3557 2825 3570 2860 :
3597 2805 3676 2861 Ita
3717 2811 3820 2859 est.

2256 2905 2606 2960 —Arnobius
2625 2903 2761 2988 dixit
2790 2920 2804 2955 :
2833 2902 2894 2958 Si
2921 2903 2995 2958 ita
3021 2910 3122 2966 est,
3141 2897 3184 2988 ιδ
3211 2913 3338 2970 ergo
3366 2905 3544 2970 potest
3571 2913 3669 2969 per
3695 2895 3823 2952 libe-

754 3028 760 3034 ·
973 3028 979 3034 ·
1749 3019 1858 3074 ra.
1898 2989 2378 3075 FEUARDENTII
2411 3017 2638 3074 now.

611 3104 823 3179 animus
850 3119 918 3160 ex
944 3104 1252 3179 Hieronymi
1300 3108 1742 3179 interpretatione
1763 3107 1923 3162 LXX.
1947 3109 2146 3164 Nonni-

613 3174 650 3226 il
670 3174 835 3247 __enim
850 3185 1116 3247 corrupta
1147 3174 1286 3232 'sunt
1314 3178 1368 3230 in
1416 3174 1582 3233 veteri
1620 3184 1805 3232 nostro
1832 3179 2143 3247 exemplari.
2173 3201 2176 3204 -

575 3242 799 3316 Ruﬁnus
843 3242 1060 3316 Josephi
1110 3247 1375 3316 interpres
1429 3248 1642 3316 ligurius
1696 3247 1909 3310 scribit,
1957 3242 2153 3302 melius

611 3328 732 3385 uam
761 3312 1012 3370 Calenius
1032 3312 1277 3385 (incurias
1297 3312 1600 3385 προώρόο
1622 3318 1784 3369 etiam
1805 3316 1997 3382 legitur
2009 3317 2147 3385 apud

627 3384 991 3459 ieronymum_
1006 3384 1163 3459 epist.
1206 3381 1291 3436 5b.
1335 3381 1464 3459 Nam
1491 3381 1673 3459 tineae
1705 3381 2060 3459 θεελιγύρςρςξ
2095 3394 2149 3440 et

572 3452 628 3522 in
660 3450 901 3522 Vulgata,
949 3450 1118 3522 Exod.
1161 3468 1340 3522 xxviii,
1374 3452 1725 3522 19,ιί9ιινὶυδ.
1769 3450 2146 3520 Tertullianus,

575 3520 668 3575 lib.
689 3536 729 3592 Au
759 3510 964 3576 advers.
998 3520 1161 3576 Marc.
1189 3540 1201 3574 :
1505 3510 1750 3592 optimum
1795 3524 2004 3577 indutus
2049 3510 2144 3588 est,
2173 3510 2220 3571 C

571 3589 823 3663 sardium,
857 3592 1140 3663 topasium,
1172 3589 1940 3663 smaragdum,'carbunculum,
1971 3595 2148 3662 sap/ti-

571 3675 704 3740 rum,
723 3660 924 3740 jaspin,
955 3660 1217 3740 ligurium,
1249 3660 1484 3740 achaten,
1509 3662 1868 3734 amethystum,
1900 3660 2150 3734 chrysoli-

572 3729 966 3800 tum,_berillum,
991 3729 1283 3800 onychium,
1317 3739 1419 3788 etc.
1682 3729 1700 3734 ⁷
1993 3729 2011 3734 ⁷
2049 3758 2054 3760 -

643 3806 673 3874 ξ
701 3797 779 3874 1ἔὲ
806 3798 983 3874 100"“)
1010 3797 1286 3874 ρὲορδθῳ
1306 3803 1489 3874 legunt
1506 3818 1570 3858 ac
1589 3804 2007 3874 interpretantur
2027 3801 2152 3874 Ter-

571 3865 692 3940 t_ul_l.
723 3866 823 3940 lib.
847 3883 884 3922 ιι
911 3865 1166 3940 adversus
1211 3865 1568 3936 Marcionem;
1616 3865 1890 3940 Origenes,
1915 3872 2012 3940 lib.
2037 3887 2055 3924 ι
2081 3871 2150 3940 de

571 3933 872 4017 Principiis,
889 3935 1406 4017 c._5;§iemnymus,
1428 3941 1481 3992 in
1503 3933 1659 3993 c.’uv
1687 3933 1867 4017 tigrim;
1896 3938 2150 4004 Augusti-

572 4020 691 4076 nus,
721 4004 820 4076 lib.
848 4022 902 4060 ιι
929 4005 994 4076 de
1019 4004 1214 4060 Genesi
1235 4004 1302 4059 ad
1327 4007 1578 4076 litteram,
1607 4022 1657 4059 c.
1686 4004 1773 4056 25.

647 4073 1081 4158 bAS‘eptuagintg,
1131 4075 1500 4158 a‘rrrdmr‘rlébouc
1545 4076 1960 4158 rﬁcﬂiptnopiac‘.
2017 4073 2151 4158 Hillo

573 4139 931 4209 Tertullianus
963 4158 975 4192 :
1007 4139 1088 4209 De
1137 4142 1462 4194 multitudine
1509 4139 1868 4209 negotiationis
1933 4150 2049 4195 ture.
2083 4142 2150 4196 Et

575 4209 800 4283 Vulga_ta
842 4208 1004 4283 editio
1052 4207 1240 4283 Latina
1273 4227 1285 4262 :
1319 4209 1385 4262 In
1427 4207 1753 4283 multitudine
1793 4212 2149 4283 negotiationis

574 4288 692 4351 tua.
724 4278 804 4351 Ex
831 4278 1025 4347 quibus
1053 4279 1271 4351 omnino
1295 4282 1516 4349 apparet
1539 4278 1820 4351 legendum
1859 4278 1981 4336 esse
2009 4282 2150 4351 apud

574 4345 889 4411 Arnobium,
911 4349 1292 4415 negotiationis,
1323 4345 1433 4403 non
1471 4345 1826 4415 cogitationis.

561 4443 563 4446 -
648 4428 672 4456 ε
715 4418 880 4472 Vetus
906 4416 1112 4482 codex,
1137 4425 1187 4482 et
1209 4420 1452 4482 peccatis.
1497 4416 1856 4473 Tertullianus
1884 4437 1897 4471 ε
1929 4417 2149 4474 Promas

577 4493 693 4538 tuas
741 4484 984 4566 replesti,
1042 4493 1096 4539 et
1138 4484 1414 4557 Mlquisli.
1463 4485 1694 4555 Vulgata
1747 4487 1909 4543 editio
1962 4489 2145 4556 latina,

970 4619 1336 4708 Ρεσιιίωει
1370 4623 1505 4680 Heb.
1542 4642 1556 4678 :
1588 4625 1829 4680 Polluisti
1857 4628 2150 4697 sanctiﬁca-

571 4699 765 4745 nonem
797 4701 981 4745 utan.
1155 4707 1159 4712 ι
1434 4732 1437 4738 ,
1959 4737 1962 4740 ί

650 4732 1163 4847 est.“
1190 4732 1613 4847 Datinaz‘lyihil‘i
1651 4767 1818 4847 {actus
1860 4783 1932 4831 ειν
1959 4737 2018 4847 ἕ
2047 4783 2148 4847 "‘3."

571 4831 675 4905 eris
694 4832 765 4905 in_
776 4841 1094 4905 perpetuum:
1123 4832 1344 4905 Ruﬁnus
1382 4833 1625 4902 Origenis
1649 4831 1931 4905 interpres,
1961 4836 2148 4905 Perdi-

571 4901 668 4978 tio'
691 4901 1014 4978 eﬂ‘ectus._es.
1061 4901 1428 4978 Septuaginta,
1476 4901 1700 4978 inn-a1an
1739 4901 1926 4978 ἐγίνρυ.
1960 4904 2146 4978 Melius

571 4969 752 5052 itaque
785 4972 894 5052 hoc.
914 4969 1285 5028 Arnobii‘loco'
1317 4973 1599 5042 legeretur.
1635 4974 1704 5030 Ut
1733 4969 1951 5045 perditio
1980 4976 2145 5045 factus

569 5048 885 5194 εῆίῗιῧέτδὲ
911 5119 1035 5166 sum
1079 5111 1313 5180 ὃθιριηω
1340 5112 1526 5194 matris
1571 5121 1776 5194 septem
1804 5113 2047 5194 fratrum,
2077 5112 2145 5193 a_d

569 5182 918 5250 novissimum
961 5196 1167 5246 eorum,
1197 5196 1316 5250 quae
1354 5182 1608 5250 singulari
1635 5182 1872 5238 numero
1901 5183 1950 5235 in
1980 5182 2145 5236 sacris

569 5244 755 5321 Bibliis
776 5251 1094 5321 referuntur,
1125 5244 1328 5321 Aspice,
1351 5244 1589 5319 ﬁlifetc.
1619 5252 1734 5321 Sed
1752 5251 2035 5305 verisimile
2063 5258 2146 5304 est

568 5315 814 5387 eamdem
824 5319 1112 5387 viraginem
1125 5315 1312 5375 eadem
1323 5315 1699 5374 exhortatione
1712 5319 2016 5387 frequenter
2029 5322 2146 5374 uni-

567 5385 902 5438 versos-illos
917 5385 982 5439 ad
1002 5389 1314 5458 martyrium
1344 5391 1627 5452 animasse,
1647 5390 1773 5442 dum
1790 5385 1961 5442 adhuc
1987 5405 2144 5458 supe~

565 5461 795 5506 ressent.
827 5451 1112 5513 Caeterum.
1139 5465 1246 5512 tam
1268 5472 1335 5511 ex
1356 5459 1439 5513 his
1457 5475 1619 5513 uuam
1640 5472 1707 5513 ex
1736 5457 2002 5512 sexcentis
2030 5459 2148 5512 aliis

568 5475 795 5506 resseut.
827 5475 1112 5520 υκιετυω,
1139 5475 1246 5512 tam
1268 5475 1335 5511 ex
1356 5475 1439 5513 ms
1457 5475 1619 5528 quam
1640 5475 1707 5513 ex
1736 5475 2002 5512 sexcentis
2030 5475 2146 5512 ams

568 5518 787 5592 Patrum
833 5531 1072 5578 veterum
1109 5527 1445 5592 testimoniis,
1477 5529 1720 5584 videmus
1772 5527 1890 5582 libri
1928 5527 2146 5581 secundi

566 5589 994 5648 Machabaaorum
1023 5602 1414 5651 sacrosanctam
1434 5589 1495 5652 vet
1521 5599 1835 5652 canonicam
1863 5594 2025 5651 fuisse
2053 5612 2146 5650 an-

569 5663 893 5746 ctoritatem.
914 5660 1147 5746 Tantum
1167 5663 1254 5746 hic
1273 5653 1466 5746 adjicio
1489 5665 1844 5746 Augustinum
1866 5665 2004 5746 (Lib:
2021 5683 2145 5746 xvm
2171 5703 2174 5708 ρ

570 5729 744 5798 Civit.)
775 5740 902 5796 ante
913 5731 1062 5794 mille
1081 5738 1137 5792 οι
1162 5729 1422 5793 ducentos
1448 5729 1620 5796 annos
1647 5729 1938 5796 asseruisse
1961 5734 2144 5794 Eccle-

2245 3110 2382 3164 siam
2411 3110 2728 3164 catholicam
2753 3116 3038 3164 utrumque
3089 3107 3280 3162 librum
3304 3105 3729 3160 Machabmorum
3767 3105 3820 3162 in

2250 3193 2512 3232 canonem
2553 3193 2826 3234 sacrorum
2877 3173 3228 3233 voluminum’
3253 3175 3539 3244 recepisse.
3581 3173 3816 3244 Insuper,

2249 3245 2536 3316 Josephum
2559 3262 2756 3314 genere
2783 3246 3081 3313 Hebraeum,
3116 3254 3171 3316 et
3191 3243 3449 3314 dignitate
3466 3243 3813 3316 sacerdotem,

2250 3312 2442 3384 abhinc
2461 3312 2606 3371 mille
2634 3326 2686 3370 et
2707 3317 3007 3384 quingentis
3034 3312 3187 3371 annis
3205 3312 3515 3368 constanter
3532 3312 3820 3384 afﬁrmasse

2248 3383 2385 3453 (Lib.
2416 3386 2477 3438 de
2499 3381 2740 3440 Hac/tab:
2766 3385 2835 3437 ad
2842 3381 3019 3454 ﬁnem)
3037 3384 3350 3454 Eleazari‘et
3369 3389 3574 3454 septem
3601 3381 3819 3454 fratrum

2250 3452 2560 3521 historiam,
2606 3471 2723 3523 qua:
2758 3452 3008 3509 secundo
3034 3453 3170 3508 libro
3213 3452 3459 3516 refertur,
3489 3453 3651 3523 etiam
3680 3453 3818 3522 apud

2250 3539 2377 3578 suos
2406 3521 2657 3580 Hebraeos
2685 3525 2826 3579 inter
2865 3539 3046 3578 sacras
3075 3524 3278 3577 litteras
3305 3522 3529 3580 censeri.
3577 3521 3817 3576 Viderint

2249 3607 2351 3661 qua
2380 3593 2554 3649 fronte
2601 3602 2656 3650 et
2697 3594 3019 3650 conscientia
3071 3593 3189 3648 illos
3226 3592 3469 3661 rejiciant
3516 3591 3816 3647 novissimae

2249 3662 2408 3731 hujus
2430 3664 2601 3718 :etatis
2622 3664 2876 3718 haeretici.
3533 3729 3542 3731 _
3643 3665 3647 3667 ’

2322 3729 2347 3780 ὲ
2385 3732 2501 3787 Jam
2533 3750 2670 3787 nunc
2711 3732 3114 3800 Pelagianorum
3144 3747 3427 3800 personam
3460 3729 3625 3785 induit
3656 3729 3814 3784 Sera-

2248 3803 2395 3870 pion,
2427 3803 2562 3856 sicut
2588 3799 3028 3866 Sabellianorum,
3059 3799 3375 3856 Arianorum
3396 3810 3450 3855 et
3472 3799 3810 3870 Nestoriano-

2249 3869 2368 3939 rum
2395 3872 2755 3938 superioribus
2785 3871 3230 3939 disputationibus
3259 3887 3364 3924 non
3384 3870 3602 3939 impigre
3627 3869 3813 3939 gessit.

2250 3937 2380 4008 Nam
2410 3941 2522 3992 sola
2544 3940 2595 3991 vi
2621 3939 2770 3992 liberi
2799 3937 3024 4004 arbitrii,
3045 3940 3160 3994 sine
3189 3940 3370 4008 gratia:
3391 3937 3638 3993 salutaris
3664 3938 3820 3992 auxi.

2249 4005 2341 4069 lio,
2373 4016 2592 4078 cunctas
2617 4014 2958 4076 peccatorum
2988 4005 3312 4064 tentationes
3339 4010 3571 4070 vincere,
3603 4015 3657 4062 ct
3683 4023 3821 4078 pra)-

2249 4074 2418 4143 ceptis
2437 4074 2642 4147 divinis:
2655 4091 2858 4130 morem
2873 4091 3058 4145 gerere
3069 4094 3227 4147 posse
3250 4079 3517 4132 hominem
3536 4074 3814 4140 viatorem,

2251 4158 2403 4197 error
2429 4143 2528 4198 fuit
2556 4143 2981 4213 Pelagianorum,
2999 4143 3281 4202 damnatus
3302 4163 3331 4200 a
3351 4147 3578 4203 concilio
3615 4147 3818 4201 Milevi-

2250 4220 2397 4295 ξιτψ,
2447 4222 2501 4295 et
2529 4216 2595 4270 ab
2632 4214 2944 4295 Augustino,
2993 4217 3083 4295 lib.
3130 4216 3543 4295 deﬁgeresibus,
3573 4233 3692 4295 cap.
3725 4214 3814 4269 88.

2249 4281 2389 4354 Quin
2416 4285 2576 4338 etiam
2599 4281 2839 4354 plurimis
2859 4293 2912 4338 et
2931 4286 3256 4353 gravissimis
3268 4281 3484 4354 ‘scriptis
3505 4281 3820 4352 Pelagianos

2251 4352 2558 4422 insectatur,
2591 4352 2649 4407 ut
2677 4354 2842 4408 tribus
2871 4352 3018 4408 libris
3055 4356 3120 4410 de
3157 4356 3327 4410 libero
3364 4352 3618 4422 Arbitrio,
3651 4355 3818 4409 tribus

2251 4421 2399 4492 libris
2426 4422 2492 4476 de
2531 4432 2870 4492 peccatorum
2900 4422 3100 4479 Meritis
3143 4433 3197 4479 et
3245 4421 3611 4490 Remissione,
3637 4425 3728 4479 lib.
3753 4423 3820 4478 de

2251 4490 2919 4561 Baptismo‘parvulorum,
2951 4494 3042 4547 lib.
3085 4493 3153 4548 de
3179 4493 3378 4548 Natura
3407 4502 3463 4548 et
3487 4493 3689 4560 Gratia,
3725 4494 3818 4547 lib.

2250 4558 2526 4633 deq’Gratia
2546 4558 2670 4633 novi
2690 4561 3206 4633 Testamenti,_libris
3219 4573 3448 4633 quatuor
3474 4571 3661 4619 contra
3678 4558 3821 4616 duas

2249 4630 2406 4698 epist.
2439 4629 2864 4698 Pelagianorum,
2896 4646 2990 4685 sex
3018 4631 3166 4687 libris
3193 4629 3379 4688 contra
3409 4630 3695 4696 lulianum,
3729 4642 3816 4684 to-

2249 4699 2520 4770 tidemque
2546 4699 3208 4770 Hypognosticonwcontra
3256 4700 3585 4768 Pelagianos.
3618 4711 3672 4757 et
3695 4715 3819 4770 pas-

2250 4769 2351 4823 sim
2379 4767 2521 4842 alibi.
2547 4767 2956 4842 Scripsitetiam
2982 4769 3336 4842 Hieronymus
3362 4767 3613 4842 Dialogos
3632 4767 3820 4825 adver-

2177 4868 2226 4927 ι)
2249 4853 2361 4927 ἐμὲ.
2374 4836 2731 4927 Fausiana:
2745 4838 3026 4927 12023129
3041 4836 3432 4927 ,ιηησοφείιιεν
3462 4836 3738 4927 ,Ζδείιπιιε
3753 4848 3819 4927 ει

2249 4905 2822 4979 leestinususummi
2853 4905 3102 4979 Ecclesia:
3138 4911 3416 4979 pontiﬁces
3461 4918 3570 4964 tam
3607 4910 3819 4979 scriptis

2249 4991 2406 5044 quam
2428 4977 2774 5031 conciliorum
2794 4977 3022 5034 decretis
3050 4977 3262 5035 illorum
3288 4979 3496 5035 furores
3510 4977 3820 5035 constanter

2249 5054 2305 5098 et
2330 5046 2598 5117 sapienter
2629 5057 3022 5117 represserunt,
3057 5059 3114 5102 ut
3134 5049 3276 5104 idem
3313 5058 3539 5106 testatur
3567 5048 3819 5117 Augusti-

2250 5061 2305 5098 ct
2330 5061 2598 5167 sapienter
2629 5061 3022 5117 represserunt,
3057 5061 3114 5102 ιιι
3134 5061 3276 5104 idem
3313 5061 3539 5106 testatur
3567 5061 3812 5117 Augusti-

2250 5115 2727 5202 [ινξθηίιθφρτὶφιο
2754 5114 3028 5202 statim?
3079 5117 3297 5202 Christi.
3331 5117 3812 5202 φρίεεηεοευηάος

2249 5185 2334 5237 cui
2364 5183 2594 5253 Prosper
2613 5185 2899 5253 subscribit
2924 5187 3021 5240 sub
3048 5202 3189 5242 anno
3211 5183 3419 5244 Domini
3446 5187 3566 5243 452.

2321 5253 2348 5289 ιι
2384 5252 2583 5308 Contra
2624 5255 2778 5307 istam
2826 5252 3228 5322 Pelagianorum
3265 5259 3581 5313 sententiam
3620 5255 3818 5309 admis-

2247 5337 2416 5396 sam_a
2446 5323 2755 5396 Serapione,
2787 5323 2858 5396 ita
2889 5322 3242 5396 Hieronymus
3271 5328 3534 5383 invehitur
3556 5325 3818 5396 (Epistqu

2246 5392 2316 5444 ad
2352 5391 2750 5468 Ctesiphontem)
2777 5410 2790 5444 :
2815 5391 2960 5464 Rogo
2974 5433 2995 5468 ,Α
3019 5391 3132 5468 qua:
3173 5397 3275 5450 ista
3311 5408 3386 5468 est
3415 5391 3813 5468 argumentatio,

2245 5476 2394 5536 ροερε
2411 5460 2519 5514 εδει
2538 5460 2672 5536 quad
2691 5460 2958 5536 ψηφιρξη
2971 5460 3139 5534 rubris
3163 5482 3311 5535 posse
3329 5467 3443 5536 ﬁeri
3463 5460 3598 5536 ᾶυοά
3617 5465 3815 5536 nullm

2247 5531 2427 5611 [ecisse
2455 5531 2672 5611 testeris,
2704 5531 2759 5583 id
2800 5531 3004 5611 cuilibet
3022 5531 3249 5611 tribuere
3291 5531 3376 5604 qui
3409 5531 3487 5611 an
3519 5537 3720 5611 futurus
3746 5534 3818 5589 sit

2246 5599 2474 5674 ignores,
2503 5608 2552 5651 et
2580 5599 2914 5674 dare__nescio
2955 5603 3034 5656 cui
3061 5605 3196 5674 quod
3232 5605 3286 5657 in
3303 5599 3643 5674 'patriarchis_
3641 5641 3656 5665 ,
3686 5619 3810 5674 pro-

2247 5668 2409 5736 phetis
2437 5678 2490 5743 _e_t_
2528 5669 2772 5743 apostolis
2810 5671 2985 5743 fuisse
3010 5668 3227 5743 negaretis
3253 5668 3574 5743 approbare?
3602 5671 3671 5725 Et
3687 5668 3808 5724 Ἀυ-

2245 5743 2386 5806 gust.
2438 5737 2528 5793 lib.
2565 5736 2642 5794 ad
2689 5736 3112 5806 Quodvultdcum
3143 5759 3158 5800 ;
3190 5741 3249 5799 Si
3275 5736 3384 5809 hoc
3425 5751 3617 5799 certum
3656 5747 3804 5801 esset.
3840 5811 3849 5814 _
