  <div class='ocr_page' id='page_1' title='image "/cluster/home/n/w/nwhite01/storage/ocr_20150623/53/hvd.32044073505232/162.png"; bbox 0 0 4246 6270; ppageno 0'>
   <div class='ocr_carea' id='block_1_1' title="bbox 399 337 506 394">
    <p class='ocr_par' dir='ltr' id='par_1_1' title="bbox 399 337 506 394">
     <span class='ocr_line' id='line_1_1' title="bbox 399 337 506 394; baseline -0.028 0"><span class='ocrx_word' id='word_1_1' title='bbox 399 337 506 394; x_wconf 77' lang='grc'><strong>515</strong></span> 
     </span>
    </p>
   </div>
   <div class='ocr_carea' id='block_1_2' title="bbox 1163 325 2904 395">
    <p class='ocr_par' dir='ltr' id='par_1_2' title="bbox 1163 325 2904 395">
     <span class='ocr_line' id='line_1_2' title="bbox 1163 325 2904 395; baseline -0.002 -10"><span class='ocrx_word' id='word_1_2' title='bbox 1163 325 1580 385; x_wconf 85' lang='lat' dir='ltr'><strong>CONFLICTUS</strong></span> <span class='ocrx_word' id='word_1_3' title='bbox 1619 325 1705 380; x_wconf 87' lang='lat' dir='ltr'><strong>DE</strong></span> <span class='ocrx_word' id='word_1_4' title='bbox 1742 325 1875 382; x_wconf 85' lang='grc' dir='ltr'><strong>Ι)Εο</strong></span> <span class='ocrx_word' id='word_1_5' title='bbox 1913 327 2118 384; x_wconf 77' lang='grc' dir='ltr'><strong>ΤΒΙΝΟ</strong></span> <span class='ocrx_word' id='word_1_6' title='bbox 2153 327 2239 383; x_wconf 81' lang='grc' dir='ltr'><strong>ΕΤ</strong></span> <span class='ocrx_word' id='word_1_7' title='bbox 2281 328 2433 395; x_wconf 80' lang='lat' dir='ltr'><strong>UNO,</strong></span> <span class='ocrx_word' id='word_1_8' title='bbox 2475 329 2630 385; x_wconf 87' lang='lat' dir='ltr'><strong>ETC.</strong></span> <span class='ocrx_word' id='word_1_9' title='bbox 2671 329 2797 385; x_wconf 83' lang='lat' dir='ltr'><strong>LIB.</strong></span> <span class='ocrx_word' id='word_1_10' title='bbox 2839 329 2904 383; x_wconf 92' lang='lat' dir='ltr'><strong>ll.</strong></span> 
     </span>
    </p>
   </div>
   <div class='ocr_carea' id='block_1_3' title="bbox 3560 328 3660 382">
    <p class='ocr_par' dir='ltr' id='par_1_3' title="bbox 3560 328 3660 382">
     <span class='ocr_line' id='line_1_3' title="bbox 3560 328 3660 382; baseline -0.01 0"><span class='ocrx_word' id='word_1_11' title='bbox 3560 328 3660 382; x_wconf 71' lang='grc' dir='ltr'>δη</span> 
     </span>
    </p>
   </div>
   <div class='ocr_carea' id='block_1_4' title="bbox 400 424 3662 523">
    <p class='ocr_par' dir='ltr' id='par_1_4' title="bbox 400 424 3662 523">
     <span class='ocr_line' id='line_1_4' title="bbox 400 424 3662 523; baseline -0.004 -15"><span class='ocrx_word' id='word_1_12' title='bbox 400 468 521 511; x_wconf 88' lang='lat' dir='ltr'><strong>rum</strong></span> <span class='ocrx_word' id='word_1_13' title='bbox 549 448 831 505; x_wconf 71' lang='lat' dir='ltr'><strong>arbitrium</strong></span> <span class='ocrx_word' id='word_1_14' title='bbox 859 445 977 502; x_wconf 85' lang='lat' dir='ltr'><strong>sine</strong></span> <span class='ocrx_word' id='word_1_15' title='bbox 1003 451 1221 515; x_wconf 88' lang='lat' dir='ltr'><strong>peccato</strong></span> <span class='ocrx_word' id='word_1_16' title='bbox 1248 441 1406 523; x_wconf 65' lang='lat' dir='ltr'><strong>ellici,</strong></span> <span class='ocrx_word' id='word_1_17' title='bbox 1438 449 1492 496; x_wconf 91' lang='lat' dir='ltr'><strong>et</strong></span> <span class='ocrx_word' id='word_1_18' title='bbox 1521 440 1731 496; x_wconf 87' lang='lat' dir='ltr'><strong>laudem</strong></span> <span class='ocrx_word' id='word_1_19' title='bbox 1757 424 1978 511; x_wconf 83' lang='lat' dir='ltr'><strong>adipisci</strong></span> <span class='ocrx_word' id='word_1_20' title='bbox 2004 444 2057 504; x_wconf 72' lang='grc' dir='ltr'>Α</span> <span class='ocrx_word' id='word_1_21' title='bbox 2083 459 2187 497; x_wconf 88' lang='lat' dir='ltr'><strong>non</strong></span> <span class='ocrx_word' id='word_1_22' title='bbox 2212 445 2488 515; x_wconf 84' lang='lat' dir='ltr'><strong>accepisti?</strong></span> <span class='ocrx_word' id='word_1_23' title='bbox 2506 443 2608 496; x_wconf 83' lang='lat' dir='ltr'><strong>Aut</strong></span> <span class='ocrx_word' id='word_1_24' title='bbox 2628 445 2674 497; x_wconf 89' lang='lat' dir='ltr'><strong>si</strong></span> <span class='ocrx_word' id='word_1_25' title='bbox 2695 443 2957 512; x_wconf 87' lang='lat' dir='ltr'><strong>accepisti,</strong></span> <span class='ocrx_word' id='word_1_26' title='bbox 2972 440 3094 513; x_wconf 87' lang='lat' dir='ltr'><strong>quid</strong></span> <span class='ocrx_word' id='word_1_27' title='bbox 3113 439 3354 512; x_wconf 86' lang='lat' dir='ltr'><strong>gloriaris</strong></span> <span class='ocrx_word' id='word_1_28' title='bbox 3382 440 3528 511; x_wconf 87' lang='lat' dir='ltr'><strong>quasi</strong></span> <span class='ocrx_word' id='word_1_29' title='bbox 3557 457 3662 495; x_wconf 89' lang='lat' dir='ltr'><strong>non</strong></span> 
     </span>
    </p>
   </div>
   <div class='ocr_carea' id='block_1_5' title="bbox 403 532 1986 608">
    <p class='ocr_par' dir='ltr' id='par_1_5' title="bbox 403 532 1986 608">
     <span class='ocr_line' id='line_1_5' title="bbox 403 532 1986 608; baseline -0.01 -6"><span class='ocrx_word' id='word_1_30' title='bbox 403 545 663 602; x_wconf 81' lang='lat' dir='ltr'><strong>divinam.</strong></span> <span class='ocrx_word' id='word_1_31' title='bbox 691 571 766 586; x_wconf 88' lang='lat'><strong>-—</strong></span> <span class='ocrx_word' id='word_1_32' title='bbox 793 538 1051 608; x_wconf 86' lang='lat' dir='ltr'><strong>Serapion</strong></span> <span class='ocrx_word' id='word_1_33' title='bbox 1071 535 1348 605; x_wconf 74' lang='lat' dir='ltr'><strong>respondit</strong></span> <span class='ocrx_word' id='word_1_34' title='bbox 1372 552 1384 585; x_wconf 89' lang='lat'>:</span> <span class='ocrx_word' id='word_1_35' title='bbox 1411 533 1488 588; x_wconf 90' lang='lat' dir='ltr'><strong>Ita</strong></span> <span class='ocrx_word' id='word_1_36' title='bbox 1510 541 1609 588; x_wconf 86' lang='lat' dir='ltr'><strong>est.</strong></span> <span class='ocrx_word' id='word_1_37' title='bbox 1633 565 1704 576; x_wconf 89' lang='lat'><strong>—</strong></span> <span class='ocrx_word' id='word_1_38' title='bbox 1721 532 1986 586; x_wconf 83' lang='lat' dir='ltr'><strong>Arnobius</strong></span> 
     </span>
    </p>
   </div>
   <div class='ocr_carea' id='block_1_6' title="bbox 405 624 1987 696">
    <p class='ocr_par' dir='ltr' id='par_1_6' title="bbox 405 624 1987 696">
     <span class='ocr_line' id='line_1_6' title="bbox 405 624 1987 696; baseline -0.009 -4"><span class='ocrx_word' id='word_1_39' title='bbox 405 637 547 692; x_wconf 85' lang='lat' dir='ltr'><strong>dixit</strong></span> <span class='ocrx_word' id='word_1_40' title='bbox 579 653 592 687; x_wconf 91' lang='lat'><strong>:</strong></span> <span class='ocrx_word' id='word_1_41' title='bbox 617 633 816 689; x_wconf 87' lang='lat' dir='ltr'><strong>Contra</strong></span> <span class='ocrx_word' id='word_1_42' title='bbox 843 630 986 684; x_wconf 86' lang='lat' dir='ltr'><strong>dico.</strong></span> <span class='ocrx_word' id='word_1_43' title='bbox 1012 653 1080 668; x_wconf 91' lang='lat'><strong>—-</strong></span> <span class='ocrx_word' id='word_1_44' title='bbox 1110 627 1371 696; x_wconf 86' lang='lat' dir='ltr'><strong>Serapion</strong></span> <span class='ocrx_word' id='word_1_45' title='bbox 1394 626 1528 681; x_wconf 80' lang='lat' dir='ltr'><strong>dixit</strong></span> <span class='ocrx_word' id='word_1_46' title='bbox 1559 643 1571 678; x_wconf 89' lang='lat'>:</span> <span class='ocrx_word' id='word_1_47' title='bbox 1603 624 1744 692; x_wconf 83' lang='lat' dir='ltr'><strong>Ergo</strong></span> <span class='ocrx_word' id='word_1_48' title='bbox 1771 639 1880 679; x_wconf 92' lang='lat' dir='ltr'><strong>non</strong></span> <span class='ocrx_word' id='word_1_49' title='bbox 1903 631 1987 679; x_wconf 89' lang='lat' dir='ltr'><strong>est</strong></span> 
     </span>
    </p>
   </div>
   <div class='ocr_carea' id='block_1_7' title="bbox 410 713 1983 793">
    <p class='ocr_par' dir='ltr' id='par_1_7' title="bbox 410 713 1983 793">
     <span class='ocr_line' id='line_1_7' title="bbox 410 713 1983 793; baseline -0.011 -9"><span class='ocrx_word' id='word_1_50' title='bbox 410 729 641 784; x_wconf 87' lang='lat' dir='ltr'><strong>liberum</strong></span> <span class='ocrx_word' id='word_1_51' title='bbox 671 722 964 793; x_wconf 74' lang='lat' dir='ltr'><strong>arbitrium.</strong></span> <span class='ocrx_word' id='word_1_52' title='bbox 989 749 1062 761; x_wconf 90' lang='lat'><strong>-—</strong></span> <span class='ocrx_word' id='word_1_53' title='bbox 1086 717 1352 773; x_wconf 83' lang='lat' dir='ltr'><strong>Arnobius</strong></span> <span class='ocrx_word' id='word_1_54' title='bbox 1379 717 1514 773; x_wconf 87' lang='lat' dir='ltr'><strong>dixit</strong></span> <span class='ocrx_word' id='word_1_55' title='bbox 1537 713 1820 769; x_wconf 84' lang='lat' dir='ltr'><strong>:Liberum</strong></span> <span class='ocrx_word' id='word_1_56' title='bbox 1839 713 1983 767; x_wconf 90' lang='lat' dir='ltr'><strong>arbi-</strong></span> 
     </span>
    </p>
   </div>
   <div class='ocr_carea' id='block_1_8' title="bbox 409 805 1985 876">
    <p class='ocr_par' dir='ltr' id='par_1_8' title="bbox 409 805 1985 876">
     <span class='ocr_line' id='line_1_8' title="bbox 409 805 1985 876; baseline -0.012 1"><span class='ocrx_word' id='word_1_57' title='bbox 409 820 575 876; x_wconf 84' lang='lat' dir='ltr'><strong>trium</strong></span> <span class='ocrx_word' id='word_1_58' title='bbox 603 825 660 873; x_wconf 89' lang='lat' dir='ltr'><strong>et</strong></span> <span class='ocrx_word' id='word_1_59' title='bbox 683 813 910 872; x_wconf 75' lang='lat' dir='ltr'><strong>defendo</strong></span> <span class='ocrx_word' id='word_1_60' title='bbox 936 819 994 868; x_wconf 91' lang='lat' dir='ltr'><strong>et</strong></span> <span class='ocrx_word' id='word_1_61' title='bbox 1020 819 1200 876; x_wconf 83' lang='lat' dir='ltr'><strong>teneo,</strong></span> <span class='ocrx_word' id='word_1_62' title='bbox 1219 809 1312 866; x_wconf 89' lang='lat' dir='ltr'><strong>sed</strong></span> <span class='ocrx_word' id='word_1_63' title='bbox 1342 809 1479 863; x_wconf 88' lang='lat' dir='ltr'><strong>intra</strong></span> <span class='ocrx_word' id='word_1_64' title='bbox 1499 815 1670 862; x_wconf 85' lang='lat' dir='ltr'><strong>metas</strong></span> <span class='ocrx_word' id='word_1_65' title='bbox 1689 821 1813 861; x_wconf 85' lang='lat' dir='ltr'><strong>suas</strong></span> <span class='ocrx_word' id='word_1_66' title='bbox 1840 805 1985 861; x_wconf 73' lang='lat' dir='ltr'><strong>clau~</strong></span> 
     </span>
    </p>
   </div>
   <div class='ocr_carea' id='block_1_9' title="bbox 411 899 1986 971">
    <p class='ocr_par' dir='ltr' id='par_1_9' title="bbox 411 899 1986 971">
     <span class='ocr_line' id='line_1_9' title="bbox 411 899 1986 971; baseline -0.011 -2"><span class='ocrx_word' id='word_1_67' title='bbox 411 925 533 970; x_wconf 87' lang='lat' dir='ltr'><strong>sum</strong></span> <span class='ocrx_word' id='word_1_68' title='bbox 547 918 604 966; x_wconf 89' lang='lat' dir='ltr'><strong>et</strong></span> <span class='ocrx_word' id='word_1_69' title='bbox 617 907 808 964; x_wconf 77' lang='lat' dir='ltr'><strong>ﬁnibus</strong></span> <span class='ocrx_word' id='word_1_70' title='bbox 819 905 930 961; x_wconf 83' lang='lat' dir='ltr'><strong>suis</strong></span> <span class='ocrx_word' id='word_1_71' title='bbox 949 903 1313 971; x_wconf 88' lang='lat' dir='ltr'><strong>limitibusque</strong></span> <span class='ocrx_word' id='word_1_72' title='bbox 1323 899 1986 970; x_wconf 86' lang='lat' dir='ltr'><strong>distinctum.—-Serapion</strong></span> 
     </span>
    </p>
   </div>
   <div class='ocr_carea' id='block_1_10' title="bbox 409 990 1985 1058">
    <p class='ocr_par' dir='ltr' id='par_1_10' title="bbox 409 990 1985 1058">
     <span class='ocr_line' id='line_1_10' title="bbox 409 990 1985 1058; baseline -0.01 0"><span class='ocrx_word' id='word_1_73' title='bbox 409 1001 547 1058; x_wconf 89' lang='lat' dir='ltr'><strong>dixit</strong></span> <span class='ocrx_word' id='word_1_74' title='bbox 575 1017 592 1054; x_wconf 87' lang='lat'><strong>:</strong></span> <span class='ocrx_word' id='word_1_75' title='bbox 624 999 762 1054; x_wconf 80' lang='lat' dir='ltr'><strong>Deus</strong></span> <span class='ocrx_word' id='word_1_76' title='bbox 785 995 1057 1052; x_wconf 86' lang='lat' dir='ltr'><strong>hominem</strong></span> <span class='ocrx_word' id='word_1_77' title='bbox 1089 993 1244 1048; x_wconf 84' lang='lat' dir='ltr'><strong>liberi</strong></span> <span class='ocrx_word' id='word_1_78' title='bbox 1269 991 1474 1046; x_wconf 87' lang='lat' dir='ltr'><strong>arbitrii</strong></span> <span class='ocrx_word' id='word_1_79' title='bbox 1507 990 1710 1046; x_wconf 89' lang='lat' dir='ltr'><strong>idcirco</strong></span> <span class='ocrx_word' id='word_1_80' title='bbox 1739 1005 1864 1045; x_wconf 87' lang='lat' dir='ltr'><strong>esse</strong></span> <span class='ocrx_word' id='word_1_81' title='bbox 1888 1004 1985 1044; x_wconf 85' lang='lat' dir='ltr'><strong>vo-</strong></span> 
     </span>
    </p>
   </div>
   <div class='ocr_carea' id='block_1_11' title="bbox 409 1083 1987 1159">
    <p class='ocr_par' dir='ltr' id='par_1_11' title="bbox 409 1083 1987 1159">
     <span class='ocr_line' id='line_1_11' title="bbox 409 1083 1987 1159; baseline -0.008 -11"><span class='ocrx_word' id='word_1_82' title='bbox 409 1091 532 1158; x_wconf 86' lang='lat' dir='ltr'><strong>luit,</strong></span> <span class='ocrx_word' id='word_1_83' title='bbox 563 1098 620 1146; x_wconf 92' lang='lat' dir='ltr'><strong>ut</strong></span> <span class='ocrx_word' id='word_1_84' title='bbox 637 1090 782 1159; x_wconf 90' lang='lat' dir='ltr'><strong>juste</strong></span> <span class='ocrx_word' id='word_1_85' title='bbox 806 1087 1181 1158; x_wconf 84' lang='lat' dir='ltr'><strong>vituperemur</strong></span> <span class='ocrx_word' id='word_1_86' title='bbox 1205 1084 1360 1150; x_wconf 88' lang='lat' dir='ltr'><strong>mali,</strong></span> <span class='ocrx_word' id='word_1_87' title='bbox 1390 1083 1515 1154; x_wconf 85' lang='lat' dir='ltr'><strong>quia</strong></span> <span class='ocrx_word' id='word_1_88' title='bbox 1540 1090 1834 1153; x_wconf 90' lang='lat' dir='ltr'><strong>potuerunt</strong></span> <span class='ocrx_word' id='word_1_89' title='bbox 1868 1096 1987 1137; x_wconf 89' lang='lat' dir='ltr'><strong>esse</strong></span> 
     </span>
    </p>
   </div>
   <div class='ocr_carea' id='block_1_12' title="bbox 405 1176 1988 1251">
    <p class='ocr_par' dir='ltr' id='par_1_12' title="bbox 405 1176 1988 1251">
     <span class='ocr_line' id='line_1_12' title="bbox 405 1176 1988 1251; baseline -0.009 -11"><span class='ocrx_word' id='word_1_90' title='bbox 405 1182 569 1250; x_wconf 86' lang='lat' dir='ltr'><strong>boni;</strong></span> <span class='ocrx_word' id='word_1_91' title='bbox 610 1181 756 1251; x_wconf 90' lang='lat' dir='ltr'><strong>juste</strong></span> <span class='ocrx_word' id='word_1_92' title='bbox 800 1180 964 1235; x_wconf 89' lang='lat' dir='ltr'><strong>etiam</strong></span> <span class='ocrx_word' id='word_1_93' title='bbox 1010 1178 1295 1248; x_wconf 81' lang='lat' dir='ltr'><strong>laudentur</strong></span> <span class='ocrx_word' id='word_1_94' title='bbox 1339 1176 1484 1242; x_wconf 87' lang='lat' dir='ltr'><strong>boni,</strong></span> <span class='ocrx_word' id='word_1_95' title='bbox 1534 1176 1657 1245; x_wconf 88' lang='lat' dir='ltr'><strong>quia</strong></span> <span class='ocrx_word' id='word_1_96' title='bbox 1698 1181 1988 1245; x_wconf 90' lang='lat' dir='ltr'><strong>potuerunt</strong></span> 
     </span>
    </p>
   </div>
   <div class='ocr_carea' id='block_1_13' title="bbox 409 1264 1988 1342">
    <p class='ocr_par' dir='ltr' id='par_1_13' title="bbox 409 1264 1988 1342">
     <span class='ocr_line' id='line_1_13' title="bbox 409 1264 1988 1342; baseline -0.009 -12"><span class='ocrx_word' id='word_1_97' title='bbox 409 1287 531 1330; x_wconf 81' lang='lat' dir='ltr'><strong>esse</strong></span> <span class='ocrx_word' id='word_1_98' title='bbox 557 1267 883 1342; x_wconf 83' lang='lat' dir='ltr'><strong>mali._Tolle</strong></span> <span class='ocrx_word' id='word_1_99' title='bbox 910 1267 1054 1323; x_wconf 89' lang='lat' dir='ltr'><strong>enim</strong></span> <span class='ocrx_word' id='word_1_100' title='bbox 1084 1268 1359 1335; x_wconf 89' lang='lat' dir='ltr'><strong>utriusque</strong></span> <span class='ocrx_word' id='word_1_101' title='bbox 1387 1265 1465 1320; x_wconf 89' lang='lat' dir='ltr'><strong>rei</strong></span> <span class='ocrx_word' id='word_1_102' title='bbox 1483 1264 1908 1336; x_wconf 81' lang='lat' dir='ltr'><strong>possibilitatem,</strong></span> <span class='ocrx_word' id='word_1_103' title='bbox 1932 1270 1988 1318; x_wconf 91' lang='lat' dir='ltr'><strong>et</strong></span> 
     </span>
    </p>
   </div>
   <div class='ocr_carea' id='block_1_14' title="bbox 411 1354 1990 1432">
    <p class='ocr_par' dir='ltr' id='par_1_14' title="bbox 411 1354 1990 1432">
     <span class='ocr_line' id='line_1_14' title="bbox 411 1354 1990 1432; baseline -0.009 -10"><span class='ocrx_word' id='word_1_104' title='bbox 411 1382 518 1422; x_wconf 89' lang='lat' dir='ltr'><strong>non</strong></span> <span class='ocrx_word' id='word_1_105' title='bbox 534 1361 778 1419; x_wconf 74' lang='lat' dir='ltr'><strong>inveniet</strong></span> <span class='ocrx_word' id='word_1_106' title='bbox 796 1373 955 1432; x_wconf 65' lang='lat' dir='ltr'><strong>pinna</strong></span> <span class='ocrx_word' id='word_1_107' title='bbox 981 1373 1140 1429; x_wconf 84' lang='lat' dir='ltr'><strong>quem</strong></span> <span class='ocrx_word' id='word_1_108' title='bbox 1160 1356 1340 1422; x_wconf 79' lang='lat' dir='ltr'><strong>feriat,</strong></span> <span class='ocrx_word' id='word_1_109' title='bbox 1363 1369 1462 1410; x_wconf 89' lang='lat' dir='ltr'><strong>nec</strong></span> <span class='ocrx_word' id='word_1_110' title='bbox 1491 1354 1724 1410; x_wconf 85' lang='lat' dir='ltr'><strong>inveniet</strong></span> <span class='ocrx_word' id='word_1_111' title='bbox 1737 1354 1790 1408; x_wconf 91' lang='lat' dir='ltr'><strong>in</strong></span> <span class='ocrx_word' id='word_1_112' title='bbox 1818 1368 1990 1408; x_wconf 88' lang='lat' dir='ltr'><strong>remu-</strong></span> 
     </span>
    </p>
   </div>
   <div class='ocr_carea' id='block_1_15' title="bbox 411 1444 1988 1521">
    <p class='ocr_par' dir='ltr' id='par_1_15' title="bbox 411 1444 1988 1521">
     <span class='ocr_line' id='line_1_15' title="bbox 411 1444 1988 1521; baseline -0.008 -10"><span class='ocrx_word' id='word_1_113' title='bbox 411 1455 694 1511; x_wconf 89' lang='lat' dir='ltr'><strong>neratione</strong></span> <span class='ocrx_word' id='word_1_114' title='bbox 703 1466 865 1521; x_wconf 86' lang='lat' dir='ltr'><strong>quem</strong></span> <span class='ocrx_word' id='word_1_115' title='bbox 891 1455 1133 1506; x_wconf 86' lang='lat' dir='ltr'><strong>coronet.</strong></span> <span class='ocrx_word' id='word_1_116' title='bbox 1163 1480 1236 1491; x_wconf 91' lang='lat'><strong><em>—</em></strong></span> <span class='ocrx_word' id='word_1_117' title='bbox 1257 1445 1524 1502; x_wconf 84' lang='lat' dir='ltr'><strong>Arnobius</strong></span> <span class='ocrx_word' id='word_1_118' title='bbox 1544 1445 1676 1499; x_wconf 83' lang='lat' dir='ltr'><strong>dixit</strong></span> <span class='ocrx_word' id='word_1_119' title='bbox 1699 1462 1711 1498; x_wconf 91' lang='lat'>:</span> <span class='ocrx_word' id='word_1_120' title='bbox 1748 1444 1840 1499; x_wconf 93' lang='lat' dir='ltr'><strong>Dic</strong></span> <span class='ocrx_word' id='word_1_121' title='bbox 1860 1457 1988 1511; x_wconf 86' lang='lat' dir='ltr'><strong>ergo</strong></span> 
     </span>
    </p>
   </div>
   <div class='ocr_carea' id='block_1_16' title="bbox 410 1536 1986 1608">
    <p class='ocr_par' dir='ltr' id='par_1_16' title="bbox 410 1536 1986 1608">
     <span class='ocr_line' id='line_1_16' title="bbox 410 1536 1986 1608; baseline -0.008 -7"><span class='ocrx_word' id='word_1_122' title='bbox 410 1545 540 1601; x_wconf 86' lang='lat' dir='ltr'><strong>mihi</strong></span> <span class='ocrx_word' id='word_1_123' title='bbox 560 1545 606 1599; x_wconf 89' lang='lat' dir='ltr'><strong>si</strong></span> <span class='ocrx_word' id='word_1_124' title='bbox 635 1543 717 1599; x_wconf 86' lang='lat' dir='ltr'><strong>tui</strong></span> <span class='ocrx_word' id='word_1_125' title='bbox 740 1540 962 1598; x_wconf 89' lang='lat' dir='ltr'><strong>libertas</strong></span> <span class='ocrx_word' id='word_1_126' title='bbox 979 1539 1184 1594; x_wconf 85' lang='lat' dir='ltr'><strong>arbitrii</strong></span> <span class='ocrx_word' id='word_1_127' title='bbox 1198 1538 1265 1593; x_wconf 90' lang='lat' dir='ltr'><strong>ad</strong></span> <span class='ocrx_word' id='word_1_128' title='bbox 1292 1539 1395 1593; x_wconf 90' lang='lat' dir='ltr'><strong>hoc</strong></span> <span class='ocrx_word' id='word_1_129' title='bbox 1409 1546 1463 1592; x_wconf 92' lang='lat' dir='ltr'><strong>te</strong></span> <span class='ocrx_word' id='word_1_130' title='bbox 1485 1536 1772 1608; x_wconf 85' lang='lat' dir='ltr'><strong>perducere</strong></span> <span class='ocrx_word' id='word_1_131' title='bbox 1793 1536 1986 1601; x_wconf 85' lang='lat' dir='ltr'><strong>valeat,</strong></span> 
     </span>
    </p>
   </div>
   <div class='ocr_carea' id='block_1_17' title="bbox 415 1627 1991 1707">
    <p class='ocr_par' dir='ltr' id='par_1_17' title="bbox 415 1627 1991 1707">
     <span class='ocr_line' id='line_1_17' title="bbox 415 1627 1991 1707; baseline -0.008 -15"><span class='ocrx_word' id='word_1_132' title='bbox 415 1645 476 1692; x_wconf 90' lang='lat' dir='ltr'><strong>ut</strong></span> <span class='ocrx_word' id='word_1_133' title='bbox 499 1634 674 1707; x_wconf 83' lang='lat' dir='ltr'><strong>possis</strong></span> <span class='ocrx_word' id='word_1_134' title='bbox 702 1634 779 1688; x_wconf 89' lang='lat' dir='ltr'><strong>ita</strong></span> <span class='ocrx_word' id='word_1_135' title='bbox 815 1649 847 1686; x_wconf 87' lang='lat' dir='ltr'><strong>a</strong></span> <span class='ocrx_word' id='word_1_136' title='bbox 893 1629 1179 1702; x_wconf 87' lang='lat' dir='ltr'><strong>prohibitis</strong></span> <span class='ocrx_word' id='word_1_137' title='bbox 1207 1629 1497 1692; x_wconf 88' lang='lat' dir='ltr'><strong>abstinere,</strong></span> <span class='ocrx_word' id='word_1_138' title='bbox 1528 1635 1588 1681; x_wconf 93' lang='lat' dir='ltr'><strong>ut</strong></span> <span class='ocrx_word' id='word_1_139' title='bbox 1628 1627 1742 1681; x_wconf 89' lang='lat' dir='ltr'><strong>sine</strong></span> <span class='ocrx_word' id='word_1_140' title='bbox 1769 1633 1991 1696; x_wconf 90' lang='lat' dir='ltr'><strong>peccato</strong></span> 
     </span>
    </p>
   </div>
   <div class='ocr_carea' id='block_1_18' title="bbox 415 1715 1990 1796">
    <p class='ocr_par' dir='ltr' id='par_1_18' title="bbox 415 1715 1990 1796">
     <span class='ocr_line' id='line_1_18' title="bbox 415 1715 1990 1796; baseline -0.009 -12"><span class='ocrx_word' id='word_1_141' title='bbox 415 1728 522 1792; x_wconf 86' lang='lat' dir='ltr'><strong>sis;</strong></span> <span class='ocrx_word' id='word_1_142' title='bbox 551 1733 645 1782; x_wconf 87' lang='lat' dir='ltr'><strong>aut</strong></span> <span class='ocrx_word' id='word_1_143' title='bbox 680 1726 758 1781; x_wconf 89' lang='lat' dir='ltr'><strong>ita</strong></span> <span class='ocrx_word' id='word_1_144' title='bbox 784 1729 1052 1796; x_wconf 65' lang='lat' dir='ltr'><strong>praecepta</strong></span> <span class='ocrx_word' id='word_1_145' title='bbox 1090 1720 1374 1792; x_wconf 82' lang='lat' dir='ltr'><strong>perlicere,</strong></span> <span class='ocrx_word' id='word_1_146' title='bbox 1407 1727 1466 1773; x_wconf 94' lang='lat' dir='ltr'><strong>ut</strong></span> <span class='ocrx_word' id='word_1_147' title='bbox 1492 1718 1772 1788; x_wconf 84' lang='lat' dir='ltr'><strong>pervenias</strong></span> <span class='ocrx_word' id='word_1_148' title='bbox 1799 1715 1866 1770; x_wconf 89' lang='lat' dir='ltr'><strong>ad</strong></span> <span class='ocrx_word' id='word_1_149' title='bbox 1893 1732 1990 1771; x_wconf 91' lang='lat' dir='ltr'><strong>co-</strong></span> 
     </span>
    </p>
   </div>
   <div class='ocr_carea' id='block_1_19' title="bbox 2085 529 3663 606">
    <p class='ocr_par' dir='ltr' id='par_1_19' title="bbox 2085 529 3663 606">
     <span class='ocr_line' id='line_1_19' title="bbox 2085 529 3663 606; baseline -0.005 -16"><span class='ocrx_word' id='word_1_150' title='bbox 2085 536 2362 606; x_wconf 85' lang='lat' dir='ltr'><strong>accepisses</strong></span> <span class='ocrx_word' id='word_1_151' title='bbox 2387 534 2438 606; x_wconf 90' lang='lat' dir='ltr'><strong>(l</strong></span> <span class='ocrx_word' id='word_1_152' title='bbox 2460 534 2578 590; x_wconf 88' lang='lat' dir='ltr'><strong>Cor.</strong></span> <span class='ocrx_word' id='word_1_153' title='bbox 2609 550 2682 596; x_wconf 80' lang='lat' dir='ltr'><strong>IV,</strong></span> <span class='ocrx_word' id='word_1_154' title='bbox 2713 531 2802 603; x_wconf 84' lang='lat'><strong>&#39;7)?</strong></span> <span class='ocrx_word' id='word_1_155' title='bbox 2821 531 3040 594; x_wconf 89' lang='lat' dir='ltr'><strong>Deinde,</strong></span> <span class='ocrx_word' id='word_1_156' title='bbox 3071 529 3341 598; x_wconf 89' lang='lat' dir='ltr'><strong>quomodo</strong></span> <span class='ocrx_word' id='word_1_157' title='bbox 3364 537 3518 600; x_wconf 88' lang='lat' dir='ltr'><strong>potes</strong></span> <span class='ocrx_word' id='word_1_158' title='bbox 3544 530 3663 583; x_wconf 82' lang='lat' dir='ltr'><strong>Sal-</strong></span> 
     </span>
    </p>
   </div>
   <div class='ocr_carea' id='block_1_20' title="bbox 2085 619 3662 686">
    <p class='ocr_par' dir='ltr' id='par_1_20' title="bbox 2085 619 3662 686">
     <span class='ocr_line' id='line_1_20' title="bbox 2085 619 3662 686; baseline -0.005 -3"><span class='ocrx_word' id='word_1_159' title='bbox 2085 635 2327 684; x_wconf 88' lang='lat' dir='ltr'><strong>vatorem</strong></span> <span class='ocrx_word' id='word_1_160' title='bbox 2357 634 2505 682; x_wconf 90' lang='lat' dir='ltr'><strong>tuum</strong></span> <span class='ocrx_word' id='word_1_161' title='bbox 2533 625 2816 680; x_wconf 90' lang='lat' dir='ltr'><strong>Dominum</strong></span> <span class='ocrx_word' id='word_1_162' title='bbox 2871 622 3112 686; x_wconf 83' lang='lat' dir='ltr'><strong>credere,</strong></span> <span class='ocrx_word' id='word_1_163' title='bbox 3142 620 3242 674; x_wconf 89' lang='lat' dir='ltr'><strong>nisi</strong></span> <span class='ocrx_word' id='word_1_164' title='bbox 3289 629 3344 675; x_wconf 88' lang='lat' dir='ltr'><strong>te</strong></span> <span class='ocrx_word' id='word_1_165' title='bbox 3393 619 3662 676; x_wconf 77' lang='lat' dir='ltr'><strong>infirmum</strong></span> 
     </span>
    </p>
   </div>
   <div class='ocr_carea' id='block_1_21' title="bbox 2086 709 3662 791">
    <p class='ocr_par' dir='ltr' id='par_1_21' title="bbox 2086 709 3662 791">
     <span class='ocr_line' id='line_1_21' title="bbox 2086 709 3662 791; baseline -0.006 -15"><span class='ocrx_word' id='word_1_166' title='bbox 2086 720 2381 791; x_wconf 78' lang='lat' dir='ltr'><strong>agnoscas?</strong></span> <span class='ocrx_word' id='word_1_167' title='bbox 2409 717 2515 772; x_wconf 91' lang='lat' dir='ltr'><strong>Aut</strong></span> <span class='ocrx_word' id='word_1_168' title='bbox 2535 714 2804 786; x_wconf 91' lang='lat' dir='ltr'><strong>quomodo</strong></span> <span class='ocrx_word' id='word_1_169' title='bbox 2830 723 2988 784; x_wconf 87' lang='lat' dir='ltr'><strong>potes</strong></span> <span class='ocrx_word' id='word_1_170' title='bbox 3015 711 3336 781; x_wconf 88' lang='lat' dir='ltr'><strong>adjutorium</strong></span> <span class='ocrx_word' id='word_1_171' title='bbox 3356 709 3453 766; x_wconf 88' lang='lat' dir='ltr'><strong>Dei</strong></span> <span class='ocrx_word' id='word_1_172' title='bbox 3481 717 3537 765; x_wconf 91' lang='lat' dir='ltr'><strong>et</strong></span> <span class='ocrx_word' id='word_1_173' title='bbox 3565 710 3662 766; x_wconf 89' lang='lat' dir='ltr'><strong>ad-</strong></span> 
     </span>
    </p>
   </div>
   <div class='ocr_carea' id='block_1_22' title="bbox 2085 802 3663 881">
    <p class='ocr_par' dir='ltr' id='par_1_22' title="bbox 2085 802 3663 881">
     <span class='ocr_line' id='line_1_22' title="bbox 2085 802 3663 881; baseline -0.007 -13"><span class='ocrx_word' id='word_1_174' title='bbox 2085 812 2395 868; x_wconf 89' lang='lat' dir='ltr'><strong>miniculum</strong></span> <span class='ocrx_word' id='word_1_175' title='bbox 2422 809 2714 881; x_wconf 88' lang='lat' dir='ltr'><strong>postulare,</strong></span> <span class='ocrx_word' id='word_1_176' title='bbox 2746 806 2849 862; x_wconf 84' lang='lat' dir='ltr'><strong>nisi</strong></span> <span class='ocrx_word' id='word_1_177' title='bbox 2875 815 2929 861; x_wconf 90' lang='lat' dir='ltr'><strong>te</strong></span> <span class='ocrx_word' id='word_1_178' title='bbox 2957 821 3065 860; x_wconf 91' lang='lat' dir='ltr'><strong>non</strong></span> <span class='ocrx_word' id='word_1_179' title='bbox 3092 819 3252 875; x_wconf 87' lang='lat' dir='ltr'><strong>posse</strong></span> <span class='ocrx_word' id='word_1_180' title='bbox 3277 802 3534 872; x_wconf 81' lang='lat' dir='ltr'><strong>sine‘ejus</strong></span> <span class='ocrx_word' id='word_1_181' title='bbox 3565 803 3663 857; x_wconf 90' lang='lat' dir='ltr'><strong>ad-</strong></span> 
     </span>
    </p>
   </div>
   <div class='ocr_carea' id='block_1_23' title="bbox 2081 893 3664 972">
    <p class='ocr_par' dir='ltr' id='par_1_23' title="bbox 2081 893 3664 972">
     <span class='ocr_line' id='line_1_23' title="bbox 2081 893 3664 972; baseline -0.007 -15"><span class='ocrx_word' id='word_1_182' title='bbox 2081 902 2282 972; x_wconf 89' lang='lat' dir='ltr'><strong>jutorio</strong></span> <span class='ocrx_word' id='word_1_183' title='bbox 2309 901 2508 956; x_wconf 89' lang='lat' dir='ltr'><strong>bonum</strong></span> <span class='ocrx_word' id='word_1_184' title='bbox 2537 897 2759 967; x_wconf 88' lang='lat' dir='ltr'><strong>implere</strong></span> <span class='ocrx_word' id='word_1_185' title='bbox 2784 895 2971 951; x_wconf 89' lang='lat' dir='ltr'><strong>credas</strong></span> <span class='ocrx_word' id='word_1_186' title='bbox 2993 893 3138 964; x_wconf 91' lang='lat' dir='ltr'><strong>quod</strong></span> <span class='ocrx_word' id='word_1_187' title='bbox 3163 893 3364 964; x_wconf 90' lang='lat' dir='ltr'><strong>cupias,</strong></span> <span class='ocrx_word' id='word_1_188' title='bbox 3390 901 3445 948; x_wconf 88' lang='lat' dir='ltr'><strong>et</strong></span> <span class='ocrx_word' id='word_1_189' title='bbox 3463 893 3664 947; x_wconf 89' lang='lat' dir='ltr'><strong>malum</strong></span> 
     </span>
    </p>
   </div>
   <div class='ocr_carea' id='block_1_24' title="bbox 2085 984 3666 1060">
    <p class='ocr_par' dir='ltr' id='par_1_24' title="bbox 2085 984 3666 1060">
     <span class='ocr_line' id='line_1_24' title="bbox 2085 984 3666 1060; baseline -0.007 -11"><span class='ocrx_word' id='word_1_190' title='bbox 2085 994 2354 1050; x_wconf 87' lang='lat' dir='ltr'><strong>declinare</strong></span> <span class='ocrx_word' id='word_1_191' title='bbox 2373 992 2515 1060; x_wconf 91' lang='lat' dir='ltr'><strong>quod</strong></span> <span class='ocrx_word' id='word_1_192' title='bbox 2539 989 2745 1058; x_wconf 85' lang='lat' dir='ltr'><strong>fugias?</strong></span> <span class='ocrx_word' id='word_1_193' title='bbox 2766 987 2918 1042; x_wconf 87' lang='lat' dir='ltr'><strong>Unde</strong></span> <span class='ocrx_word' id='word_1_194' title='bbox 2945 1000 3110 1041; x_wconf 90' lang='lat' dir='ltr'><strong>unum</strong></span> <span class='ocrx_word' id='word_1_195' title='bbox 3131 1000 3163 1040; x_wconf 90' lang='lat' dir='ltr'><strong>e</strong></span> <span class='ocrx_word' id='word_1_196' title='bbox 3187 984 3392 1040; x_wconf 87' lang='lat' dir='ltr'><strong>duobus</strong></span> <span class='ocrx_word' id='word_1_197' title='bbox 3412 991 3513 1050; x_wconf 90' lang='lat' dir='ltr'><strong>est,</strong></span> <span class='ocrx_word' id='word_1_198' title='bbox 3537 999 3666 1054; x_wconf 85' lang='lat' dir='ltr'><strong>per-</strong></span> 
     </span>
    </p>
   </div>
   <div class='ocr_carea' id='block_1_25' title="bbox 2085 1073 3666 1161">
    <p class='ocr_par' dir='ltr' id='par_1_25' title="bbox 2085 1073 3666 1161">
     <span class='ocr_line' id='line_1_25' title="bbox 2085 1073 3666 1161; baseline -0.008 -21"><span class='ocrx_word' id='word_1_199' title='bbox 2085 1085 2240 1140; x_wconf 88' lang='lat' dir='ltr'><strong>mitte</strong></span> <span class='ocrx_word' id='word_1_200' title='bbox 2266 1091 2319 1138; x_wconf 92' lang='lat' dir='ltr'><strong>te</strong></span> <span class='ocrx_word' id='word_1_201' title='bbox 2345 1083 2474 1153; x_wconf 70' lang='lat' dir='ltr'><strong>dare</strong></span> <span class='ocrx_word' id='word_1_202' title='bbox 2518 1094 2854 1148; x_wconf 88' lang='lat' dir='ltr'><strong>responsum,</strong></span> <span class='ocrx_word' id='word_1_203' title='bbox 2887 1085 2947 1131; x_wconf 91' lang='lat' dir='ltr'><strong>ut</strong></span> <span class='ocrx_word' id='word_1_204' title='bbox 2973 1083 3064 1130; x_wconf 88' lang='lat' dir='ltr'><strong>aut</strong></span> <span class='ocrx_word' id='word_1_205' title='bbox 3086 1076 3340 1148; x_wconf 88' lang='lat' dir='ltr'><strong>miserum</strong></span> <span class='ocrx_word' id='word_1_206' title='bbox 3375 1082 3429 1129; x_wconf 88' lang='lat' dir='ltr'><strong>te</strong></span> <span class='ocrx_word' id='word_1_207' title='bbox 3450 1073 3666 1161; x_wconf 61' lang='lat' dir='ltr'><strong>fatearis</strong></span> 
     </span>
    </p>
   </div>
   <div class='ocr_carea' id='block_1_26' title="bbox 2086 1168 3667 1240">
    <p class='ocr_par' dir='ltr' id='par_1_26' title="bbox 2086 1168 3667 1240">
     <span class='ocr_line' id='line_1_26' title="bbox 2086 1168 3667 1240; baseline -0.007 -7"><span class='ocrx_word' id='word_1_208' title='bbox 2086 1185 2178 1234; x_wconf 93' lang='lat' dir='ltr'><strong>aut</strong></span> <span class='ocrx_word' id='word_1_209' title='bbox 2198 1179 2410 1240; x_wconf 81' lang='lat' dir='ltr'><strong>fortem,</strong></span> <span class='ocrx_word' id='word_1_210' title='bbox 2443 1183 2535 1228; x_wconf 88' lang='lat' dir='ltr'><strong>aut</strong></span> <span class='ocrx_word' id='word_1_211' title='bbox 2559 1174 2827 1227; x_wconf 80' lang='lat' dir='ltr'><strong>inlirmuni</strong></span> <span class='ocrx_word' id='word_1_212' title='bbox 2846 1179 2938 1225; x_wconf 90' lang='lat' dir='ltr'><strong>aut</strong></span> <span class='ocrx_word' id='word_1_213' title='bbox 2952 1184 3162 1235; x_wconf 87' lang='lat' dir='ltr'><strong>sanum,</strong></span> <span class='ocrx_word' id='word_1_214' title='bbox 3185 1177 3246 1223; x_wconf 93' lang='lat' dir='ltr'><strong>ut</strong></span> <span class='ocrx_word' id='word_1_215' title='bbox 3271 1168 3456 1224; x_wconf 87' lang='lat' dir='ltr'><strong>audias</strong></span> <span class='ocrx_word' id='word_1_216' title='bbox 3479 1183 3667 1222; x_wconf 88' lang='lat' dir='ltr'><strong>vocem</strong></span> 
     </span>
    </p>
   </div>
   <div class='ocr_carea' id='block_1_27' title="bbox 2086 1261 3667 1334">
    <p class='ocr_par' dir='ltr' id='par_1_27' title="bbox 2086 1261 3667 1334">
     <span class='ocr_line' id='line_1_27' title="bbox 2086 1261 3667 1334; baseline -0.006 -8"><span class='ocrx_word' id='word_1_217' title='bbox 2086 1269 2298 1326; x_wconf 89' lang='lat' dir='ltr'><strong>Domini</strong></span> <span class='ocrx_word' id='word_1_218' title='bbox 2326 1266 2589 1321; x_wconf 87' lang='lat' dir='ltr'><strong>dicentis:</strong></span> <span class='ocrx_word' id='word_1_219' title='bbox 2619 1262 2744 1318; x_wconf 85' lang='lat' dir='ltr'><strong>Non</strong></span> <span class='ocrx_word' id='word_1_220' title='bbox 2783 1263 3016 1334; x_wconf 76' lang='lat' dir='ltr'><strong>indigent</strong></span> <span class='ocrx_word' id='word_1_221' title='bbox 3043 1263 3128 1334; x_wconf 83' lang='lat' dir='ltr'><strong>qui</strong></span> <span class='ocrx_word' id='word_1_222' title='bbox 3171 1271 3292 1314; x_wconf 89' lang='lat' dir='ltr'><strong>sunt</strong></span> <span class='ocrx_word' id='word_1_223' title='bbox 3330 1262 3445 1314; x_wconf 87' lang='lat' dir='ltr'><strong>sani</strong></span> <span class='ocrx_word' id='word_1_224' title='bbox 3471 1261 3667 1316; x_wconf 88' lang='lat' dir='ltr'><strong>medico</strong></span> 
     </span>
    </p>
   </div>
   <div class='ocr_carea' id='block_1_28' title="bbox 2089 1347 3669 1430">
    <p class='ocr_par' dir='ltr' id='par_1_28' title="bbox 2089 1347 3669 1430">
     <span class='ocr_line' id='line_1_28' title="bbox 2089 1347 3669 1430; baseline -0.008 -17"><span class='ocrx_word' id='word_1_225' title='bbox 2089 1359 2240 1430; x_wconf 85' lang='lat' dir='ltr'><strong>(Luc.</strong></span> <span class='ocrx_word' id='word_1_226' title='bbox 2263 1375 2316 1423; x_wconf 91' lang='lat' dir='ltr'><strong>v,</strong></span> <span class='ocrx_word' id='word_1_227' title='bbox 2348 1355 2460 1426; x_wconf 79' lang='grc'><strong>51).</strong></span> <span class='ocrx_word' id='word_1_228' title='bbox 2493 1353 2648 1410; x_wconf 89' lang='lat' dir='ltr'><strong>Unde</strong></span> <span class='ocrx_word' id='word_1_229' title='bbox 2673 1361 2728 1408; x_wconf 90' lang='lat' dir='ltr'><strong>et</strong></span> <span class='ocrx_word' id='word_1_230' title='bbox 2752 1352 3016 1423; x_wconf 77' lang='lat' dir='ltr'><strong>propheta</strong></span> <span class='ocrx_word' id='word_1_231' title='bbox 3043 1351 3274 1406; x_wconf 88' lang='lat' dir='ltr'><strong>clamat:</strong></span> <span class='ocrx_word' id='word_1_232' title='bbox 3307 1347 3430 1404; x_wconf 89' lang='lat' dir='ltr'><strong>Non</strong></span> <span class='ocrx_word' id='word_1_233' title='bbox 3450 1350 3586 1402; x_wconf 84' lang='lat' dir='ltr'><strong>enim</strong></span> <span class='ocrx_word' id='word_1_234' title='bbox 3613 1350 3669 1402; x_wconf 87' lang='lat' dir='ltr'><strong>in</strong></span> 
     </span>
    </p>
   </div>
   <div class='ocr_carea' id='block_1_29' title="bbox 2087 1436 3666 1517">
    <p class='ocr_par' dir='ltr' id='par_1_29' title="bbox 2087 1436 3666 1517">
     <span class='ocr_line' id='line_1_29' title="bbox 2087 1436 3666 1517; baseline -0.008 -14"><span class='ocrx_word' id='word_1_235' title='bbox 2087 1466 2211 1504; x_wconf 86' lang='lat' dir='ltr'><strong>arcu</strong></span> <span class='ocrx_word' id='word_1_236' title='bbox 2238 1465 2350 1502; x_wconf 86' lang='lat' dir='ltr'><strong>meo</strong></span> <span class='ocrx_word' id='word_1_237' title='bbox 2396 1445 2631 1517; x_wconf 75' lang='lat' dir='ltr'><strong>sperabo,</strong></span> <span class='ocrx_word' id='word_1_238' title='bbox 2674 1452 2725 1498; x_wconf 90' lang='lat' dir='ltr'><strong>et</strong></span> <span class='ocrx_word' id='word_1_239' title='bbox 2775 1442 2977 1514; x_wconf 86' lang='lat' dir='ltr'><strong>gladius</strong></span> <span class='ocrx_word' id='word_1_240' title='bbox 3004 1456 3146 1494; x_wconf 83' lang='lat' dir='ltr'><strong>meus</strong></span> <span class='ocrx_word' id='word_1_241' title='bbox 3183 1456 3285 1494; x_wconf 88' lang='lat' dir='ltr'><strong>non</strong></span> <span class='ocrx_word' id='word_1_242' title='bbox 3313 1436 3530 1492; x_wconf 82' lang='lat' dir='ltr'><strong>saluabit</strong></span> <span class='ocrx_word' id='word_1_243' title='bbox 3554 1455 3666 1503; x_wconf 83' lang='lat' dir='ltr'><strong>me;</strong></span> 
     </span>
    </p>
   </div>
   <div class='ocr_carea' id='block_1_30' title="bbox 2088 1528 3670 1600">
    <p class='ocr_par' dir='ltr' id='par_1_30' title="bbox 2088 1528 3670 1600">
     <span class='ocr_line' id='line_1_30' title="bbox 2088 1528 3670 1600; baseline -0.008 -6"><span class='ocrx_word' id='word_1_244' title='bbox 2088 1541 2178 1595; x_wconf 83' lang='lat' dir='ltr'><strong>sed</strong></span> <span class='ocrx_word' id='word_1_245' title='bbox 2208 1539 2420 1592; x_wconf 70' lang='lat' dir='ltr'><strong>dextera</strong></span> <span class='ocrx_word' id='word_1_246' title='bbox 2431 1543 2545 1600; x_wconf 76' lang='lat' dir='ltr'><strong>tua,</strong></span> <span class='ocrx_word' id='word_1_247' title='bbox 2577 1543 2625 1588; x_wconf 87' lang='lat' dir='ltr'><strong>et</strong></span> <span class='ocrx_word' id='word_1_248' title='bbox 2664 1532 2926 1588; x_wconf 79' lang='lat' dir='ltr'><strong>brachium</strong></span> <span class='ocrx_word' id='word_1_249' title='bbox 2956 1540 3118 1595; x_wconf 87' lang='lat' dir='ltr'><strong>tuum,</strong></span> <span class='ocrx_word' id='word_1_250' title='bbox 3158 1539 3210 1584; x_wconf 89' lang='lat' dir='ltr'><strong>et</strong></span> <span class='ocrx_word' id='word_1_251' title='bbox 3232 1529 3539 1583; x_wconf 86' lang='lat' dir='ltr'><strong>illuminatio</strong></span> <span class='ocrx_word' id='word_1_252' title='bbox 3563 1528 3670 1582; x_wconf 77' lang='lat' dir='ltr'><strong>vul-</strong></span> 
     </span>
    </p>
   </div>
   <div class='ocr_carea' id='block_1_31' title="bbox 2092 1621 3670 1700">
    <p class='ocr_par' dir='ltr' id='par_1_31' title="bbox 2092 1621 3670 1700">
     <span class='ocr_line' id='line_1_31' title="bbox 2092 1621 3670 1700; baseline -0.006 -14"><span class='ocrx_word' id='word_1_253' title='bbox 2092 1642 2169 1686; x_wconf 87' lang='lat' dir='ltr'><strong>tus</strong></span> <span class='ocrx_word' id='word_1_254' title='bbox 2192 1632 2262 1685; x_wconf 84' lang='lat' dir='ltr'><strong>tui</strong></span> <span class='ocrx_word' id='word_1_255' title='bbox 2291 1629 2460 1700; x_wconf 87' lang='lat' dir='ltr'><strong>(Psal.</strong></span> <span class='ocrx_word' id='word_1_256' title='bbox 2495 1642 2640 1689; x_wconf 77' lang='lat' dir='ltr'><strong>xtui,</strong></span> <span class='ocrx_word' id='word_1_257' title='bbox 2672 1625 2724 1690; x_wconf 78' lang='grc'><strong>4,</strong></span> <span class='ocrx_word' id='word_1_258' title='bbox 2750 1625 2799 1688; x_wconf 83' lang='grc'><strong>’1,</strong></span> <span class='ocrx_word' id='word_1_259' title='bbox 2817 1623 2893 1693; x_wconf 89' lang='lat'><strong>8).</strong></span> <span class='ocrx_word' id='word_1_260' title='bbox 2920 1621 3144 1678; x_wconf 90' lang='lat' dir='ltr'><strong>Unume</strong></span> <span class='ocrx_word' id='word_1_261' title='bbox 3163 1622 3388 1687; x_wconf 88' lang='lat' dir='ltr'><strong>duobus,</strong></span> <span class='ocrx_word' id='word_1_262' title='bbox 3407 1628 3498 1674; x_wconf 90' lang='lat' dir='ltr'><strong>aut</strong></span> <span class='ocrx_word' id='word_1_263' title='bbox 3517 1626 3670 1691; x_wconf 88' lang='lat' dir='ltr'><strong>potes</strong></span> 
     </span>
    </p>
   </div>
   <div class='ocr_carea' id='block_1_32' title="bbox 2085 1712 3670 1786">
    <p class='ocr_par' dir='ltr' id='par_1_32' title="bbox 2085 1712 3670 1786">
     <span class='ocr_line' id='line_1_32' title="bbox 2085 1712 3670 1786; baseline -0.009 -7"><span class='ocrx_word' id='word_1_264' title='bbox 2085 1732 2147 1779; x_wconf 77' lang='lat' dir='ltr'><strong>te</strong></span> <span class='ocrx_word' id='word_1_265' title='bbox 2175 1721 2448 1777; x_wconf 88' lang='lat' dir='ltr'><strong>abstinere</strong></span> <span class='ocrx_word' id='word_1_266' title='bbox 2473 1718 2540 1772; x_wconf 89' lang='lat' dir='ltr'><strong>ab</strong></span> <span class='ocrx_word' id='word_1_267' title='bbox 2561 1716 2707 1771; x_wconf 89' lang='lat' dir='ltr'><strong>omni</strong></span> <span class='ocrx_word' id='word_1_268' title='bbox 2735 1722 2978 1786; x_wconf 85' lang='lat' dir='ltr'><strong>peccato.</strong></span> <span class='ocrx_word' id='word_1_269' title='bbox 3009 1721 3102 1768; x_wconf 88' lang='lat' dir='ltr'><strong>aut</strong></span> <span class='ocrx_word' id='word_1_270' title='bbox 3128 1729 3236 1768; x_wconf 90' lang='lat' dir='ltr'><strong>non</strong></span> <span class='ocrx_word' id='word_1_271' title='bbox 3261 1713 3454 1784; x_wconf 80' lang='lat' dir='ltr'><strong>potes?</strong></span> <span class='ocrx_word' id='word_1_272' title='bbox 3485 1712 3542 1767; x_wconf 92' lang='lat' dir='ltr'><strong>Si</strong></span> <span class='ocrx_word' id='word_1_273' title='bbox 3568 1728 3670 1783; x_wconf 82' lang='lat' dir='ltr'><strong>po-</strong></span> 
     </span>
    </p>
   </div>
   <div class='ocr_carea' id='block_1_33' title="bbox 370 1800 2904 1888">
    <p class='ocr_par' dir='ltr' id='par_1_33' title="bbox 370 1801 2881 1888">
     <span class='ocr_line' id='line_1_33' title="bbox 370 1801 2881 1888; baseline -0.008 -11"><span class='ocrx_word' id='word_1_274' title='bbox 370 1877 378 1888; x_wconf 78' lang='grc'><em>,</em></span> <span class='ocrx_word' id='word_1_275' title='bbox 412 1815 994 1887; x_wconf 84' lang='lat' dir='ltr'><strong>ronam?-—Serapion</strong></span> <span class='ocrx_word' id='word_1_276' title='bbox 1017 1811 1316 1885; x_wconf 88' lang='lat' dir='ltr'><strong>respondit:</strong></span> <span class='ocrx_word' id='word_1_277' title='bbox 1334 1809 1403 1864; x_wconf 89' lang='lat' dir='ltr'><strong>Et</strong></span> <span class='ocrx_word' id='word_1_278' title='bbox 1429 1810 1474 1865; x_wconf 91' lang='lat' dir='ltr'><strong>si</strong></span> <span class='ocrx_word' id='word_1_279' title='bbox 1498 1825 1603 1864; x_wconf 91' lang='lat' dir='ltr'><strong>non</strong></span> <span class='ocrx_word' id='word_1_280' title='bbox 1620 1801 1796 1879; x_wconf 80' lang='lat' dir='ltr'><strong>patest</strong></span> <span class='ocrx_word' id='word_1_281' title='bbox 1821 1808 1985 1863; x_wconf 88' lang='lat' dir='ltr'><strong>homo</strong></span> <span class='ocrx_word' id='word_1_282' title='bbox 2017 1805 2059 1865; x_wconf 86' lang='grc' dir='ltr'><strong><em>Β</em></strong></span> <span class='ocrx_word' id='word_1_283' title='bbox 2089 1827 2190 1882; x_wconf 70' lang='grc' dir='ltr'><strong>ωε,</strong></span> <span class='ocrx_word' id='word_1_284' title='bbox 2219 1809 2487 1881; x_wconf 83' lang='lat' dir='ltr'><strong>adjutorio</strong></span> <span class='ocrx_word' id='word_1_285' title='bbox 2507 1823 2617 1862; x_wconf 91' lang='lat' dir='ltr'><strong>non</strong></span> <span class='ocrx_word' id='word_1_286' title='bbox 2643 1805 2881 1879; x_wconf 80' lang='lat' dir='ltr'><strong>indiges;</strong></span> 
     </span>
    </p>
   </div>
   <div class='ocr_carea' id='block_1_34' title="bbox 2119 1800 3669 1888">
    <p class='ocr_par' dir='ltr' id='par_1_34' title="bbox 2119 1800 3669 1882">
     <span class='ocr_line' id='line_1_34' title="bbox 2119 1800 3669 1882; baseline -0.01 -11"><span class='ocrx_word' id='word_1_287' title='bbox 2119 1833 2190 1882; x_wconf 81' lang='lat' dir='ltr'><strong>es,</strong></span> <span class='ocrx_word' id='word_1_288' title='bbox 2219 1809 2487 1881; x_wconf 89' lang='lat' dir='ltr'><strong>adjutorio</strong></span> <span class='ocrx_word' id='word_1_289' title='bbox 2507 1823 2617 1862; x_wconf 92' lang='lat' dir='ltr'><strong>non</strong></span> <span class='ocrx_word' id='word_1_290' title='bbox 2643 1805 2881 1879; x_wconf 80' lang='lat' dir='ltr'><strong>indiges;</strong></span> <span class='ocrx_word' id='word_1_291' title='bbox 2913 1810 3068 1873; x_wconf 89' lang='lat' dir='ltr'><strong>potes</strong></span> <span class='ocrx_word' id='word_1_292' title='bbox 3087 1801 3248 1856; x_wconf 88' lang='lat' dir='ltr'><strong>enim.</strong></span> <span class='ocrx_word' id='word_1_293' title='bbox 3274 1800 3332 1856; x_wconf 91' lang='lat' dir='ltr'><strong>Si</strong></span> <span class='ocrx_word' id='word_1_294' title='bbox 3359 1817 3467 1856; x_wconf 92' lang='lat' dir='ltr'><strong>non</strong></span> <span class='ocrx_word' id='word_1_295' title='bbox 3494 1809 3669 1871; x_wconf 86' lang='lat' dir='ltr'><strong>potes.</strong></span> 
     </span>
    </p>
   </div>
   <div class='ocr_carea' id='block_1_35' title="bbox 414 1899 1989 1982">
    <p class='ocr_par' dir='ltr' id='par_1_35' title="bbox 414 1899 1989 1982">
     <span class='ocr_line' id='line_1_35' title="bbox 414 1899 1989 1982; baseline -0.011 -13"><span class='ocrx_word' id='word_1_296' title='bbox 414 1913 531 1969; x_wconf 84' lang='lat' dir='ltr'><strong>sine</strong></span> <span class='ocrx_word' id='word_1_297' title='bbox 557 1917 780 1982; x_wconf 88' lang='lat' dir='ltr'><strong>peccato</strong></span> <span class='ocrx_word' id='word_1_298' title='bbox 798 1921 934 1973; x_wconf 71' lang='lat' dir='ltr'><strong>esse,</strong></span> <span class='ocrx_word' id='word_1_299' title='bbox 951 1911 1230 1976; x_wconf 87' lang='lat' dir='ltr'><strong>peccatum</strong></span> <span class='ocrx_word' id='word_1_300' title='bbox 1250 1903 1425 1974; x_wconf 90' lang='lat' dir='ltr'><strong>ipsum</strong></span> <span class='ocrx_word' id='word_1_301' title='bbox 1438 1916 1549 1957; x_wconf 91' lang='lat' dir='ltr'><strong>non</strong></span> <span class='ocrx_word' id='word_1_302' title='bbox 1578 1900 1627 1955; x_wconf 89' lang='lat' dir='ltr'><strong>ei</strong></span> <span class='ocrx_word' id='word_1_303' title='bbox 1641 1899 1989 1969; x_wconf 87' lang='lat' dir='ltr'><strong>imputabitur</strong></span> 
     </span>
    </p>
   </div>
   <div class='ocr_carea' id='block_1_36' title="bbox 413 2002 607 2058">
    <p class='ocr_par' dir='ltr' id='par_1_36' title="bbox 413 2002 607 2058">
     <span class='ocr_line' id='line_1_36' title="bbox 413 2002 607 2058; baseline -0.015 0"><span class='ocrx_word' id='word_1_304' title='bbox 413 2018 448 2058; x_wconf 92' lang='lat' dir='ltr'><strong>a</strong></span> <span class='ocrx_word' id='word_1_305' title='bbox 474 2002 607 2057; x_wconf 89' lang='lat' dir='ltr'><strong>Deo.</strong></span> 
     </span>
    </p>
   </div>
   <div class='ocr_carea' id='block_1_37' title="bbox 2088 1892 3672 1969">
    <p class='ocr_par' dir='ltr' id='par_1_37' title="bbox 2088 1892 3672 1969">
     <span class='ocr_line' id='line_1_37' title="bbox 2088 1892 3672 1969; baseline -0.011 -5"><span class='ocrx_word' id='word_1_306' title='bbox 2088 1893 2236 1964; x_wconf 74' lang='lat' dir='ltr'><strong>recte</strong></span> <span class='ocrx_word' id='word_1_307' title='bbox 2257 1902 2513 1959; x_wconf 75' lang='lat' dir='ltr'><strong>auxilium</strong></span> <span class='ocrx_word' id='word_1_308' title='bbox 2540 1897 2754 1969; x_wconf 67' lang='lat' dir='ltr'><strong>quaaris.</strong></span> <span class='ocrx_word' id='word_1_309' title='bbox 2782 1893 3173 1950; x_wconf 88' lang='lat' dir='ltr'><strong>Testimonium</strong></span> <span class='ocrx_word' id='word_1_310' title='bbox 3199 1900 3376 1948; x_wconf 90' lang='lat' dir='ltr'><strong>autem</strong></span> <span class='ocrx_word' id='word_1_311' title='bbox 3404 1892 3499 1948; x_wconf 91' lang='lat' dir='ltr'><strong>Dei</strong></span> <span class='ocrx_word' id='word_1_312' title='bbox 3523 1892 3672 1962; x_wconf 72' lang='lat' dir='ltr'><strong>adju~</strong></span> 
     </span>
    </p>
   </div>
   <div class='ocr_carea' id='block_1_38' title="bbox 2089 1981 3672 2060">
    <p class='ocr_par' dir='ltr' id='par_1_38' title="bbox 2089 1981 3672 2060">
     <span class='ocr_line' id='line_1_38' title="bbox 2089 1981 3672 2060; baseline -0.013 -6"><span class='ocrx_word' id='word_1_313' title='bbox 2089 1999 2289 2054; x_wconf 88' lang='lat' dir='ltr'><strong>torium</strong></span> <span class='ocrx_word' id='word_1_314' title='bbox 2312 1994 2419 2048; x_wconf 87' lang='lat' dir='ltr'><strong>tale</strong></span> <span class='ocrx_word' id='word_1_315' title='bbox 2446 1991 2587 2046; x_wconf 84' lang='lat' dir='ltr'><strong>ferre</strong></span> <span class='ocrx_word' id='word_1_316' title='bbox 2609 1988 2884 2060; x_wconf 88' lang='lat' dir='ltr'><strong>psalmista</strong></span> <span class='ocrx_word' id='word_1_317' title='bbox 2910 1985 3038 2041; x_wconf 89' lang='lat' dir='ltr'><strong>dicit</strong></span> <span class='ocrx_word' id='word_1_318' title='bbox 3062 2002 3076 2038; x_wconf 88' lang='lat'><strong>:</strong></span> <span class='ocrx_word' id='word_1_319' title='bbox 3109 1982 3138 2024; x_wconf 70' lang='grc' dir='ltr'><strong>ιδ</strong></span> <span class='ocrx_word' id='word_1_320' title='bbox 3164 1981 3265 2048; x_wconf 85' lang='lat' dir='ltr'><strong>Qui</strong></span> <span class='ocrx_word' id='word_1_321' title='bbox 3286 1983 3483 2037; x_wconf 79' lang='lat' dir='ltr'><strong>habitat</strong></span> <span class='ocrx_word' id='word_1_322' title='bbox 3499 1984 3557 2037; x_wconf 88' lang='lat' dir='ltr'><strong>in</strong></span> <span class='ocrx_word' id='word_1_323' title='bbox 3581 1982 3672 2036; x_wconf 79' lang='lat' dir='ltr'><strong>ad-</strong></span> 
     </span>
    </p>
   </div>
   <div class='ocr_carea' id='block_1_39' title="bbox 490 2063 3673 2162">
    <p class='ocr_par' dir='ltr' id='par_1_39' title="bbox 490 2063 3673 2162">
     <span class='ocr_line' id='line_1_39' title="bbox 490 2063 3673 2162; baseline -0.005 -13"><span class='ocrx_word' id='word_1_324' title='bbox 490 2089 1035 2151; x_wconf 74' lang='lat' dir='ltr'><strong>XXlX.—Arnobius</strong></span> <span class='ocrx_word' id='word_1_325' title='bbox 1053 2085 1224 2141; x_wconf 89' lang='lat' dir='ltr'><strong>dixit:</strong></span> <span class='ocrx_word' id='word_1_326' title='bbox 1248 2084 1362 2140; x_wconf 84' lang='lat' dir='ltr'><strong>Hoc</strong></span> <span class='ocrx_word' id='word_1_327' title='bbox 1381 2082 1526 2154; x_wconf 90' lang='lat' dir='ltr'><strong>quod</strong></span> <span class='ocrx_word' id='word_1_328' title='bbox 1551 2082 1697 2160; x_wconf 87' lang='lat' dir='ltr'><strong>illum</strong></span> <span class='ocrx_word' id='word_1_329' title='bbox 1717 2098 1748 2136; x_wconf 92' lang='lat' dir='ltr'><strong>a</strong></span> <span class='ocrx_word' id='word_1_330' title='bbox 1769 2089 1992 2162; x_wconf 76' lang='lat' dir='ltr'><strong>peccato</strong></span> <span class='ocrx_word' id='word_1_331' title='bbox 2085 2090 2283 2161; x_wconf 86' lang='lat' dir='ltr'><strong>jutorio</strong></span> <span class='ocrx_word' id='word_1_332' title='bbox 2312 2084 2563 2138; x_wconf 80' lang='lat' dir='ltr'><strong>Altissimi</strong></span> <span class='ocrx_word' id='word_1_333' title='bbox 2592 2079 2709 2150; x_wconf 90' lang='lat' dir='ltr'><strong>(Ps.</strong></span> <span class='ocrx_word' id='word_1_334' title='bbox 2743 2095 2833 2144; x_wconf 89' lang='lat' dir='ltr'><strong>xc,</strong></span> <span class='ocrx_word' id='word_1_335' title='bbox 2865 2063 2952 2147; x_wconf 8' lang='lat' dir='ltr'><strong>li),</strong></span> <span class='ocrx_word' id='word_1_336' title='bbox 2981 2084 3085 2132; x_wconf 90' lang='lat' dir='ltr'><strong>etc.</strong></span> <span class='ocrx_word' id='word_1_337' title='bbox 3117 2074 3407 2152; x_wconf 78' lang='lat' dir='ltr'><strong>Videamus</strong></span> <span class='ocrx_word' id='word_1_338' title='bbox 3425 2089 3565 2129; x_wconf 92' lang='lat' dir='ltr'><strong>nunc</strong></span> <span class='ocrx_word' id='word_1_339' title='bbox 3583 2075 3673 2142; x_wconf 92' lang='lat' dir='ltr'><strong>qui</strong></span> 
     </span>
    </p>
   </div>
   <div class='ocr_carea' id='block_1_40' title="bbox 423 2174 1995 2250">
    <p class='ocr_par' dir='ltr' id='par_1_40' title="bbox 423 2174 1995 2250">
     <span class='ocr_line' id='line_1_40' title="bbox 423 2174 1995 2250; baseline -0.007 -12"><span class='ocrx_word' id='word_1_340' title='bbox 423 2183 603 2238; x_wconf 89' lang='lat' dir='ltr'><strong>facere</strong></span> <span class='ocrx_word' id='word_1_341' title='bbox 616 2182 829 2236; x_wconf 89' lang='lat' dir='ltr'><strong>liberum</strong></span> <span class='ocrx_word' id='word_1_342' title='bbox 844 2179 1018 2250; x_wconf 92' lang='lat' dir='ltr'><strong>potuit</strong></span> <span class='ocrx_word' id='word_1_343' title='bbox 1034 2187 1059 2214; x_wconf 77' lang='grc'><strong><em>³·</em></strong></span> <span class='ocrx_word' id='word_1_344' title='bbox 1079 2178 1132 2232; x_wconf 92' lang='lat' dir='ltr'><strong>in</strong></span> <span class='ocrx_word' id='word_1_345' title='bbox 1145 2175 1303 2248; x_wconf 89' lang='lat' dir='ltr'><strong>primi</strong></span> <span class='ocrx_word' id='word_1_346' title='bbox 1318 2175 1547 2232; x_wconf 88' lang='lat' dir='ltr'><strong>hominis</strong></span> <span class='ocrx_word' id='word_1_347' title='bbox 1559 2174 1995 2244; x_wconf 63' lang='lat' dir='ltr'><strong>praevaricatione</strong></span> 
     </span>
    </p>
   </div>
   <div class='ocr_carea' id='block_1_41' title="bbox 425 2263 1996 2344">
    <p class='ocr_par' dir='ltr' id='par_1_41' title="bbox 425 2263 1996 2344">
     <span class='ocr_line' id='line_1_41' title="bbox 425 2263 1996 2344; baseline -0.008 -18"><span class='ocrx_word' id='word_1_348' title='bbox 425 2272 618 2344; x_wconf 89' lang='lat' dir='ltr'><strong>periit:</strong></span> <span class='ocrx_word' id='word_1_349' title='bbox 637 2269 772 2325; x_wconf 91' lang='lat' dir='ltr'><strong>unde</strong></span> <span class='ocrx_word' id='word_1_350' title='bbox 794 2276 1090 2325; x_wconf 87' lang='lat' dir='ltr'><strong>creaturam</strong></span> <span class='ocrx_word' id='word_1_351' title='bbox 1111 2281 1263 2322; x_wconf 88' lang='lat' dir='ltr'><strong>suam</strong></span> <span class='ocrx_word' id='word_1_352' title='bbox 1281 2263 1506 2320; x_wconf 89' lang='lat' dir='ltr'><strong>Creator</strong></span> <span class='ocrx_word' id='word_1_353' title='bbox 1526 2263 1594 2319; x_wconf 91' lang='lat' dir='ltr'><strong>ad</strong></span> <span class='ocrx_word' id='word_1_354' title='bbox 1613 2263 1752 2317; x_wconf 91' lang='lat' dir='ltr'><strong>hanc</strong></span> <span class='ocrx_word' id='word_1_355' title='bbox 1771 2275 1996 2330; x_wconf 90' lang='lat' dir='ltr'><strong>recupe-</strong></span> 
     </span>
    </p>
   </div>
   <div class='ocr_carea' id='block_1_42' title="bbox 427 2353 1998 2431">
    <p class='ocr_par' dir='ltr' id='par_1_42' title="bbox 427 2353 1998 2431">
     <span class='ocr_line' id='line_1_42' title="bbox 427 2353 1998 2431; baseline -0.009 -11"><span class='ocrx_word' id='word_1_356' title='bbox 427 2365 685 2420; x_wconf 84' lang='lat' dir='ltr'><strong>rationem</strong></span> <span class='ocrx_word' id='word_1_357' title='bbox 709 2359 1001 2431; x_wconf 68' lang='lat' dir='ltr'><strong>praaveuire</strong></span> <span class='ocrx_word' id='word_1_358' title='bbox 1039 2358 1240 2429; x_wconf 89' lang='lat' dir='ltr'><strong>potuit,</strong></span> <span class='ocrx_word' id='word_1_359' title='bbox 1271 2365 1331 2411; x_wconf 86' lang='lat' dir='ltr'><strong>ut.</strong></span> <span class='ocrx_word' id='word_1_360' title='bbox 1365 2355 1491 2426; x_wconf 88' lang='lat' dir='ltr'><strong>quia</strong></span> <span class='ocrx_word' id='word_1_361' title='bbox 1511 2354 1624 2424; x_wconf 88' lang='lat' dir='ltr'><strong>jam</strong></span> <span class='ocrx_word' id='word_1_362' title='bbox 1656 2355 1768 2410; x_wconf 90' lang='lat' dir='ltr'><strong>suis</strong></span> <span class='ocrx_word' id='word_1_363' title='bbox 1794 2353 1998 2407; x_wconf 86' lang='lat' dir='ltr'><strong>viribus</strong></span> 
     </span>
    </p>
   </div>
   <div class='ocr_carea' id='block_1_43' title="bbox 427 2445 1990 2523">
    <p class='ocr_par' dir='ltr' id='par_1_43' title="bbox 427 2445 1990 2523">
     <span class='ocr_line' id='line_1_43' title="bbox 427 2445 1990 2523; baseline -0.01 -12"><span class='ocrx_word' id='word_1_364' title='bbox 427 2453 636 2511; x_wconf 68' lang='lat' dir='ltr'><strong>liberari</strong></span> <span class='ocrx_word' id='word_1_365' title='bbox 662 2469 692 2508; x_wconf 93' lang='lat' dir='ltr'><strong>a</strong></span> <span class='ocrx_word' id='word_1_366' title='bbox 711 2460 933 2523; x_wconf 86' lang='lat' dir='ltr'><strong>peccato</strong></span> <span class='ocrx_word' id='word_1_367' title='bbox 952 2466 1062 2505; x_wconf 92' lang='lat' dir='ltr'><strong>non</strong></span> <span class='ocrx_word' id='word_1_368' title='bbox 1091 2455 1323 2520; x_wconf 89' lang='lat' dir='ltr'><strong>poterat,</strong></span> <span class='ocrx_word' id='word_1_369' title='bbox 1342 2447 1435 2502; x_wconf 91' lang='lat' dir='ltr'><strong>Dei</strong></span> <span class='ocrx_word' id='word_1_370' title='bbox 1458 2446 1629 2514; x_wconf 88' lang='lat' dir='ltr'><strong>gratia</strong></span> <span class='ocrx_word' id='word_1_371' title='bbox 1655 2445 1990 2500; x_wconf 89' lang='lat' dir='ltr'><strong>liberaretur.</strong></span> 
     </span>
    </p>
   </div>
   <div class='ocr_carea' id='block_1_44' title="bbox 425 2531 1998 2616">
    <p class='ocr_par' dir='ltr' id='par_1_44' title="bbox 425 2531 1998 2616">
     <span class='ocr_line' id='line_1_44' title="bbox 425 2531 1998 2616; baseline -0.011 -14"><span class='ocrx_word' id='word_1_372' title='bbox 425 2546 572 2603; x_wconf 85' lang='lat' dir='ltr'><strong>Unde</strong></span> <span class='ocrx_word' id='word_1_373' title='bbox 611 2546 772 2600; x_wconf 88' lang='lat' dir='ltr'><strong>etiam</strong></span> <span class='ocrx_word' id='word_1_374' title='bbox 832 2541 1168 2598; x_wconf 78' lang='lat' dir='ltr'><strong>inﬁrmitates</strong></span> <span class='ocrx_word' id='word_1_375' title='bbox 1215 2545 1429 2602; x_wconf 66' lang='lat' dir='ltr'><strong>nostrae,</strong></span> <span class='ocrx_word' id='word_1_376' title='bbox 1459 2536 1755 2616; x_wconf 81' lang='lat' dir='ltr'><strong>Salvatoris</strong></span> <span class='ocrx_word' id='word_1_377' title='bbox 1788 2531 1998 2589; x_wconf 89' lang='lat' dir='ltr'><strong>Domini</strong></span> 
     </span>
    </p>
   </div>
   <div class='ocr_carea' id='block_1_45' title="bbox 421 2627 1997 2706">
    <p class='ocr_par' dir='ltr' id='par_1_45' title="bbox 421 2627 1997 2706">
     <span class='ocr_line' id='line_1_45' title="bbox 421 2627 1997 2706; baseline -0.011 -12"><span class='ocrx_word' id='word_1_378' title='bbox 421 2653 614 2694; x_wconf 89' lang='lat' dir='ltr'><strong>nomen</strong></span> <span class='ocrx_word' id='word_1_379' title='bbox 635 2636 1026 2706; x_wconf 88' lang='lat' dir='ltr'><strong>imposuerunt,</strong></span> <span class='ocrx_word' id='word_1_380' title='bbox 1041 2631 1322 2700; x_wconf 89' lang='lat' dir='ltr'><strong>captivitas</strong></span> <span class='ocrx_word' id='word_1_381' title='bbox 1351 2635 1535 2684; x_wconf 88' lang='lat' dir='ltr'><strong>nostra</strong></span> <span class='ocrx_word' id='word_1_382' title='bbox 1559 2627 1997 2696; x_wconf 83' lang='lat' dir='ltr'><strong>Redemptorem,</strong></span> 
     </span>
    </p>
   </div>
   <div class='ocr_carea' id='block_1_46' title="bbox 419 2721 1943 2787">
    <p class='ocr_par' dir='ltr' id='par_1_46' title="bbox 419 2721 1943 2787">
     <span class='ocr_line' id='line_1_46' title="bbox 419 2721 1943 2787; baseline -0.011 0"><span class='ocrx_word' id='word_1_383' title='bbox 419 2730 645 2787; x_wconf 79' lang='lat' dir='ltr'><strong>miseria:</strong></span> <span class='ocrx_word' id='word_1_384' title='bbox 672 2736 873 2784; x_wconf 58' lang='lat' dir='ltr'><strong>nostra:</strong></span> <span class='ocrx_word' id='word_1_385' title='bbox 899 2722 1320 2784; x_wconf 87' lang='lat' dir='ltr'><strong>misericordem,</strong></span> <span class='ocrx_word' id='word_1_386' title='bbox 1335 2722 1566 2775; x_wconf 84' lang='lat' dir='ltr'><strong>servitus</strong></span> <span class='ocrx_word' id='word_1_387' title='bbox 1580 2721 1943 2774; x_wconf 83' lang='lat' dir='ltr'><strong>liberatorem.</strong></span> 
     </span>
    </p>
   </div>
   <div class='ocr_carea' id='block_1_47' title="bbox 489 2809 2004 2886">
    <p class='ocr_par' dir='ltr' id='par_1_47' title="bbox 489 2809 2004 2886">
     <span class='ocr_line' id='line_1_47' title="bbox 489 2809 2004 2886; baseline -0.011 -7"><span class='ocrx_word' id='word_1_388' title='bbox 489 2825 643 2878; x_wconf 75' lang='lat' dir='ltr'><strong>Nunc</strong></span> <span class='ocrx_word' id='word_1_389' title='bbox 667 2820 865 2876; x_wconf 91' lang='lat' dir='ltr'><strong>tevolo</strong></span> <span class='ocrx_word' id='word_1_390' title='bbox 885 2816 1236 2886; x_wconf 84' lang='lat' dir='ltr'><strong>Serapionem</strong></span> <span class='ocrx_word' id='word_1_391' title='bbox 1267 2815 1614 2881; x_wconf 85' lang='lat' dir='ltr'><strong>interrogare.</strong></span> <span class='ocrx_word' id='word_1_392' title='bbox 1644 2811 1806 2880; x_wconf 88' lang='lat' dir='ltr'><strong>Cupis</strong></span> <span class='ocrx_word' id='word_1_393' title='bbox 1842 2819 1901 2864; x_wconf 92' lang='lat' dir='ltr'><strong>ut</strong></span> <span class='ocrx_word' id='word_1_394' title='bbox 1927 2809 2004 2863; x_wconf 90' lang='lat' dir='ltr'><strong>tui</strong></span> 
     </span>
    </p>
   </div>
   <div class='ocr_carea' id='block_1_48' title="bbox 419 2898 2006 2971">
    <p class='ocr_par' dir='ltr' id='par_1_48' title="bbox 419 2898 2006 2971">
     <span class='ocr_line' id='line_1_48' title="bbox 419 2898 2006 2971; baseline -0.011 -4"><span class='ocrx_word' id='word_1_395' title='bbox 419 2911 745 2968; x_wconf 90' lang='lat' dir='ltr'><strong>misereatur</strong></span> <span class='ocrx_word' id='word_1_396' title='bbox 765 2908 929 2971; x_wconf 89' lang='lat' dir='ltr'><strong>Deus,</strong></span> <span class='ocrx_word' id='word_1_397' title='bbox 959 2921 1028 2959; x_wconf 89' lang='lat' dir='ltr'><strong>an</strong></span> <span class='ocrx_word' id='word_1_398' title='bbox 1048 2904 1191 2958; x_wconf 88' lang='lat' dir='ltr'><strong>non?</strong></span> <span class='ocrx_word' id='word_1_399' title='bbox 1218 2933 1290 2944; x_wconf 90' lang='lat'><strong>-—</strong></span> <span class='ocrx_word' id='word_1_400' title='bbox 1316 2900 1576 2970; x_wconf 87' lang='lat' dir='ltr'><strong>Serapion</strong></span> <span class='ocrx_word' id='word_1_401' title='bbox 1597 2899 1728 2952; x_wconf 85' lang='lat' dir='ltr'><strong>dixit</strong></span> <span class='ocrx_word' id='word_1_402' title='bbox 1754 2917 1766 2950; x_wconf 88' lang='lat'><strong>:</strong></span> <span class='ocrx_word' id='word_1_403' title='bbox 1797 2898 1864 2951; x_wconf 90' lang='lat' dir='ltr'><strong>Et</strong></span> <span class='ocrx_word' id='word_1_404' title='bbox 1885 2898 2006 2966; x_wconf 86' lang='lat' dir='ltr'><strong>quis</strong></span> 
     </span>
    </p>
   </div>
   <div class='ocr_carea' id='block_1_49' title="bbox 424 2988 2005 3069">
    <p class='ocr_par' dir='ltr' id='par_1_49' title="bbox 424 2988 2005 3069">
     <span class='ocr_line' id='line_1_49' title="bbox 424 2988 2005 3069; baseline -0.011 -12"><span class='ocrx_word' id='word_1_405' title='bbox 424 3012 512 3057; x_wconf 88' lang='lat' dir='ltr'><strong>est</strong></span> <span class='ocrx_word' id='word_1_406' title='bbox 535 3001 629 3069; x_wconf 91' lang='lat' dir='ltr'><strong>qui</strong></span> <span class='ocrx_word' id='word_1_407' title='bbox 665 3013 774 3053; x_wconf 89' lang='lat' dir='ltr'><strong>non</strong></span> <span class='ocrx_word' id='word_1_408' title='bbox 803 2996 914 3050; x_wconf 88' lang='lat' dir='ltr'><strong>vult</strong></span> <span class='ocrx_word' id='word_1_409' title='bbox 939 3002 1002 3048; x_wconf 86' lang='lat' dir='ltr'><strong>ut</strong></span> <span class='ocrx_word' id='word_1_410' title='bbox 1041 2992 1155 3061; x_wconf 87' lang='lat' dir='ltr'><strong>ejus</strong></span> <span class='ocrx_word' id='word_1_411' title='bbox 1188 2992 1503 3045; x_wconf 90' lang='lat' dir='ltr'><strong>misereatur</strong></span> <span class='ocrx_word' id='word_1_412' title='bbox 1528 2990 1707 3042; x_wconf 85' lang='lat' dir='ltr'><strong>Deus?</strong></span> <span class='ocrx_word' id='word_1_413' title='bbox 1732 3006 1803 3029; x_wconf 77' lang='grc' dir='ltr'><strong>-ι-</strong></span> <span class='ocrx_word' id='word_1_414' title='bbox 1833 2988 2005 3041; x_wconf 78' lang='lat' dir='ltr'><strong>Arno-</strong></span> 
     </span>
    </p>
   </div>
   <div class='ocr_carea' id='block_1_50' title="bbox 427 3078 2006 3154">
    <p class='ocr_par' dir='ltr' id='par_1_50' title="bbox 427 3078 2006 3154">
     <span class='ocr_line' id='line_1_50' title="bbox 427 3078 2006 3154; baseline -0.01 -5"><span class='ocrx_word' id='word_1_415' title='bbox 427 3092 551 3150; x_wconf 88' lang='lat' dir='ltr'><strong>bius</strong></span> <span class='ocrx_word' id='word_1_416' title='bbox 593 3089 764 3144; x_wconf 89' lang='lat' dir='ltr'><strong>dixit:</strong></span> <span class='ocrx_word' id='word_1_417' title='bbox 794 3086 908 3154; x_wconf 84' lang='lat' dir='ltr'><strong>Ego</strong></span> <span class='ocrx_word' id='word_1_418' title='bbox 936 3084 1078 3154; x_wconf 92' lang='lat' dir='ltr'><strong>quod</strong></span> <span class='ocrx_word' id='word_1_419' title='bbox 1132 3084 1422 3150; x_wconf 80' lang='lat' dir='ltr'><strong>interrogo,</strong></span> <span class='ocrx_word' id='word_1_420' title='bbox 1453 3081 1591 3134; x_wconf 85' lang='lat' dir='ltr'><strong>sicut</strong></span> <span class='ocrx_word' id='word_1_421' title='bbox 1627 3086 1680 3133; x_wconf 92' lang='lat' dir='ltr'><strong>te</strong></span> <span class='ocrx_word' id='word_1_422' title='bbox 1717 3078 2006 3145; x_wconf 84' lang='lat' dir='ltr'><strong>interrogo,</strong></span> 
     </span>
    </p>
   </div>
   <div class='ocr_carea' id='block_1_51' title="bbox 2093 2163 3675 2241">
    <p class='ocr_par' dir='ltr' id='par_1_51' title="bbox 2093 2163 3675 2241">
     <span class='ocr_line' id='line_1_51' title="bbox 2093 2163 3675 2241; baseline -0.011 -7"><span class='ocrx_word' id='word_1_423' title='bbox 2093 2181 2168 2234; x_wconf 89' lang='lat' dir='ltr'><strong>ita</strong></span> <span class='ocrx_word' id='word_1_424' title='bbox 2209 2175 2398 2238; x_wconf 89' lang='lat' dir='ltr'><strong>credit,</strong></span> <span class='ocrx_word' id='word_1_425' title='bbox 2431 2180 2484 2226; x_wconf 91' lang='lat' dir='ltr'><strong>et</strong></span> <span class='ocrx_word' id='word_1_426' title='bbox 2518 2172 2609 2241; x_wconf 91' lang='lat' dir='ltr'><strong>qui</strong></span> <span class='ocrx_word' id='word_1_427' title='bbox 2647 2171 2720 2224; x_wconf 90' lang='lat' dir='ltr'><strong>ita</strong></span> <span class='ocrx_word' id='word_1_428' title='bbox 2760 2169 2908 2232; x_wconf 90' lang='lat' dir='ltr'><strong>dicit,</strong></span> <span class='ocrx_word' id='word_1_429' title='bbox 2931 2167 3060 2237; x_wconf 91' lang='lat' dir='ltr'><strong>quid</strong></span> <span class='ocrx_word' id='word_1_430' title='bbox 3098 2167 3149 2222; x_wconf 92' lang='lat' dir='ltr'><strong>ei</strong></span> <span class='ocrx_word' id='word_1_431' title='bbox 3173 2165 3403 2222; x_wconf 88' lang='lat' dir='ltr'><strong>eveniat.</strong></span> <span class='ocrx_word' id='word_1_432' title='bbox 3437 2163 3675 2234; x_wconf 87' lang='lat' dir='ltr'><strong>Scapulis</strong></span> 
     </span>
    </p>
   </div>
   <div class='ocr_carea' id='block_1_52' title="bbox 2096 2254 3676 2328">
    <p class='ocr_par' dir='ltr' id='par_1_52' title="bbox 2096 2254 3676 2328">
     <span class='ocr_line' id='line_1_52' title="bbox 2096 2254 3676 2328; baseline -0.008 -6"><span class='ocrx_word' id='word_1_433' title='bbox 2096 2270 2203 2323; x_wconf 88' lang='lat' dir='ltr'><strong>suis</strong></span> <span class='ocrx_word' id='word_1_434' title='bbox 2225 2259 2544 2320; x_wconf 68' lang='lat' dir='ltr'><strong>obu&#39;mbrabit</strong></span> <span class='ocrx_word' id='word_1_435' title='bbox 2567 2259 2674 2325; x_wconf 85' lang='lat' dir='ltr'><strong>tibi,</strong></span> <span class='ocrx_word' id='word_1_436' title='bbox 2706 2267 2886 2314; x_wconf 89' lang='lat' dir='ltr'><strong>etc.—</strong></span> <span class='ocrx_word' id='word_1_437' title='bbox 2913 2258 3173 2328; x_wconf 84' lang='lat' dir='ltr'><strong>Serapion</strong></span> <span class='ocrx_word' id='word_1_438' title='bbox 3192 2257 3326 2312; x_wconf 86' lang='lat' dir='ltr'><strong>dixit</strong></span> <span class='ocrx_word' id='word_1_439' title='bbox 3349 2273 3361 2308; x_wconf 92' lang='lat'>:</span> <span class='ocrx_word' id='word_1_440' title='bbox 3386 2254 3524 2322; x_wconf 85' lang='lat' dir='ltr'><strong>Quid</strong></span> <span class='ocrx_word' id='word_1_441' title='bbox 3547 2268 3676 2322; x_wconf 79' lang='lat' dir='ltr'><strong>ergo</strong></span> 
     </span>
    </p>
   </div>
   <div class='ocr_carea' id='block_1_53' title="bbox 2097 2346 3677 2415">
    <p class='ocr_par' dir='ltr' id='par_1_53' title="bbox 2097 2346 3677 2415">
     <span class='ocr_line' id='line_1_53' title="bbox 2097 2346 3677 2415; baseline -0.007 0"><span class='ocrx_word' id='word_1_442' title='bbox 2097 2358 2316 2415; x_wconf 84' lang='lat' dir='ltr'><strong>habebit</strong></span> <span class='ocrx_word' id='word_1_443' title='bbox 2361 2356 2580 2409; x_wconf 89' lang='lat' dir='ltr'><strong>libertas</strong></span> <span class='ocrx_word' id='word_1_444' title='bbox 2607 2350 2850 2406; x_wconf 88' lang='lat' dir='ltr'><strong>arbitrii?</strong></span> <span class='ocrx_word' id='word_1_445' title='bbox 2873 2383 2944 2394; x_wconf 91' lang='lat'><strong>-—</strong></span> <span class='ocrx_word' id='word_1_446' title='bbox 2971 2351 3237 2407; x_wconf 84' lang='lat' dir='ltr'><strong>Arnobius</strong></span> <span class='ocrx_word' id='word_1_447' title='bbox 3275 2348 3408 2404; x_wconf 90' lang='lat' dir='ltr'><strong>dixit</strong></span> <span class='ocrx_word' id='word_1_448' title='bbox 3441 2366 3453 2401; x_wconf 91' lang='lat'>:</span> <span class='ocrx_word' id='word_1_449' title='bbox 3486 2358 3509 2388; x_wconf 76' lang='grc' dir='ltr'><strong>ο</strong></span> <span class='ocrx_word' id='word_1_450' title='bbox 3542 2346 3612 2402; x_wconf 89' lang='lat' dir='ltr'><strong>Ut</strong></span> <span class='ocrx_word' id='word_1_451' title='bbox 3631 2346 3677 2404; x_wconf 90' lang='lat' dir='ltr'><strong>si</strong></span> 
     </span>
    </p>
   </div>
   <div class='ocr_carea' id='block_1_54' title="bbox 2101 2436 3675 2522">
    <p class='ocr_par' dir='ltr' id='par_1_54' title="bbox 2101 2436 3675 2522">
     <span class='ocr_line' id='line_1_54' title="bbox 2101 2436 3675 2522; baseline -0.01 -16"><span class='ocrx_word' id='word_1_452' title='bbox 2101 2467 2208 2522; x_wconf 86' lang='lat' dir='ltr'><strong>non</strong></span> <span class='ocrx_word' id='word_1_453' title='bbox 2237 2449 2317 2502; x_wconf 88' lang='lat' dir='ltr'><strong>vis</strong></span> <span class='ocrx_word' id='word_1_454' title='bbox 2337 2449 2410 2501; x_wconf 89' lang='lat' dir='ltr'><strong>ita</strong></span> <span class='ocrx_word' id='word_1_455' title='bbox 2438 2444 2674 2507; x_wconf 87' lang='lat' dir='ltr'><strong>credere,</strong></span> <span class='ocrx_word' id='word_1_456' title='bbox 2706 2459 2815 2498; x_wconf 93' lang='lat' dir='ltr'><strong>non</strong></span> <span class='ocrx_word' id='word_1_457' title='bbox 2844 2442 2918 2496; x_wconf 90' lang='lat' dir='ltr'><strong>ita</strong></span> <span class='ocrx_word' id='word_1_458' title='bbox 2944 2441 3162 2508; x_wconf 89' lang='lat' dir='ltr'><strong>credas,</strong></span> <span class='ocrx_word' id='word_1_459' title='bbox 3193 2447 3249 2496; x_wconf 91' lang='lat' dir='ltr'><strong>et</strong></span> <span class='ocrx_word' id='word_1_460' title='bbox 3276 2439 3474 2494; x_wconf 91' lang='lat' dir='ltr'><strong>auxilio</strong></span> <span class='ocrx_word' id='word_1_461' title='bbox 3510 2445 3565 2492; x_wconf 89' lang='lat' dir='ltr'><strong>te</strong></span> <span class='ocrx_word' id='word_1_462' title='bbox 3591 2436 3675 2492; x_wconf 91' lang='lat' dir='ltr'><strong>di—</strong></span> 
     </span>
    </p>
   </div>
   <div class='ocr_carea' id='block_1_55' title="bbox 2102 2525 3678 2606">
    <p class='ocr_par' dir='ltr' id='par_1_55' title="bbox 2102 2525 3678 2606">
     <span class='ocr_line' id='line_1_55' title="bbox 2102 2525 3678 2606; baseline -0.011 -11"><span class='ocrx_word' id='word_1_463' title='bbox 2102 2540 2226 2595; x_wconf 90' lang='lat' dir='ltr'><strong>vino</strong></span> <span class='ocrx_word' id='word_1_464' title='bbox 2252 2535 2563 2606; x_wconf 89' lang='lat' dir='ltr'><strong>suspendas.</strong></span> <span class='ocrx_word' id='word_1_465' title='bbox 2610 2532 2667 2586; x_wconf 91' lang='lat' dir='ltr'><strong>Si</strong></span> <span class='ocrx_word' id='word_1_466' title='bbox 2717 2533 2795 2587; x_wconf 89' lang='lat' dir='ltr'><strong>vis</strong></span> <span class='ocrx_word' id='word_1_467' title='bbox 2820 2538 2950 2586; x_wconf 73' lang='lat' dir='ltr'><strong>Vero</strong></span> <span class='ocrx_word' id='word_1_468' title='bbox 2984 2529 3232 2593; x_wconf 85' lang='lat' dir='ltr'><strong>credere,</strong></span> <span class='ocrx_word' id='word_1_469' title='bbox 3261 2529 3333 2581; x_wconf 88' lang='lat' dir='ltr'><strong>ita</strong></span> <span class='ocrx_word' id='word_1_470' title='bbox 3358 2527 3424 2581; x_wconf 89' lang='lat' dir='ltr'><strong>ab</strong></span> <span class='ocrx_word' id='word_1_471' title='bbox 3451 2525 3534 2580; x_wconf 88' lang='lat' dir='ltr'><strong>his</strong></span> <span class='ocrx_word' id='word_1_472' title='bbox 3561 2539 3678 2594; x_wconf 73' lang='lat' dir='ltr'><strong>qua:</strong></span> 
     </span>
    </p>
   </div>
   <div class='ocr_carea' id='block_1_56' title="bbox 2103 2616 3702 2692">
    <p class='ocr_par' dir='ltr' id='par_1_56' title="bbox 2103 2616 3702 2692">
     <span class='ocr_line' id='line_1_56' title="bbox 2103 2616 3702 2692; baseline -0.01 -6"><span class='ocrx_word' id='word_1_473' title='bbox 2103 2633 2201 2686; x_wconf 87' lang='lat' dir='ltr'><strong>tibi</strong></span> <span class='ocrx_word' id='word_1_474' title='bbox 2228 2629 2521 2692; x_wconf 88' lang='lat' dir='ltr'><strong>imminent,</strong></span> <span class='ocrx_word' id='word_1_475' title='bbox 2552 2625 2783 2680; x_wconf 89' lang='lat' dir='ltr'><strong>faciente</strong></span> <span class='ocrx_word' id='word_1_476' title='bbox 2810 2623 2905 2678; x_wconf 88' lang='lat' dir='ltr'><strong>Dei</strong></span> <span class='ocrx_word' id='word_1_477' title='bbox 2933 2621 3148 2688; x_wconf 90' lang='lat' dir='ltr'><strong>auxilio,</strong></span> <span class='ocrx_word' id='word_1_478' title='bbox 3167 2619 3410 2675; x_wconf 89' lang='lat' dir='ltr'><strong>libereris</strong></span> <span class='ocrx_word' id='word_1_479' title='bbox 3436 2625 3492 2672; x_wconf 90' lang='lat' dir='ltr'><strong>et</strong></span> <span class='ocrx_word' id='word_1_480' title='bbox 3516 2616 3702 2671; x_wconf 85' lang='lat' dir='ltr'><strong>mise--</strong></span> 
     </span>
    </p>
   </div>
   <div class='ocr_carea' id='block_1_57' title="bbox 2103 2721 3001 2778">
    <p class='ocr_par' dir='ltr' id='par_1_57' title="bbox 2103 2721 3001 2778">
     <span class='ocr_line' id='line_1_57' title="bbox 2103 2721 3001 2778; baseline -0.013 0"><span class='ocrx_word' id='word_1_481' title='bbox 2103 2721 2354 2778; x_wconf 87' lang='lat' dir='ltr'><strong>ricordia.</strong></span> <span class='ocrx_word' id='word_1_482' title='bbox 2743 2751 2745 2754; x_wconf 55' lang='grc' dir='ltr'><strong><em>ι</em></strong></span> <span class='ocrx_word' id='word_1_483' title='bbox 2998 2751 3001 2753; x_wconf 93' lang='grc'><strong>-</strong></span> 
     </span>
    </p>
   </div>
   <div class='ocr_carea' id='block_1_58' title="bbox 2175 2795 3682 2876">
    <p class='ocr_par' dir='ltr' id='par_1_58' title="bbox 2175 2795 3682 2876">
     <span class='ocr_line' id='line_1_58' title="bbox 2175 2795 3682 2876; baseline -0.011 -11"><span class='ocrx_word' id='word_1_484' title='bbox 2175 2809 2415 2866; x_wconf 79' lang='lat' dir='ltr'><strong>XXX.—</strong></span> <span class='ocrx_word' id='word_1_485' title='bbox 2427 2807 2688 2876; x_wconf 89' lang='lat' dir='ltr'><strong>Serapion</strong></span> <span class='ocrx_word' id='word_1_486' title='bbox 2717 2803 2852 2860; x_wconf 87' lang='lat' dir='ltr'><strong>dixit</strong></span> <span class='ocrx_word' id='word_1_487' title='bbox 2873 2820 2887 2858; x_wconf 91' lang='lat'><strong>:</strong></span> <span class='ocrx_word' id='word_1_488' title='bbox 2912 2802 3029 2857; x_wconf 83' lang='lat' dir='ltr'><strong>Non</strong></span> <span class='ocrx_word' id='word_1_489' title='bbox 3045 2802 3118 2855; x_wconf 91' lang='lat' dir='ltr'><strong>ita</strong></span> <span class='ocrx_word' id='word_1_490' title='bbox 3137 2799 3420 2854; x_wconf 88' lang='lat' dir='ltr'><strong>docentem</strong></span> <span class='ocrx_word' id='word_1_491' title='bbox 3441 2795 3682 2864; x_wconf 54' lang='lat' dir='ltr'><strong>Augusti.</strong></span> 
     </span>
    </p>
   </div>
   <div class='ocr_carea' id='block_1_59' title="bbox 2104 2886 3681 2966">
    <p class='ocr_par' dir='ltr' id='par_1_59' title="bbox 2104 2886 3681 2966">
     <span class='ocr_line' id='line_1_59' title="bbox 2104 2886 3681 2966; baseline -0.013 -8"><span class='ocrx_word' id='word_1_492' title='bbox 2104 2918 2231 2966; x_wconf 88' lang='lat' dir='ltr'><strong>num</strong></span> <span class='ocrx_word' id='word_1_493' title='bbox 2261 2899 2454 2955; x_wconf 88' lang='lat' dir='ltr'><strong>audivi.</strong></span> <span class='ocrx_word' id='word_1_494' title='bbox 2477 2929 2549 2940; x_wconf 93' lang='lat'><strong>—-</strong></span> <span class='ocrx_word' id='word_1_495' title='bbox 2576 2895 2844 2952; x_wconf 87' lang='lat' dir='ltr'><strong>Arnobius</strong></span> <span class='ocrx_word' id='word_1_496' title='bbox 2871 2893 3040 2948; x_wconf 87' lang='lat' dir='ltr'><strong>dixit:</strong></span> <span class='ocrx_word' id='word_1_497' title='bbox 3071 2891 3130 2944; x_wconf 94' lang='lat' dir='ltr'><strong>ln</strong></span> <span class='ocrx_word' id='word_1_498' title='bbox 3157 2905 3262 2959; x_wconf 91' lang='lat' dir='ltr'><strong>qua</strong></span> <span class='ocrx_word' id='word_1_499' title='bbox 3293 2895 3445 2959; x_wconf 88' lang='lat' dir='ltr'><strong>parte</strong></span> <span class='ocrx_word' id='word_1_500' title='bbox 3471 2902 3579 2942; x_wconf 91' lang='lat' dir='ltr'><strong>non</strong></span> <span class='ocrx_word' id='word_1_501' title='bbox 3608 2886 3681 2940; x_wconf 88' lang='lat' dir='ltr'><strong>ita</strong></span> 
     </span>
    </p>
   </div>
   <div class='ocr_carea' id='block_1_60' title="bbox 2106 2977 3683 3051">
    <p class='ocr_par' dir='ltr' id='par_1_60' title="bbox 2106 2977 3683 3051">
     <span class='ocr_line' id='line_1_60' title="bbox 2106 2977 3683 3051; baseline -0.011 -3"><span class='ocrx_word' id='word_1_502' title='bbox 2106 2991 2298 3048; x_wconf 87' lang='lat' dir='ltr'><strong>audisti</strong></span> <span class='ocrx_word' id='word_1_503' title='bbox 2327 3005 2449 3045; x_wconf 91' lang='lat' dir='ltr'><strong>eum</strong></span> <span class='ocrx_word' id='word_1_504' title='bbox 2477 2986 2795 3043; x_wconf 86' lang='lat' dir='ltr'><strong>docentem?</strong></span> <span class='ocrx_word' id='word_1_505' title='bbox 2814 3011 2887 3022; x_wconf 93' lang='lat'><strong>——-</strong></span> <span class='ocrx_word' id='word_1_506' title='bbox 2912 2982 3172 3051; x_wconf 85' lang='lat' dir='ltr'><strong>Serapion</strong></span> <span class='ocrx_word' id='word_1_507' title='bbox 3212 2980 3346 3036; x_wconf 88' lang='lat' dir='ltr'><strong>dixit</strong></span> <span class='ocrx_word' id='word_1_508' title='bbox 3379 2997 3390 3032; x_wconf 93' lang='lat'>:</span> <span class='ocrx_word' id='word_1_509' title='bbox 3422 2978 3539 3034; x_wconf 85' lang='lat' dir='ltr'><strong>Non</strong></span> <span class='ocrx_word' id='word_1_510' title='bbox 3584 2977 3683 3032; x_wconf 88' lang='lat' dir='ltr'><strong>im-</strong></span> 
     </span>
    </p>
   </div>
   <div class='ocr_carea' id='block_1_61' title="bbox 2109 3073 3683 3156">
    <p class='ocr_par' dir='ltr' id='par_1_61' title="bbox 2109 3073 3683 3156">
     <span class='ocr_line' id='line_1_61' title="bbox 2109 3073 3683 3156; baseline -0.012 -15"><span class='ocrx_word' id='word_1_511' title='bbox 2109 3085 2317 3156; x_wconf 91' lang='lat' dir='ltr'><strong>perium</strong></span> <span class='ocrx_word' id='word_1_512' title='bbox 2346 3081 2477 3151; x_wconf 91' lang='lat' dir='ltr'><strong>legis</strong></span> <span class='ocrx_word' id='word_1_513' title='bbox 2506 3079 2727 3149; x_wconf 89' lang='lat' dir='ltr'><strong>implere</strong></span> <span class='ocrx_word' id='word_1_514' title='bbox 2755 3076 2933 3133; x_wconf 90' lang='lat' dir='ltr'><strong>omnia</strong></span> <span class='ocrx_word' id='word_1_515' title='bbox 2979 3073 3247 3129; x_wconf 89' lang='lat' dir='ltr'><strong>volumina</strong></span> <span class='ocrx_word' id='word_1_516' title='bbox 3278 3077 3598 3126; x_wconf 87' lang='lat' dir='ltr'><strong>tractatuum</strong></span> <span class='ocrx_word' id='word_1_517' title='bbox 3629 3076 3683 3124; x_wconf 89' lang='lat' dir='ltr'><strong>et</strong></span> 
     </span>
    </p>
   </div>
   <div class='ocr_carea' id='block_1_62' title="bbox 428 3161 3682 3244">
    <p class='ocr_par' dir='ltr' id='par_1_62' title="bbox 428 3161 3682 3244">
     <span class='ocr_line' id='line_1_62' title="bbox 428 3161 3682 3244; baseline -0.008 -5"><span class='ocrx_word' id='word_1_518' title='bbox 428 3180 500 3237; x_wconf 89' lang='lat' dir='ltr'><strong>ad</strong></span> <span class='ocrx_word' id='word_1_519' title='bbox 537 3195 602 3234; x_wconf 83' lang='lat' dir='ltr'><strong>ea</strong></span> <span class='ocrx_word' id='word_1_520' title='bbox 628 3179 754 3233; x_wconf 79' lang='lat' dir='ltr'><strong>volo</strong></span> <span class='ocrx_word' id='word_1_521' title='bbox 779 3177 906 3231; x_wconf 85' lang='lat' dir='ltr'><strong>mihi</strong></span> <span class='ocrx_word' id='word_1_522' title='bbox 932 3173 1274 3244; x_wconf 76' lang='lat' dir='ltr'><strong>respondeas.</strong></span> <span class='ocrx_word' id='word_1_523' title='bbox 1302 3171 1469 3236; x_wconf 84' lang='lat' dir='ltr'><strong>Unde,</strong></span> <span class='ocrx_word' id='word_1_524' title='bbox 1500 3170 1585 3224; x_wconf 84' lang='lat' dir='ltr'><strong>dic</strong></span> <span class='ocrx_word' id='word_1_525' title='bbox 1612 3170 1761 3232; x_wconf 83' lang='lat' dir='ltr'><strong>mihi,</strong></span> <span class='ocrx_word' id='word_1_526' title='bbox 1788 3168 1925 3239; x_wconf 81' lang='lat' dir='ltr'><strong>petis</strong></span> <span class='ocrx_word' id='word_1_527' title='bbox 1949 3177 2010 3224; x_wconf 92' lang='lat' dir='ltr'><strong>ut</strong></span> <span class='ocrx_word' id='word_1_528' title='bbox 2036 3161 2082 3226; x_wconf 84' lang='lat' dir='ltr'><strong>C</strong></span> <span class='ocrx_word' id='word_1_529' title='bbox 2112 3177 2370 3232; x_wconf 86' lang='lat' dir='ltr'><strong>librorum</strong></span> <span class='ocrx_word' id='word_1_530' title='bbox 2398 3172 2513 3241; x_wconf 86' lang='lat' dir='ltr'><strong>ejus</strong></span> <span class='ocrx_word' id='word_1_531' title='bbox 2541 3177 2806 3224; x_wconf 88' lang='lat' dir='ltr'><strong>testantur</strong></span> <span class='ocrx_word' id='word_1_532' title='bbox 2851 3167 3066 3236; x_wconf 90' lang='lat' dir='ltr'><strong>scripta.</strong></span> <span class='ocrx_word' id='word_1_533' title='bbox 3102 3195 3173 3206; x_wconf 93' lang='lat'><strong>—</strong></span> <span class='ocrx_word' id='word_1_534' title='bbox 3200 3162 3466 3218; x_wconf 82' lang='lat' dir='ltr'><strong>Arnobius</strong></span> <span class='ocrx_word' id='word_1_535' title='bbox 3504 3161 3638 3214; x_wconf 79' lang='lat' dir='ltr'><strong>dixit</strong></span> <span class='ocrx_word' id='word_1_536' title='bbox 3670 3178 3682 3213; x_wconf 91' lang='lat'>:</span> 
     </span>
    </p>
   </div>
   <div class='ocr_carea' id='block_1_63' title="bbox 428 3260 2010 3333">
    <p class='ocr_par' dir='ltr' id='par_1_63' title="bbox 428 3260 2010 3333">
     <span class='ocr_line' id='line_1_63' title="bbox 428 3260 2010 3333; baseline -0.009 -5"><span class='ocrx_word' id='word_1_537' title='bbox 428 3272 510 3328; x_wconf 86' lang='lat' dir='ltr'><strong>tui</strong></span> <span class='ocrx_word' id='word_1_538' title='bbox 528 3271 850 3328; x_wconf 86' lang='lat' dir='ltr'><strong>misereatur</strong></span> <span class='ocrx_word' id='word_1_539' title='bbox 877 3267 1056 3321; x_wconf 88' lang='lat' dir='ltr'><strong>Deus?</strong></span> <span class='ocrx_word' id='word_1_540' title='bbox 1083 3296 1155 3308; x_wconf 93' lang='lat'><strong>——</strong></span> <span class='ocrx_word' id='word_1_541' title='bbox 1180 3262 1437 3333; x_wconf 89' lang='lat' dir='ltr'><strong>Serapion</strong></span> <span class='ocrx_word' id='word_1_542' title='bbox 1463 3261 1597 3317; x_wconf 85' lang='lat' dir='ltr'><strong>dixit</strong></span> <span class='ocrx_word' id='word_1_543' title='bbox 1629 3280 1639 3313; x_wconf 95' lang='lat'>:</span> <span class='ocrx_word' id='word_1_544' title='bbox 1675 3261 1857 3324; x_wconf 88' lang='lat' dir='ltr'><strong>Plane,</strong></span> <span class='ocrx_word' id='word_1_545' title='bbox 1885 3260 2010 3330; x_wconf 89' lang='lat' dir='ltr'><strong>quia</strong></span> 
     </span>
    </p>
   </div>
   <div class='ocr_carea' id='block_1_64' title="bbox 2116 3254 3683 3335">
    <p class='ocr_par' dir='ltr' id='par_1_64' title="bbox 2116 3254 3683 3335">
     <span class='ocr_line' id='line_1_64' title="bbox 2116 3254 3683 3335; baseline -0.01 -13"><span class='ocrx_word' id='word_1_546' title='bbox 2116 3268 2305 3335; x_wconf 78' lang='lat' dir='ltr'><strong>Tangit</strong></span> <span class='ocrx_word' id='word_1_547' title='bbox 2330 3281 2417 3320; x_wconf 91' lang='lat' dir='ltr'><strong>me</strong></span> <span class='ocrx_word' id='word_1_548' title='bbox 2445 3265 2519 3318; x_wconf 90' lang='lat' dir='ltr'><strong>ita</strong></span> <span class='ocrx_word' id='word_1_549' title='bbox 2547 3263 2684 3319; x_wconf 87' lang='lat' dir='ltr'><strong>sicut</strong></span> <span class='ocrx_word' id='word_1_550' title='bbox 2712 3268 2836 3316; x_wconf 92' lang='lat' dir='ltr'><strong>sunt</strong></span> <span class='ocrx_word' id='word_1_551' title='bbox 2864 3261 2999 3314; x_wconf 88' lang='lat' dir='ltr'><strong>mira</strong></span> <span class='ocrx_word' id='word_1_552' title='bbox 3029 3257 3144 3327; x_wconf 87' lang='lat' dir='ltr'><strong>ejus</strong></span> <span class='ocrx_word' id='word_1_553' title='bbox 3171 3256 3333 3311; x_wconf 86' lang='lat' dir='ltr'><strong>verba</strong></span> <span class='ocrx_word' id='word_1_554' title='bbox 3362 3255 3415 3309; x_wconf 90' lang='lat' dir='ltr'><strong>in</strong></span> <span class='ocrx_word' id='word_1_555' title='bbox 3451 3254 3683 3310; x_wconf 75' lang='lat' dir='ltr'><strong>mediam</strong></span> 
     </span>
    </p>
   </div>
   <div class='ocr_carea' id='block_1_65' title="bbox 427 3347 2904 3439">
    <p class='ocr_par' dir='ltr' id='par_1_65' title="bbox 427 3352 2903 3439">
     <span class='ocr_line' id='line_1_65' title="bbox 427 3352 2903 3439; baseline -0.01 -21"><span class='ocrx_word' id='word_1_556' title='bbox 427 3364 534 3419; x_wconf 85' lang='lat' dir='ltr'><strong>hoc</strong></span> <span class='ocrx_word' id='word_1_557' title='bbox 570 3359 810 3431; x_wconf 74' lang='lat' dir='ltr'><strong>Quotidie</strong></span> <span class='ocrx_word' id='word_1_558' title='bbox 843 3358 1012 3413; x_wconf 91' lang='lat' dir='ltr'><strong>Deum</strong></span> <span class='ocrx_word' id='word_1_559' title='bbox 1051 3372 1243 3439; x_wconf 88' lang='lat' dir='ltr'><strong>precor</strong></span> <span class='ocrx_word' id='word_1_560' title='bbox 1270 3363 1324 3409; x_wconf 91' lang='lat' dir='ltr'><strong>et</strong></span> <span class='ocrx_word' id='word_1_561' title='bbox 1374 3355 1618 3410; x_wconf 88' lang='lat' dir='ltr'><strong>obsecro.</strong></span> <span class='ocrx_word' id='word_1_562' title='bbox 1649 3386 1719 3394; x_wconf 91' lang='lat'><strong>—</strong></span> <span class='ocrx_word' id='word_1_563' title='bbox 1746 3352 2012 3423; x_wconf 81' lang='lat' dir='ltr'><strong>Arnobius</strong></span> <span class='ocrx_word' id='word_1_564' title='bbox 2113 3360 2374 3432; x_wconf 51' lang='lat' dir='ltr'><strong>proferre,</strong></span> <span class='ocrx_word' id='word_1_565' title='bbox 2403 3365 2458 3413; x_wconf 65' lang='grc' dir='ltr'><strong>ει</strong></span> <span class='ocrx_word' id='word_1_566' title='bbox 2483 3357 2712 3428; x_wconf 63' lang='lat' dir='ltr'><strong>probare</strong></span> <span class='ocrx_word' id='word_1_567' title='bbox 2739 3359 2903 3424; x_wconf 71' lang='lat' dir='ltr'><strong>quam</strong></span> 
     </span>
    </p>
   </div>
   <div class='ocr_carea' id='block_1_66' title="bbox 2119 3347 3688 3439">
    <p class='ocr_par' dir='ltr' id='par_1_66' title="bbox 2119 3347 3688 3432">
     <span class='ocr_line' id='line_1_66' title="bbox 2119 3347 3688 3432; baseline -0.012 -15"><span class='ocrx_word' id='word_1_568' title='bbox 2119 3360 2374 3432; x_wconf 87' lang='lat' dir='ltr'><strong>proferre,</strong></span> <span class='ocrx_word' id='word_1_569' title='bbox 2403 3365 2458 3413; x_wconf 91' lang='lat' dir='ltr'><strong>et</strong></span> <span class='ocrx_word' id='word_1_570' title='bbox 2483 3357 2712 3428; x_wconf 89' lang='lat' dir='ltr'><strong>probare</strong></span> <span class='ocrx_word' id='word_1_571' title='bbox 2739 3359 2995 3424; x_wconf 90' lang='lat' dir='ltr'><strong>quantum</strong></span> <span class='ocrx_word' id='word_1_572' title='bbox 3016 3351 3146 3420; x_wconf 81' lang='lat' dir='ltr'><strong>legis</strong></span> <span class='ocrx_word' id='word_1_573' title='bbox 3168 3347 3408 3420; x_wconf 88' lang='lat' dir='ltr'><strong>imperio,</strong></span> <span class='ocrx_word' id='word_1_574' title='bbox 3431 3353 3688 3415; x_wconf 87' lang='lat' dir='ltr'><strong>quantum</strong></span> 
     </span>
    </p>
   </div>
   <div class='ocr_carea' id='block_1_67' title="bbox 431 3435 3691 3521">
    <p class='ocr_par' dir='ltr' id='par_1_67' title="bbox 431 3435 3691 3521">
     <span class='ocr_line' id='line_1_67' title="bbox 431 3435 3691 3521; baseline -0.011 3"><span class='ocrx_word' id='word_1_575' title='bbox 431 3454 596 3510; x_wconf 70' lang='grc' dir='ltr'><strong>αίιίιε</strong></span> <span class='ocrx_word' id='word_1_576' title='bbox 626 3452 767 3521; x_wconf 72' lang='grc' dir='ltr'><strong>Ετεο</strong></span> <span class='ocrx_word' id='word_1_577' title='bbox 793 3451 1048 3506; x_wconf 68' lang='lat' dir='ltr'><strong>miserum</strong></span> <span class='ocrx_word' id='word_1_578' title='bbox 1076 3435 1142 3503; x_wconf 27' lang='grc' dir='ltr'><strong>’ῑθ</strong></span> <span class='ocrx_word' id='word_1_579' title='bbox 1183 3447 1461 3511; x_wconf 56' lang='lat' dir='ltr'><strong>conﬁtere,</strong></span> <span class='ocrx_word' id='word_1_580' title='bbox 1487 3455 1542 3500; x_wconf 79' lang='grc' dir='ltr'><strong>ιιι</strong></span> <span class='ocrx_word' id='word_1_581' title='bbox 1588 3444 2012 3499; x_wconf 72' lang='lat' dir='ltr'><strong>misericordiam</strong></span> <span class='ocrx_word' id='word_1_582' title='bbox 2116 3452 2284 3506; x_wconf 87' lang='lat' dir='ltr'><strong>libero</strong></span> <span class='ocrx_word' id='word_1_583' title='bbox 2314 3448 2638 3504; x_wconf 90' lang='lat' dir='ltr'><strong>concedatur</strong></span> <span class='ocrx_word' id='word_1_584' title='bbox 2667 3444 2906 3499; x_wconf 88' lang='lat' dir='ltr'><strong>arbitrio.</strong></span> <span class='ocrx_word' id='word_1_585' title='bbox 2931 3475 3004 3486; x_wconf 88' lang='lat'><strong>—</strong></span> <span class='ocrx_word' id='word_1_586' title='bbox 3022 3440 3280 3509; x_wconf 88' lang='lat' dir='ltr'><strong>Serapion</strong></span> <span class='ocrx_word' id='word_1_587' title='bbox 3308 3437 3442 3492; x_wconf 87' lang='lat' dir='ltr'><strong>dixit</strong></span> <span class='ocrx_word' id='word_1_588' title='bbox 3466 3453 3478 3487; x_wconf 89' lang='lat'>:</span> <span class='ocrx_word' id='word_1_589' title='bbox 3503 3435 3691 3489; x_wconf 90' lang='lat' dir='ltr'><strong>Testor</strong></span> 
     </span>
    </p>
   </div>
   <div class='ocr_carea' id='block_1_68' title="bbox 433 3524 3692 3614">
    <p class='ocr_par' dir='ltr' id='par_1_68' title="bbox 433 3524 3692 3614">
     <span class='ocr_line' id='line_1_68' title="bbox 433 3524 3692 3614; baseline -0.009 -8"><span class='ocrx_word' id='word_1_590' title='bbox 433 3543 808 3614; x_wconf 76' lang='lat' dir='ltr'><strong>consequaris;</strong></span> <span class='ocrx_word' id='word_1_591' title='bbox 839 3541 1091 3611; x_wconf 79' lang='lat' dir='ltr'><strong>adquam</strong></span> <span class='ocrx_word' id='word_1_592' title='bbox 1139 3554 1252 3594; x_wconf 85' lang='lat' dir='ltr'><strong>rem</strong></span> <span class='ocrx_word' id='word_1_593' title='bbox 1283 3537 1408 3592; x_wconf 84' lang='lat' dir='ltr'><strong>audi</strong></span> <span class='ocrx_word' id='word_1_594' title='bbox 1435 3536 1757 3591; x_wconf 79' lang='lat' dir='ltr'><strong>clamantem</strong></span> <span class='ocrx_word' id='word_1_595' title='bbox 1785 3533 2016 3602; x_wconf 82' lang='lat' dir='ltr'><strong>Aposlo-</strong></span> <span class='ocrx_word' id='word_1_596' title='bbox 2115 3539 2305 3603; x_wconf 90' lang='lat' dir='ltr'><strong>Deum,</strong></span> <span class='ocrx_word' id='word_1_597' title='bbox 2336 3537 2461 3606; x_wconf 86' lang='lat' dir='ltr'><strong>quia</strong></span> <span class='ocrx_word' id='word_1_598' title='bbox 2489 3533 2830 3590; x_wconf 87' lang='lat' dir='ltr'><strong>sollicitudini</strong></span> <span class='ocrx_word' id='word_1_599' title='bbox 2876 3545 3009 3584; x_wconf 69' lang='lat' dir='ltr'><strong>mea:</strong></span> <span class='ocrx_word' id='word_1_600' title='bbox 3055 3529 3299 3583; x_wconf 80' lang='lat' dir='ltr'><strong>univeisa</strong></span> <span class='ocrx_word' id='word_1_601' title='bbox 3346 3524 3692 3590; x_wconf 80' lang='lat' dir='ltr'><strong>ambiguitate</strong></span> 
     </span>
    </p>
   </div>
   <div class='ocr_carea' id='block_1_69' title="bbox 434 3625 2017 3703">
    <p class='ocr_par' dir='ltr' id='par_1_69' title="bbox 434 3625 2017 3703">
     <span class='ocr_line' id='line_1_69' title="bbox 434 3625 2017 3703; baseline -0.009 -11"><span class='ocrx_word' id='word_1_602' title='bbox 434 3637 542 3692; x_wconf 88' lang='lat' dir='ltr'><strong>lum</strong></span> <span class='ocrx_word' id='word_1_603' title='bbox 586 3653 598 3688; x_wconf 92' lang='lat'>:</span> <span class='ocrx_word' id='word_1_604' title='bbox 649 3631 812 3688; x_wconf 76' lang='lat' dir='ltr'><strong>Miser</strong></span> <span class='ocrx_word' id='word_1_605' title='bbox 857 3649 950 3703; x_wconf 89' lang='lat' dir='ltr'><strong>ego</strong></span> <span class='ocrx_word' id='word_1_606' title='bbox 978 3632 1148 3694; x_wconf 90' lang='lat' dir='ltr'><strong>homo,</strong></span> <span class='ocrx_word' id='word_1_607' title='bbox 1191 3632 1303 3701; x_wconf 87' lang='lat' dir='ltr'><strong>quis</strong></span> <span class='ocrx_word' id='word_1_608' title='bbox 1331 3645 1412 3695; x_wconf 80' lang='lat' dir='ltr'><strong>me</strong></span> <span class='ocrx_word' id='word_1_609' title='bbox 1440 3625 1674 3681; x_wconf 80' lang='lat' dir='ltr'><strong>liberabit</strong></span> <span class='ocrx_word' id='word_1_610' title='bbox 1723 3625 1786 3678; x_wconf 83' lang='lat' dir='ltr'><strong>de</strong></span> <span class='ocrx_word' id='word_1_611' title='bbox 1808 3642 2017 3695; x_wconf 88' lang='lat' dir='ltr'><strong>corpore</strong></span> 
     </span>
    </p>
   </div>
   <div class='ocr_carea' id='block_1_70' title="bbox 437 3717 2018 3796">
    <p class='ocr_par' dir='ltr' id='par_1_70' title="bbox 437 3717 2018 3796">
     <span class='ocr_line' id='line_1_70' title="bbox 437 3717 2018 3796; baseline -0.009 -15"><span class='ocrx_word' id='word_1_612' title='bbox 437 3728 610 3781; x_wconf 76' lang='lat' dir='ltr'><strong>mortis</strong></span> <span class='ocrx_word' id='word_1_613' title='bbox 631 3725 821 3796; x_wconf 79' lang='lat' dir='ltr'><strong>hujus?</strong></span> <span class='ocrx_word' id='word_1_614' title='bbox 841 3723 1024 3782; x_wconf 81' lang='lat' dir='ltr'><strong>Gratia</strong></span> <span class='ocrx_word' id='word_1_615' title='bbox 1045 3721 1142 3776; x_wconf 88' lang='lat' dir='ltr'><strong>Dei</strong></span> <span class='ocrx_word' id='word_1_616' title='bbox 1164 3738 1254 3792; x_wconf 87' lang='lat' dir='ltr'><strong>per</strong></span> <span class='ocrx_word' id='word_1_617' title='bbox 1264 3720 1294 3774; x_wconf 80' lang='lat' dir='ltr'><strong><em>J</em></strong></span> <span class='ocrx_word' id='word_1_618' title='bbox 1301 3736 1441 3774; x_wconf 87' lang='lat' dir='ltr'><strong>esum</strong></span> <span class='ocrx_word' id='word_1_619' title='bbox 1462 3718 1719 3772; x_wconf 80' lang='lat' dir='ltr'><strong>Christum</strong></span> <span class='ocrx_word' id='word_1_620' title='bbox 1742 3717 2018 3770; x_wconf 85' lang='lat' dir='ltr'><strong>Dominum</strong></span> 
     </span>
    </p>
   </div>
   <div class='ocr_carea' id='block_1_71' title="bbox 438 3809 2021 3888">
    <p class='ocr_par' dir='ltr' id='par_1_71' title="bbox 438 3809 2021 3888">
     <span class='ocr_line' id='line_1_71' title="bbox 438 3809 2021 3888; baseline -0.009 -14"><span class='ocrx_word' id='word_1_621' title='bbox 438 3827 666 3874; x_wconf 83' lang='lat' dir='ltr'><strong>nostrum</strong></span> <span class='ocrx_word' id='word_1_622' title='bbox 689 3817 708 3888; x_wconf 94' lang='lat'>(</span> <span class='ocrx_word' id='word_1_623' title='bbox 732 3816 881 3870; x_wconf 85' lang='lat' dir='ltr'><strong>Rom.</strong></span> <span class='ocrx_word' id='word_1_624' title='bbox 910 3831 1004 3878; x_wconf 86' lang='lat' dir='ltr'><strong>vn,</strong></span> <span class='ocrx_word' id='word_1_625' title='bbox 1050 3812 1119 3866; x_wconf 58' lang='grc' dir='ltr'><strong><em>Ἃ</em></strong></span> <span class='ocrx_word' id='word_1_626' title='bbox 1144 3813 1181 3880; x_wconf 91' lang='grc'><strong>).</strong></span> <span class='ocrx_word' id='word_1_627' title='bbox 1215 3810 1424 3878; x_wconf 86' lang='lat' dir='ltr'><strong>Collige</strong></span> <span class='ocrx_word' id='word_1_628' title='bbox 1478 3823 1606 3877; x_wconf 88' lang='lat' dir='ltr'><strong>ergo</strong></span> <span class='ocrx_word' id='word_1_629' title='bbox 1651 3809 1935 3871; x_wconf 88' lang='lat' dir='ltr'><strong>rationem,</strong></span> <span class='ocrx_word' id='word_1_630' title='bbox 1967 3814 2021 3860; x_wconf 90' lang='lat' dir='ltr'><strong>et</strong></span> 
     </span>
    </p>
   </div>
   <div class='ocr_carea' id='block_1_72' title="bbox 440 3901 2021 3979">
    <p class='ocr_par' dir='ltr' id='par_1_72' title="bbox 440 3901 2021 3979">
     <span class='ocr_line' id='line_1_72' title="bbox 440 3901 2021 3979; baseline -0.008 -14"><span class='ocrx_word' id='word_1_631' title='bbox 440 3910 559 3965; x_wconf 88' lang='lat' dir='ltr'><strong>vide</strong></span> <span class='ocrx_word' id='word_1_632' title='bbox 585 3911 710 3979; x_wconf 86' lang='lat' dir='ltr'><strong>quia</strong></span> <span class='ocrx_word' id='word_1_633' title='bbox 731 3908 777 3963; x_wconf 86' lang='lat' dir='ltr'><strong>si</strong></span> <span class='ocrx_word' id='word_1_634' title='bbox 797 3913 951 3977; x_wconf 89' lang='lat' dir='ltr'><strong>potes</strong></span> <span class='ocrx_word' id='word_1_635' title='bbox 970 3905 1088 3960; x_wconf 91' lang='lat' dir='ltr'><strong>sine</strong></span> <span class='ocrx_word' id='word_1_636' title='bbox 1116 3911 1339 3974; x_wconf 87' lang='lat' dir='ltr'><strong>peccato</strong></span> <span class='ocrx_word' id='word_1_637' title='bbox 1369 3917 1487 3956; x_wconf 88' lang='lat' dir='ltr'><strong>esse</strong></span> <span class='ocrx_word' id='word_1_638' title='bbox 1506 3942 1519 3966; x_wconf 95' lang='lat'><strong>,</strong></span> <span class='ocrx_word' id='word_1_639' title='bbox 1546 3901 1800 3955; x_wconf 85' lang='lat' dir='ltr'><strong>miserum</strong></span> <span class='ocrx_word' id='word_1_640' title='bbox 1823 3908 1875 3953; x_wconf 90' lang='lat' dir='ltr'><strong>te</strong></span> <span class='ocrx_word' id='word_1_641' title='bbox 1903 3912 2021 3953; x_wconf 85' lang='lat' dir='ltr'><strong>esse</strong></span> 
     </span>
    </p>
   </div>
   <div class='ocr_carea' id='block_1_73' title="bbox 445 3987 2022 4067">
    <p class='ocr_par' dir='ltr' id='par_1_73' title="bbox 445 3987 2022 4067">
     <span class='ocr_line' id='line_1_73' title="bbox 445 3987 2022 4067; baseline -0.01 -11"><span class='ocrx_word' id='word_1_642' title='bbox 445 3997 691 4056; x_wconf 80' lang='lat' dir='ltr'><strong>confiteri</strong></span> <span class='ocrx_word' id='word_1_643' title='bbox 716 4014 820 4052; x_wconf 91' lang='lat' dir='ltr'><strong>non</strong></span> <span class='ocrx_word' id='word_1_644' title='bbox 848 3995 1054 4067; x_wconf 88' lang='lat' dir='ltr'><strong>poteris</strong></span> <span class='ocrx_word' id='word_1_645' title='bbox 1071 4034 1087 4061; x_wconf 96' lang='lat'><strong>,</strong></span> <span class='ocrx_word' id='word_1_646' title='bbox 1118 4001 1172 4049; x_wconf 90' lang='lat' dir='ltr'><strong>et</strong></span> <span class='ocrx_word' id='word_1_647' title='bbox 1199 4009 1318 4048; x_wconf 91' lang='lat' dir='ltr'><strong>cum</strong></span> <span class='ocrx_word' id='word_1_648' title='bbox 1347 3993 1601 4060; x_wconf 79' lang='lat' dir='ltr'><strong>miserum</strong></span> <span class='ocrx_word' id='word_1_649' title='bbox 1629 4001 1683 4047; x_wconf 87' lang='lat' dir='ltr'><strong>te</strong></span> <span class='ocrx_word' id='word_1_650' title='bbox 1719 4007 1826 4046; x_wconf 93' lang='lat' dir='ltr'><strong>non</strong></span> <span class='ocrx_word' id='word_1_651' title='bbox 1854 3987 2022 4044; x_wconf 83' lang='lat' dir='ltr'><strong>conli-</strong></span> 
     </span>
    </p>
   </div>
   <div class='ocr_carea' id='block_1_74' title="bbox 446 4082 2024 4153">
    <p class='ocr_par' dir='ltr' id='par_1_74' title="bbox 446 4082 2024 4153">
     <span class='ocr_line' id='line_1_74' title="bbox 446 4082 2024 4153; baseline -0.006 -9"><span class='ocrx_word' id='word_1_652' title='bbox 446 4089 604 4153; x_wconf 88' lang='lat' dir='ltr'><strong>teris,</strong></span> <span class='ocrx_word' id='word_1_653' title='bbox 633 4103 664 4141; x_wconf 89' lang='lat' dir='ltr'><strong>a</strong></span> <span class='ocrx_word' id='word_1_654' title='bbox 691 4086 1054 4142; x_wconf 87' lang='lat' dir='ltr'><strong>misericordia</strong></span> <span class='ocrx_word' id='word_1_655' title='bbox 1099 4084 1195 4139; x_wconf 90' lang='lat' dir='ltr'><strong>Dei</strong></span> <span class='ocrx_word' id='word_1_656' title='bbox 1217 4092 1271 4138; x_wconf 87' lang='lat' dir='ltr'><strong>te</strong></span> <span class='ocrx_word' id='word_1_657' title='bbox 1298 4083 1599 4152; x_wconf 85' lang='lat' dir='ltr'><strong>suspendis.</strong></span> <span class='ocrx_word' id='word_1_658' title='bbox 1631 4082 1700 4136; x_wconf 87' lang='lat' dir='ltr'><strong>Et</strong></span> <span class='ocrx_word' id='word_1_659' title='bbox 1739 4089 1830 4136; x_wconf 87' lang='lat' dir='ltr'><strong>aut</strong></span> <span class='ocrx_word' id='word_1_660' title='bbox 1868 4090 2024 4150; x_wconf 90' lang='lat' dir='ltr'><strong>potes</strong></span> 
     </span>
    </p>
   </div>
   <div class='ocr_carea' id='block_1_75' title="bbox 447 4172 2027 4249">
    <p class='ocr_par' dir='ltr' id='par_1_75' title="bbox 447 4172 2027 4249">
     <span class='ocr_line' id='line_1_75' title="bbox 447 4172 2027 4249; baseline -0.006 -15"><span class='ocrx_word' id='word_1_661' title='bbox 447 4179 678 4249; x_wconf 88' lang='lat' dir='ltr'><strong>teipsum</strong></span> <span class='ocrx_word' id='word_1_662' title='bbox 708 4193 738 4231; x_wconf 92' lang='lat' dir='ltr'><strong>a</strong></span> <span class='ocrx_word' id='word_1_663' title='bbox 763 4185 980 4247; x_wconf 87' lang='lat' dir='ltr'><strong>peccato</strong></span> <span class='ocrx_word' id='word_1_664' title='bbox 1007 4177 1080 4230; x_wconf 90' lang='lat' dir='ltr'><strong>ita</strong></span> <span class='ocrx_word' id='word_1_665' title='bbox 1105 4173 1450 4244; x_wconf 89' lang='lat' dir='ltr'><strong>suspendere,</strong></span> <span class='ocrx_word' id='word_1_666' title='bbox 1467 4181 1574 4227; x_wconf 88' lang='lat' dir='ltr'><strong>uta</strong></span> <span class='ocrx_word' id='word_1_667' title='bbox 1595 4172 1877 4242; x_wconf 88' lang='lat' dir='ltr'><strong>prohibitis</strong></span> <span class='ocrx_word' id='word_1_668' title='bbox 1901 4187 2027 4241; x_wconf 87' lang='lat' dir='ltr'><strong>pos-</strong></span> 
     </span>
    </p>
   </div>
   <div class='ocr_carea' id='block_1_76' title="bbox 445 4262 2025 4330">
    <p class='ocr_par' dir='ltr' id='par_1_76' title="bbox 445 4262 2025 4330">
     <span class='ocr_line' id='line_1_76' title="bbox 445 4262 2025 4330; baseline -0.008 -2"><span class='ocrx_word' id='word_1_669' title='bbox 445 4272 522 4328; x_wconf 88' lang='lat' dir='ltr'><strong>sis</strong></span> <span class='ocrx_word' id='word_1_670' title='bbox 549 4269 751 4324; x_wconf 88' lang='lat' dir='ltr'><strong>viribus</strong></span> <span class='ocrx_word' id='word_1_671' title='bbox 781 4269 884 4323; x_wconf 89' lang='lat' dir='ltr'><strong>tuis</strong></span> <span class='ocrx_word' id='word_1_672' title='bbox 931 4269 1219 4330; x_wconf 88' lang='lat' dir='ltr'><strong>abstinere,</strong></span> <span class='ocrx_word' id='word_1_673' title='bbox 1249 4273 1304 4320; x_wconf 88' lang='lat' dir='ltr'><strong>et</strong></span> <span class='ocrx_word' id='word_1_674' title='bbox 1339 4264 1501 4319; x_wconf 89' lang='lat' dir='ltr'><strong>miser</strong></span> <span class='ocrx_word' id='word_1_675' title='bbox 1529 4279 1636 4318; x_wconf 90' lang='lat' dir='ltr'><strong>non</strong></span> <span class='ocrx_word' id='word_1_676' title='bbox 1686 4263 1777 4316; x_wconf 91' lang='lat' dir='ltr'><strong>sis.</strong></span> <span class='ocrx_word' id='word_1_677' title='bbox 1811 4262 1866 4316; x_wconf 93' lang='lat' dir='ltr'><strong>Si</strong></span> <span class='ocrx_word' id='word_1_678' title='bbox 1896 4276 2025 4315; x_wconf 90' lang='lat' dir='ltr'><strong>vero</strong></span> 
     </span>
    </p>
   </div>
   <div class='ocr_carea' id='block_1_77' title="bbox 445 4348 2024 4428">
    <p class='ocr_par' dir='ltr' id='par_1_77' title="bbox 445 4348 2024 4428">
     <span class='ocr_line' id='line_1_77' title="bbox 445 4348 2024 4428; baseline -0.008 -10"><span class='ocrx_word' id='word_1_679' title='bbox 445 4364 704 4418; x_wconf 88' lang='lat' dir='ltr'><strong>miserum</strong></span> <span class='ocrx_word' id='word_1_680' title='bbox 735 4368 788 4416; x_wconf 91' lang='lat' dir='ltr'><strong>te</strong></span> <span class='ocrx_word' id='word_1_681' title='bbox 826 4348 949 4428; x_wconf 87' lang='lat' dir='ltr'><strong>scis,</strong></span> <span class='ocrx_word' id='word_1_682' title='bbox 983 4369 1038 4415; x_wconf 91' lang='lat' dir='ltr'><strong>et</strong></span> <span class='ocrx_word' id='word_1_683' title='bbox 1084 4374 1192 4414; x_wconf 90' lang='lat' dir='ltr'><strong>non</strong></span> <span class='ocrx_word' id='word_1_684' title='bbox 1221 4358 1394 4428; x_wconf 88' lang='lat' dir='ltr'><strong>possis</strong></span> <span class='ocrx_word' id='word_1_685' title='bbox 1422 4356 1734 4425; x_wconf 89' lang='lat' dir='ltr'><strong>simpliciter</strong></span> <span class='ocrx_word' id='word_1_686' title='bbox 1761 4353 2024 4418; x_wconf 81' lang='lat' dir='ltr'><strong>conﬁteri,</strong></span> 
     </span>
    </p>
   </div>
   <div class='ocr_carea' id='block_1_78' title="bbox 447 4439 2029 4516">
    <p class='ocr_par' dir='ltr' id='par_1_78' title="bbox 447 4439 2029 4516">
     <span class='ocr_line' id='line_1_78' title="bbox 447 4439 2029 4516; baseline -0.008 -6"><span class='ocrx_word' id='word_1_687' title='bbox 447 4463 596 4510; x_wconf 88' lang='lat' dir='ltr'><strong>recte</strong></span> <span class='ocrx_word' id='word_1_688' title='bbox 625 4469 656 4509; x_wconf 88' lang='lat' dir='ltr'><strong>a</strong></span> <span class='ocrx_word' id='word_1_689' title='bbox 684 4453 797 4509; x_wconf 91' lang='lat' dir='ltr'><strong>Deo</strong></span> <span class='ocrx_word' id='word_1_690' title='bbox 832 4439 1257 4508; x_wconf 86' lang='lat' dir='ltr'><strong>misericordiam</strong></span> <span class='ocrx_word' id='word_1_691' title='bbox 1284 4447 1538 4516; x_wconf 84' lang='lat' dir='ltr'><strong>consequi</strong></span> <span class='ocrx_word' id='word_1_692' title='bbox 1567 4445 1787 4515; x_wconf 90' lang='lat' dir='ltr'><strong>poteris.</strong></span> <span class='ocrx_word' id='word_1_693' title='bbox 1812 4444 1946 4498; x_wconf 86' lang='lat' dir='ltr'><strong>Nam</strong></span> <span class='ocrx_word' id='word_1_694' title='bbox 1974 4453 2029 4499; x_wconf 89' lang='lat' dir='ltr'><strong>et</strong></span> 
     </span>
    </p>
   </div>
   <div class='ocr_carea' id='block_1_79' title="bbox 448 4509 3791 4612">
    <p class='ocr_par' dir='ltr' id='par_1_79' title="bbox 448 4509 3791 4612">
     <span class='ocr_line' id='line_1_79' title="bbox 448 4509 3791 4612; baseline -0.011 -13"><span class='ocrx_word' id='word_1_695' title='bbox 448 4545 496 4600; x_wconf 87' lang='lat' dir='ltr'><strong>si</strong></span> <span class='ocrx_word' id='word_1_696' title='bbox 523 4545 720 4599; x_wconf 84' lang='lat' dir='ltr'><strong>habere</strong></span> <span class='ocrx_word' id='word_1_697' title='bbox 743 4553 798 4598; x_wconf 89' lang='lat' dir='ltr'><strong>te</strong></span> <span class='ocrx_word' id='word_1_698' title='bbox 823 4542 1022 4612; x_wconf 88' lang='lat' dir='ltr'><strong>aliquid</strong></span> <span class='ocrx_word' id='word_1_699' title='bbox 1047 4540 1187 4596; x_wconf 87' lang='lat' dir='ltr'><strong>forte</strong></span> <span class='ocrx_word' id='word_1_700' title='bbox 1213 4509 1524 4595; x_wconf 72' lang='lat' dir='ltr'><strong>existimare</strong></span> <span class='ocrx_word' id='word_1_701' title='bbox 1551 4509 1752 4600; x_wconf 67' lang='lat' dir='ltr'><strong>valeas,</strong></span> <span class='ocrx_word' id='word_1_702' title='bbox 1783 4542 1839 4588; x_wconf 89' lang='lat' dir='ltr'><strong>et</strong></span> <span class='ocrx_word' id='word_1_703' title='bbox 1863 4534 2024 4590; x_wconf 84' lang='lat' dir='ltr'><strong>doce-</strong></span> <span class='ocrx_word' id='word_1_704' title='bbox 2047 4527 2102 4589; x_wconf 89' lang='lat' dir='ltr'><strong>D</strong></span> <span class='ocrx_word' id='word_1_705' title='bbox 2124 4509 2350 4602; x_wconf 80' lang='lat' dir='ltr'><strong>gratiam</strong></span> <span class='ocrx_word' id='word_1_706' title='bbox 2389 4541 2509 4583; x_wconf 87' lang='lat' dir='ltr'><strong>esse</strong></span> <span class='ocrx_word' id='word_1_707' title='bbox 2551 4528 2894 4595; x_wconf 85' lang='lat' dir='ltr'><strong>peccatorum</strong></span> <span class='ocrx_word' id='word_1_708' title='bbox 2918 4558 2932 4584; x_wconf 93' lang='lat'><strong>,</strong></span> <span class='ocrx_word' id='word_1_709' title='bbox 2980 4518 3091 4572; x_wconf 91' lang='lat' dir='ltr'><strong>sive</strong></span> <span class='ocrx_word' id='word_1_710' title='bbox 3134 4513 3357 4584; x_wconf 88' lang='lat' dir='ltr'><strong>gratiam</strong></span> <span class='ocrx_word' id='word_1_711' title='bbox 3409 4526 3526 4567; x_wconf 87' lang='lat' dir='ltr'><strong>esse</strong></span> <span class='ocrx_word' id='word_1_712' title='bbox 3573 4509 3705 4579; x_wconf 90' lang='lat' dir='ltr'><strong>legis</strong></span> <span class='ocrx_word' id='word_1_713' title='bbox 3778 4585 3791 4590; x_wconf 80' lang='lat'><strong><em>_</em></strong></span> 
     </span>
    </p>
   </div>
   <div class='ocr_carea' id='block_1_80' title="bbox 450 4627 2028 4707">
    <p class='ocr_par' dir='ltr' id='par_1_80' title="bbox 450 4627 2028 4707">
     <span class='ocr_line' id='line_1_80' title="bbox 450 4627 2028 4707; baseline -0.009 -12"><span class='ocrx_word' id='word_1_714' title='bbox 450 4653 530 4704; x_wconf 85' lang='lat' dir='ltr'><strong>re,</strong></span> <span class='ocrx_word' id='word_1_715' title='bbox 560 4637 754 4692; x_wconf 87' lang='lat' dir='ltr'><strong>clamat</strong></span> <span class='ocrx_word' id='word_1_716' title='bbox 797 4637 864 4692; x_wconf 85' lang='lat' dir='ltr'><strong>ad</strong></span> <span class='ocrx_word' id='word_1_717' title='bbox 905 4644 962 4692; x_wconf 89' lang='lat' dir='ltr'><strong>te</strong></span> <span class='ocrx_word' id='word_1_718' title='bbox 988 4635 1275 4707; x_wconf 85' lang='lat' dir='ltr'><strong>Apostolus</strong></span> <span class='ocrx_word' id='word_1_719' title='bbox 1305 4651 1318 4688; x_wconf 93' lang='lat'><strong>:</strong></span> <span class='ocrx_word' id='word_1_720' title='bbox 1350 4630 1487 4697; x_wconf 83' lang='lat' dir='ltr'><strong>Quid</strong></span> <span class='ocrx_word' id='word_1_721' title='bbox 1511 4632 1648 4685; x_wconf 85' lang='lat' dir='ltr'><strong>enim</strong></span> <span class='ocrx_word' id='word_1_722' title='bbox 1675 4627 1849 4695; x_wconf 86' lang='lat' dir='ltr'><strong>habes,</strong></span> <span class='ocrx_word' id='word_1_723' title='bbox 1892 4627 2028 4701; x_wconf 88' lang='lat' dir='ltr'><strong>quod</strong></span> 
     </span>
    </p>
   </div>
   <div class='ocr_carea' id='block_1_81' title="bbox 2118 3609 3693 3690">
    <p class='ocr_par' dir='ltr' id='par_1_81' title="bbox 2118 3609 3693 3690">
     <span class='ocr_line' id='line_1_81' title="bbox 2118 3609 3693 3690; baseline -0.013 -5"><span class='ocrx_word' id='word_1_724' title='bbox 2118 3629 2382 3690; x_wconf 83' lang='lat' dir='ltr'><strong>eliminas,</strong></span> <span class='ocrx_word' id='word_1_725' title='bbox 2413 3627 2457 3682; x_wconf 88' lang='lat' dir='ltr'><strong>si</strong></span> <span class='ocrx_word' id='word_1_726' title='bbox 2487 3626 2552 3678; x_wconf 87' lang='lat' dir='ltr'><strong>de</strong></span> <span class='ocrx_word' id='word_1_727' title='bbox 2580 3624 2663 3676; x_wconf 90' lang='lat' dir='ltr'><strong>his</strong></span> <span class='ocrx_word' id='word_1_728' title='bbox 2691 3622 2804 3688; x_wconf 87' lang='lat' dir='ltr'><strong>ejus</strong></span> <span class='ocrx_word' id='word_1_729' title='bbox 2832 3620 2961 3672; x_wconf 89' lang='lat' dir='ltr'><strong>mihi</strong></span> <span class='ocrx_word' id='word_1_730' title='bbox 2991 3617 3207 3671; x_wconf 81' lang='lat' dir='ltr'><strong>delinita</strong></span> <span class='ocrx_word' id='word_1_731' title='bbox 3235 3612 3474 3681; x_wconf 84' lang='lat' dir='ltr'><strong>proferas</strong></span> <span class='ocrx_word' id='word_1_732' title='bbox 3497 3649 3514 3674; x_wconf 91' lang='lat'><strong>,</strong></span> <span class='ocrx_word' id='word_1_733' title='bbox 3543 3619 3598 3663; x_wconf 90' lang='lat' dir='ltr'><strong>et</strong></span> <span class='ocrx_word' id='word_1_734' title='bbox 3625 3609 3693 3664; x_wconf 88' lang='lat' dir='ltr'><strong>de</strong></span> 
     </span>
    </p>
   </div>
   <div class='ocr_carea' id='block_1_82' title="bbox 2119 3696 3693 3780">
    <p class='ocr_par' dir='ltr' id='par_1_82' title="bbox 2119 3696 3693 3780">
     <span class='ocr_line' id='line_1_82' title="bbox 2119 3696 3693 3780; baseline -0.015 -8"><span class='ocrx_word' id='word_1_735' title='bbox 2119 3716 2366 3772; x_wconf 89' lang='lat' dir='ltr'><strong>omnibus</strong></span> <span class='ocrx_word' id='word_1_736' title='bbox 2393 3728 2513 3780; x_wconf 71' lang='lat' dir='ltr'><strong>qua:</strong></span> <span class='ocrx_word' id='word_1_737' title='bbox 2553 3716 2820 3762; x_wconf 87' lang='lat' dir='ltr'><strong>transacta</strong></span> <span class='ocrx_word' id='word_1_738' title='bbox 2861 3713 2985 3759; x_wconf 89' lang='lat' dir='ltr'><strong>sunt</strong></span> <span class='ocrx_word' id='word_1_739' title='bbox 3030 3701 3292 3756; x_wconf 87' lang='lat' dir='ltr'><strong>evidentia</strong></span> <span class='ocrx_word' id='word_1_740' title='bbox 3338 3698 3453 3766; x_wconf 89' lang='lat' dir='ltr'><strong>ejus</strong></span> <span class='ocrx_word' id='word_1_741' title='bbox 3501 3696 3693 3750; x_wconf 80' lang='lat' dir='ltr'><strong>all‘eras</strong></span> 
     </span>
    </p>
   </div>
   <div class='ocr_carea' id='block_1_83' title="bbox 2120 3788 3694 3861">
    <p class='ocr_par' dir='ltr' id='par_1_83' title="bbox 2120 3788 3694 3861">
     <span class='ocr_line' id='line_1_83' title="bbox 2120 3788 3694 3861; baseline -0.013 0"><span class='ocrx_word' id='word_1_742' title='bbox 2120 3807 2460 3861; x_wconf 89' lang='lat' dir='ltr'><strong>documenta.</strong></span> <span class='ocrx_word' id='word_1_743' title='bbox 2488 3800 2685 3854; x_wconf 86' lang='lat' dir='ltr'><strong>Fateor</strong></span> <span class='ocrx_word' id='word_1_744' title='bbox 2712 3795 2855 3850; x_wconf 90' lang='lat' dir='ltr'><strong>enim</strong></span> <span class='ocrx_word' id='word_1_745' title='bbox 2880 3809 2967 3849; x_wconf 89' lang='lat' dir='ltr'><strong>me</strong></span> <span class='ocrx_word' id='word_1_746' title='bbox 2990 3791 3105 3858; x_wconf 87' lang='lat' dir='ltr'><strong>ejus</strong></span> <span class='ocrx_word' id='word_1_747' title='bbox 3133 3789 3451 3844; x_wconf 87' lang='lat' dir='ltr'><strong>assertiones</strong></span> <span class='ocrx_word' id='word_1_748' title='bbox 3471 3788 3544 3842; x_wconf 89' lang='lat' dir='ltr'><strong>ita</strong></span> <span class='ocrx_word' id='word_1_749' title='bbox 3565 3803 3694 3858; x_wconf 89' lang='lat' dir='ltr'><strong>pro-</strong></span> 
     </span>
    </p>
   </div>
   <div class='ocr_carea' id='block_1_84' title="bbox 2121 3880 3692 3958">
    <p class='ocr_par' dir='ltr' id='par_1_84' title="bbox 2121 3880 3692 3958">
     <span class='ocr_line' id='line_1_84' title="bbox 2121 3880 3692 3958; baseline -0.013 -5"><span class='ocrx_word' id='word_1_750' title='bbox 2121 3898 2273 3953; x_wconf 89' lang='lat' dir='ltr'><strong>batas</strong></span> <span class='ocrx_word' id='word_1_751' title='bbox 2301 3895 2520 3956; x_wconf 87' lang='lat' dir='ltr'><strong>habere,</strong></span> <span class='ocrx_word' id='word_1_752' title='bbox 2546 3898 2605 3945; x_wconf 88' lang='lat' dir='ltr'><strong>ut</strong></span> <span class='ocrx_word' id='word_1_753' title='bbox 2632 3889 2866 3958; x_wconf 90' lang='lat' dir='ltr'><strong>seipsum</strong></span> <span class='ocrx_word' id='word_1_754' title='bbox 2895 3899 2990 3940; x_wconf 91' lang='lat' dir='ltr'><strong>ore</strong></span> <span class='ocrx_word' id='word_1_755' title='bbox 3007 3896 3104 3937; x_wconf 88' lang='lat' dir='ltr'><strong>suo</strong></span> <span class='ocrx_word' id='word_1_756' title='bbox 3126 3880 3431 3935; x_wconf 77' lang='lat' dir='ltr'><strong>haereticum</strong></span> <span class='ocrx_word' id='word_1_757' title='bbox 3458 3880 3692 3947; x_wconf 88' lang='lat' dir='ltr'><strong>detegat,</strong></span> 
     </span>
    </p>
   </div>
   <div class='ocr_carea' id='block_1_85' title="bbox 2123 3960 3697 4058">
    <p class='ocr_par' dir='ltr' id='par_1_85' title="bbox 2123 3960 3697 4058">
     <span class='ocr_line' id='line_1_85' title="bbox 2123 3960 3697 4058; baseline -0.015 -14"><span class='ocrx_word' id='word_1_758' title='bbox 2123 3989 2213 4058; x_wconf 91' lang='lat' dir='ltr'><strong>qui</strong></span> <span class='ocrx_word' id='word_1_759' title='bbox 2243 3985 2599 4056; x_wconf 87' lang='lat' dir='ltr'><strong>Augustinum</strong></span> <span class='ocrx_word' id='word_1_760' title='bbox 2627 3975 2894 4051; x_wconf 87' lang='lat' dir='ltr'><strong>putaverit</strong></span> <span class='ocrx_word' id='word_1_761' title='bbox 2921 3975 2973 4029; x_wconf 92' lang='lat' dir='ltr'><strong>in</strong></span> <span class='ocrx_word' id='word_1_762' title='bbox 3002 3973 3178 4041; x_wconf 88' lang='lat' dir='ltr'><strong>aliquo</strong></span> <span class='ocrx_word' id='word_1_763' title='bbox 3201 3960 3697 4040; x_wconf 84' lang='lat' dir='ltr'><strong>reprehendendum</strong></span> 
     </span>
    </p>
   </div>
   <div class='ocr_carea' id='block_1_86' title="bbox 2125 4059 3699 4149">
    <p class='ocr_par' dir='ltr' id='par_1_86' title="bbox 2125 4059 3699 4149">
     <span class='ocr_line' id='line_1_86' title="bbox 2125 4059 3699 4149; baseline -0.017 -13"><span class='ocrx_word' id='word_1_764' title='bbox 2125 4079 2358 4149; x_wconf 90' lang='lat' dir='ltr'><strong>eloquio.</strong></span> <span class='ocrx_word' id='word_1_765' title='bbox 2391 4107 2462 4119; x_wconf 88' lang='lat'><strong>-—</strong></span> <span class='ocrx_word' id='word_1_766' title='bbox 2487 4071 2754 4130; x_wconf 83' lang='lat' dir='ltr'><strong>Arnobius</strong></span> <span class='ocrx_word' id='word_1_767' title='bbox 2781 4067 2914 4122; x_wconf 87' lang='lat' dir='ltr'><strong>dixit</strong></span> <span class='ocrx_word' id='word_1_768' title='bbox 2946 4083 2958 4119; x_wconf 90' lang='lat'>:</span> <span class='ocrx_word' id='word_1_769' title='bbox 2991 4062 3108 4118; x_wconf 79' lang='lat' dir='ltr'><strong>Meo</strong></span> <span class='ocrx_word' id='word_1_770' title='bbox 3148 4076 3307 4118; x_wconf 88' lang='lat' dir='ltr'><strong>sensu</strong></span> <span class='ocrx_word' id='word_1_771' title='bbox 3355 4059 3561 4115; x_wconf 90' lang='lat' dir='ltr'><strong>locutus</strong></span> <span class='ocrx_word' id='word_1_772' title='bbox 3589 4073 3648 4111; x_wconf 84' lang='lat' dir='ltr'><strong>es</strong></span> <span class='ocrx_word' id='word_1_773' title='bbox 3681 4076 3699 4134; x_wconf 72' lang='grc' dir='ltr'><strong>ε¹</strong></span> 
     </span>
    </p>
   </div>
   <div class='ocr_carea' id='block_1_87' title="bbox 2126 4150 3699 4238">
    <p class='ocr_par' dir='ltr' id='par_1_87' title="bbox 2126 4150 3699 4238">
     <span class='ocr_line' id='line_1_87' title="bbox 2126 4150 3699 4238; baseline -0.016 -11"><span class='ocrx_word' id='word_1_774' title='bbox 2126 4189 2249 4227; x_wconf 88' lang='lat' dir='ltr'><strong>nam</strong></span> <span class='ocrx_word' id='word_1_775' title='bbox 2294 4187 2358 4226; x_wconf 89' lang='lat' dir='ltr'><strong>ea</strong></span> <span class='ocrx_word' id='word_1_776' title='bbox 2405 4185 2523 4238; x_wconf 65' lang='lat' dir='ltr'><strong>quae</strong></span> <span class='ocrx_word' id='word_1_777' title='bbox 2561 4165 2677 4235; x_wconf 90' lang='lat' dir='ltr'><strong>ejus</strong></span> <span class='ocrx_word' id='word_1_778' title='bbox 2718 4175 2860 4216; x_wconf 89' lang='lat' dir='ltr'><strong>nunc</strong></span> <span class='ocrx_word' id='word_1_779' title='bbox 2883 4157 3124 4229; x_wconf 90' lang='lat' dir='ltr'><strong>profero,</strong></span> <span class='ocrx_word' id='word_1_780' title='bbox 3157 4169 3220 4208; x_wconf 90' lang='lat' dir='ltr'><strong>ac</strong></span> <span class='ocrx_word' id='word_1_781' title='bbox 3254 4153 3300 4207; x_wconf 91' lang='lat' dir='ltr'><strong>si</strong></span> <span class='ocrx_word' id='word_1_782' title='bbox 3345 4150 3699 4207; x_wconf 88' lang='lat' dir='ltr'><strong>sacratissima</strong></span> 
     </span>
    </p>
   </div>
   <div class='ocr_carea' id='block_1_88' title="bbox 2127 4238 3696 4333">
    <p class='ocr_par' dir='ltr' id='par_1_88' title="bbox 2127 4238 3696 4333">
     <span class='ocr_line' id='line_1_88' title="bbox 2127 4238 3696 4333; baseline -0.018 -15"><span class='ocrx_word' id='word_1_783' title='bbox 2127 4261 2494 4333; x_wconf 85' lang='lat' dir='ltr'><strong>apostolorum</strong></span> <span class='ocrx_word' id='word_1_784' title='bbox 2524 4256 2720 4324; x_wconf 87' lang='lat' dir='ltr'><strong>scripta</strong></span> <span class='ocrx_word' id='word_1_785' title='bbox 2749 4251 2826 4305; x_wconf 88' lang='lat' dir='ltr'><strong>sic</strong></span> <span class='ocrx_word' id='word_1_786' title='bbox 2850 4245 3031 4310; x_wconf 89' lang='lat' dir='ltr'><strong>credo,</strong></span> <span class='ocrx_word' id='word_1_787' title='bbox 3063 4251 3118 4300; x_wconf 90' lang='lat' dir='ltr'><strong>et</strong></span> <span class='ocrx_word' id='word_1_788' title='bbox 3147 4252 3334 4307; x_wconf 90' lang='lat' dir='ltr'><strong>teneo,</strong></span> <span class='ocrx_word' id='word_1_789' title='bbox 3364 4248 3419 4295; x_wconf 90' lang='lat' dir='ltr'><strong>et</strong></span> <span class='ocrx_word' id='word_1_790' title='bbox 3445 4238 3696 4293; x_wconf 88' lang='lat' dir='ltr'><strong>defendo.</strong></span> 
     </span>
    </p>
   </div>
   <div class='ocr_carea' id='block_1_89' title="bbox 2128 4327 3703 4414">
    <p class='ocr_par' dir='ltr' id='par_1_89' title="bbox 2128 4327 3703 4414">
     <span class='ocr_line' id='line_1_89' title="bbox 2128 4327 3703 4414; baseline -0.017 -7"><span class='ocrx_word' id='word_1_791' title='bbox 2128 4327 2215 4408; x_wconf 75' lang='lat' dir='ltr'><strong>Ait</strong></span> <span class='ocrx_word' id='word_1_792' title='bbox 2255 4350 2398 4405; x_wconf 91' lang='lat' dir='ltr'><strong>enim</strong></span> <span class='ocrx_word' id='word_1_793' title='bbox 2441 4366 2452 4399; x_wconf 90' lang='lat'>:</span> <span class='ocrx_word' id='word_1_794' title='bbox 2493 4345 2770 4414; x_wconf 91' lang='lat' dir='ltr'><strong>lnquirens</strong></span> <span class='ocrx_word' id='word_1_795' title='bbox 2808 4339 2862 4394; x_wconf 91' lang='lat' dir='ltr'><strong>in</strong></span> <span class='ocrx_word' id='word_1_796' title='bbox 2889 4336 3081 4391; x_wconf 78' lang='lat' dir='ltr'><strong>divinis</strong></span> <span class='ocrx_word' id='word_1_797' title='bbox 3127 4331 3414 4401; x_wconf 90' lang='lat' dir='ltr'><strong>Scripturis</strong></span> <span class='ocrx_word' id='word_1_798' title='bbox 3459 4328 3586 4398; x_wconf 91' lang='lat' dir='ltr'><strong>quid</strong></span> <span class='ocrx_word' id='word_1_799' title='bbox 3633 4327 3703 4382; x_wconf 91' lang='lat' dir='ltr'><strong>sit</strong></span> 
     </span>
    </p>
   </div>
   <div class='ocr_carea' id='block_1_90' title="bbox 2128 4419 3701 4512">
    <p class='ocr_par' dir='ltr' id='par_1_90' title="bbox 2128 4419 3701 4512">
     <span class='ocr_line' id='line_1_90' title="bbox 2128 4419 3701 4512; baseline -0.017 -15"><span class='ocrx_word' id='word_1_800' title='bbox 2128 4441 2321 4512; x_wconf 87' lang='lat' dir='ltr'><strong>gratia,</strong></span> <span class='ocrx_word' id='word_1_801' title='bbox 2351 4447 2525 4493; x_wconf 89' lang='lat' dir='ltr'><strong>utrum</strong></span> <span class='ocrx_word' id='word_1_802' title='bbox 2573 4434 2798 4489; x_wconf 90' lang='lat' dir='ltr'><strong>liberum</strong></span> <span class='ocrx_word' id='word_1_803' title='bbox 2847 4426 3123 4484; x_wconf 88' lang='lat' dir='ltr'><strong>arbitrium</strong></span> <span class='ocrx_word' id='word_1_804' title='bbox 3170 4429 3312 4477; x_wconf 88' lang='lat' dir='ltr'><strong>esset</strong></span> <span class='ocrx_word' id='word_1_805' title='bbox 3355 4421 3555 4488; x_wconf 87' lang='lat' dir='ltr'><strong>gratia,</strong></span> <span class='ocrx_word' id='word_1_806' title='bbox 3586 4419 3701 4472; x_wconf 82' lang='lat' dir='ltr'><strong>sive</strong></span> 
     </span>
    </p>
   </div>
   <div class='ocr_carea' id='block_1_91' title="bbox 2131 4604 3706 4696">
    <p class='ocr_par' dir='ltr' id='par_1_91' title="bbox 2131 4604 3706 4696">
     <span class='ocr_line' id='line_1_91' title="bbox 2131 4604 3706 4696; baseline -0.015 -16"><span class='ocrx_word' id='word_1_807' title='bbox 2131 4629 2416 4696; x_wconf 68' lang='lat' dir='ltr'><strong>praecepta,</strong></span> <span class='ocrx_word' id='word_1_808' title='bbox 2449 4627 2504 4674; x_wconf 91' lang='lat' dir='ltr'><strong>et</strong></span> <span class='ocrx_word' id='word_1_809' title='bbox 2531 4616 2661 4673; x_wconf 88' lang='lat' dir='ltr'><strong>nihil</strong></span> <span class='ocrx_word' id='word_1_810' title='bbox 2702 4629 2889 4670; x_wconf 90' lang='lat' dir='ltr'><strong>eorum</strong></span> <span class='ocrx_word' id='word_1_811' title='bbox 2929 4607 3155 4680; x_wconf 87' lang='lat' dir='ltr'><strong>cognovi</strong></span> <span class='ocrx_word' id='word_1_812' title='bbox 3193 4621 3312 4676; x_wconf 61' lang='lat' dir='ltr'><strong>quae</strong></span> <span class='ocrx_word' id='word_1_813' title='bbox 3338 4621 3436 4677; x_wconf 90' lang='lat' dir='ltr'><strong>per</strong></span> <span class='ocrx_word' id='word_1_814' title='bbox 3480 4604 3706 4661; x_wconf 88' lang='lat' dir='ltr'><strong>admini-</strong></span> 
     </span>
    </p>
   </div>
   <div class='ocr_carea' id='block_1_92' title="bbox 1609 4723 2504 4796">
    <p class='ocr_par' dir='ltr' id='par_1_92' title="bbox 1609 4723 2504 4796">
     <span class='ocr_line' id='line_1_92' title="bbox 1609 4723 2504 4796; baseline -0.015 -1"><span class='ocrx_word' id='word_1_815' title='bbox 1609 4741 1718 4795; x_wconf 80' lang='lat' dir='ltr'><strong>rn.</strong></span> <span class='ocrx_word' id='word_1_816' title='bbox 1760 4723 2240 4796; x_wconf 83' lang='lat' dir='ltr'><strong>FEU—ARDENTII</strong></span> <span class='ocrx_word' id='word_1_817' title='bbox 2277 4728 2504 4786; x_wconf 59' lang='lat' dir='ltr'><strong>norm.</strong></span> 
     </span>
    </p>
   </div>
   <div class='ocr_carea' id='block_1_93' title="bbox 449 4831 2029 4924">
    <p class='ocr_par' dir='ltr' id='par_1_93' title="bbox 449 4831 2029 4924">
     <span class='ocr_line' id='line_1_93' title="bbox 449 4831 2029 4924; baseline -0.006 -29"><span class='ocrx_word' id='word_1_818' title='bbox 449 4845 650 4924; x_wconf 51' lang='grc' dir='ltr'><strong>[ηιξκιε</strong></span> <span class='ocrx_word' id='word_1_819' title='bbox 673 4838 926 4894; x_wconf 78' lang='lat' dir='ltr'><strong>Dominus</strong></span> <span class='ocrx_word' id='word_1_820' title='bbox 944 4840 1140 4893; x_wconf 63' lang='lat' dir='ltr'><strong>dixisse</strong></span> <span class='ocrx_word' id='word_1_821' title='bbox 1162 4836 1422 4892; x_wconf 75' lang='lat' dir='ltr'><strong>rideretur</strong></span> <span class='ocrx_word' id='word_1_822' title='bbox 1453 4849 1469 4887; x_wconf 93' lang='lat'><strong><em>:</em></strong></span> <span class='ocrx_word' id='word_1_823' title='bbox 1498 4832 1626 4889; x_wconf 85' lang='lat' dir='ltr'><strong>Sine</strong></span> <span class='ocrx_word' id='word_1_824' title='bbox 1651 4849 1734 4887; x_wconf 88' lang='lat' dir='ltr'><strong>me</strong></span> <span class='ocrx_word' id='word_1_825' title='bbox 1770 4831 1900 4886; x_wconf 84' lang='lat' dir='ltr'><strong>nihil</strong></span> <span class='ocrx_word' id='word_1_826' title='bbox 1937 4847 2029 4901; x_wconf 88' lang='lat' dir='ltr'><strong>po-</strong></span> 
     </span>
    </p>
   </div>
   <div class='ocr_carea' id='block_1_94' title="bbox 449 4913 2031 5061">
    <p class='ocr_par' dir='ltr' id='par_1_94' title="bbox 449 4913 2031 5061">
     <span class='ocr_line' id='line_1_94' title="bbox 449 4913 812 4981; baseline -0.011 -15"><span class='ocrx_word' id='word_1_827' title='bbox 449 4913 593 4966; x_wconf 86' lang='lat' dir='ltr'><strong>testis</strong></span> <span class='ocrx_word' id='word_1_828' title='bbox 623 4913 812 4981; x_wconf 80' lang='lat' dir='ltr'><strong>facere.</strong></span> 
     </span>
     <span class='ocr_line' id='line_1_95' title="bbox 524 4967 2031 5061; baseline 0 0"><span class='ocrx_word' id='word_1_829' title='bbox 524 4990 551 5061; x_wconf 68' lang='lat'><strong>1&#39;</strong></span> <span class='ocrx_word' id='word_1_830' title='bbox 587 4979 837 5061; x_wconf 56' lang='grc' dir='ltr'><strong>ιξοριεέςι</strong></span> <span class='ocrx_word' id='word_1_831' title='bbox 857 4986 1007 5033; x_wconf 63' lang='lat' dir='ltr'><strong>recte</strong></span> <span class='ocrx_word' id='word_1_832' title='bbox 1033 4977 1230 5061; x_wconf 52' lang='lat' dir='ltr'><strong>dahae</strong></span> <span class='ocrx_word' id='word_1_833' title='bbox 1264 4989 1343 5061; x_wconf 70' lang='lat' dir='ltr'><strong>re.</strong></span> <span class='ocrx_word' id='word_1_834' title='bbox 1365 4967 2031 5061; x_wconf 52' lang='lat' dir='ltr'><strong>mf‘Pﬁi‘éPSPFEﬁJf‘EE‘</strong></span> 
     </span>
    </p>
   </div>
   <div class='ocr_carea' id='block_1_95' title="bbox 451 5043 2029 5108">
    <p class='ocr_par' dir='ltr' id='par_1_95' title="bbox 451 5043 2029 5108">
     <span class='ocr_line' id='line_1_96' title="bbox 451 5043 2029 5108; baseline -0.009 -5"><span class='ocrx_word' id='word_1_835' title='bbox 451 5057 572 5103; x_wconf 84' lang='lat' dir='ltr'><strong>cato</strong></span> <span class='ocrx_word' id='word_1_836' title='bbox 595 5048 723 5102; x_wconf 78' lang='lat' dir='ltr'><strong>Adte</strong></span> <span class='ocrx_word' id='word_1_837' title='bbox 750 5047 965 5102; x_wconf 85' lang='lat' dir='ltr'><strong>liberum</strong></span> <span class='ocrx_word' id='word_1_838' title='bbox 999 5046 1270 5101; x_wconf 82' lang='lat' dir='ltr'><strong>arbitrium</strong></span> <span class='ocrx_word' id='word_1_839' title='bbox 1308 5045 1372 5097; x_wconf 85' lang='lat' dir='ltr'><strong>de</strong></span> <span class='ocrx_word' id='word_1_840' title='bbox 1409 5043 1671 5097; x_wconf 84' lang='lat' dir='ltr'><strong>hominum</strong></span> <span class='ocrx_word' id='word_1_841' title='bbox 1702 5051 1892 5094; x_wconf 85' lang='lat' dir='ltr'><strong>natura</strong></span> <span class='ocrx_word' id='word_1_842' title='bbox 1915 5054 2029 5108; x_wconf 81' lang='lat' dir='ltr'><strong>per-</strong></span> 
     </span>
    </p>
   </div>
   <div class='ocr_carea' id='block_1_96' title="bbox 454 5107 2032 5181">
    <p class='ocr_par' dir='ltr' id='par_1_96' title="bbox 454 5107 2032 5181">
     <span class='ocr_line' id='line_1_97' title="bbox 454 5107 2032 5181; baseline -0.01 -9"><span class='ocrx_word' id='word_1_843' title='bbox 454 5120 580 5172; x_wconf 82' lang='lat' dir='ltr'><strong>iisse</strong></span> <span class='ocrx_word' id='word_1_844' title='bbox 600 5132 700 5169; x_wconf 84' lang='lat' dir='ltr'><strong>non</strong></span> <span class='ocrx_word' id='word_1_845' title='bbox 729 5118 964 5181; x_wconf 83' lang='lat' dir='ltr'><strong>dicimus,</strong></span> <span class='ocrx_word' id='word_1_846' title='bbox 987 5117 1077 5170; x_wconf 88' lang='lat' dir='ltr'><strong>sed</strong></span> <span class='ocrx_word' id='word_1_847' title='bbox 1103 5115 1173 5169; x_wconf 88' lang='lat' dir='ltr'><strong>ad</strong></span> <span class='ocrx_word' id='word_1_848' title='bbox 1200 5113 1512 5181; x_wconf 85' lang='lat' dir='ltr'><strong>peccandum</strong></span> <span class='ocrx_word' id='word_1_849' title='bbox 1537 5112 1707 5166; x_wconf 81' lang='lat' dir='ltr'><strong>ualere</strong></span> <span class='ocrx_word' id='word_1_850' title='bbox 1737 5112 1792 5163; x_wconf 90' lang='lat' dir='ltr'><strong>in</strong></span> <span class='ocrx_word' id='word_1_851' title='bbox 1814 5107 2032 5181; x_wconf 83' lang='lat' dir='ltr'><strong>homini-</strong></span> 
     </span>
    </p>
   </div>
   <div class='ocr_carea' id='block_1_97' title="bbox 455 5177 2032 5251">
    <p class='ocr_par' dir='ltr' id='par_1_97' title="bbox 455 5177 2032 5251">
     <span class='ocr_line' id='line_1_98' title="bbox 455 5177 2032 5251; baseline -0.003 -12"><span class='ocrx_word' id='word_1_852' title='bbox 455 5186 553 5239; x_wconf 82' lang='lat' dir='ltr'><strong>bus</strong></span> <span class='ocrx_word' id='word_1_853' title='bbox 581 5185 790 5241; x_wconf 81' lang='lat' dir='ltr'><strong>subditis</strong></span> <span class='ocrx_word' id='word_1_854' title='bbox 821 5177 1047 5240; x_wconf 78' lang='lat' dir='ltr'><strong>diabolo.</strong></span> <span class='ocrx_word' id='word_1_855' title='bbox 1079 5185 1159 5239; x_wconf 79' lang='lat' dir='ltr'><strong>Ad</strong></span> <span class='ocrx_word' id='word_1_856' title='bbox 1198 5177 1326 5238; x_wconf 86' lang='lat' dir='ltr'><strong>bene</strong></span> <span class='ocrx_word' id='word_1_857' title='bbox 1352 5191 1520 5237; x_wconf 82' lang='lat' dir='ltr'><strong>autem</strong></span> <span class='ocrx_word' id='word_1_858' title='bbox 1561 5182 1740 5251; x_wconf 75' lang='lat' dir='ltr'><strong>pieque</strong></span> <span class='ocrx_word' id='word_1_859' title='bbox 1766 5177 2032 5251; x_wconf 63' lang='lat' dir='ltr'><strong>vivendum</strong></span> 
     </span>
    </p>
   </div>
   <div class='ocr_carea' id='block_1_98' title="bbox 454 5245 2033 5326">
    <p class='ocr_par' dir='ltr' id='par_1_98' title="bbox 454 5245 2033 5326">
     <span class='ocr_line' id='line_1_99' title="bbox 454 5245 2033 5326; baseline -0.009 -16"><span class='ocrx_word' id='word_1_860' title='bbox 454 5272 564 5326; x_wconf 81' lang='lat' dir='ltr'><strong>non</strong></span> <span class='ocrx_word' id='word_1_861' title='bbox 588 5257 770 5319; x_wconf 78' lang='lat' dir='ltr'><strong>valere,</strong></span> <span class='ocrx_word' id='word_1_862' title='bbox 803 5257 904 5310; x_wconf 88' lang='lat' dir='ltr'><strong>nisi</strong></span> <span class='ocrx_word' id='word_1_863' title='bbox 930 5259 1044 5326; x_wconf 87' lang='lat' dir='ltr'><strong>ipsa</strong></span> <span class='ocrx_word' id='word_1_864' title='bbox 1065 5256 1299 5309; x_wconf 84' lang='lat' dir='ltr'><strong>voluntas</strong></span> <span class='ocrx_word' id='word_1_865' title='bbox 1321 5253 1542 5326; x_wconf 83' lang='lat' dir='ltr'><strong>hominis</strong></span> <span class='ocrx_word' id='word_1_866' title='bbox 1562 5245 1668 5302; x_wconf 76' lang='lat' dir='ltr'><strong>Dei</strong></span> <span class='ocrx_word' id='word_1_867' title='bbox 1680 5249 1849 5326; x_wconf 79' lang='lat' dir='ltr'><strong>gratia</strong></span> <span class='ocrx_word' id='word_1_868' title='bbox 1881 5245 2033 5326; x_wconf 64' lang='lat' dir='ltr'><strong>fuerit</strong></span> 
     </span>
    </p>
   </div>
   <div class='ocr_carea' id='block_1_99' title="bbox 453 5316 2030 5387">
    <p class='ocr_par' dir='ltr' id='par_1_99' title="bbox 453 5316 2030 5387">
     <span class='ocr_line' id='line_1_100' title="bbox 453 5316 2030 5387; baseline -0.01 -7"><span class='ocrx_word' id='word_1_869' title='bbox 453 5325 642 5387; x_wconf 86' lang='lat' dir='ltr'><strong>libera,</strong></span> <span class='ocrx_word' id='word_1_870' title='bbox 671 5334 720 5379; x_wconf 87' lang='lat' dir='ltr'><strong>et</strong></span> <span class='ocrx_word' id='word_1_871' title='bbox 746 5316 814 5378; x_wconf 82' lang='lat' dir='ltr'><strong>ad</strong></span> <span class='ocrx_word' id='word_1_872' title='bbox 846 5316 998 5380; x_wconf 77' lang='lat' dir='ltr'><strong>omne</strong></span> <span class='ocrx_word' id='word_1_873' title='bbox 1023 5326 1210 5379; x_wconf 82' lang='lat' dir='ltr'><strong>bonum</strong></span> <span class='ocrx_word' id='word_1_874' title='bbox 1251 5324 1490 5386; x_wconf 79' lang='lat' dir='ltr'><strong>actionis,</strong></span> <span class='ocrx_word' id='word_1_875' title='bbox 1530 5316 1801 5378; x_wconf 67' lang='lat' dir='ltr'><strong>sermonis,</strong></span> <span class='ocrx_word' id='word_1_876' title='bbox 1831 5316 2030 5387; x_wconf 69' lang='lat' dir='ltr'><strong>cogita-</strong></span> 
     </span>
    </p>
   </div>
   <div class='ocr_carea' id='block_1_100' title="bbox 455 5379 2027 5476">
    <p class='ocr_par' dir='ltr' id='par_1_100' title="bbox 455 5379 2027 5476">
     <span class='ocr_line' id='line_1_101' title="bbox 455 5379 2027 5476; baseline -0.006 -27"><span class='ocrx_word' id='word_1_877' title='bbox 455 5379 826 5476; x_wconf 46' lang='lat' dir='ltr'><strong>tionis‘adjuta</strong></span> <span class='ocrx_word' id='word_1_878' title='bbox 855 5394 1002 5476; x_wconf 41' lang='lat' dir='ltr'><strong>(Lib;</strong></span> <span class='ocrx_word' id='word_1_879' title='bbox 1027 5412 1063 5476; x_wconf 69' lang='lat' dir='ltr'><strong>ll</strong></span> <span class='ocrx_word' id='word_1_880' title='bbox 1091 5392 1435 5476; x_wconf 37' lang='lat' dir='ltr'><strong>contraﬂduas</strong></span> <span class='ocrx_word' id='word_1_881' title='bbox 1462 5379 1612 5476; x_wconf 46' lang='lat' dir='ltr'><strong>f&#39;pist;</strong></span> <span class='ocrx_word' id='word_1_882' title='bbox 1635 5379 2027 5476; x_wconf 31' lang='grc' dir='ltr'><strong>Ρρειαςιῖᾕιςζ</strong></span> 
     </span>
    </p>
   </div>
   <div class='ocr_carea' id='block_1_101' title="bbox 529 5459 2035 5588">
    <p class='ocr_par' dir='ltr' id='par_1_101' title="bbox 529 5459 2035 5588">
     <span class='ocr_line' id='line_1_102' title="bbox 529 5459 2035 5521; baseline -0.009 -5"><span class='ocrx_word' id='word_1_883' title='bbox 529 5464 557 5501; x_wconf 74' lang='grc' dir='ltr'>δ</span> <span class='ocrx_word' id='word_1_884' title='bbox 599 5459 914 5519; x_wconf 63' lang='grc' dir='ltr'><strong>Ρθτόωηὶα</strong></span> <span class='ocrx_word' id='word_1_885' title='bbox 941 5464 1042 5519; x_wconf 89' lang='lat' dir='ltr'><strong>sibi</strong></span> <span class='ocrx_word' id='word_1_886' title='bbox 1065 5463 1403 5519; x_wconf 88' lang='lat' dir='ltr'><strong>consentiens</strong></span> <span class='ocrx_word' id='word_1_887' title='bbox 1449 5459 1733 5521; x_wconf 85' lang='lat' dir='ltr'><strong>Arnobius,</strong></span> <span class='ocrx_word' id='word_1_888' title='bbox 1765 5467 2035 5510; x_wconf 70' lang='lat' dir='ltr'><strong>commen-</strong></span> 
     </span>
     <span class='ocr_line' id='line_1_103' title="bbox 529 5529 2034 5588; baseline -0.009 0"><span class='ocrx_word' id='word_1_889' title='bbox 529 5534 610 5588; x_wconf 70' lang='lat' dir='ltr'><strong>riis</strong></span> <span class='ocrx_word' id='word_1_890' title='bbox 636 5534 692 5588; x_wconf 91' lang='lat' dir='ltr'><strong>in</strong></span> <span class='ocrx_word' id='word_1_891' title='bbox 722 5535 866 5588; x_wconf 89' lang='lat' dir='ltr'><strong>hunc</strong></span> <span class='ocrx_word' id='word_1_892' title='bbox 891 5534 1151 5588; x_wconf 80' lang='lat' dir='ltr'><strong>psalmum</strong></span> <span class='ocrx_word' id='word_1_893' title='bbox 1181 5532 1342 5586; x_wconf 86' lang='lat' dir='ltr'><strong>etiam</strong></span> <span class='ocrx_word' id='word_1_894' title='bbox 1372 5529 1773 5588; x_wconf 73' lang='lat' dir='ltr'><strong>Pelagianorum</strong></span> <span class='ocrx_word' id='word_1_895' title='bbox 1799 5537 2034 5580; x_wconf 89' lang='lat' dir='ltr'><strong>errorem</strong></span> 
     </span>
    </p>
   </div>
   <div class='ocr_carea' id='block_1_102' title="bbox 455 5534 866 5589">
    <p class='ocr_par' dir='ltr' id='par_1_102' title="bbox 455 5534 866 5589">
     <span class='ocr_line' id='line_1_104' title="bbox 455 5534 866 5589; baseline 0 0"><span class='ocrx_word' id='word_1_896' title='bbox 455 5534 610 5589; x_wconf 88' lang='lat' dir='ltr'><strong>tariis</strong></span> <span class='ocrx_word' id='word_1_897' title='bbox 636 5534 692 5588; x_wconf 89' lang='lat' dir='ltr'><strong>in</strong></span> <span class='ocrx_word' id='word_1_898' title='bbox 722 5535 866 5589; x_wconf 91' lang='lat' dir='ltr'><strong>hunc</strong></span> 
     </span>
    </p>
   </div>
   <div class='ocr_carea' id='block_1_103' title="bbox 991 5529 2034 5598">
    <p class='ocr_par' dir='ltr' id='par_1_103' title="bbox 991 5529 2034 5598">
     <span class='ocr_line' id='line_1_105' title="bbox 991 5529 2034 5598; baseline -0.014 -9"><span class='ocrx_word' id='word_1_899' title='bbox 991 5534 1151 5588; x_wconf 81' lang='lat' dir='ltr'><strong>[mum</strong></span> <span class='ocrx_word' id='word_1_900' title='bbox 1181 5532 1342 5586; x_wconf 86' lang='lat' dir='ltr'><strong>etiam</strong></span> <span class='ocrx_word' id='word_1_901' title='bbox 1372 5529 1774 5598; x_wconf 82' lang='lat' dir='ltr'><strong>Pelagianorum</strong></span> <span class='ocrx_word' id='word_1_902' title='bbox 1799 5537 2034 5580; x_wconf 90' lang='lat' dir='ltr'><strong>errorem</strong></span> 
     </span>
    </p>
   </div>
   <div class='ocr_carea' id='block_1_104' title="bbox 458 5603 815 5659">
    <p class='ocr_par' dir='ltr' id='par_1_104' title="bbox 458 5603 815 5659">
     <span class='ocr_line' id='line_1_106' title="bbox 458 5603 815 5659; baseline -0.006 -1"><span class='ocrx_word' id='word_1_903' title='bbox 458 5603 547 5658; x_wconf 86' lang='lat' dir='ltr'><strong>his</strong></span> <span class='ocrx_word' id='word_1_904' title='bbox 571 5603 771 5659; x_wconf 84' lang='lat' dir='ltr'><strong>refellit</strong></span> <span class='ocrx_word' id='word_1_905' title='bbox 803 5621 815 5656; x_wconf 90' lang='lat'>:</span> 
     </span>
    </p>
   </div>
   <div class='ocr_carea' id='block_1_105' title="bbox 910 5597 2034 5672">
    <p class='ocr_par' dir='ltr' id='par_1_105' title="bbox 910 5597 2034 5672">
     <span class='ocr_line' id='line_1_107' title="bbox 910 5597 2034 5672; baseline -0.012 -15"><span class='ocrx_word' id='word_1_906' title='bbox 910 5603 1004 5657; x_wconf 86' lang='lat' dir='ltr'><strong>ulti</strong></span> <span class='ocrx_word' id='word_1_907' title='bbox 1032 5611 1213 5672; x_wconf 83' lang='lat' dir='ltr'><strong>putant</strong></span> <span class='ocrx_word' id='word_1_908' title='bbox 1252 5597 1536 5672; x_wconf 79' lang='lat' dir='ltr'><strong>libertatem</strong></span> <span class='ocrx_word' id='word_1_909' title='bbox 1575 5597 1778 5672; x_wconf 69' lang='lat' dir='ltr'><strong>arbitrii</strong></span> <span class='ocrx_word' id='word_1_910' title='bbox 1818 5607 2034 5672; x_wconf 69' lang='lat' dir='ltr'><strong>eousque</strong></span> 
     </span>
    </p>
   </div>
   <div class='ocr_carea' id='block_1_106' title="bbox 531 5661 2034 5744">
    <p class='ocr_par' dir='ltr' id='par_1_106' title="bbox 531 5661 2034 5744">
     <span class='ocr_line' id='line_1_108' title="bbox 531 5661 2034 5744; baseline -0.012 -13"><span class='ocrx_word' id='word_1_911' title='bbox 531 5689 618 5744; x_wconf 69' lang='lat' dir='ltr'><strong>sse</strong></span> <span class='ocrx_word' id='word_1_912' title='bbox 651 5673 749 5729; x_wconf 87' lang='lat' dir='ltr'><strong>sibi</strong></span> <span class='ocrx_word' id='word_1_913' title='bbox 775 5675 1003 5744; x_wconf 69' lang='lat' dir='ltr'><strong>suﬂicere</strong></span> <span class='ocrx_word' id='word_1_914' title='bbox 1016 5661 1044 5738; x_wconf 80' lang='grc'><strong>,’</strong></span> <span class='ocrx_word' id='word_1_915' title='bbox 1060 5681 1116 5725; x_wconf 89' lang='lat' dir='ltr'><strong>ut</strong></span> <span class='ocrx_word' id='word_1_916' title='bbox 1158 5688 1268 5727; x_wconf 87' lang='lat' dir='ltr'><strong>sese</strong></span> <span class='ocrx_word' id='word_1_917' title='bbox 1302 5686 1393 5740; x_wconf 85' lang='lat' dir='ltr'><strong>per</strong></span> <span class='ocrx_word' id='word_1_918' title='bbox 1432 5671 1617 5744; x_wconf 39' lang='lat' dir='ltr'><strong>ipsam‘</strong></span> <span class='ocrx_word' id='word_1_919' title='bbox 1643 5665 1924 5744; x_wconf 62' lang='lat' dir='ltr'><strong>libertatem</strong></span> <span class='ocrx_word' id='word_1_920' title='bbox 1954 5661 2034 5744; x_wconf 66' lang='lat' dir='ltr'><strong>ab</strong></span> 
     </span>
    </p>
   </div>
   <div class='ocr_carea' id='block_1_107' title="bbox 496 5731 2032 5820">
    <p class='ocr_par' dir='ltr' id='par_1_107' title="bbox 496 5731 2032 5820">
     <span class='ocr_line' id='line_1_109' title="bbox 496 5731 2032 5820; baseline -0.01 -22"><span class='ocrx_word' id='word_1_921' title='bbox 496 5741 691 5799; x_wconf 82' lang='lat' dir='ltr'><strong>ostibus</strong></span> <span class='ocrx_word' id='word_1_922' title='bbox 721 5731 1058 5800; x_wconf 59' lang='lat' dir='ltr'><strong>inciiibilibus</strong></span> <span class='ocrx_word' id='word_1_923' title='bbox 1085 5758 1263 5798; x_wconf 81' lang='lat' dir='ltr'><strong>eruere</strong></span> <span class='ocrx_word' id='word_1_924' title='bbox 1287 5731 1462 5820; x_wconf 65' lang='lat' dir='ltr'><strong>posse</strong></span> <span class='ocrx_word' id='word_1_925' title='bbox 1482 5736 1766 5806; x_wconf 78' lang='lat' dir='ltr'><strong>conﬁdant.</strong></span> <span class='ocrx_word' id='word_1_926' title='bbox 1801 5731 2032 5794; x_wconf 80' lang='lat' dir='ltr'><strong>Liberta-</strong></span> 
     </span>
    </p>
   </div>
   <div class='ocr_carea' id='block_1_108' title="bbox 2131 4811 3708 4886">
    <p class='ocr_par' dir='ltr' id='par_1_108' title="bbox 2131 4811 3708 4886">
     <span class='ocr_line' id='line_1_110' title="bbox 2131 4811 3708 4886; baseline -0.011 -7"><span class='ocrx_word' id='word_1_927' title='bbox 2131 4835 2231 4879; x_wconf 89' lang='lat' dir='ltr'><strong>tem</strong></span> <span class='ocrx_word' id='word_1_928' title='bbox 2260 4833 2427 4876; x_wconf 88' lang='lat' dir='ltr'><strong>autem</strong></span> <span class='ocrx_word' id='word_1_929' title='bbox 2457 4819 2660 4874; x_wconf 85' lang='lat' dir='ltr'><strong>arbitrii</strong></span> <span class='ocrx_word' id='word_1_930' title='bbox 2703 4825 2752 4871; x_wconf 89' lang='lat' dir='ltr'><strong>et</strong></span> <span class='ocrx_word' id='word_1_931' title='bbox 2781 4830 2972 4886; x_wconf 85' lang='lat' dir='ltr'><strong>negare</strong></span> <span class='ocrx_word' id='word_1_932' title='bbox 3002 4812 3282 4886; x_wconf 79' lang='lat' dir='ltr'><strong>periculum</strong></span> <span class='ocrx_word' id='word_1_933' title='bbox 3307 4820 3402 4886; x_wconf 77' lang='lat' dir='ltr'><strong>est,</strong></span> <span class='ocrx_word' id='word_1_934' title='bbox 3433 4811 3708 4886; x_wconf 73' lang='lat' dir='ltr'><strong>et_nudare</strong></span> 
     </span>
    </p>
   </div>
   <div class='ocr_carea' id='block_1_109' title="bbox 2129 4879 3702 4966">
    <p class='ocr_par' dir='ltr' id='par_1_109' title="bbox 2129 4879 3702 4966">
     <span class='ocr_line' id='line_1_111' title="bbox 2129 4879 3702 4966; baseline -0.012 -18"><span class='ocrx_word' id='word_1_935' title='bbox 2129 4901 2415 4966; x_wconf 80' lang='lat' dir='ltr'><strong>peccatum.</strong></span> <span class='ocrx_word' id='word_1_936' title='bbox 2440 4890 2508 4966; x_wconf 87' lang='lat' dir='ltr'><strong>_Si</strong></span> <span class='ocrx_word' id='word_1_937' title='bbox 2540 4879 3011 4966; x_wconf 35' lang='lat' dir='ltr'><strong>enimategai&#39;eris,‘</strong></span> <span class='ocrx_word' id='word_1_938' title='bbox 3035 4880 3270 4938; x_wconf 87' lang='lat' dir='ltr'><strong>omnibus</strong></span> <span class='ocrx_word' id='word_1_939' title='bbox 3300 4884 3450 4952; x_wconf 76' lang='lat' dir='ltr'><strong>frena</strong></span> <span class='ocrx_word' id='word_1_940' title='bbox 3479 4879 3670 4932; x_wconf 76' lang='lat' dir='ltr'><strong>laxusti</strong></span> <span class='ocrx_word' id='word_1_941' title='bbox 3687 4919 3702 4941; x_wconf 92' lang='lat'><strong>,</strong></span> 
     </span>
    </p>
   </div>
   <div class='ocr_carea' id='block_1_110' title="bbox 2132 4959 3290 5027">
    <p class='ocr_par' dir='ltr' id='par_1_110' title="bbox 2132 4959 3290 5027">
     <span class='ocr_line' id='line_1_112' title="bbox 2132 4959 3290 5027; baseline -0.011 -9"><span class='ocrx_word' id='word_1_942' title='bbox 2132 4959 2176 5018; x_wconf 79' lang='lat' dir='ltr'><strong>si</strong></span> <span class='ocrx_word' id='word_1_943' title='bbox 2205 4962 2498 5024; x_wconf 73' lang='lat' dir='ltr'><strong>nudaveris,</strong></span> <span class='ocrx_word' id='word_1_944' title='bbox 2529 4959 2790 5027; x_wconf 85' lang='lat' dir='ltr'><strong>decepisti,</strong></span> <span class='ocrx_word' id='word_1_945' title='bbox 2822 4962 2928 5027; x_wconf 81' lang='lat' dir='ltr'><strong>etc.</strong></span> <span class='ocrx_word' id='word_1_946' title='bbox 3191 5022 3202 5027; x_wconf 85' lang='lat'><strong>_</strong></span> <span class='ocrx_word' id='word_1_947' title='bbox 3285 4999 3290 5005; x_wconf 83' lang='lat'><strong>.</strong></span> 
     </span>
    </p>
   </div>
   <div class='ocr_carea' id='block_1_111' title="bbox 2209 5014 3709 5096">
    <p class='ocr_par' dir='ltr' id='par_1_111' title="bbox 2209 5014 3709 5096">
     <span class='ocr_line' id='line_1_113' title="bbox 2209 5014 3709 5096; baseline -0.012 -12"><span class='ocrx_word' id='word_1_948' title='bbox 2209 5014 2539 5085; x_wconf 20' lang='lat' dir='ltr'><strong>IchAdlide&#39;m</strong></span> <span class='ocrx_word' id='word_1_949' title='bbox 2567 5014 2973 5096; x_wconf 76' lang='lat' dir='ltr'><strong>concipiendam</strong></span> <span class='ocrx_word' id='word_1_950' title='bbox 3013 5017 3433 5096; x_wconf 82' lang='lat' dir='ltr'><strong>et.retinendam</strong></span> <span class='ocrx_word' id='word_1_951' title='bbox 3480 5014 3709 5096; x_wconf 78' lang='lat' dir='ltr'><strong>liberum</strong></span> 
     </span>
    </p>
   </div>
   <div class='ocr_carea' id='block_1_112' title="bbox 2133 5082 3710 5157">
    <p class='ocr_par' dir='ltr' id='par_1_112' title="bbox 2133 5082 3710 5157">
     <span class='ocr_line' id='line_1_114' title="bbox 2133 5082 3710 5157; baseline -0.015 0"><span class='ocrx_word' id='word_1_952' title='bbox 2133 5082 2684 5157; x_wconf 67' lang='lat' dir='ltr'><strong>hominisarbitrium</strong></span> <span class='ocrx_word' id='word_1_953' title='bbox 2724 5082 2830 5150; x_wconf 45' lang='lat' dir='ltr'><strong>lsua</strong></span> <span class='ocrx_word' id='word_1_954' title='bbox 2875 5093 3226 5157; x_wconf 88' lang='lat' dir='ltr'><strong>consensione</strong></span> <span class='ocrx_word' id='word_1_955' title='bbox 3271 5083 3584 5157; x_wconf 65' lang='lat' dir='ltr'><strong>cooperari,</strong></span> <span class='ocrx_word' id='word_1_956' title='bbox 3628 5082 3710 5136; x_wconf 89' lang='lat' dir='ltr'><strong>his</strong></span> 
     </span>
    </p>
   </div>
   <div class='ocr_carea' id='block_1_113' title="bbox 2132 5150 3704 5233">
    <p class='ocr_par' dir='ltr' id='par_1_113' title="bbox 2132 5150 3704 5233">
     <span class='ocr_line' id='line_1_115' title="bbox 2132 5150 3704 5233; baseline -0.014 -7"><span class='ocrx_word' id='word_1_957' title='bbox 2132 5150 2864 5232; x_wconf 70' lang='lat' dir='ltr'><strong>Augustinus</strong></span> <span class='ocrx_word' id='word_1_958' title='bbox 2886 5161 3026 5233; x_wconf 72' lang='lat' dir='ltr'><strong>(Lib.</strong></span> <span class='ocrx_word' id='word_1_959' title='bbox 3046 5177 3082 5233; x_wconf 68' lang='grc' dir='ltr'><strong>η</strong></span> <span class='ocrx_word' id='word_1_960' title='bbox 3100 5159 3163 5210; x_wconf 86' lang='lat' dir='ltr'><strong>de</strong></span> <span class='ocrx_word' id='word_1_961' title='bbox 3184 5150 3390 5233; x_wconf 71' lang='lat' dir='ltr'><strong>Spiritu</strong></span> <span class='ocrx_word' id='word_1_962' title='bbox 3411 5162 3460 5204; x_wconf 87' lang='lat' dir='ltr'><strong>et</strong></span> <span class='ocrx_word' id='word_1_963' title='bbox 3484 5150 3634 5216; x_wconf 92' lang='lat' dir='ltr'><strong>Litt.,</strong></span> <span class='ocrx_word' id='word_1_964' title='bbox 3659 5168 3704 5204; x_wconf 91' lang='lat' dir='ltr'><strong>c.</strong></span> 
     </span>
    </p>
   </div>
   <div class='ocr_carea' id='block_1_114' title="bbox 2135 5225 3711 5309">
    <p class='ocr_par' dir='ltr' id='par_1_114' title="bbox 2135 5225 3711 5309">
     <span class='ocr_line' id='line_1_116' title="bbox 2135 5225 3711 5309; baseline -0.013 -14"><span class='ocrx_word' id='word_1_965' title='bbox 2135 5225 2223 5309; x_wconf 59' lang='grc'><strong>59)</strong></span> <span class='ocrx_word' id='word_1_966' title='bbox 2261 5225 2444 5304; x_wconf 39' lang='lat' dir='ltr'><strong>{Quid</strong></span> <span class='ocrx_word' id='word_1_967' title='bbox 2467 5246 2542 5292; x_wconf 83' lang='lat' dir='ltr'><strong>est</strong></span> <span class='ocrx_word' id='word_1_968' title='bbox 2558 5225 2696 5309; x_wconf 66' lang='lat' dir='ltr'><strong>enim</strong></span> <span class='ocrx_word' id='word_1_969' title='bbox 2726 5225 2950 5294; x_wconf 75' lang='lat' dir='ltr'><strong>credere,</strong></span> <span class='ocrx_word' id='word_1_970' title='bbox 2976 5231 3076 5282; x_wconf 87' lang='lat' dir='ltr'><strong>nisi</strong></span> <span class='ocrx_word' id='word_1_971' title='bbox 3104 5225 3390 5309; x_wconf 62' lang='lat' dir='ltr'><strong>consentire</strong></span> <span class='ocrx_word' id='word_1_972' title='bbox 3411 5236 3711 5309; x_wconf 41' lang='lat' dir='ltr'><strong>verumfesse</strong></span> 
     </span>
    </p>
   </div>
   <div class='ocr_carea' id='block_1_115' title="bbox 2136 5293 3711 5380">
    <p class='ocr_par' dir='ltr' id='par_1_115' title="bbox 2136 5293 3711 5380">
     <span class='ocr_line' id='line_1_117' title="bbox 2136 5293 3711 5380; baseline -0.012 -15"><span class='ocrx_word' id='word_1_973' title='bbox 2136 5293 2272 5380; x_wconf 73' lang='lat' dir='ltr'><strong>qubd</strong></span> <span class='ocrx_word' id='word_1_974' title='bbox 2301 5293 2524 5380; x_wconf 63' lang='lat' dir='ltr'><strong>dicitur?</strong></span> <span class='ocrx_word' id='word_1_975' title='bbox 2544 5293 3020 5380; x_wconf 64' lang='lat' dir='ltr'><strong>Conscnsigautem</strong></span> <span class='ocrx_word' id='word_1_976' title='bbox 3048 5293 3321 5380; x_wconf 66' lang='lat' dir='ltr'><strong>voluntatis</strong></span> <span class='ocrx_word' id='word_1_977' title='bbox 3349 5299 3452 5355; x_wconf 87' lang='lat' dir='ltr'><strong>est,</strong></span> <span class='ocrx_word' id='word_1_978' title='bbox 3481 5293 3711 5380; x_wconf 62' lang='lat' dir='ltr'><strong>proLeqto</strong></span> 
     </span>
    </p>
   </div>
   <div class='ocr_carea' id='block_1_116' title="bbox 2138 5361 3712 5448">
    <p class='ocr_par' dir='ltr' id='par_1_116' title="bbox 2138 5361 3712 5448">
     <span class='ocr_line' id='line_1_118' title="bbox 2138 5361 3712 5448; baseline -0.012 -15"><span class='ocrx_word' id='word_1_979' title='bbox 2138 5361 2267 5448; x_wconf 58' lang='lat' dir='ltr'><strong>iides</strong></span> <span class='ocrx_word' id='word_1_980' title='bbox 2296 5361 2635 5448; x_wconf 28' lang='lat' dir='ltr'><strong>invuoluntate</strong></span> <span class='ocrx_word' id='word_1_981' title='bbox 2662 5371 2854 5448; x_wconf 83' lang='lat' dir='ltr'><strong>est._Et</strong></span> <span class='ocrx_word' id='word_1_982' title='bbox 2883 5367 3041 5438; x_wconf 89' lang='lat' dir='ltr'><strong>paulo</strong></span> <span class='ocrx_word' id='word_1_983' title='bbox 3068 5371 3190 5448; x_wconf 67' lang='lat' dir='ltr'><strong>post</strong></span> <span class='ocrx_word' id='word_1_984' title='bbox 3222 5381 3234 5415; x_wconf 89' lang='lat'><strong>:</strong></span> <span class='ocrx_word' id='word_1_985' title='bbox 3268 5361 3398 5445; x_wconf 66' lang='lat' dir='ltr'><strong>Cum</strong></span> <span class='ocrx_word' id='word_1_986' title='bbox 3425 5362 3712 5448; x_wconf 40' lang='lat' dir='ltr'><strong>ergorj‘ides‘</strong></span> 
     </span>
    </p>
   </div>
   <div class='ocr_carea' id='block_1_117' title="bbox 2138 5433 3712 5517">
    <p class='ocr_par' dir='ltr' id='par_1_117' title="bbox 2138 5433 3712 5517">
     <span class='ocr_line' id='line_1_119' title="bbox 2138 5433 3712 5517; baseline -0.012 -14"><span class='ocrx_word' id='word_1_987' title='bbox 2138 5433 2194 5503; x_wconf 79' lang='lat' dir='ltr'><strong>in</strong></span> <span class='ocrx_word' id='word_1_988' title='bbox 2224 5456 2470 5517; x_wconf 83' lang='lat' dir='ltr'><strong>potestate</strong></span> <span class='ocrx_word' id='word_1_989' title='bbox 2495 5446 2593 5517; x_wconf 79' lang='lat' dir='ltr'><strong>sit,</strong></span> <span class='ocrx_word' id='word_1_990' title='bbox 2625 5443 2864 5517; x_wconf 70' lang='lat' dir='ltr'><strong>quoniam</strong></span> <span class='ocrx_word' id='word_1_991' title='bbox 2885 5433 3164 5517; x_wconf 34' lang='lat' dir='ltr'><strong>agmen“,</strong></span> <span class='ocrx_word' id='word_1_992' title='bbox 3195 5433 3402 5506; x_wconf 87' lang='lat' dir='ltr'><strong>quisque</strong></span> <span class='ocrx_word' id='word_1_993' title='bbox 3440 5433 3712 5517; x_wconf 89' lang='lat' dir='ltr'><strong>et</strong></span> 
     </span>
    </p>
   </div>
   <div class='ocr_carea' id='block_1_118' title="bbox 2141 5500 3708 5579">
    <p class='ocr_par' dir='ltr' id='par_1_118' title="bbox 2141 5500 3708 5579">
     <span class='ocr_line' id='line_1_120' title="bbox 2141 5500 3708 5579; baseline -0.013 -5"><span class='ocrx_word' id='word_1_994' title='bbox 2141 5500 2463 5579; x_wconf 62' lang='lat' dir='ltr'><strong>euinci-edit,</strong></span> <span class='ocrx_word' id='word_1_995' title='bbox 2507 5500 2678 5566; x_wconf 68' lang='lat' dir='ltr'><strong>uolens</strong></span> <span class='ocrx_word' id='word_1_996' title='bbox 2704 5509 2883 5579; x_wconf 79' lang='lat' dir='ltr'><strong>credit.</strong></span> <span class='ocrx_word' id='word_1_997' title='bbox 2916 5505 2990 5579; x_wconf 79' lang='lat' dir='ltr'><strong>Et</strong></span> <span class='ocrx_word' id='word_1_998' title='bbox 3016 5504 3153 5560; x_wconf 90' lang='lat' dir='ltr'><strong>idem</strong></span> <span class='ocrx_word' id='word_1_999' title='bbox 3200 5500 3420 5579; x_wconf 64' lang='lat' dir='ltr'><strong>rursum</strong></span> <span class='ocrx_word' id='word_1_1000' title='bbox 3438 5502 3563 5556; x_wconf 90' lang='lat' dir='ltr'><strong>alibi</strong></span> <span class='ocrx_word' id='word_1_1001' title='bbox 3594 5500 3708 5579; x_wconf 76' lang='lat' dir='ltr'><strong>(Tr.</strong></span> 
     </span>
    </p>
   </div>
   <div class='ocr_carea' id='block_1_119' title="bbox 2115 5572 3715 5651">
    <p class='ocr_par' dir='ltr' id='par_1_119' title="bbox 2115 5572 3715 5651">
     <span class='ocr_line' id='line_1_121' title="bbox 2115 5572 3715 5651; baseline -0.013 -11"><span class='ocrx_word' id='word_1_1002' title='bbox 2115 5588 2210 5642; x_wconf 75' lang='grc'><strong>,26</strong></span> <span class='ocrx_word' id='word_1_1003' title='bbox 2255 5589 2310 5640; x_wconf 87' lang='lat' dir='ltr'><strong>in</strong></span> <span class='ocrx_word' id='word_1_1004' title='bbox 2354 5572 2543 5651; x_wconf 77' lang='lat' dir='ltr'><strong>Joan.)</strong></span> <span class='ocrx_word' id='word_1_1005' title='bbox 2589 5598 2600 5630; x_wconf 91' lang='lat'><strong>:</strong></span> <span class='ocrx_word' id='word_1_1006' title='bbox 2649 5577 2856 5651; x_wconf 73' lang='lat' dir='ltr'><strong>Intrare</strong></span> <span class='ocrx_word' id='word_1_1007' title='bbox 2908 5576 3173 5651; x_wconf 80' lang='lat' dir='ltr'><strong>quisquam</strong></span> <span class='ocrx_word' id='word_1_1008' title='bbox 3211 5572 3510 5651; x_wconf 64' lang='lat' dir='ltr'><strong>Ecclesium</strong></span> <span class='ocrx_word' id='word_1_1009' title='bbox 3547 5577 3715 5639; x_wconf 87' lang='lat' dir='ltr'><strong>potest</strong></span> 
     </span>
    </p>
   </div>
   <div class='ocr_carea' id='block_1_120' title="bbox 2140 5643 3714 5718">
    <p class='ocr_par' dir='ltr' id='par_1_120' title="bbox 2140 5643 3714 5718">
     <span class='ocr_line' id='line_1_122' title="bbox 2140 5643 3714 5718; baseline -0.015 -7"><span class='ocrx_word' id='word_1_1010' title='bbox 2140 5658 2338 5718; x_wconf 86' lang='lat' dir='ltr'><strong>nolens,</strong></span> <span class='ocrx_word' id='word_1_1011' title='bbox 2381 5643 2620 5706; x_wconf 86' lang='lat' dir='ltr'><strong>accedere</strong></span> <span class='ocrx_word' id='word_1_1012' title='bbox 2648 5648 2714 5699; x_wconf 89' lang='lat' dir='ltr'><strong>ad</strong></span> <span class='ocrx_word' id='word_1_1013' title='bbox 2725 5647 2910 5718; x_wconf 74' lang='lat' dir='ltr'><strong>altare</strong></span> <span class='ocrx_word' id='word_1_1014' title='bbox 2922 5643 3098 5718; x_wconf 66' lang='lat' dir='ltr'><strong>potest</strong></span> <span class='ocrx_word' id='word_1_1015' title='bbox 3136 5645 3333 5707; x_wconf 86' lang='lat' dir='ltr'><strong>nolens,</strong></span> <span class='ocrx_word' id='word_1_1016' title='bbox 3373 5643 3600 5718; x_wconf 74' lang='lat' dir='ltr'><strong>accipere</strong></span> <span class='ocrx_word' id='word_1_1017' title='bbox 3625 5653 3714 5688; x_wconf 69' lang='lat' dir='ltr'><strong>sa.</strong></span> 
     </span>
    </p>
   </div>
   <div class='ocr_carea' id='block_1_121' title="bbox 2139 5705 3806 5788">
    <p class='ocr_par' dir='ltr' id='par_1_121' title="bbox 2139 5705 3806 5788">
     <span class='ocr_line' id='line_1_123' title="bbox 2139 5705 3806 5788; baseline -0.012 -7"><span class='ocrx_word' id='word_1_1018' title='bbox 2139 5705 2455 5780; x_wconf 44' lang='lat' dir='ltr'><strong>inimicum</strong></span> <span class='ocrx_word' id='word_1_1019' title='bbox 2469 5725 2631 5788; x_wconf 84' lang='lat' dir='ltr'><strong>potest</strong></span> <span class='ocrx_word' id='word_1_1020' title='bbox 2647 5715 2847 5780; x_wconf 85' lang='lat' dir='ltr'><strong>nolens,</strong></span> <span class='ocrx_word' id='word_1_1021' title='bbox 2864 5705 3068 5773; x_wconf 73' lang='lat' dir='ltr'><strong>credere</strong></span> <span class='ocrx_word' id='word_1_1022' title='bbox 3096 5731 3196 5772; x_wconf 87' lang='lat' dir='ltr'><strong>non</strong></span> <span class='ocrx_word' id='word_1_1023' title='bbox 3218 5705 3380 5785; x_wconf 79' lang='lat' dir='ltr'><strong>potest</strong></span> <span class='ocrx_word' id='word_1_1024' title='bbox 3399 5705 3500 5764; x_wconf 87' lang='lat' dir='ltr'><strong>nisi</strong></span> <span class='ocrx_word' id='word_1_1025' title='bbox 3517 5705 3707 5773; x_wconf 80' lang='lat' dir='ltr'><strong>uolens.</strong></span> <span class='ocrx_word' id='word_1_1026' title='bbox 3799 5727 3806 5733; x_wconf 71' lang='lat'><em>&#39;</em></span> 
     </span>
    </p>
   </div>
  </div>
