4246 6264
596 331 706 388 815

1932 323 2205 382 ARNOBII
2240 325 2544 385 JUNIOBIS

3765 333 3877 390 δια

599 433 916 508 strationem
941 446 1174 518 Spiritus
1197 444 1369 499 sancti
1395 441 1702 513 pertineant
1721 440 1788 495 ad
1807 443 2185 513 conenpiscen-
2209 445 2258 514 Α
2287 442 2542 500 faciamus
2569 445 2790 512 bonum,
2819 445 2910 500 ubi
2937 444 3151 513 dicitur,
3174 445 3393 502 Declina
3421 451 3471 501 et
3491 463 3525 500 ι
3546 446 3689 502 malo
3713 455 3763 501 et
3791 450 3877 521 [ac

600 543 702 598 tias
728 539 1158 604 tentationesque
1184 531 1499 598 vincendas,
1531 545 1691 601 quam
1721 529 1980 586 ditisslme
2007 531 2181 587 eifun-

520 645 522 648 '
599 631 692 686 det
714 643 876 698 super
904 641 1003 680 nos
1047 625 1139 694 qui
1185 623 1417 677 ascendit
1460 623 1517 676 in
1563 622 1775 686 calum,
1817 630 1876 677 et
1919 624 2182 695 captivam

600 718 948 788 captivitatem
990 713 1133 767 dedit
1161 712 1302 767 dona
1330 709 1621 766 hominibus
1651 710 1822 782 (Psal.
1857 728 2037 777 uxvr,
2069 711 2178 784 l9).

601 807 736 862 Hinc
763 814 819 861 et
845 820 1064 860 oramus
1090 812 1148 858 ut
1175 811 1520 873 peccatorum
1564 804 1886 860 tentationes
1926 819 2186 875 superare

598 899 893 970 possimus,
925 904 982 952 et
1009 895 1240 966 Spiritus
1284 895 1414 960 Dei,
1445 895 1588 950 unde
1623 895 1815 965 pignus
1860 897 2184 967 accepimus,

600 991 815 1060 adjuvet
841 989 1209 1045 inﬁrmitatem
1235 996 1494 1043 nostram.
1529 985 1632 1054 Qui
1660 996 1840 1044 autem
1870 996 1991 1044 orat
2017 997 2073 1044 et
2099 988 2185 1044 di-

599 1083 673 1139 cit
696 1099 709 1134 :
737 1079 820 1136 Nc
848 1097 942 1136 nos
967 1080 1144 1134 induci
1172 1081 1391 1151 patiaris
1421 1081 1474 1132 in
1507 1080 1844 1140 tentationem
1861 1079 2076 1151 (Matth.
2109 1096 2182 1146 vr,

601 1175 690 1247 15)
709 1216 726 1243 ,
754 1191 862 1230 non
891 1174 1076 1245 utique
1104 1173 1158 1228 id
1186 1181 1334 1238 orat,
1367 1180 1427 1227 ut
1453 1172 1618 1227 homo
1658 1172 1758 1237 sit,
1791 1173 1938 1241 quod
1963 1181 2047 1228 est
2078 1187 2187 1232 ,ηει-

599 1279 747 1336 tura;
778 1267 954 1338 neque
983 1267 1036 1322 id
1081 1274 1221 1332 erat,
1264 1273 1322 1319 ut
1365 1265 1563 1320 habeat
1608 1265 1836 1320 liberum
1883 1265 2182 1329 arbitrium,

599 1361 744 1431 quod
769 1361 881 1430 jam
909 1359 1118 1428 accepit
1145 1374 1267 1413 cum
1296 1367 1572 1413 crearetur
1599 1359 1715 1428 ipsa
1761 1366 1979 1426 natura;
2011 1375 2186 1430 neque

601 1459 721 1506 orat
747 1457 1094 1520 peccatorum
1123 1449 1514 1511 remissionem,
1546 1449 1671 1518 quia
1701 1448 1804 1504 hoc
1828 1450 2074 1519 superius
2101 1450 2185 1504 di-

599 1542 739 1596 citur
769 1558 783 1591 :
813 1539 1032 1594 Dimitte
1074 1539 1222 1594 nobis
1269 1537 1439 1594 debita
1487 1548 1693 1604 nostra;
1744 1553 1917 1608 neque
1962 1548 2084 1594 orat
2129 1548 2187 1596 ut

599 1631 827 1702 accipiat
881 1630 1189 1684 mandatum
1222 1647 1234 1682 :
1266 1628 1362 1684 sed
1403 1639 1523 1685 orat
1560 1631 1720 1700 plane
1762 1639 1819 1684 ut
1846 1631 2008 1686 faciat
2036 1647 2187 1686 man-

600 1723 801 1778 datum.
833 1720 965 1777 Orat
992 1731 1052 1777 ut
1088 1737 1195 1777 non
1226 1731 1416 1792 peccet
1437 1763 1451 1788 ,
1483 1723 1586 1778 hoc
1614 1731 1696 1778 est
1719 1763 1732 1786 ,
1766 1740 1834 1779 ne
1871 1725 1998 1794 quid
2027 1725 2187 1780 faciat

2286 535 2503 602 bonum;
2535 545 2590 591 et
2614 546 2794 592 tamen
2819 546 3004 592 oratur
3030 545 3091 592 ut
3116 537 3376 593 faciamus
3411 539 3632 603 bonum,
3663 539 3758 593 ubi
3796 539 3880 596 di—

2286 628 2424 683 citur
2466 646 2478 681 :
2518 627 2642 683 Non
2681 645 2941 684 cessamus
2966 646 3062 699 pro
3091 628 3232 684 vobis
3260 637 3489 691 orantes,
3520 635 3578 681 ut
3607 629 3882 687 ambulett's

2287 717 2439 789 digne
2467 717 2594 783 Deo,
2617 719 2672 772 in
2701 719 2937 774 omnibus
2963 719 3352 792 beneplacentes
3401 719 3533 785 Deo,
3560 728 3610 774 et
3646 720 3702 774 in
3738 723 3880 778 omni
3981 729 3983 732 ‘

2287 825 2439 879 opere
2476 808 2628 865 bona.
2659 809 2718 865 Si
2747 824 2874 880 ergo
2901 811 3240 879 agnoscimus
3269 811 3620 874 voluntatem,
3647 812 3734 866 cui
3763 813 3877 869 hac

2289 900 2684 969 praecipiuntur,
2715 901 2793 955 sic
2818 900 3075 955 debemus
3124 915 3419 969 agnoscere
3447 903 3695 968 gratiam,
3738 917 3876 971 quo-
3979 933 3988 941 -

2288 989 2448 1044 modo
2486 989 2602 1045 sine
2643 990 2738 1045 Dei
2773 991 2944 1060 gratia
2975 1005 3095 1060 quae
3135 992 3360 1062 implere
3397 993 3646 1063 cupimus
3675 993 3877 1050 nultum

2287 1082 2583 1138 sortiuntur
2631 1082 2898 1138 etl'ectum.
2942 1115 3014 1124 —
3051 1082 3313 1154 Serapion
3365 1083 3501 1138 dixit
3545 1101 3558 1136 τ
3595 1082 3878 1151 Quomodo

2287 1187 2480 1242 magna
2523 1173 2635 1229 haec
2673 1175 2897 1230 assertio
2943 1175 3113 1230 sancti
3159 1175 3260 1230 viri
3307 1182 3454 1229 tanta
3503 1183 3586 1230 est
3625 1177 3879 1246 aequitate

2288 1266 2534 1332 subnixa,
2566 1274 2626 1320 ut
2652 1275 2841 1321 contra
2871 1266 2985 1321 haec
3012 1267 3206 1322 mentis
3232 1267 3395 1322 homo
3417 1267 3604 1322 venire
3630 1284 3737 1322 non
3759 1283 3880 1338 pos-

2288 1358 2356 1412 sit
2383 1375 2394 1410 :
2427 1372 2584 1412 nosse
2621 1357 2780 1429 cupio
2820 1357 2864 1413 si
2893 1358 3053 1412 etiam
3085 1356 3153 1412 de
3177 1358 3260 1412 his
3284 1372 3404 1426 quae
3443 1358 3699 1412 anteriori
3738 1365 3880 1414 tern-

2288 1465 2421 1519 pore
2466 1450 2691 1518 egimus,
2743 1448 2835 1502 tali
2865 1449 2931 1503 ab
2961 1464 3027 1504 eo
3070 1449 3269 1504 fuerint
3297 1463 3458 1503 sensu
3494 1449 3582 1504 vel
3629 1464 3880 1506 semone

2287 1539 2522 1595 deﬁnita.
2553 1573 2625 1582 —
2651 1539 2922 1595 Arnobius
2964 1538 3100 1593 dixit
3145 1537 3356 1594 :Multa
3405 1546 3529 1594 sunt
3574 1538 3643 1594 de
3688 1539 3880 1608 quibus

2288 1630 2580 1702 disputatio
2619 1639 2804 1687 nostra
2841 1646 2939 1702 per
2978 1630 3385 1686 altercationem
3422 1630 3668 1700 pervenit
3707 1630 3775 1686 ad
3811 1629 3875 1684 il-

2289 1739 2410 1778 nem
2436 1732 2460 1791 ;'
2483 1723 2550 1778 de
2577 1739 2685 1792 quo
2713 1739 2856 1778 nunc
2885 1723 3042 1777 titulo
3083 1722 3253 1777 sancti
3281 1721 3561 1790 Augustini
3591 1722 3672 1778 vis
3710 1722 3876 1778 robo-

601 1813 725 1869 mali
755 1831 768 1867 :
801 1813 944 1885 quod
986 1829 1086 1883 pro
1131 1812 1426 1870 Corinthiis
1469 1824 1588 1870 orat
1628 1817 1917 1886 Apostolus
1956 1817 2140 1873 dicens
2173 1838 2184 1871 :
2219 1821 2267 1882 Β
2293 1816 2400 1869 rari
2424 1816 2717 1870 sermone?
2741 1812 3094 1884 ——Serapion
3133 1813 3269 1868 dixit
3297 1832 3310 1866 :
3344 1814 3419 1868 De
3446 1813 3725 1869 nativitate
3750 1813 3876 1870 Iesu

603 1903 828 1960 Oramus
859 1915 1029 1960 autem
1058 1906 1127 1960 ad
1151 1906 1345 1972 Deum,
1378 1923 1443 1961 ne
1469 1909 1593 1980 quid
1621 1911 1828 1981 faciatis
1856 1911 1998 1964 mali.
2033 1909 2186 1968 Unde

601 1997 732 2052 satis
760 2005 984 2067 apparet
1011 1998 1136 2066 quia
1166 1998 1233 2052 ad
1261 2013 1369 2053 non
1399 2000 1746 2072 peccandum,
1772 2001 1825 2057 id
1855 2011 1956 2066 est,
1981 2003 2049 2058 ad
2080 2019 2188 2059 non

600 2088 1042 2145 malefaciendum
1065 2131 1081 2156 ,
1111 2093 1354 2160 quamvis
1383 2107 1501 2148 esse
1527 2109 1637 2148 non
1665 2093 1934 2150 dubitetur
1961 2097 2188 2153 liberum

601 2180 878 2236 arbitrium
907 2182 1232 2250 voluntatis,
1262 2193 1442 2240 tamen
1473 2187 1587 2257 ejus
1626 2195 1866 2258 potestas
1905 2205 2012 2256 non
2041 2189 2191 2244 suffl-

602 2271 730 2336 ciat,
763 2272 867 2326 nisi
895 2273 1177 2344 adjuvetur
1211 2275 1512 2333 inﬁrmitas.
1555 2278 1675 2349 Ipsa
1705 2280 1865 2348 igitur
1904 2281 2079 2336 oratio
2108 2290 2192 2336 est

601 2365 896 2422 clarissima
924 2369 1108 2436 gratim
1137 2368 1460 2426 testiﬁcatio.
1493 2371 1616 2427 Harc
1645 2373 1733 2427 ille
1753 2372 2072 2428 conﬁteatur
2097 2373 2188 2444 qui

601 2457 853 2526 denegat,
883 2467 1088 2515 etieum
1116 2462 1408 2530 gaudemus
1454 2464 1566 2518 sive
1608 2473 1814 2520 rectum
1863 2467 1975 2520 sive
2003 2481 2189 2522 corrc-

602 2554 766 2603 Ctum.
800 2549 1179 2620 Distinguenda
1210 2566 1339 2621 ergo
1369 2553 1455 2608 lex
1486 2563 1569 2610 est
1597 2563 1652 2610 et
1675 2557 1864 2624 gratia.
1900 2556 2011 2612 Lex
2035 2557 2190 2627 juva-

603 2645 688 2693 ret
717 2639 819 2694 nisi
851 2648 994 2695 esset
1021 2643 1288 2709 voluntas,
1319 2659 1420 2700 nec
1462 2645 1631 2713 gratia
1675 2645 1890 2714 juvaret
1919 2647 2021 2702 nisi
2049 2655 2192 2704 esset

606 2729 906 2786 inﬁrmitas.
940 2730 1167 2787 Jubetur
1196 2742 1256 2788 ut
1281 2735 1507 2790 habeam
1538 2736 1867 2797 intellectum
1891 2779 1904 2804 ,
1939 2738 2029 2792 ubi.
2054 2738 2189 2793 dici-

606 2828 712 2890 tur,
746 2821 942 2879 Nolite'
960 2826 1076 2896 ﬁeri
1105 2843 1260 2898 equus
1289 2836 1338 2880 et
1384 2829 1570 2898 mulus,
1612 2837 1740 2896 etc.;
1771 2837 1825 2885 et
1853 2839 2032 2886 tamen
2062 2846 2190 2886 ora-

606 2929 725 2967 mus
754 2923 812 2967 ut
839 2915 1135 2971 habeamus
1165 2918 1522 2984 intellectmn,
1557 2921 1646 2976 ubi
1675 2921 1871 2976 dicitur
1904 2941 1915 2976 :
1949 2921 2033 2986 Da
2063 2924 2190 2978 mihi

601 3002 916 3059 intellectum
942 3015 1000 3058 ut
1019 3006 1220 3062 discam
1248 3010 1501 3064 mandata
1531 3019 1637 3065 tua.
1661 3010 1888 3070 Jubetur
1914 3023 1973 3070 ut
1999 3015 2193 3070 habea-

603 3110 723 3148 mus
750 3096 1087 3165 sapientiam,
1117 3099 1206 3154 ubi
1227 3099 1422 3155 dicitur
1447 3119 1457 3153 :
1485 3101 1667 3170 Stulti,
1691 3105 1972 3178 aliquando
1993 3108 2188 3178 sapite;

2290 1904 2509 1972 Christi,
2542 1908 2595 1962 in
2615 1922 2720 1976 qua
2748 1906 2891 1963 Deus
2914 1915 2969 1962 et
2993 1908 3158 1961 homo
3187 1906 3343 1962 nobis
3368 1921 3468 1977 per
3487 1906 3620 1962 duas
3639 1906 3877 1963 substan-

2291 2000 2394 2054 tias
2441 1999 2744 2054 declaratus
2789 2007 2903 2063 est,
2951 1997 3002 2053 in
3051 1998 3255 2076 quibus
3281 2006 3520 2053 sanctam
3563 1997 3780 2052 Mariam
3819 2005 3877 2052 et

2290 2093 2629 2170 Χριστοτόκον
2675 2099 2731 2146 et
2768 2093 3005 2148 Θεοτὸκον
3043 2089 3343 2154 exstitisse,
3393 2096 3447 2143 te
3503 2096 3780 2144 astruente
3823 2095 3880 2144 et

2290 2185 2571 2254 probante,
2603 2182 2847 2251 cognovi.
3682 2246 3688 2251 .

2363 2273 2552 2328 XXXI.
2577 2308 2648 2318 -——
2677 2273 2946 2328 Arnobius
2985 2273 3120 2327 dixit
3149 2291 3160 2325 :
3191 2271 3250 2327 Si
3277 2271 3444 2326 verba
3473 2271 3588 2341 ejus
3614 2286 3715 2343 per
3734 2284 3878 2328 com-

2293 2374 2438 2421 mata
2469 2367 2633 2420 incisa
2662 2379 2966 2433 proponere
3003 2365 3261 2430 voluero,
3294 2365 3656 2436 suspicionem
3703 2365 3880 2434 potius

2291 2472 2451 2526 quam
2480 2455 2897 2511 satisfactionem
2943 2455 3251 2510 exhibuisse
3279 2456 3520 2510 videbor.
3555 2454 3709 2511 Unde
3748 2467 3878 2511 con-

2291 2562 2481 2618 gruum
2509 2561 2702 2602 censeo
2746 2554 2820 2599 ut-
2842 2547 3107 2612 integrum
3135 2546 3234 2600 tibi
3283 2547 3400 2615 ejus
3431 2555 3715 2602 tractatum
3746 2547 3881 2602 assi-

2289 2655 2467 2711 gnem,
2499 2654 2606 2712 quo
2636 2621 2911 2694 evidenter
2938 2651 3198 2707 agnoscas
3245 2653 3367 2692 eum
3396 2637 3530 2691 duas
3571 2639 3882 2695 nativitates

2291 2732 2530 2800 duasque
2557 2729 2884 2785 substantias
2911 2728 2963 2782 in
2981 2729 3152 2790 ,unico
3176 2727 3274 2783 Dei
3302 2727 3437 2784 Filio
3465 2728 3806 2799 prtedicasse.

2293 2845 2476 2900 Sermo
2500 2844 2670 2898 sancti
2697 2842 2974 2914 Augustini
2993 2841 3239 2914 episcopi,
3255 2840 3332 2914 de
3355 2837 3642 2894 Nativitate
3662 2837 3885 2894 Domini

2806 2911 2967 2965 nostri
2987 2910 3110 2964 Iesu
3143 2910 3352 2964 Christi.

2365 3016 2392 3044 ιι
2432 3005 2682 3060 Salvator
2729 3011 2914 3059 noster
2956 3009 3109 3056 natus
3149 2999 3217 3056 de
3265 3000 3423 3056 Patre
3468 3001 3584 3055 sine
3627 3000 3734 3064 die,
3785 3011 3882 3071 per

2291 3112 2450 3168 quem
2481 3096 2652 3150 factus
2682 3101 2765 3149 est
2806 3093 2981 3149 omnis
3007 3093 3153 3158 dies,
3178 3091 3350 3146 voluit
3395 3091 3447 3145 in
3491 3099 3637 3146 terra
3679 3090 3881 3146 habere

602 3189 658 3236 et
686 3191 864 3238 tamen
895 3201 1112 3245 oramus
1140 3198 1199 3242 ut
1228 3189 1521 3246 habeamus
1553 3194 1870 3263 sapientiam
1888 3233 1902 3258 ,
1937 3196 2027 3250 ubi
2055 3196 2188 3254 (1ίοί-

2298 3187 2531 3241 natalem
2575 3186 2720 3241 hunc
2745 3185 2908 3251 diem,
2939 3199 3100 3253 quem
3127 3181 3289 3238 hodie
3329 3182 3681 3238 celebramus.
3723 3181 3882 3249 Quis-

604 3280 691 3328 tur
716 3292 728 3326 :
755 3274 816 3329 Si
845 3278 957 3346 quis
987 3287 1205 3332 vestrum
1228 3281 1428 3352 indiget
1450 3283 1727 3352 sapientia,
1753 3291 1974 3356 postulet
2001 3304 2032 3339 a
2053 3285 2185 3354 Deo,

603 3365 689 3437 qui
723 3365 814 3418 dat
841 3365 1075 3420 omnibus
1104 3369 1390 3439 afﬂuenter,
1423 3381 1473 3424 et
1500 3388 1606 3426 non
1644 3375 1982 3444 imprOperat,
2015 3386 2063 3430 et
2093 3378 2190 3432 da-

603 3458 740 3511 bitur
767 3459 834 3513 ei.
865 3457 1124 3514 .lnbemur
1151 3461 1350 3516 habere
1389 3462 1794 3531 continentiam,
1829 3467 1920 3522 ubi
1947 3467 2140 3523 dicitur
2173 3490 2184 3524 :

603 3547 823 3606 Contine
852 3552 1100 3624 teipsum;
1133 3561 1188 3610 et
1215 3562 1396 3611 tamen
1436 3565 1620 3613 oratur
1648 3567 1708 3614 ut
1734 3561 2028 3616 habeamus
2055 3577 2187 3618 con-

602 3643 901 3714 tinentiam,
936 3646 1024 3700 ubi
1055 3647 1249 3702 dicitur
1284 3667 1296 3701 :
1330 3647 1458 3705 Cum
1484 3644 1668 3706 scirem
1697 3654 1815 3726 quia
1843 3669 1990 3708 nemo
2023 3661 2188 3723 potest

600 3739 870 3794 continens
901 3756 1011 3794 esse
1034 3741 1136 3795 nisi
1157 3739 1299 3796 Deus
1325 3741 1430 3808 det,
1459 3750 1509 3797 et
1537 3743 1633 3798 hoc
1661 3744 1828 3817 ipsum
1848 3756 1960 3800 erat
1989 3746 2194 3816 sapien-

602 3830 667 3884 tis
696 3831 852 3896 scire,
885 3833 1034 3903 cujus
1073 3843 1208 3888 esset
1238 3834 1333 3888 hoc
1381 3835 1593 3901 donum,
1638 3843 1689 3889 et
1732 3838 1926 3892 accessi
1967 3838 2036 3892 ad
2078 3837 2191 3894 Do-

599 3925 816 3992 minam,
840 3933 889 3978 et
909 3925 1210 3998 deprecatug
1239 3944 1352 3998 sum
1380 3945 1512 3982 eum.
1539 3926 1846 3994 Postremo,
1880 3945 1948 3983 ne
1968 3931 2191 3984 nimium

603 4013 819 4082 longum
848 4014 918 4068 sit
941 4022 1132 4068 cuncta
1162 4030 1495 4083 percurrere,
1523 4015 1778 4083 jubemur
1801 4024 1859 4069 ut
1887 4032 1994 4069 non
2029 4015 2192 4072 facia-

603 4116 723 4156 mus
741 4102 901 4165 mala,
926 4102 1017 4156 ubi
1040 4102 1232 4156 dicitur
1258 4120 1269 4154 :
1294 4101 1517 4156 Declina
1545 4120 1577 4155 a
1600 4103 1758 4168 malo,
1782 4111 1832 4156 et
1862 4107 1946 4176 {ac
1971 4105 2190 4173 bonum;

605 4199 662 4245 et
698 4198 878 4245 tamen
921 4199 1106 4245 oratur
1150 4199 1209 4246 ut
1236 4207 1343 4246 non
1391 4191 1646 4248 faciamus
1692 4194 1922 4264 malum,
1949 4196 2038 4251 ubi
2065 4196 2194 4253 dicit

604 4278 891 4352 Apostolus
934 4298 945 4332 :
996 4277 1222 4335 Oramus
1263 4289 1434 4338 autem
1483 4283 1554 4336 ad
1599 4281 1908 4351 Dominum,
1961 4305 2026 4341 ne
2071 4291 2195 4360 quid

605 4369 725 4424 mali
765 4371 990 4442 faciatis.
1021 4363 1280 4427 Jubemur
1309 4380 1366 4428 ut
1415 4389 1523 4428 non
1572 4372 1827 4430 faciamus
1873 4378 2103 4445 malum,
2137 4389 2193 4436 et

2293 3278 2414 3347 quis
2482 3277 2623 3332 hunc
2687 3276 2828 3330 diem
2896 3275 3144 3337 miraris,
3202 3281 3461 3328 acternum
3520 3273 3716 3329 mirare
3778 3288 3881 3344 po-

2295 3369 2400 3422 tius
2439 3376 2564 3424 ante
2591 3382 2807 3423 omnem
2837 3365 2980 3420 diem
3018 3373 3453 3435 permanentem,
3497 3381 3712 3420 omnem
3739 3364 3881 3420 diem

2293 3467 2588 3524 creantem,
2619 3459 2672 3512 in
2698 3457 2786 3512 die
2811 3464 3140 3524 nascentem,
3166 3473 3222 3529 la
3265 3457 3467 3512 malitia
3511 3457 3618 3512 diei
3647 3457 3880 3513 liberan-

2295 3559 2424 3605 tem.
2457 3549 2644 3605 Adhuc
2696 3549 2894 3603 mirare
2939 3566 2950 3600 :
2983 3562 3105 3618 quae
3144 3549 3375 3618 peperit,
3412 3555 3587 3603 mater
3633 3555 3688 3603 et
3731 3547 3883 3617 virgo

2296 3651 2404 3708 est;
2435 3657 2594 3711 quem
2622 3640 2833 3712 peperit
2861 3639 3036 3694 infans
3072 3647 3126 3694 et
3153 3638 3391 3696 Verbum
3427 3646 3510 3693 est
3540 3637 3716 3710 (Joan.
3741 3655 3776 3703 ι,
3802 3637 3879 3707 l).

2297 3733 2488 3788 Merito
2529 3732 2651 3788 (ξωιί
2697 3731 2864 3786 locuti
2909 3737 3064 3795 sunt,
3095 3729 3271 3798 angeli
3317 3729 3605 3799 gratulati,
3637 3737 3884 3810 pastores

2296 3825 2480 3890 lmtati,
2515 3823 2653 3892 magi
2685 3821 2911 3887 invitati,
2943 3833 3098 3887 reges
3125 3819 3346 3885 turbati,
3378 3818 3582 3890 parvuli
3611 3817 3880 3873 coronati.

2297 3913 2480 3978 Laeta,
2513 3921 2704 3976 mater,
2738 3912 2915 3966 cibum
2946 3919 3218 3977 nostrum,
3249 3910 3389 3965 laeta
3419 3923 3608 3980 panem
3638 3908 3705 3963 de
3738 3906 3884 3963 coelo

2299 4007 2599 4061 venientem
2616 4046 2631 4071 ,
2662 4013 2717 4060 et
2745 4006 2797 4060 in
2840 4005 3104 4075 przesepio
3133 4004 3368 4075 positum
3395 4005 3542 4058 velut
3567 4003 3778 4074 piorum
3805 4001 3884 4056 ci-

2296 4100 2444 4155 baria
2468 4093 2835 4169 jumentorum
2860 4095 3010 4170 (Luc.
3028 4113 3065 4161 ι,
3092 4095 3185 4163 10;
3217 4095 3406 4150 Matth.
3438 4110 3494 4161 ιι,
3521 4095 3581 4158 l;
3612 4094 3771 4150 loan.
3799 4107 3880 4159 v1;

2297 4190 2423 4244 Luc.
2457 4188 2536 4260 ιι).
2567 4187 2681 4246 Illic
2707 4189 2851 4244 enim
2898 4191 3134 4260 cognovit
3183 4189 3271 4243 bos
3318 4203 3663 4261 possessorem
3711 4199 3878 4251 suum,

2296 4287 2472 4339 asinus
2515 4299 2742 4356 praesepe
2784 4281 2983 4338 domini
3023 4282 3104 4336 sui
3155 4280 3308 4351 (Isai.
3342 4295 3380 4345 ι,
3429 4279 3514 4350 '5);
3545 4276 3881 4335 circumcisio

2296 4379 2501 4436 scilicet
2547 4384 2602 4434 et
2649 4375 2998 4448 praeputium,
3039 4373 3360 4431 cohaerendo
3403 4370 3570 4444 lapidi
3611 4369 3880 4442 angulari,

1784 4507 1893 4563 FB.
1935 4509 2412 4568 FEU-ARDENTH
2451 4511 2679 4568 NOTAE.
3259 4552 3262 4554 -

671 4604 702 4635 ι
737 4595 962 4671 Arnohit
976 4597 1265 4671 scriptum,
1295 4610 1419 4652 cum
1464 4595 1745 4671 Augustini
1792 4616 2041 4657 sermone
2083 4604 2185 4658 im-
2213 4609 2268 4668 Ι)
2294 4604 2580 4668 Arnobius,
2611 4618 2731 4671 quae
2758 4609 2883 4658 sunt
2908 4603 2962 4656 in
2988 4600 3286 4668 Augustino
3320 4619 3332 4654 :
3367 4598 3503 4666 Quia
3523 4609 3572 4656 et
3591 4601 3733 4671 ﬁlios
3759 4617 3882 4669 pos-

601 4680 791 4742 presso
812 4666 1040 4742 Lutetia;
1079 4665 1236 4731 {571,
1266 4665 1634 4742 cum_reliquis
1657 4669 1898 4742 ejusdem
1927 4671 2187 4742 Operibus

601 4737 885 4813 diligenter
911 4737 1268 4813 conferentes,
1292 4738 1459 4792 multa
1488 4737 1839 4813 emendanda,
1863 4737 2040 4798 varias
2060 4759 2190 4813 quo-

599 4822 707 4880 que
733 4807 994 4880 lectiones
1015 4809 1069 4862 in
1097 4816 1327 4880 utroque
1351 4811 1728 4880 comperimus,
1755 4823 1875 4880 qua:
1902 4813 1987 4868 hic
2007 4807 2186 4869 brevi-

600 4876 702 4934 bus
725 4886 781 4933 et
805 4877 994 4933 ordine
1021 4876 1958 4947 consignabimusfArnobius—habet
1985 4903 1998 4936 ε
2033 4881 2188 4948 Qui»

599 4951 713 5023 quis
751 4948 1146 5023 indenmiraris;
1190 4948 1548 5023 Augustinus,
1581 4948 1824 5023 Quisquis
1871 4954 2003 5007 hunc
2049 4956 2187 5009 diem

599 5017 826 5098 miraris.
861 5019 1161 5098 Arnobius,
1175 5017 1582 5098 “Magi-limite“
1602 5017 2187 5098 ;_Au'gustinns,.Magi

598 5089 810 5163 imitati.
837 5089 1132 5163 Arnobius,
1167 5085 1268 5154 Qui
1289 5085 1398 5163 '_tibi
1424 5092 1576 5163 unius
1602 5085 2186 5163 fecunditatis;'Augti'-

598 5160 787 5232 stinus,
822 5157 922 5224 Qui
953 5162 1043 5232 tibi
1070 5175 1255 5232 munus
1285 5157 1641 5232 fecunditatis.
1675 5157 1968 5230 Arnobius,»
1993 5163 2061 5217 Ut
2080 5157 2186 5219 illic

598 5230 935 5303 procederet;
965 5229 1311 5303 Augustinus,
1347 5229 1418 5303 Ut
1455 5231 1544 5285 ille
1581 5232 1700 5285 hinc
1729 5229 2044 5303 procederet.
2083 5234 2187 5288 Ar-

601 5298 824 5370 nobius,
865 5298 1098 5370 Venit_se
1127 5303 1338 5365 testari;
1381 5298 1738 5370 Augustinus,
1775 5301 2006 5357 Venisse.
2041 5304 2184 5358 Idem

601 5364 953 5442 Augustinus,
979 5367 1246 5442 Quando,
1277 5364 1411 5442 hanc
1458 5364 1871 5442 generationem;
1919 5373 2186 5428 Arnobius

597 5436 1299 5525 ‘E‘ii‘i‘._id?2°f9‘9.9“?"d°:
1323 5436 1687 5525 ,Αυετέιιὶηυξι
1715 5441 1882 5504 Quam
1923 5445 2032 5525 ria.
2056 5444 2185 5513 ﬁdes

599 5509 808 5586 agnovit
833 5514 885 5559 et
913 5509 1106 5591 tennitg
1137 5510 1422 5576 Arnobius,
1456 5509 1590 5576 Quia
1611 5511 1741 5593 βόες
1761 5529 1882 5565 ecce
1919 5509 1976 5566 it.
2003 5509 2186 5582 Augu-

598 5581 790 5651 stinus,
815 5573 952 5651 ⁸Νρη
973 5577 1121 5651 siluit
1143 5583 1234 5651 qui
1267 5580 1501 5648 dicebat;
1534 5582 1820 5647 Arnobius,
1855 5531 1955 5646 diti
1983 5582 2189 5637 diceba-

495 5713 506 5724 ἱ
602 5655 702 5699 tur.
732 5645 937 5724 Deinde
955 5645 1193 5724 Arnobi'o
1221 5651 1445 5724 deerant
1471 5645 1565 5724 sex
1594 5645 1857 5706 dictiones
1881 5645 2025 5715 istm,
2055 5664 2188 5723 quas

600 5731 670 5770 ex
723 5718 1016 5786 Augustino
1065 5719 1440 5774 restituimus’:
1483 5721 1622 5785 Quia
1670 5739 1774 5776 non
1817 5740 1932 5777 eum
1973 5718 2181 5779 incendo

604 5790 864 5860 pt‘wcedt't.
921 5789 1225 5865 Segregata.
1283 5787 1514 5847 Carebat
1562 5809 1771 5848 rursum
1826 5795 1910 5850 his
1946 5803 2184 5869 quatuor

2294 4685 2426 4730 sent.
2458 4674 2800 4742 Augustinus,
2835 4671 3283 4726 Transcendamus
3319 4680 3369 4724 et
3405 4673 3608 4725 animas
3640 4679 3878 4742 nostras;

2295 4741 2582 4809 Arnobius,
2628 4741 2818 4796 Omnes
2867 4744 3204 4812 regitationes
3253 4750 3476 4812 nostras.
3529 4741 3883 4812 Augustinus,

2297 4814 2464 4880 Quam
2475 4814 2703 4884 nondum
2715 4811 2942 4883 perfecte
2954 4812 3173 4884 palpitat
3185 4811 3690 4884 inﬁrmusaspectus.
3715 4811 3884 4866 Arno-

2291 4886 2428 4949 bius,
2462 4882 2598 4954 Quia
2627 4882 2890 4954 perspecta
2911 4882 3132 4954 palpitat
3151 4884 3334 4954 animo
3348 4883 3590 4952 inﬁrmus
3615 4891 3874 4954 aspecti“.

2295 4900 2428 4949 unus,
2462 4900 2598 4948 ωιτη
2627 4900 3132 5007 ρενδρεοιαὲαιμιιαι
3160 4900 3334 4937 animo
3348 4900 3590 4952 mprmus
3615 4900 3874 4950 ωρσσιιω.

2295 4955 2526 5032 Bursum
2555 4953 2894 5032 desunt-ape
2959 4953 3254 5032 Arnobiutn
3283 4953 3366 5007 hac
3391 4967 3554 5032 voces
3581 4958 3704 5032 octo
3723 4991 3738 5015 ,
3771 4947 3883 5032 Per

2296 5025 2497 5089 Israel,
2527 5035 2578 5078 et
2605 5025 2718 5095 ﬁeri
2748 5021 3075 5095 Emmanuel,
3125 5022 3390 5078 nobiscum
3417 5021 3591 5095 Deus,
3621 5021 3879 5095 incuruis

2292 5090 2615 5166 infirmitate,
2645 5110 2779 5164 quas
2805 5109 2873 5149 ex
2913 5093 3208 5160 Augustino
3253 5093 3610 5163 reposuimus.
3641 5090 3882 5146 Abel-ant

2293 5173 2349 5219 et
2389 5166 2468 5220 hi8
2514 5165 2649 5230 duae,
2706 5165 2873 5233 Super
2901 5165 3103 5229 omnia;
3136 5163 3463 5233 Augustinus
3500 5177 3630 5218 vero
3668 5159 3878 5233 scribit,

2293 5182 2349 5219 et
2389 5182 2468 5220 nte
2514 5182 2649 5230 ante,
2706 5182 2873 5237 nuper
2901 5182 3103 5229 omnia;
3136 5182 3463 5233 nugusunus
3500 5182 3630 5218 vero
3668 5182 3878 5222 scrinii,

2289 5234 2417 5312 Sine
2446 5244 2609 5312 matre
2652 5251 2829 5312 super.
2849 5233 3049 5312 omnia.
3080 5234 3472 5312 Deniquehubi‘
3510 5233 3654 5312 idem
3687 5230 3873 5312 Augu-

2288 5306 2460 5360 stinus
2489 5305 2678 5368 habet,
2716 5303 2783 5357 Ut
2811 5305 2866 5357 in
2891 5305 3006 5373 ejus
3036 5303 3390 5359 misericordia
3436 5303 3502 5357 de
3539 5303 3735 5373 astutia
3763 5303 3881 5352 dia-

2289 5375 2392 5429 boli
2422 5376 2506 5444 ﬁsi
2538 5372 2927 5444 triumphemus,
2958 5373 3012 5427 in
3040 5375 3215 5430 veteri
3242 5373 3464 5430 Arnobii
3493 5372 3665 5444 nostri
3691 5382 3879 5444 euelli;

2289 5438 2432 5514 plari'
2476 5438 2704 5508 legitur,
2767 5442 2835 5496 Ut
2877 5443 2990 5514 ejus
3035 5445 3393 5514 misericordia
3439 5442 3640 5514 astutia
3683 5438 3880 5514 diaeoli

2289 5509 2442 5580 uicta,
2475 5513 2862 5582 triumphantis,
2895 5509 3002 5568 etc.
3037 5513 3116 5568 Ex
3145 5515 3228 5569 his
3255 5522 3437 5570 autem
3461 5509 3883 5583 perspicietbe-

2291 5584 2514 5654 nevolus
2555 5579 2742 5646 lector,
2772 5599 2910 5654 quos
2955 5584 3106 5640 locos
3152 5579 3562 5647 restituerimus,
3593 5579 3879 5654 'simulque

2292 5653 2559 5736 expendet
2585 5650 2845 5724 quantum
2874 5654 2938 5740 in.
2975 5655 3094 5710 aliis
3111 5655 3302 5739 .multis
3347 5652 3655 5724 bujusmodi
3683 5650 3877 5719 depra-

2297 5732 2435 5779 vatis
2463 5725 2594 5780 locis
2622 5723 2970 5782 emendandis
2999 5727 3155 5782 nobis
3181 5725 3534 5782 laborandum
3557 5721 3739 5782 fuerit.
