4246 6270
467 299 570 360 ’517

1217 296 1634 355 CONFLICTUS
1675 298 1760 354 ne
1801 300 1936 356 ι)Εο
1974 302 2181 362 "ramo
2219 262 2316 356 ET.
2346 303 2510 367 UNO,
2552 303 2698 357 me.
2740 303 2868 357 LIB.
2907 303 2972 359 11.

3617 309 3726 374 $1.8

461 426 698 486 quorum
744 411 992 490 primitiae
1039 411 1247 465 fuerunt
1292 422 1537 481 pastores
1584 422 1638 468 et
1672 415 1832 483 magi.
1884 414 2046 468 Laeta
2075 425 2117 475 _\
2151 412 2365 469 Patrem
2405 417 2727 486 sempiterno
2771 418 3036 485 genuisse,
3085 425 3138 471 et
3177 417 3366 473 Filium
3405 420 3727 492 sempiterna

464 516 592 558 eum
621 503 714 571 qui
739 503 902 556 talem
932 500 1053 556 fecit
1083 511 1134 556 te
1155 543 1168 568 ,
1203 511 1260 556 ut
1287 503 1402 573 ipse
1436 503 1587 558 ﬁeret
1621 505 1676 558 in
1719 512 1768 559 te
1787 546 1802 570 ,
1831 507 1921 573 qui
1952 507 2046 560 tibi

467 601 525 648 et
551 609 748 647 munus
776 592 1106 648 fecunditatis
1135 594 1309 650 attulit
1337 606 1646 664 conceptus,
1679 603 1734 650 et
1759 596 1920 651 decus
1941 596 2050 651 vir-

467 685 706 753 ginitatis
743 700 847 738 non
877 685 1093 739 abstulit
1129 693 1317 752 natus;
1350 688 1440 756 qui
1469 689 1568 742 sibi
1614 689 1920 758 priusquam
1951 704 2052 743 na-

468 784 729 839 sceretur,
761 784 815 830 et
834 776 974 829 diem
997 791 1100 843 qua
1130 789 1440 831 nasceretur
1467 778 1648 846 elegit.
1681 777 1748 831 Et
1777 779 1890 848 ipse
1918 795 2048 834 con-

468 869 604 924 didit
630 870 770 940 quod
801 870 979 937 elegit,
1005 878 1064 922 ut
1089 870 1176 924 ille
1199 871 1324 925 hinc
1352 871 1644 942 procederet
1663 879 1718 924 ut
1739 889 1956 942 sponsus
1984 872 2050 926 de

470 962 696 1015 thalamo
740 978 830 1018 suo
875 961 1047 1032 (Psal.
1077 979 1232 1028 xvut,
1266 961 1341 1032 6),
1374 977 1480 1031 quo
1526 963 1842 1017 mortalibus
1879 963 2050 1019 oculis

467 1061 651 1121 posset
696 1051 879 1116 videri,
931 1057 984 1103 et
1031 1059 1319 1120 augmento
1366 1051 1498 1106 lucis
1546 1067 1734 1106 annuas
1779 1068 1838 1106 se
1871 1053 2046 1108 lucem

467 1139 650 1194 mundi
675 1141 882 1195 venisse
904 1142 1093 1195 testari
1123 1141 1303 1212 (Joan.
1337 1159 1372 1208 1,
1405 1142 1482 1213 9).
1512 1141 1792 1213 Propheta:
1832 1148 2046 1201 cecine-

464 1237 588 1284 runt
616 1230 951 1286 conditorem
992 1231 1113 1286 cmli
1143 1249 1205 1287 ac
1236 1241 1390 1287 terra:
1418 1233 1471 1286 in
1503 1242 1643 1287 terra
1667 1249 1786 1288 cum
1815 1235 2048 1290 homini-

464 1322 562 1376 bus
581 1320 816 1376 futurum
836 1318 1081 1386 (Baruch.
1098 1325 1196 1392 111),
1213 1325 1430 1393 angelus
1452 1326 1714 1380 nuntiavit
1733 1325 2045 1383 Creatorem

465 1412 642 1466 carnis
669 1420 725 1466 et
744 1413 964 1481 spiritus
991 1413 1043 1466 in
1073 1429 1235 1468 carne
1264 1422 1565 1470 venturum.
1597 1416 1856 1472 Salutavit
1883 1416 2045 1472 Joan-

449 1507 562 1556 nes
608 1515 676 1555 ex
719 1508 873 1556 utero
923 1502 975 1556 in
1023 1511 1176 1558 utero
1217 1504 1578 1574 Salvatorem;
1622 1506 1837 1561 Simeon
1880 1523 2047 1565 senex

463 1591 634 1646 Deum
665 1592 885 1660 agnovit
914 1591 1206 1660 infantem;
1239 1595 1388 1649 Anna
1418 1596 1574 1650 vidua
1605 1597 1876 1666 Virginem
1920 1615 2040 1652 ma—

467 1689 602 1735 trem
632 1681 786 1752 (Luc.
839 1699 874 1747 1,
925 1682 1007 1752 11).
1057 1682 1182 1738 Hinc
1237 1695 1360 1738 sunt
1405 1686 1706 1742 testimonia
1754 1689 2046 1744 nativitatis

2149 509 2332 554 natum
2363 515 2480 554 esse
2509 502 2833 568 cogitemus,
2859 501 2903 556 si
2938 501 3209 568 valemus;
3240 503 3285 556 si
3331 519 3436 557 non
3468 504 3721 573 valemus,

2149 589 2445 644 credamus.
2491 589 2606 644 Non
2649 599 2730 644 est
2772 591 2858 645 hic
2901 591 3044 660 quod
3089 592 3269 646 dicere
3312 595 3556 648 volumus
3589 613 3602 647 :
3631 596 3724 652 sed

2149 687 2330 734 tamen
2359 696 2464 735 non
2495 689 2577 736 est
2598 681 2754 750 longe
2774 682 3004 758 positum
3028 683 3094 737 ab
3114 698 3436 758 unoquoque
3462 693 3722 741 nostrum.

2152 772 2218 827 1η
2245 774 2335 828 illo
2367 776 2503 828 enim
2548 775 2782 839 vivimus,
2812 792 3070 829 movemur
3110 783 3158 828 et
3201 792 3376 829 sumus
3426 779 3559 846 (Act.
3596 794 3721 844 xvu,

2147 863 2261 935 28).
2293 866 2752 921 Transcendamus
2781 881 2994 921 carnem
3025 875 3282 933 nostram,
3313 869 3366 921 in
3395 883 3499 936 qua
3538 885 3723 938 paren-

2151 963 2232 1010 tes
2259 963 2384 1010 ante
2414 955 2550 1010 ﬁlios
2575 958 2781 1020 vivunt,
2813 959 2936 1024 quia
2951 965 3023 1010 -ut
3043 956 3179 1011 ﬁlios
3204 966 3425 1026 possent
3465 963 3722 1025 generare

2149 1056 2450 1113 creverunt,
2481 1055 2534 1102 et
2566 1046 2685 1101 ﬁliis
2713 1048 3072 1102 crescentibus
3095 1047 3203 1116 jam
3232 1057 3536 1104 senescunt.
3580 1049 3722 1106 Non-

2150 1140 2275 1195 dum
2305 1141 2443 1194 natis
2470 1138 2589 1193 ﬁliis
2618 1147 2868 1210 parentes
2892 1142 3156 1203 vixerunt,
3181 1142 3306 1211 quia
3331 1150 3385 1198 et
3412 1143 3721 1212 parentibus

2150 1231 2374 1284 mortuis
2403 1226 2496 1282 ﬁlii
2516 1230 2706 1284 victuri
2733 1238 2874 1285 sunt.

2226 1339 2244 1370 ‹
2280 1319 2733 1374 Transcendamus
2761 1329 2815 1374 et
2844 1321 3048 1375 animas
3076 1330 3312 1387 nostras;
3336 1323 3552 1392 pariunt
3579 1326 3720 1380 enim

2150 1417 2204 1464 et
2223 1410 2368 1478 ipsae,
2401 1399 2598 1478 aliquid
2619 1411 2922 1478 cogitando,
2954 1411 3095 1480 quod
3124 1427 3301 1465 secum
3324 1413 3526 1466 habent
3552 1415 3722 1469 scien.

2149 1502 2248 1568 do;
2277 1501 2370 1556 sed
2397 1509 2621 1571 possunt
2649 1503 2892 1556 amittere
2921 1502 3299 1567 obliviscendo,
3330 1502 3451 1571 quia
3482 1519 3588 1556 non
3625 1505 3722 1559 ha-

2147 1593 2347 1648 bebant
2375 1600 2532 1645 antea
2564 1591 2850 1647 nascendo.
2874 1592 3074 1645 Cuncta
3102 1607 3346 1662 corpora,
3377 1601 3430 1646 et
3450 1601 3721 1664 tempora-

2148 1683 2237 1748 lia,
2269 1691 2324 1736 et
2351 1682 2624 1735 mutabilia
2663 1681 3115 1747 transcendamus,
3148 1689 3205 1736 ut
3248 1683 3522 1738 videamus
3561 1699 3721 1758 super

467 1778 586 1836 tute,
620 1770 846 1827 Domine
872 1771 1017 1838 Iesu,
1050 1783 1336 1844 antequam
1372 1775 1468 1830 tibi
1517 1775 1707 1832 ﬂuctus
1747 1787 2046 1854 sternet-gn-
2075 1776 2124 1836 B
2150 1773 2347 1836 omnia,
2380 1787 2478 1842 per
2499 1787 2659 1840 quem
2697 1771 2832 1825 facta
2862 1781 2984 1826 sunt
3013 1773 3211 1826 omnia.
3246 1772 3509 1828 Ascensus
3539 1781 3720 1830 noster

463 1870 548 1916 tur
575 1853 822 1928 calcanti,
847 1863 1097 1919 cederent
1120 1865 1430 1935 imperanti;
1459 1876 1744 1937 antequam
1770 1853 2044 1926 ventuste

463 1951 683 2022 iubente
711 1953 958 2019 siluisset,
992 1962 1232 2009 mortuus
1261 1965 1314 2010 te
1341 1963 1570 2012 vocante
1607 1959 1827 2014 Vixisset
1857 1960 2036 2032 (Joan.

361 2067 364 2070 ’
461 2043 562 2112 x1),
592 2037 675 2098 Sol
701 2053 755 2098 te
781 2046 1042 2100 moriente
1069 2046 1344 2115 palluisset
1368 2087 1384 2112 ,
1412 2056 1551 2103 terra
1580 2058 1890 2118 resurgente
1928 2059 2040 2107 tre-

467 2134 713 2197 muisset,
743 2136 932 2190 cmlum
973 2143 1028 2190 te
1072 2137 1396 2191 ascendente
1433 2139 1720 2207 patuisset;
1752 2147 2040 2208 antequam

465 2223 576 2278 ista
604 2231 660 2278 et
687 2224 786 2277 alia
813 2226 1068 2280 mirabilia
1093 2227 1205 2294 jam
1229 2227 1479 2296 juvenilis
1520 2230 1594 2283 tui
1613 2231 1854 2301 corporis
1881 2239 2043 2287 celate

464 2312 706 2369 fecisses.
732 2315 913 2372 Adhuc
941 2319 1242 2386 portabaris
1271 2319 1323 2373 in
1352 2321 1595 2376 manibus
1619 2323 1825 2387 matris,
1851 2331 1906 2376 et
1929 2321 2042 2391 jam

465 2405 722 2461 Dominus
750 2408 892 2462 orbis
939 2410 1351 2477 agnoscebaris;
1382 2411 1494 2480 ipse
1520 2427 1655 2481 puer
1682 2413 1937 2482 parvulus
1972 2427 2044 2468 ex

465 2496 664 2551 semine
689 2496 853 2551 Israel
877 2491 1033 2568 (Isai.
1065 2499 1168 2570 ιχ),
1207 2509 1262 2555 et
1289 2498 1403 2571 ipse
1430 2503 1711 2557 nobiscum
1738 2501 1881 2558 Deus
1908 2501 2040 2556 Em-

460 2586 674 2640 manuel
704 2585 760 2656 (Ι
762 2589 858 2640 sai.
893 2586 1007 2656 v11).

530 2694 550 2726 ι
583 2675 719 2744 Quae
747 2684 804 2730 et
830 2678 1005 2745 qualis
1030 2687 1113 2733 est
1147 2679 1238 2733 illa
1266 2682 1546 2748 generatio
1579 2680 1903 2748 Salvatoris,
1931 2697 2040 2751 qua

453 2766 695 2835 gignenti
745 2765 891 2821 Patri
939 2777 1238 2823 coaeternus
1277 2777 1360 2823 est
1400 2771 1598 2825 Filius?
1637 2771 1861 2837 Quando
1902 2773 2042 2826 hanc

456 2859 866 2926 generationem
894 2872 959 2912 ex
990 2858 1207 2926 Virgine
1245 2860 1474 2914 mundus
1502 2863 1734 2930 expavit,
1769 2879 1928 2930 quam
1952 2865 2041 2933 pia

457 2945 595 3002 fides
621 2947 842 3016 excepit
869 2957 923 3002 et
953 2949 1141 3014 tenuit,
1174 2949 1458 3004 inﬁdelitas
1499 2959 1678 3006 autem
1725 2953 1908 3018 irrisit,
1952 2970 2042 3009 su.

457 3035 651 3102 perbia
679 3036 860 3089 timuit
903 3039 1192 3105 superata?
1219 3037 1472 3104 Quasnam
1499 3051 1581 3094 est
1617 3041 1705 3094 illa
1749 3045 2042 3111 generatio,

2150 1863 2205 1916 in
2231 1862 2394 1917 corde
2420 1869 2519 1926 est,
2544 1862 2668 1930 quia
2695 1869 2749 1916 et
2777 1862 2902 1916 illud
2927 1877 3034 1931 quo
3058 1863 3388 1919 ascendimus
3407 1880 3576 1936 prope
3604 1874 3719 1934 est;

2148 1954 2307 2022 longe
2333 1963 2511 2008 autem
2540 1953 2606 2008 ab
2645 1969 2711 2009 eo
2732 1970 2930 2020 sumus,
2959 1955 3013 2009 in
3039 1965 3294 2026 quantum
3323 1957 3605 2014 dissimiles
3633 1975 3720 2014 su-

2147 2061 2285 2100 mus.
2320 2045 2569 2100 Ascendit
2598 2059 2725 2114 ergo
2755 2046 2820 2100 ad
2849 2062 2970 2101 eum
3014 2064 3108 2102 sua
3149 2049 3439 2104 similitudo
3467 2065 3625 2120 quam
3667 2053 3719 2110 in

2149 2135 2302 2190 nobis
2330 2134 2454 2189 fecit
2499 2143 2552 2189 et
2603 2136 2814 2203 refecit,
2847 2138 2970 2206 quia
2999 2146 3277 2208 perspecta
3305 2140 3528 2210 palpitat
3557 2142 3718 2198 animi

2149 2225 2388 2280 inﬁrmus
2446 2234 2716 2295 aspectus,
2771 2235 2824 2280 et
2876 2227 3193 2299 ineffabilem
3243 2230 3529 2284 candorem
3585 2232 3718 2288 lucis

2145 2325 2356 2370 aeternze
2372 2333 2478 2371 non
2494 2325 2671 2386 potest
2686 2317 2897 2372 intueri.
2915 2317 3077 2389 Cujus
3097 2333 3226 2388 ergo
3245 2318 3502 2388 fulgorem
3529 2321 3718 2378 mentis

2146 2407 2287 2460 acies
2314 2407 2546 2460 nondum
2577 2408 2719 2476 capit
2753 2425 2765 2459 :
2799 2406 3191 2463 Generatiouem
3218 2411 3329 2480 ejus
3357 2413 3469 2481 quis
3501 2429 3717 2466 enarra-

2147 2495 2219 2548 bit
2245 2494 2400 2565 (Isai.
2428 2495 2577 2563 Lm)?
2603 2495 2707 2551 Sed
2742 2496 2962 2551 Verbum
2986 2515 3107 2552 caro
3149 2501 3340 2570 factum
3369 2509 3467 2565 est,
3497 2511 3546 2554 et
3574 2501 3716 2555 habi-

2145 2587 2275 2638 tavit
2301 2587 2355 2639 in
2384 2584 2531 2640 nobis
2558 2585 2734 2657 (Joan.
2764 2588 2826 2657 1).
3271 2653 3282 2669 ο

2223 2696 2242 2728 r
2277 2677 2427 2733 Hanc
2453 2692 2582 2746 ergo
2609 2679 3031 2746 generationem,
3060 2679 3210 2747 cujus
3235 2679 3549 2734 hodiernum
3577 2679 3716 2737 cele~

2145 2771 2363 2823 bramus
2391 2770 2564 2835 diem;
2597 2771 2761 2834 hanc,
2793 2772 2844 2824 in
2874 2786 2978 2839 qua
3006 2771 3254 2838 dignatus
3281 2779 3364 2826 est
3409 2773 3594 2826 venire
3622 2787 3717 2841 per

2146 2859 2324 2924 Israel,
2358 2866 2412 2912 et
2438 2859 2550 2912 ﬁeri
2597 2857 2932 2922 Emmanuel,
2966 2859 3243 2913 nbbiscum
3269 2859 3428 2926 Deus,
3461 2860 3513 2913 in
3543 2861 3716 2921 carnis

2146 2947 2472 3016 infirmitate,
2502 2964 2611 3003 non
2639 2949 2916 3002 nobiscum
2946 2949 2998 3002 in
3023 2947 3198 3004 cordis
3223 2949 3503 3018 iniquitate
3527 2967 3541 3015 ;
3571 2965 3716 3007 acce-

2145 3042 2276 3096 dens
2302 3042 2368 3097 ad
2393 3057 2490 3112 nos
2514 3057 2612 3111 per
2635 3041 2684 3094 id
2706 3041 2851 3108 quod
2879 3042 3164 3111 assumpsit
3180 3057 3245 3097 ex
3273 3050 3475 3109 nostro,
3501 3052 3557 3097 et
3583 3042 3716 3097 libev

459 3138 569 3201 qua
613 3126 670 3179 in
715 3127 969 3198 principio
1016 3135 1126 3181 erat
1173 3127 1394 3184 Verbum
1435 3131 1574 3201 apud
1614 3131 1799 3200 Deum,
1825 3144 1874 3188 et
1903 3135 2040 3190 Deus
2067 3141 2112 3200 (ζ
2144 3147 2269 3187 rans
2298 3147 2397 3186 nos
2423 3146 2520 3204 per
2546 3131 2597 3185 id
2618 3131 2762 3201 quod
2801 3133 2998 3187 mansit
3023 3133 3078 3186 in
3102 3147 3201 3186 suo
3229 3132 3482 3203 (visitavit
3518 3133 3714 3204 quippe

458 3223 576 3270 erat
630 3215 849 3271 Verbum
894 3217 1073 3286 (Joan.
1119 3236 1155 3286 1,
1201 3219 1296 3292 l)?
1322 3219 1471 3288 Quod
1513 3230 1594 3278 est
1639 3224 1740 3280 hoc
1779 3224 2034 3295 Verbum,

455 3308 602 3376 quod
625 3308 865 3363 dicturus
891 3318 1052 3366 antea
1081 3327 1185 3365 non
1215 3313 1425 3377 silebat,
1455 3329 1563 3382 quo
1590 3315 1735 3371 dicto
1759 3333 1866 3372 non
1894 3320 2041 3374 siluit

457 3400 549 3468 qui
589 3400 908 3455 dicebatur?
943 3402 1058 3457 Hoc
1097 3411 1180 3458 est
1217 3404 1448 3460 Verbum
1491 3407 1606 3462 sine
1642 3415 1914 3480 tempore,
1943 3427 2041 3482 per

349 3500 360 3509 ‘
459 3491 601 3558 quod
628 3490 766 3545 facta
794 3500 918 3546 sunt
948 3501 1218 3564 tempora;
1247 3495 1480 3552 Verbum
1505 3499 1648 3568 quod
1677 3501 1814 3556 labia
1841 3503 2039 3558 nullius

458 3582 665 3649 aperuit
689 3592 944 3652 emptum,
975 3585 1229 3642 clausitve
1255 3587 1481 3644 ﬁnitum.
1505 3590 1741 3648 Verbum
1769 3595 1915 3662 quod
1936 3595 2036 3650 ini-

459 3669 589 3724 tium
618 3687 722 3726 non
753 3673 917 3728 habet
935 3689 1002 3729 ex
1028 3691 1121 3730 ore
1148 3677 1496 3746 loquentium,
1529 3688 1584 3734 et
1611 3683 1780 3750 aperit
1808 3698 1900 3738 ora
1925 3700 2037 3740 mu-

459 3767 660 3826 terum;
687 3761 922 3820 Verbum
965 3765 1110 3833 quod
1149 3766 1343 3835 linguis
1369 3769 1607 3838 gentium
1653 3770 1879 3826 desertis
1925 3790 2032 3830 non

458 3847 534 3913 ﬁt,
565 3859 621 3905 et
650 3851 858 3919 linguas
900 3853 1178 3910 infantium
1217 3857 1444 3912 disertas
1484 3857 1627 3914 facit.
1669 3860 1924 3926 Quaenam
1952 3872 2034 3920 est

458 3939 547 3994 illa
573 3946 842 4007 generatio
861 3986 876 4011 ,
907 3948 996 4000 cui
1025 3945 1184 4001 Pater
1223 3950 1499 4004 moriendo
1542 3968 1647 4007 non
1676 3955 1875 4022 credit,
1907 3958 2032 4026 quia

463 4045 571 4084 non
616 4046 736 4086 eum
777 4035 1006 4091 vivendo
1054 4037 1324 4106 praecedit,
1356 4051 1631 4110 segregata
1681 4045 1747 4098 ab
1787 4047 2034 4102 omnibus

460 4118 703 4175 locorum
740 4123 1044 4190 intervallis,
1074 4135 1482 4198 temporumque
1511 4133 1727 4201 spatiis,
1758 4149 1918 4202 quam
1947 4137 2034 4192 vel

459 4207 515 4262 in
543 4207 751 4272 diebus,
795 4213 880 4266 vel
920 4215 971 4268 in
1020 4217 1336 4285 corporibus
1379 4221 1578 4276 sentire
1623 4226 2031 4280 consuevimus?

456 4296 722 4357 [acvemus
748 4302 813 4356 ad
841 4319 981 4369 eum,
1004 4316 1263 4376 quantum
1283 4310 1400 4382 ipso
1422 4312 1706 4382 adjuvante
1728 4330 2027 4384 possumus,

454 4391 689 4446 animam
735 4403 1003 4462 nostram,
1035 4398 1082 4452 si
1108 4413 1214 4467 quo
1241 4401 1402 4456 modo
1447 4417 1641 4472 capere
1683 4406 1951 4462 valeamus
1977 4415 2032 4462 et

2143 3224 2400 3281 Dominus
2428 3240 2611 3280 servos
2639 3239 2765 3280 suos
2804 3240 2902 3296 per
2929 3225 3210 3281 mortalem
3240 3223 3628 3290 inﬁrmitatem,
3657 3231 3715 3280 ut

2141 3332 2236 3372 eos
2263 3318 2460 3373 liberos
2483 3317 2683 3373 taceret
2724 3333 2821 3388 per
2850 3318 3339 3373 incommutabilem
3368 3315 3670 3385 veritatem)
3695 3332 3711 3380 ;

2140 3409 2278 3464 hanc
2303 3415 2430 3480 ergo
2458 3411 2857 3479 generationem
2877 3451 2892 3477 ,
2936 3411 3088 3480 cujus
3127 3417 3412 3479 utrumque
3439 3424 3605 3479 capax
3635 3414 3715 3462 est

2139 3499 2369 3554 humana
2391 3501 2677 3568 fragilitas;
2695 3516 2802 3556 non
2819 3501 2964 3556 illam
2983 3515 3101 3569 qua:
3120 3502 3234 3557 sine
3256 3509 3496 3569 tempore
3512 3505 3714 3563 manet,

2138 3591 2254 3645 sine
2279 3597 2452 3643 matre
2479 3605 2640 3657 super
2660 3592 2840 3644 omnia
2858 3629 2873 3653 ,
2901 3590 2999 3644 sed
3038 3591 3195 3643 istam
3221 3604 3340 3656 quae
3377 3591 3432 3644 in
3473 3597 3714 3656 tempore

2137 3681 2274 3736 facta
2295 3687 2376 3734 est
2388 3680 2502 3733 sine
2522 3678 2682 3731 Patre
2702 3679 2842 3732 inter
2855 3679 3053 3739 omnia.
3075 3677 3228 3730 Hunc
3243 3677 3477 3745 Virginis
3497 3677 3708 3740 Filium,

2135 3779 2190 3824 et
2213 3770 2473 3837 virginum
2493 3781 2767 3836 sponsum,
2790 3767 2857 3820 de
2877 3767 3182 3834 incorrupta
3204 3776 3374 3821 matre
3403 3773 3710 3823 nascentem

2135 3878 2189 3922 et
2217 3865 2603 3935 incorruptibili
2645 3865 2872 3920 veritate
2917 3863 3193 3928 fetantem,
3231 3864 3528 3929 laudemus,
3560 3879 3709 3920 ame-

2134 3981 2271 4030 mus,
2305 3964 2603 4029 adoremus,
2629 3971 2688 4018 ut
2716 3963 2768 4017 in
2797 3961 2913 4031 ejus
2933 3960 3296 4017 misericordia
3323 3959 3402 4017 ﬁsi
3423 3961 3490 4016 de
3513 3963 3707 4017 astutia

2133 4067 2332 4124 diaboli
2358 4067 2494 4122 victa
2525 4066 2926 4136 triumpbemus.
2959 4061 3211 4118 Diabolus
3230 4061 3297 4117 ad
3325 4077 3424 4118 nos
3441 4060 3710 4132 decipien-

2133 4169 2232 4222 dos
2268 4175 2517 4237 corrupta
2547 4165 2774 4221 feminea
2813 4171 2994 4219 mente
3033 4162 3301 4232 subrepsit
3327 4181 3339 4215 :
3369 4161 3610 4217 Christus
3639 4161 3706 4216 ad

2133 4283 2232 4323 nos
2257 4267 2560 4325 liberandos
2588 4267 2896 4334 incorrupta
2926 4263 3153 4319 feminea
3193 4264 3354 4320 etiam
3392 4276 3553 4318 carne
3579 4276 3707 4332 pro-

2135 4370 2312 4432 cessit,
2344 4369 2433 4438 qui
2463 4375 2548 4422 est
2592 4366 2906 4421 benedictus
2935 4378 3058 4418 cum
3083 4361 3243 4418 Patre
3267 4370 3326 4417 et
3359 4361 3562 4432 Spiritu
3586 4377 3711 4416 san-

456 4489 640 4536 natum
669 4500 774 4538 non
812 4463 1223 4555 praevenientem
1266 4494 1357 4560 qui
1397 4463 1583 4562 gignit,
1635 4503 1689 4548 et
1727 4497 2029 4565 gignentem
2057 4489 2111 4550 D
2134 4477 2221 4523 θίο
2251 4468 2304 4522 in
2332 4467 2524 4522 ⁵³⁸³1³
2553 4466 2890 4528 smculomm’
2915 4463 3104 4565 AmeP'

457 4587 567 4627 non
593 4575 1002 4648 subsequentem
1040 4582 1129 4650 qui
1164 4572 1415 4652 gignitur,
1452 4584 1664 4640 Patrem
1705 4596 1759 4641 et
1805 4589 2025 4657 Filium;

455 4676 557 4726 nec
584 4660 744 4722 Pater
767 4668 966 4736 pariter
993 4686 1091 4725 nec
1116 4671 1280 4727 Filius
1309 4674 1526 4742 pariter,
1560 4683 1614 4728 et
1648 4677 1849 4745 pariter
1873 4689 2028 4735 teter-

451 4767 569 4809 nus.
601 4754 719 4812 Non
748 4767 1032 4828 utrumque
1069 4772 1440 4830 generantem,
1467 4782 1573 4821 non
1609 4776 1890 4838 utrumque
1929 4789 2024 4827 na-

449 4853 709 4908 Icentem,
740 4850 835 4904 sed
875 4851 1097 4906 alterum
1135 4854 1261 4928 sine
1289 4856 1458 4911 altero
1495 4873 1600 4913 non
1643 4860 1924 4928 viventem,
1971 4873 2026 4919 et

2206 4565 2414 4622 XXXII.
2439 4599 2509 4609 -
2535 4565 2795 4635 Serapion
2832 4564 2968 4647 dixit
2997 4583 3009 4618 :
3041 4561 3381 4619 Satisfaetum
3409 4575 3528 4616 esse
3563 4558 3707 4616 desi-

2132 4669 2282 4724 derio
2311 4683 2432 4722 meo
2461 4667 2651 4720 fateor.
2675 4665 2816 4719 Vere
2845 4665 2987 4719 enim
3017 4671 3070 4718 et
3091 4665 3220 4718 duas
3239 4671 3477 4729 naturas,
3503 4669 3558 4717 et
3577 4661 3710 4722 duas

2128 4769 2452 4824 substantias
2476 4766 2752 4821 evidenter
2778 4765 3024 4820 asseruit.
3048 4763 3197 4819 Nune
3216 4772 3276 4818 ut
3297 4765 3550 4820 radicitus
3575 4761 3708 4818 mihi

2128 4869 2384 4922 evellatur
2413 4866 2587 4918 omnis
2615 4864 2904 4930 cunctatio,
2921 4860 3136 4935 probari
3166 4863 3309 4933 apud
3336 4878 3422 4918 me
3441 4862 3597 4930 cupio
3616 4869 3706 4932 ιεί

1631 4971 1740 5024 FR.
1783 4973 2261 5032 FEU—ARDENTII
2298 4973 2522 5029 NOTIE.

527 5062 551 5089 °
580 5052 761 5127 Ex_bis
786 5071 895 5109 non
926 5057 1064 5127 male
1093 5049 1218 5112 mihi
1240 5060 1488 5127 colligere
1518 5061 1700 5115 videor
1718 5061 2022 5119 conﬂictum

453 5123 616 5196 istum
645 5123 860 5196 Arnobii
906 5133 963 5180 et
989 5125 1296 5196 Serapionis
1337 5123 1422 5182 vel
1451 5129 1658 5193 initum,
1710 5132 1792 5186 vel
1836 5135 2025 5188 saltem

451 5192 720 5264 scriptum
732 5194 892 5249 fuisse
906 5192 1232 5264 temporibus
1257 5196 1494 5264 ejusdem
1513 5192 1828 5254 sanctissimi
1855 5210 1910 5254 et
1929 5203 2024 5256 do-

449 5262 671 5336 ctissimi
685 5262 894 5336 Poenis
921 5262 1093 5336 papae.
1122 5262 1476 5336 superiorum
1497 5268 1635 5320 enim
1676 5269 1808 5336 ejus,
1836 5279 1892 5322 ut
1921 5271 2023 5324 Da-

449 5331 584 5385 masi
603 5339 659 5385 et
677 5330 970 5393 Celestini,
994 5330 1260 5398 meminit,
1293 5335 1430 5388 ultra
1460 5334 1654 5391 Leonis
1679 5330 1887 5393 aetatem
1918 5357 2021 5394 non

447 5402 806 5481 progreditur,
851 5409 1111 5472 praeterea
1139 5403 1393 5481 ejusdem
1407 5421 1570 5474 opera
1609 5416 1663 5459 et
1690 5410 1882 5462 siccqu
1923 5410 2025 5481 Ne-

447 5470 597 5544 stori_i
618 5470 784 5544 labes
817 5470 1010 5544 magna
1039 5487 1108 5544 ei;
1133 5470 1285 5544 parte
1311 5470 1506 5544 deleta,
1552 5490 1794 5544 peneque
1820 5480 2023 5532 exstin-

449 5545 535 5612 cta
559 5538 700 5612 fuit;
727 5538 960 5609 denique
989 5538 1193 5596 nullu'm
1223 5543 1364 5596 aliud
1407 5538 1616 5612 tempus
1643 5538 1873 5601 occurrit
1904 5548 2025 5602 huic

450 5605 798 5690 disputationi
825 5605 996 5690 magis
1024 5620 1203 5680 aptum
1225 5621 1280 5667 et
1302 5605 1664 5690 commodum.
1690 5614 1854 5690 Paulo
1883 5626 2023 5690 post,

451 5677 541 5738 ubi
562 5677 778 5748 legitur,
808 5688 867 5733 ut
890 5677 1262 5767 altoquerentur
1293 5681 1606 5750 Orientales,
1633 5700 1737 5738 non
1753 5677 1899 5739 male
1918 5677 2025 5741 for;

2131 5081 2228 5120 san
2256 5065 2537 5133 legeretur,
2581 5073 2637 5116 ut
2665 5063 3024 5133 attoqueretur.
3055 5059 3278 5133 Scripsit
3303 5060 3446 5133 enim
3475 5057 3540 5111 ad
3575 5057 3703 5133 Fla-

2134 5128 2345 5207 vianum
2367 5128 3016 5207 Constantinopolitanum
3058 5128 3457 5182 celeberrimam
3503 5129 3703 5207 episto-

2131 5203 2514 5274 lamiadversus
2542 5201 2854 5274 Eutychetis
2881 5211 3108 5274 errores,
3132 5210 3257 5274 qua:
3279 5209 3346 5274 ’δέ
3371 5201 3591 5274 cunctis
3613 5212 3705 5274 oru-

2131 5273 2379 5342 thodortis
2406 5272 2458 5325 in
2481 5261 2708 5326 concilio
2728 5261 3452 5342 Chalcedonensilaudataet
3479 5267 3703 5342 probata

2131 5341 2265 5404 fuit;
2296 5341 2509 5412 deinde,
2552 5355 2761 5412 rursum
2807 5345 2861 5412 et
2889 5336 2969 5412 ad_
2998 5329 3702 5412 alios_0rienta__les,ivideli-

2130 5419 2234 5473 cet,
2255 5402 2335 5463 ad
2359 5402 2532 5479 ipsum
2561 5407 2886 5479 Eutychetis,
2907 5403 2972 5479 ad
2994 5402 3702 5479 Anastasiumﬂ'l‘bessalonif

2130 5465 2395 5544 censem,‘
2431 5479 2499 5532 ad
2545 5465 2848 5532 Anatolium
2874 5465 3580 5544 'ConstantinOpolitanum,
3631 5474 3702 5530 ad

2131 5541 2416 5603 Maximum
2463 5546 2849 5599 Antiochenum
2895 5541 3225 5610 episcopum,
3261 5541 3338 5597 ad
3366 5544 3510 5610 ipsos
3537 5544 3700 5597 etiam

2131 5561 2416 5603 maximum
2463 5561 2849 5599 antiocnenum
2895 5561 3225 5610 episcopum,
3271 5561 3382 5597 aut
3423 5561 3510 5599 sos
3537 5561 3700 5597 euam

2128 5616 2358 5673 Orientis
2384 5619 2571 5682 imper.
2599 5610 2974 5682 Theodosium,
2999 5609 3350 5682 Marcianum,
3383 5561 3616 5667 tenuem
3644 5617 3704 5664 et

2133 5681 2502 5745 Pulcheriam’;
2533 5681 2762 5748 denique
2799 5688 2855 5734 et
2883 5681 2950 5735 ad
2976 5681 3261 5737 concilium
3294 5681 3616 5754 Ephesinun
3641 5685 3700 5737 οι
