4246 6264
645 351 750 408 519

1963 345 2234 402 ARNOBII
2269 345 2568 402 JUNIORIS

3791 348 3894 402 520

645 464 904 520 Dominus
940 480 1090 520 meus
1127 464 1210 520 vir
1236 463 1560 533 apostolicus
1603 463 1712 518 Leo
1739 477 1878 533 papa
1929 461 2211 518 venerabi-
2239 464 2288 525 Α
2313 467 2426 516 tum
2453 469 2536 516 est
2576 477 2607 515 a
2641 461 2918 515 catholicis
2953 460 3238 532 episcopis,
3271 460 3316 515 is
3353 473 3508 515 error
3549 459 3786 528 inolevit,
3829 475 3891 518 ut

645 553 709 610 lis
736 555 941 624 priores
966 568 1092 608 suos
1118 553 1172 606 in
1191 553 1291 606 hac
1309 561 1462 622 parte
1489 559 1703 608 secutus
1729 559 1844 616 est,
1875 558 1936 606 ut
1972 552 2214 621 alloque-

643 652 792 700 retur
816 641 1114 697 Orientales
1139 658 1353 698 suarum
1386 643 1731 713 epistolamm
1759 643 1990 712 scriptis.
2016 675 2088 686 —
2117 645 2216 699 Ar-

643 735 835 790 nobius
871 733 1042 788 dixit:
1075 733 1272 803 Accipe
1309 734 1437 803 quid
1483 735 1789 805 apostolicae
1826 735 2216 790 recordationis

643 824 724 879 vir
767 837 907 892 papa
951 823 1272 878 venerabilis
1318 823 1578 880 Damasus
1623 825 1692 879 ad
1745 832 1989 880 sanctum
2044 825 2217 879 virum

643 912 923 968 Paulinum
952 919 1147 970 sanctae
1173 915 1444 987 memoria:
1474 924 1500 952 ι
1529 911 1878 970 Antiochensi
1901 915 2046 970 urbis
2073 916 2214 970 anti-

640 1003 820 1060 stitem
844 1003 1135 1074 scripserit,
1168 1012 1228 1059 ut
1253 1018 1545 1075 cognoscas
1582 1006 1804 1074 antiquo
1843 992 1943 1060 usu
1971 1015 2215 1064 sanctum

638 1102 696 1150 et
712 1094 1128 1164 eruditissimw
1150 1097 1318 1151 virum
1338 1112 1531 1168 papam
1546 1095 1783 1152 Leonem
1802 1094 1870 1150 ad
1889 1087 2217 1154 revocandas

637 1185 706 1240 ab
734 1201 918 1241 errore
946 1185 1209 1243 Ecclesias
1237 1188 1305 1242 ad
1333 1186 1632 1242 Orientales
1658 1187 1867 1241 litteras
1895 1185 2209 1244 destinasse.

707 1275 947 1346 Cumque
985 1277 1099 1332 haec
1123 1277 1346 1333 dixisset
1386 1277 1674 1342 Arnobius,
1703 1277 1924 1348 protulit
1950 1278 2210 1344 codicem,

639 1383 707 1424 ex
734 1383 844 1437 quo
869 1369 1150 1423 recitatum
1178 1377 1260 1424 est
1287 1369 1395 1424 sic:
1759 1357 1761 1360 ’
2001 1422 2005 1428 ,
2181 1421 2188 1426 .

716 1477 736 1510 ι
772 1459 1128 1514 Dilectissimo
1156 1459 1308 1513 lratri
1337 1444 1578 1523 Paulino,
1603 1459 1878 1513 Damasus.
1912 1457 2017 1514 Per
2041 1460 2213 1529 ipsum

637 1548 804 1604 ﬁlium
831 1564 1008 1603 meum
1036 1548 1266 1603 Vitalem
1289 1548 1357 1603 ad
1385 1557 1438 1602 te
1464 1548 1720 1618 rescripta
1746 1547 2066 1613 direxeram,
2094 1564 2213 1618 quae

636 1646 740 1692 tunc
770 1639 1028 1692 voluntati
1056 1646 1111 1693 et
1133 1637 1334 1706 judicio
1362 1638 1538 1693 omnia
1559 1637 1950 1706 derelinquens,
1976 1637 2004 1676 δ
2033 1646 2088 1692 et
2115 1653 2213 1709 per

636 1727 944 1784 Petronium
988 1728 1360 1799 presbyterum
1387 1729 1623 1783 breviter
1648 1728 2009 1784 indicaveram
2046 1744 2132 1785 me
2157 1730 2212 1784 in

2316 551 2531 621 quidam
2582 560 2604 587 ο
2654 567 2749 606 ore
2796 552 3056 619 sacrilego
3106 551 3367 605 auderent
3410 550 3592 605 dicere
3639 550 3892 621 Spiritum

2316 652 2558 698 sanctum
2607 643 2805 697 factum
2852 659 2971 698 esse
2999 658 3096 712 per
3123 642 3350 707 Filium,
3383 643 3894 703 anathematizamus

2317 748 2410 788 eos
2434 733 2525 802 qui
2551 741 2802 788 non'tota
2833 733 3082 794 libertate
3115 733 3448 816 proclamant
3477 732 3735 802 Spiritum
3773 753 3894 791 san-

2317 833 2461 879 ctum
2492 840 2614 879 cum
2658 823 2817 878 Patre
2845 833 2900 878 ct
2926 824 3064 879 Filio
3093 825 3249 879 unius
3277 827 3560 902 potestatis
3589 842 3709 883 esse
3737 837 3895 898 atque

2316 911 2646 968 substantizc;
2665 913 3192 993 Anathematizamus
3211 928 3426 984 quoque
3447 930 3541 970 eos
3560 917 3654 984 qui
3677 917 3895 974 Sabellii

2316 1013 2611 1075 sequuntur
2639 1021 2908 1071 errorem,
2939 1005 3186 1060 eumdem
3231 1005 3472 1062 dicentes
3514 1005 3732 1062 Patrem
3779 1026 3896 1065 esse

2315 1111 2476 1166 quem
2504 1105 2560 1151 et
2588 1096 2800 1150 Filium.
2833 1095 3357 1151 Anatbematizamus
3385 1097 3570 1152 Arium
3599 1105 3764 1169 atque
3791 1100 3896 1156 Eu-

2315 1189 2576 1253 nomium,
2598 1189 2690 1257 qui
2718 1189 2830 1258 pari
2862 1189 3140 1258 impietate
3168 1185 3314 1259 (licet
3351 1204 3599 1246 sermone
3627 1191 3892 1265 dissimili)

2314 1278 2506 1334 Filium
2535 1287 2591 1334 et
2617 1279 2874 1350 Spiritum
2907 1288 3150 1334 sanctum
3189 1288 3433 1336 asserunt
3452 1295 3570 1336 esse
3597 1293 3888 1340 creaturas.

2315 1370 2837 1426 Anathematizamus
2878 1370 3314 1437 Macedonianos,
3346 1372 3437 1440 qui
3473 1372 3540 1426 de
3585 1373 3696 1428 Arii
3723 1377 3893 1446 stirpe

2312 1447 2607 1526 venientes,
2638 1479 2744 1517 non
2773 1459 3052 1531 perﬁdiam
3073 1469 3368 1524 mutavere,
3391 1460 3484 1516 sed
3513 1477 3726 1518 nomen.
3751 1463 3892 1520 Ana-

2313 1551 2716 1606 thematizamus
2745 1550 3054 1614 Photinum,
3085 1552 3177 1619 qui
3223 1550 3476 1606 Hebionis
3520 1553 3770 1610 bzcresim
3809 1556 3892 1611 in-

2312 1648 2577 1706 staurans,
2609 1640 2891 1695 Dominum
2917 1639 3097 1697 Jesum
3118 1639 3387 1695 Christum
3407 1649 3618 1696 tantum
3637 1659 3705 1699 ex
3727 1644 3891 1703 Maria

2313 1728 2528 1800 Virgine
2555 1730 2857 1786 conﬁtetur.
2908 1731 3435 1786 Anathematizamus
3479 1747 3575 1787 eos
3619 1734 3712 1802 qui
3759 1735 3893 1792 duos

633 1819 860 1874 articulo
889 1819 1001 1888 jam
1041 1819 1388 1889 profectionis
1415 1819 1532 1888 ejus
1577 1819 1751 1887 aliqua
1781 1834 1855 1888 ex_
1874 1827 2029 1888 parte
2055 1836 2206 1876 com-
2238 1826 2286 1887 Β
2313 1819 2448 1876 ﬁlios
2493 1829 2757 1887 asserunt,
2786 1838 2949 1876 unum
2996 1829 3121 1876 ante
3159 1822 3370 1888 saecula,
3401 1809 3464 1876 et
3500 1823 3728 1878 alterum
3774 1835 3892 1896 post

631 1919 857 1965 motum.
892 1910 1041 1966 Unde
1070 1927 1138 1965 ne
1166 1919 1258 1965 aut
1284 1911 1381 1966 tibi
1409 1910 1690 1980 scrupulus
1715 1910 2000 1975 resideret,
2030 1920 2085 1966 et
2111 1927 2208 1970 v0—

631 2001 802 2056 lentes
825 1999 1050 2055 forsitan
1078 1999 1328 2056 Ecclesiae
1353 2000 1591 2069 copulari
1614 2007 1704 2054 tua
1727 1999 1905 2054 cautio
1934 2000 2203 2069 probandi!

631 2087 888 2151 diﬁ‘erret,
920 2088 1077 2143 ﬁdem
1105 2097 1342 2146 nostram
1382 2089 1641 2154 misimus,
1675 2094 1917 2144 nontam
1947 2089 2070 2152 tibi,
2114 2080 2210 2161 qui

629 2180 868 2251 ejusdem
899 2181 1022 2236 ﬁdei
1046 2182 1424 2237 communione
1450 2181 1691 2248 sociaris,
1723 2196 1881 2250 quam
1910 2181 1994 2237 his
2019 2183 2112 2250 qui
2151 2183 2204 2237 in

629 2289 694 2330 ea
722 2273 1135 2340 subscribentes,
1166 2275 1280 2341 tibi,
1312 2274 1365 2329 id
1390 2282 1473 2328 est
1506 2273 1681 2338 nobis,
1721 2287 1819 2342 per
1846 2281 1900 2326 te
1942 2269 2206 2327 voluer’int

627 2364 852 2433 sociari,
897 2376 920 2406 ε
951 2366 1294 2423 dilectissime
1333 2366 1517 2422 frater.
1565 2365 1701 2433 Quia
1754 2375 1875 2435 post
1920 2366 2204 2420 concilium

627 2454 921 2522 Nicaenum,
943 2453 973 2495 ἀ
1002 2465 1058 2513 et
1075 2458 1221 2529 quod
1248 2457 1380 2514 urbe
1405 2456 1574 2513 Roma
1603 2457 1887 2518 concilium
1909 2441 2203 2526 congrega-

2289 1905 2730 1982 assumptionem
2776 1911 2952 1967 carnis
2998 1927 3067 1966 ex
3093 1910 3330 1980 Virgine.
3365 1911 3892 1970 Anathematizamus

2311 2015 2403 2056 eos
2430 2003 2521 2070 qui
2547 2019 2644 2072 pro
2676 2003 2906 2058 hominis
2934 2001 3111 2055 anima
3141 2000 3448 2057 rationabili
3476 2010 3533 2057 et
3572 2003 3890 2084 intelligibili

2301 2093 2490 2152 (licunt
2512 2094 2610 2150 Dei
2636 2095 2871 2150 Verbum
2902 2087 3419 2148 in'bumana'carne
3447 2102 3739 2164 versatum,
3773 2111 3892 2154 cum

2284 2189 2290 2195 ’
2329 2202 2422 2256 pse
2450 2187 2616 2243 Filius
2643 2189 2713 2241 sit
2740 2187 2977 2243 Verbum
3005 2185 3122 2251 Dei,
3153 2194 3209 2240 et
3236 2201 3342 2240 non
3387 2201 3486 2256 pro
3515 2187 3690 2240 anima
3723 2176 3892 2243 ratio-

2311 2277 2417 2331 nali
2457 2285 2512 2332 et
2558 2276 2871 2345 intelligibili
2919 2276 2971 2330 in
3019 2290 3118 2330 suo
3156 2290 3384 2346 corpore
3429 2275 3634 2330 fuerit:
3666 2276 3766 2332 sed
3791 2292 3892 2332 no-

2310 2376 2504 2432 stram,
2554 2367 2606 2420 id
2653 2373 2762 2431 est,
2814 2363 3188 2418 rationabilem
3235 2373 3292 2420 et
3337 2365 3725 2433 intelligibilem
3776 2367 3892 2426 sine

2307 2467 2526 2529 peccato
2553 2457 2784 2511 animam
2820 2455 3114 2525 susceperit
3151 2462 3313 2523 atque
3349 2456 3654 2512 salvaverit.
3691 2457 3711 2494 ί
3748 2457 3892 2512 Ana-

1820 2566 1929 2622 FR.
1971 2565 2449 2623 FEU-ARDENTII
2484 2567 2708 2622 NOTAE.

624 2677 1057 2735 Chalcedonense
1085 2679 1139 2733 in
1182 2676 1400 2733 Oriente
1428 2677 1696 2732 celebrata
1725 2677 1982 2746 plurimas
2010 2686 2066 2732 et
2103 2677 2201 2733 do-

623 2749 888 2805 ctissimas
904 2749 1161 2804 adversus
1187 2747 1416 2804 haereses
1441 2745 1774 2814 emergentés
1794 2762 1891 2816 per
1928 2745 2200 2802 Orientem

622 2819 878 2890 epistolas
904 2820 1068 2884 misit,
1098 2833 1216 2890 qua:
1244 2819 1383 2873 inter
1403 2825 1595 2873 cetera
1619 2815 1819 2887 scripta
1839 2815 1954 2884 ejus
1976 2817 2203 2887 impres-

621 2887 696 2942 sa:
723 2887 1045 2944 referuntur.

694 2966 721 2994 ι
745 2955 880 3011 Cum
922 2958 1250 3026 temporibus
1273 2957 1487 3011 Damasi
1528 2956 2026 3026 summipontiﬁcis
2064 2958 2201 3012 alter

622 3025 1080 3095 Paulinusigfuerit
1121 3027 1492 3089 Antiocheam,
1525 3026 1662 3080 alter
1700 3025 1937 3094 ejusdem
1983 3041 2199 3095 quoque

622 3095 852 3176 nominis
880 3093 1366 3176 Thessalonicensis
1392 3095 1656 3176 _Ecclesia3
1701 3093 2089 3176 epichpus,:_et
2109 3093 2195 3176 ad

622 3173 904 3232 utrumque
933 3165 1189 3220 Damasus
1216 3165 1468 3234 epistolas
1506 3163 1794 3234 scripserit,
1819 3163 2197 3218 addubitarunt

621 3234 951 3288 nonnulli-ad
980 3249 1138 3302 quem
1166 3233 1356 3288 horum
1380 3233 1580 3294 directa
1609 3233 1784 3298 fuerit,
1809 3247 1928 3301 qua:
1957 3234 2042 3287 hic
2062 3234 2196 3288 cita-

621 3310 710 3357 tur
736 3303 852 3370 ejus
880 3304 1124 3372 epistola.
1158 3303 1374 3372 Verum,
1406 3310 1514 3357 tam
1536 3317 1619 3372 _es
1657 3303 1759 3357 hoc
1787 3302 2008 3372 Arnobii
2038 3303 2193 3372 testi-

618 3373 824 3436 monio,
853 3370 1012 3442 quam
1036 3388 1103 3427 ex
1131 3371 1472 3426 Theodoreto
1501 3370 1640 3442 (Lib.
1678 3387 1730 3442 v,
1757 3388 1802 3424 c.
1837 3371 1921 3436 10,
1957 3371 2040 3437 ll,
2081 3370 2188 3442 175),

619 3450 768 3512 patet
805 3439 1294 3512 adAntiochenum
1335 3439 1595 3512 scriptam,
1617 3439 1821 3512 fuiSseA:
1854 3442 2071 3512 tametsi
2098 3439 2189 3495 Ni-

2304 2688 2353 2732 et
2376 2687 2585 2751 anteet
2604 2688 2778 2751 postea
2807 2679 3132 2748 conﬁtentur.
3170 2676 3468 2751 Quicunque
3498 2680 3615 2733 huic
3653 2685 3891 2750 epistolas

2301 2749 2615 2804 subscribere
2642 2750 2874 2812 uoluerit,
2911 2751 2985 2802 ita
3025 2757 3192 2802 tamen
3231 2757 3285 2801 ut
3314 2752 3368 2802 in
3387 2749 3770 2807 ecclesiasticos
3791 2769 3891 2809 ca-

2302 2835 2481 2883 nones,
2494 2817 2620 2890 quos
2640 2820 3002 2890 optimenosti,
3019 2828 3066 2890 et
3087 2820 3139 2870 in
3156 2817 3428 2890 Nicwnam
3443 2819 3596 2888 ﬁdem
3618 2831 3740 2874 ante
3765 2825 3888 2876 sub-

2301 2887 2584 2959 scripserit,
2598 2887 2730 2941 hunc
2754 2887 2960 2959 habebis
2979 2887 3168 2959 absque
3189 2889 3360 2959 aliqua
3381 2887 3712 2959 ambiguitate
3726 2896 3892 2946 susci-

2302 2975 2437 3031 pere.
2474 2957 2598 3012 Non
2624 2959 2758 3028 quod
2782 2958 2890 3031 lucc
2910 2959 3042 3027 ipsa,
3074 2957 3186 3031 qua:
3213 2957 3305 3031 nos
3334 2957 3622 3021 scribimus,
3653 2976 3762 3031 non
3793 2979 3892 3031 po-

2303 3029 2460 3100 tueris
2506 3028 2900 3081 convertentium
2937 3028 3246 3100 susceptioni
3275 3029 3720 3100 proponere;_sed
3748 3028 3889 3100 quod

2307 3095 2396 3150 tibi
2424 3113 2702 3166 consensus
2743 3106 2916 3151 noster
2967 3095 3179 3150 liberum
3223 3095 3280 3150 in
3319 3095 3644 3166 suscipiendo
3682 3095 3888 3166 tribuat

2303 3166 2612 3236 exemplum.
2645 3165 2912 3236 Hactenus
2941 3166 3216 3236 Damasus,
3243 3163 3468 3234 epi'stola
3504 3165 3571 3219 ad
3600 3163 3885 3226 Paulinum

2303 3232 2713 3291 Antiochenum.
2741 3235 2994 3302 Sequitur
3023 3235 3235 3289 ibidem.
3277 3232 3294 3234 “
3505 3249 3508 3254 ’

2301 3302 2566 3375 Professio
2595 3306 2859 3358 catholica:
2878 3306 3022 3375 ﬁdei,
3049 3321 3200 3374 quam
3217 3305 3427 3375 scripsit
3450 3303 3708 3358 Damasus
3737 3305 3882 3360 Past-

2477 3375 2582 3428 lino
2607 3377 2843 3444 episcopo
2875 3372 3252 3444 Thessalonica
3289 3372 3342 3436 in
3370 3372 3697 3428 Macedonia.

2377 3461 2395 3512 ι
2432 3442 2565 3507 Quia
2613 3442 2733 3512 post
2774 3442 3058 3496 Conciliuln
3096 3442 3548 3512 Niczcnumtetc”
3582 3462 3600 3492 s

618 3499 882 3582 ecphorns
896 3511 1102 3582 diserte
1123 3512 1320 3582 scribat
1345 3499 1490 3564 illam
1529 3511 1745 3582 missam
1772 3510 1945 3582 fuisse
1956 3511 2024 3582 ad
2055 3511 2193 3565 Pau-
2219 3499 2267 3564 C
2296 3499 2598 3582 referuntur
2616 3499 2692 3564 'ah
2721 3511 2977 3582 Arnobio,
3011 3512 3229 3580 insuper
3251 3520 3305 3565 et
3334 3499 3757 3582 a'Thco'doréto,
3785 3499 3874 3569 lib.

619 3579 783 3637 lin'um
809 3583 863 3636 in
891 3581 1202 3638 Macedonia
1227 3581 1560 3650 episcopum,
1597 3580 1687 3648 qui
1716 3580 1878 3634 etiam
1906 3579 2192 3635 Thessalo-

617 3651 751 3708 nica:
777 3652 968 3718 fuerat,
1001 3652 1092 3706 lib.
1126 3668 1214 3716 xu,
1247 3650 1492 3721 cap.__l§.
1533 3650 1908 3721 lnqnovissima
1939 3651 2196 3721 concilio-

617 3737 733 3777 rum
761 3717 1014 3786 editione,
1047 3717 1494 3786 Venetiis,'4585,
1527 3719 1675 3790 prior
1701 3720 1949 3790 epistolae
1969 3736 2092 3788 pars
2114 3720 2195 3774 di-

617 3791 805 3861 rigitur
867 3791 1200 3846 Antiocheno
1225 3808 1271 3861 ;_
1305 3789 1592 3861 posteriOg,
1652 3789 1801 3861 cujus
1840 3789 2058 3861 initium
2089 3797 2190 3855 est,

616 3858 753 3923 Quia
780 3869 894 3928 post
921 3863 1193 3916 concilium
1218 3858 1515 3924 Nicwnum,
1544 3858 2024 3915 Thessalonicensi.

683 3928 711 3969 δ
741 3927 818 3984 lta
846 3932 1176 3987 restituimus
1195 3946 1261 3985 ex
1287 3931 1535 3994 Damaso,
1563 3929 1909 3996 delemusque
1929 3943 1997 3982 ex
2023 3927 2193 3982 veteri

614 3996 836 4054 Arnobii
857 4001 1058 4064 codice,
1091 4010 1139 4052 et
1166 4010 1213 4053 te
1231 4000 1464 4053 Petrum.

687 4080 711 4108 ε
740 4067 839 4122 Hic
868 4070 1031 4122 multa
1067 4068 1426 4138 praetermittit
1454 4065 1738 4138 Arnobius,
1771 4079 1890 4134 quae
1927 4064 1980 4118 in
2003 4071 2191 4138 eadem

614 4138 827 4206 Damasi
857 4132 1086 4206 epistola
1102 4138 1471 4206 continenturl
1487 4132 1896 4206 referunturque
1919 4141 2070 4206 toqmo
2091 4135 2194 4202 pri-

613 4201 1070 4260 moConciliorum
1080 4204 1498 4274 generalium.Et
1517 4203 1771 4274 quoniam
1787 4201 1855 4257 a‘d
1866 4201 1986 4274 ﬁdei
1997 4201 2192 4258 nostra:

613 4273 1394 4345 conﬁrmationem’plurimum
1441 4273 1756 4345 conf_erunt,_
1779 4289 1883 4345 non
1925 4273 2191 4345 ingratum

614 4345 717 4400 erit
732 4345 834 4415 piis
853 4360 917 4400 ac
935 4342 1186 4415 studiosis
1207 4344 1516 4406 lectoribus,
1535 4343 1581 4398 si
1595 4357 1658 4396 ea
1679 4342 2079 4415 subjeccrimus.
2101 4342 2192 4398 Se-

613 4411 792 4534 quitur
837 4429 964 4482 ergo
1004 4433 1020 4497 ξ
1056 4414 1382 4483 Quapropter
1419 4430 1463 4466 st
1490 4411 1834 4496 supradictus
1867 4413 2189 4496 ﬁlius‘meus

668 4484 808 4534 italis
848 4492 896 4534 et
931 4501 1015 4534 aut
1057 4500 1169 4534 cum
1210 4499 1269 4534 eo
1313 4491 1431 4534 sunt
1463 4483 1552 4534 tibi
1592 4482 1844 4534 voluerint
1890 4499 2184 4534 aaareaan.

668 4484 808 4554 italis
848 4492 896 4554 et
931 4486 1015 4554 qui
1057 4482 1178 4536 cum
1210 4482 1276 4536 eo
1313 4483 1554 4554 sunttibi
1577 4482 1844 4554 uoluerint
1890 4484 2184 4554 aggregari,

613 4553 831 4624 primum
860 4542 1040 4605 debent
1060 4553 1115 4624 in
1141 4569 1202 4624 ea
1229 4553 1549 4624 expositione
1568 4542 2189 4624 ﬁdeisubscrib'EreJquie

612 4620 752 4743 πω
774 4620 826 4674 Ν
830 4624 1008 4702 icteam
1036 4623 1124 4691 pia
1150 4620 1369 4674 Patrum
1397 4620 1655 4704 voluntate
1677 4622 1886 4703 ﬁrmata
1912 4629 2006 4675 est.
2027 4620 2188 4703 Dein-

680 4730 695 4743 .
717 4706 958 4743 quantum
1005 4708 1150 4743 nemo
1192 4700 1356 4743 potest
1387 4693 1572 4743 futuris
1592 4727 1594 4729 ›
1611 4689 1902 4743 vulneribus
1944 4690 2186 4743 adhibere

613 4689 695 4754 de,
717 4692 958 4773 quoniam
1005 4689 1150 4746 nemo
1191 4700 1356 4763 potest
1385 4689 1902 4762 futurisvulneribus
1944 4690 2186 4762 adhibere

611 4761 937 4833 medicinam,
967 4779 1028 4815 ea
1057 4762 1264 4833 haeresis
1303 4761 1623 4816 eradicanda
1649 4769 1744 4833 est,
1785 4778 1900 4833 quia
1925 4769 2103 4832 postea
2129 4763 2185 4815 in

517 4863 520 4865 ·
612 4827 824 4920 Quae“
843 4831 1458 4920 ειίείτυτηξιιιυέεξεεςίέά.
1475 4841 1570 4920 es"
1602 4827 2064 4920 astusastus
2091 4847 2182 4920 £4,-
2210 4860 2262 4920 υ

609 4903 819 4972 pientia,
844 4904 953 4972 ipse
972 4918 1154 4965 sermo,
1175 4901 1341 4973 Filius
1365 4902 1459 4956 Dei
1483 4903 1761 4973 humanum
1775 4901 2058 4973 suscepisse
2078 4917 2187 4954 cor-

608 4988 722 5039 pus,
746 4971 990 5044 animam,
1011 4988 1232 5044 sensum,
1255 4972 1310 5024 id
1329 4981 1424 5035 est,
1448 4974 1702 5044 integrum
1721 4971 1907 5044 Adam,
1921 4971 1969 5024 et
1991 4973 2068 5041 (ut
2093 4986 2188 5044 ex-

609 5046 831 5110 pressius
851 5043 1041 5109 dicam)
1065 5051 1223 5096 totum
1239 5051 1449 5096 veterem
1476 5041 1705 5097 nostrum
1731 5043 1841 5095 sine
1867 5049 2072 5111 peccato
2100 5041 2188 5094 Ito-

608 5113 814 5168 minem.
858 5113 1022 5169 Sicuti
1073 5114 1209 5167 enim
1235 5113 1530 5181 conﬁtentes
1557 5129 1669 5167 eum
1697 5112 1974 5164 humanum
2003 5126 2184 5181 corpus

609 5187 903 5253 suscepisse,
940 5200 1043 5238 non
1063 5185 1238 5238 statim
1263 5184 1309 5235 ei
1333 5179 1385 5236 et
1409 5182 1659 5236 humanas
1687 5183 1921 5235 vitiorum
1943 5179 2185 5253 adj-unyi-

608 5265 720 5319 mus
741 5250 1023 5319 passiones,
1065 5254 1142 5306 ita
1179 5262 1228 5306 et
1257 5252 1475 5306 dicentes
1502 5267 1616 5306 eum
1648 5253 1927 5319 suscepisse
1951 5259 2000 5302 et
2020 5250 2186 5303 homi-

610 5318 689 5369 nis
719 5318 944 5374 animam
966 5331 1016 5375 et
1035 5339 1257 5388 sensum,
1281 5339 1384 5376 non
1410 5324 1585 5380 statim
1605 5318 1817 5373 dicimus
1838 5327 1887 5372 et
1909 5320 2182 5388 cogitatio-

609 5401 732 5439 num
777 5405 893 5462 eum
930 5392 1271 5462 humanarum
1311 5392 1628 5462 subjacuisse
1673 5398 1898 5462 peccato.
1958 5390 2018 5462 S_i
2069 5390 2180 5462 quis

611 5465 779 5510 autem
807 5458 995 5512 dixerit
1024 5475 1041 5511 :
1089 5460 1306 5532 Verbum
1332 5456 1423 5532 pro
1450 5456 1693 5532 Ιιιιηιᾳ-ηόΔ
1705 5475 1855 5532 sensu
1883 5460 1936 5510 in
1969 5456 2182 5532 Domini

610 5540 768 5580 carne
805 5537 1074 5592 versatum,
1109 5531 1243 5583 hunc
1276 5527 1531 5586 catholica
1567 5528 1802 5583 Ecclesia
1839 5527 2188 5581 anathemati-

610 5605 725 5669 sat;
757 5613 954 5669 necnon
982 5607 1031 5651 et
1049 5613 1135 5651 eos
1162 5597 1248 5669 qui
1282 5600 1338 5652 in
1372 5601 1642 5656 Saluatore
1679 5600 1818 5668 ﬁlios
1852 5599 2180 5667 conﬁtentur,

609 5665 665 5718 id
674 5676 783 5740 Δεει,
814 5668 974 5721 alium
990 5676 1116 5740 ante
1142 5665 1568 5740 incarnationem,
1590 5678 1639 5723 et
1665 5665 1824 5740 alium
1849 5665 1962 5740 post
1985 5682 2185 5740 a_ss_ttm-

613 5737 835 5806 ptionem
853 5739 1026 5794 carnis
1046 5755 1110 5794 es
1146 5737 1374 5810 Virgine,
1399 5749 1574 5796 etnon
1612 5736 1961 5796 eumdem'Dei
1990 5736 2186 5794 Filium

2295 3595 2491 3666 vLcap.
2526 3580 2624 3666 15,
2643 3590 2698 3666 et
2725 3580 3045 3666 Dicephoro,
3080 3582 3170 3666 lib.
3204 3597 3294 3661 xii,
3319 3596 3436 3650 cap.
3471 3580 3559 3645 18,
3589 3596 3656 3634 ex
3682 3583 3876 3650 quibus

2295 3651 2534 3718 signatos
2559 3652 2762 3720 aliquot
2789 3651 2938 3707 locos
2965 3650 3382 3705 emendavimus.

2335 3719 2390 3800 _d
2413 3720 2734 3800 _Hoc_to_tum
2780 3720 3021 3800 incisum,
3051 3734 3215 3800 usque
3244 3718 3328 3800 ad.
3352 3719 3501 3783 illud,
3532 3721 3578 3800 is
3605 3736 3750 3773 error
3793 3722 3876 3775 in—

2295 3791 2465 3854 olevit,
2500 3792 2735 3845 additum
2775 3789 2985 3844 videtur
3025 3789 3091 3843 ab
3130 3789 3388 3852 Amobio,
3415 3789 3665 3856 quoniam
3693 3803 3872 3856 neque

2293 3859 2878 3938 apud.T_heodﬁoretum,
2911 3858 3261 3938 nequeapud
3291 3857 3664 3938 Nicephorum,
3693 3873 3871 3938 neque

2257 3977 2262 3982 .
2293 3925 2346 3982 in
2377 3929 2601 3996 epistola
2628 3929 2858 3991 Damasi,
2887 3925 3009 3996 quac
3033 3936 3117 3982 est
3143 3925 3195 3980 in
3228 3935 3374 3997 tomo
3404 3925 3574 3997 primo
3600 3925 3871 3982 Concilio-

2291 3995 2430 4060 rum,
2463 3997 2671 4063 legitur.
2703 3995 2964 4066 (Jmterum
2994 4013 3025 4050 a
3057 3996 3270 4051 concilii
3307 3995 3516 4066 Nican
3531 4004 3783 4066 tempore
3805 3997 3873 4053 ad

2293 4066 2576 4120 Damasum
2607 4064 2774 4134 usque
2801 4066 3027 4134 plurima
3072 4066 3298 4124 concilia
3329 4065 3511 4121 Romae
3543 4073 3732 4120 coacta
3761 4064 3874 4120 fue-

2291 4145 2414 4189 runt
2446 4153 2458 4187 :
2490 4136 2720 4205 primum
2748 4136 2847 4189 sub
2874 4134 3164 4205 Sylvestro,
3207 4144 3483 4205 praesente
3514 4134 3872 4205 Constantino

2290 4202 2534 4274 augusto,
2583 4206 2635 4258 in
2664 4219 2772 4272 quo
2819 4220 2852 4274 a7
2890 4202 2996 4256 275
3039 4202 3303 4274 episcopis
3348 4202 3723 4274 conﬁrmatum
3773 4204 3872 4258 fuit

2289 4271 2541 4344 quidquid
2583 4271 2771 4330 Pati-es
2813 4271 3739 4344 Niczenideﬁnierant._Secundum
3769 4274 3868 4344 sub

2290 4340 2500 4407 eodem,
2533 4344 2975 4399 convenientibus
3001 4343 3069 4395 67
3098 4350 3209 4402 aut,
3241 4350 3299 4396 ut
3327 4342 3415 4395 alii
3447 4342 3651 4406 volunt,
3677 4341 3748 4394 84
3777 4340 3870 4396 Pa-
3927 4365 3934 4375 -

2291 4415 2458 4469 tribus
2487 4422 2541 4469 et
2567 4413 2876 4478 Sabellium,
2909 4413 3110 4476 Arium,
3149 4411 3432 4466 Photinum
3467 4411 3864 4466 damnantibus.

2291 4483 2528 4539 Tertium
2559 4485 2752 4538 iterum
2773 4483 2872 4537 sub
2899 4483 3107 4546 eodem,
3131 4480 3235 4534 ΞΜ
3263 4481 3546 4550 episcopis,
3571 4480 3625 4534 in
3647 4481 3868 4536 thermis

2289 4553 2603 4608 Domitianis
2627 4553 2981 4621 congregatis.
3001 4550 3258 4616 Quartum
3286 4550 3384 4604 sub
3411 4549 3573 4614 Julio,
3593 4558 3868 4621 trecento-

2287 4639 2404 4676 rum
2433 4624 2702 4692 sexdecim
2727 4619 3119 4692 épiscoporum,
3161 4621 3252 4688 qui
3283 4635 3478 4692 omnes
3499 4634 3593 4674 eos
3620 4619 3714 4692 qui
3743 4634 3864 4674 cum

2289 4693 2416 4748 Ario
2443 4689 2985 4748 sentiebant—rursum
3026 4689 3366 4754 damnarunt,
3397 4689 3745 4743 Athanasium
3774 4703 3864 4743 ve-

2287 4778 2349 4817 ro
2379 4763 2671 4817 innumeris
2716 4760 2994 4814 calumniis
3040 4767 3308 4820 vexatum,
3353 4759 3420 4813 ab
3467 4759 3532 4812 iis
3559 4758 3874 4812 absolutum"

2287 4833 2341 4886 in
2370 4832 2798 4888 communionem
2838 4827 3593 4899 receperunt._Quintumisub
3634 4827 3860 4881 Damaso

2287 4903 2577 4970 nonaginta
2617 4897 3006 4970 episc0porum,
3051 4899 3143 4967 qui
3170 4897 3520 4970 Ariminensis
3547 4897 3859 4970 conventus

2285 4965 2594 5042 Symbolum
2615 4965 3021 5042 damna—verunt,
3052 4965 3370 5042 rursumque
3394 4967 3608 5042 decreta
3636 4965 3858 5042 Nicena:

2286 5034 2787 5111 comprobaverunt.
2831 5037 3210 5111 _S_cxtu_m_s_ub
3257 5034 3465 5111 eodem
3489 5034 3753 5111 Damaso,
3804 5034 3856 5111 in

2285 5127 2392 5180 quo
2410 5103 2726 5180 'Apollinarii
2749 5117 2802 5163 et
2830 5107 3096 5180 '[imothei
3115 5108 3352 5180 hmreses
3377 5106 3605 5180 publicis
3622 5103 3856 5180 decretis

2285 5172 2498 5236 fuerunt
2525 5181 2786 5235 damnatae
2817 5178 3072 5247 (Sozam,
3103 5175 3218 5229 libr.
3264 5193 3334 5240 γι,
3376 5172 3422 5228 c.
3466 5175 3574 5240 9.5;
3621 5172 3856 5247 Tlteodo-

2286 5262 2404 5314 ret.,
2432 5252 2521 5305 lib.
2549 5267 2602 5314 ιι,
2635 5267 2680 5302 c.
2707 5243 2832 5314 (23)(
2852 5247 2925 5299 Dc
2953 5260 3059 5313 quo
3082 5253 3263 5314 autem
3293 5247 3481 5300 horum
3504 5243 3851 5314 conciliorum

2233 5317 2240 5320 ’
2286 5311 2607 5376 Ιιίοέετίιιειι
2649 5311 2934 5380 Arnobius,
2973 5311 3217 5370 studioso
3255 5315 3442 5371 lectori
3480 5311 3853 5384 inquirendtun

2283 5391 2630 5513 relbngggobii
2651 5455 2927 5525 exemplar
2954 5463 3123 5525 vetus,
3145 5473 3290 5510 more
3314 5456 3586 5525 sacrilego.

2360 5527 2379 5566 ί
2413 5526 2694 5595 Nicephori
2741 5519 3004 5595 interpres
3037 5544 3048 5577 :
3083 5524 3182 5589 Qui
3213 5527 3389 5580 dicunt
3433 5519 3654 5578 Verbum
3695 5519 3791 5574 Dei
3818 5535 3851 5595 a

2286 5599 2446 5652 Patre
2489 5593 2787 5650 eaitensione
2813 5605 2861 5649 et
2885 5593 3243 5650 contractione
3274 5601 3596 5665 segregatum
3634 5608 3769 5665 esse,
3800 5593 3852 5639 et

2286 5667 2557 5722 subsistere
2585 5666 2638 5718 id
2663 5683 2765 5719 non
2798 5675 3076 5736 possetaut
3099 5667 3184 5736 qui
3212 5661 3374 5736 ﬁnem
3403 5661 3458 5717 id
3484 5680 3631 5718 suum
3653 5661 3849 5716 habilu~
3915 5689 3925 5700 ο

2288 5754 2399 5794 rum
2420 5753 2530 5793 esse
2557 5734 2912 5796 blasphemant
2933 5734 3070 5802 (Lib.
3097 5734 3186 5799 in,
3219 5753 3266 5788 c.
3300 5735 3408 5804 18).
3437 5791 3474 5808 ⁸

3634 3457 3756 3510 qua:
3796 3443 3880 3500 hic
3958 3493 3964 3502 .
