4246 6270
448 377 548 472 εει

1403 371 1878 468 corruamus"
1915 379 1982 436 IN
2019 375 2767 436 PSALMOS.-ADMONIT10.

3608 359 3726 424 529'

391 532 395 534 -
450 469 868 552 thematizamus
912 507 1006 549 eos
1051 487 1143 563 qui
1189 464 1425 549 Verbum
1467 464 1563 548 Dei
1612 493 1804 548 Filium
1848 498 2037 562 esten-5
2064 496 2116 556 Α
2143 499 2326 558 tatem,
2381 496 2732 562 potestatem,
2775 481 3145 566 majestatem,
3184 477 3509 551 potentiam,
3549 493 3710 535 unam

452 588 628 654 sione,
658 593 754 641 aut
776 585 1110 649 collectione,
1152 593 1208 639 et
1233 600 1264 638 a
1293 583 1453 640 Patre
1483 592 1809 653 separatum,
1852 582 2034 637 insub-

453 678 768 743 stantivum,‘
797 684 852 731 et
880 676 1039 732 ﬁnem
1064 676 1370 730 habiturum
1399 691 1518 732 esse
1545 674 1894 730 contendunt.
1927 673 2035 728 Eos

455 778 639 824 autem
680 769 770 840 qui
816 754 891 822 ab.
928 765 1180 825 Ecclesiis
1225 767 1292 820 ad
1341 766 1605 822 Ecclesias
1650 767 2032 834 migraverunt,

396 861 404 909 Τ
455 861 643 916 tandiu
686 876 716 914 a
743 858 1121 915 communione
1149 866 1334 912 nostra
1375 859 1636 915 habemus
1675 858 1908 922 alienos,
1939 855 2036 910 do-

397 961 403 970 '
457 967 563 1008 nec
587 950 656 1006 ad
682 965 774 1006 eas
802 949 1059 1004 redierint
1093 949 1340 1004 civitates
1369 949 1421 1002 in
1449 949 1642 1016 quibus
1669 949 1778 1002 sint
1803 949 2036 1018 primum

371 1106 373 1108 ,
457 1042 753 1100 constituti.
803 1039 955 1106 Quod
996 1041 1040 1094 si
1090 1040 1211 1109 quis
1257 1039 1410 1104 alius,
1453 1040 1558 1094 alio
1600 1037 2032 1108 transmigrante,

457 1144 486 1174 ι
533 1133 606 1189 ἱη’
634 1133 810 1200 locum
864 1131 1091 1184 viventis
1139 1115 1414 1184 ordinatus
1460 1139 1574 1192 est,
1632 1130 1814 1184 tandiu
1871 1138 2027 1184 vacet

454 1222 742 1283 sacerdotii
797 1213 1054 1290 dignitate
1098 1222 1190 1290 qui
1243 1235 1395 1275 suam
1450 1221 1680 1276 deservit
1728 1221 2034 1285 civitatem,

456 1314 693 1386 quandiu
721 1327 1002 1368 successor
1029 1311 1423 1380 ejus'quiescat
1452 1313 1503 1365 in
1547 1312 1791 1367 Domino.
1823 1310 1881 1366 Si
1919 1312 2041 1380 quis

459 1419 564 1461 non
594 1403 790 1459 dixerit
818 1417 1029 1472 semper
1075 1401 1308 1467 Patrem,
1341 1387 1554 1472 semper
1580 1402 1792 1467 Filium,
1825 1418 2040 1472 semper

457 1495 716 1565 Spiritum
764 1501 1006 1548 sanctum
1052 1483 1215 1547 fuisse
1258 1499 1314 1546 et
1355 1507 1494 1556 esse,
1543 1493 1823 1558 argthema
1863 1493 1950 1546 sit.
1982 1491 2040 1546 Si
2081 1488 2109 1496 ”

460 1587 580 1654 quis
619 1599 729 1638 non
769 1571 966 1638 dixerit
1000 1581 1193 1635 Filium
1238 1589 1420 1635 natum
1449 1581 1516 1636 de
1544 1580 1721 1646 Patre,
1753 1583 1806 1636 id
1832 1590 1932 1647 est,
1973 1582 2042 1638 de

466 1675 760 1731 substantia
789 1672 969 1727 divina
998 1671 1180 1740 ipsius,
1212 1673 1499 1726 anathema
1530 1673 1616 1726 sit.
1648 1671 1676 1711 δ
1703 1671 1759 1726 Si
1789 1673 1909 1742 quis
1933 1689 2042 1728 non

465 1765 659 1820 dixerit
703 1762 940 1817 Verbum
986 1760 1196 1816 Domini
1248 1757 1443 1816 Filium
1481 1753 1597 1826 Dei,
1626 1761 1810 1829 [Deum
1857 1778 2039 1817 verum

462 1857 602 1912 sicut
636 1851 850 1906 Patrem
886 1850 1020 1919 ejus,
1049 1859 1105 1906 et
1133 1851 1310 1906 omnia
1349 1867 1529 1921 posse,
1561 1859 1618 1906 et
1656 1853 1836 1907 omnia
1862 1867 2041 1917 nosse,

464 1945 751 1998 anathema
780 1943 866 1996 sit.
924 1941 980 1996 Si
1021 1941 1140 2010 quis
1167 1941 1360 1995 dixerit
1401 1942 1545 2010 quod
1574 1942 1628 1995 in
1657 1957 1818 1997 carne
1845 1943 2047 1997 consti-

466 2041 618 2088 tutus
642 2033 807 2087 Filius
845 2031 939 2086 Dei
967 2047 1089 2086 cum
1115 2039 1263 2106 esset
1299 2032 1352 2086 in
1399 2041 1572 2097 terra,
1623 2034 1679 2087 in
1726 2033 1877 2089 caelis
1923 2050 2046 2089 cum

472 2121 638 2178 Patre
665 2139 768 2178 non
797 2130 939 2185 erat,
971 2123 1262 2195 anathema
1304 2123 1392 2177 sit.
1435 2122 1490 2177 Si
1521 2125 1642 2192 quis
1669 2124 1866 2179 dixerit
1905 2124 2047 2194 quod

475 2215 530 2268 in
561 2213 805 2283 passione
831 2213 999 2267 crucis
1027 2211 1270 2267 dolorem
1294 2213 1590 2267 sustinebat
1612 2213 1777 2268 Filius
1803 2214 1918 2278 Dei,-
1947 2225 1968 2253 ο
1992 2223 2048 2269 et
2115 2221 2124 2229 “

476 2321 585 2360 non
613 2321 736 2360 caro
763 2321 876 2359 cum
917 2305 1113 2369 anima,
1147 2321 1307 2376 quam
1338 2305 1582 2360 induerat
1611 2307 1665 2360 in
1695 2305 1864 2362 forma
1909 2309 2047 2363 servi

478 2396 695 2468 (Philip.
722 2397 800 2469 ιι),
827 2412 985 2468 quam
1013 2397 1112 2452 sibi
1140 2407 1453 2469 acceperat,
1482 2400 1621 2455 sicut
1648 2401 1724 2454 ait
1750 2399 2045 2470 Scriptura,

473 2490 754 2544 anathema
790 2489 879 2543 sit.
922 2487 949 2527 ά
976 2488 1032 2544 Si
1073 2491 1192 2560 quis
1217 2507 1327 2546 non
1373 2491 1569 2546 dixerit
1600 2491 1744 2561 quod
1784 2493 1838 2547 in
1888 2509 2050 2549 carne

471 2597 627 2652 quam
672 2581 961 2651 assumpsit
1005 2581 1154 2644 sedet
1201 2581 1268 2636 ad
1313 2582 1588 2638 dexteram
1635 2581 1831 2649 Patris,
1862 2585 1915 2638 in
1945 2599 2050 2655 qua

467 2680 723 2727 venturus
776 2678 860 2726 est
892 2669 1132 2739 judicare
1178 2671 1331 2727 vivos
1376 2681 1432 2727 et
1469 2681 1732 2741 mortuos,
1763 2677 2051 2730 anathema
2096 2707 2098 2710 ν

466 2760 558 2816 sit.
602 2759 660 2815 Si
691 2761 816 2830 quis
857 2775 962 2815 non
1003 2760 1198 2815 dixerit
1225 2761 1484 2830 Spiritum
1514 2772 1757 2819 sanctum
1797 2766 1864 2821 de
1892 2764 2052 2821 Patre

370 2920 374 2922 _
469 2865 590 2907 esse
615 2868 746 2908 vere
776 2868 841 2908 ac
866 2853 1085 2923 pr0prie
1127 2843 1267 2914 sicut
1291 2862 1345 2909 et
1370 2855 1662 2912 Filiumde
1699 2857 1877 2912 divina
1921 2859 2051 2913 sub-

473 2941 677 3002 stantia
717 2949 772 2996 et
799 2940 968 2995 Deum
995 2956 1202 3008 verum,
1234 2944 1518 2999 anathema
1546 2946 1636 2999 sit.
1665 2955 1687 2983 ο
1718 2945 1776 3000 Si
1801 2949 1920 3016 quis
1937 2964 2054 3017 ,nou

478 3029 679 3110 dixerit
711 3027 966 3099 Spiritum
994 3039 1239 3087 sanctum
1260 3035 1436 3089 omnia
1471 3050 1650 3105 posse,
1676 3037 1855 3091 omnia
1877 3053 2055 3106 nosse,

480 3127 537 3174 et
563 3119 762 3191 ubique
787 3135 905 3201 esse
932 3121 1072 3176 sicut
1098 3121 1312 3178 Patrem
1333 3132 1386 3179 et
1420 3124 1634 3192 Filium,
1660 3129 1939 3184 anathema
1967 3131 2055 3185 sit.

2134 585 2376 654 gloriam,
2415 580 2855 643 dominationem,
2883 590 3048 632 unum
3074 588 3297 642 regnum
3315 610 3332 636 ,
3363 580 3524 640 atque
3551 585 3712 627 unam

2134 679 2484 743 voluntatem,
2517 691 2580 730 ac
2606 675 2906 737 veritatem,
2939 670 3222 725 anathema
3259 667 3346 722 sit.
3377 664 3435 720 Si
3458 665 3577 734 quis
3605 672 3714 719 tres

2134 783 2390 840 personas
2417 783 2526 821 non
2554 765 2748 820 dixerit
2772 777 2944 825 veras,
2978 758 3190 813 Patrem
3217 765 3273 812 et
3294 755 3487 810 Filium
3514 761 3570 809 et
3594 753 3716 823 Spi~

2135 862 2298 916 ritum
2344 868 2604 923 sanctum,
2653 856 2916 925 aequales,
2966 865 3179 921 semper
3222 849 3481 912 viventes,
3533 846 3714 899 omnia

2111 951 2472 1006 continentes
2500 947 2727 1003 visibilia
2757 954 2811 1000 et
2859 942 3162 1010 invisibilia,
3213 939 3392 994 omnia
3437 943 3707 1007 potentes,

2139 1041 2318 1095 omnia
2342 1038 2663 1107 judicantes,
2695 1035 2874 1089 omnia
2927 1030 3274 1091 viviﬁcantes,
3306 1026 3485 1083 omnia
3515 1024 3718 1080 facien-

2138 1140 2240 1194 tes,
2274 1129 2454 1184 omnia
2492 1143 2611 1196 quce
2653 1134 2778 1180 sunt
2815 1123 3070 1179 salvanda
3111 1121 3397 1184 salvantes,
3439 1118 3720 1172 anathema

2138 1221 2227 1276 sit.
2252 1220 2310 1275 Si
2337 1220 2456 1288 quis
2485 1234 2591 1273 non
2619 1216 2814 1272 dixerit
2840 1214 3096 1284 Spiritum
3123 1219 3367 1266 sanctum
3395 1207 3721 1264 adorandum

2140 1315 2207 1369 ah
2233 1313 2380 1368 omni
2407 1318 2673 1373 creatura,
2698 1308 2836 1362 sicut
2861 1306 3054 1360 Filium
3081 1312 3138 1359 et
3166 1302 3408 1366 Patrem,
3438 1301 3723 1355 anathema

2141 1405 2232 1461 sit.
2260 1403 2316 1459 Si
2345 1401 2466 1470 quis
2485 1401 2552 1454 de
2571 1399 2732 1453 Patre
2759 1395 2975 1452 et'Filio
2996 1397 3132 1451 bene
3151 1391 3400 1456 senserit,
3427 1390 3495 1445 de
3521 1389 3725 1459 Spiritu

2142 1501 2320 1558 autem
2341 1499 2528 1547 sancto
2545 1505 2651 1543 non
2667 1496 2813 1544 recte
2831 1486 3094 1547 habuerit,
3120 1482 3412 1538 haereticus
3429 1490 3532 1543 est,
3551 1487 3576 1526 κ
3598 1478 3723 1548 quia

2145 1600 2333 1642 omnes
2361 1581 2617 1645 haeretici,
2662 1581 2729 1634 de
2773 1579 2907 1632 Filio
2936 1576 3028 1631 Dei
3056 1583 3118 1630 et
3138 1573 3342 1644 Spiritu
3369 1577 3559 1627 sancto
3586 1567 3727 1623 male

2145 1676 2456 1739 sentientes,
2489 1673 2543 1726 in
2573 1665 2877 1724 Judaeorum
2909 1675 3070 1734 atque
3097 1663 3375 1732 gentilium
3395 1657 3618 1730 perﬁdia
3645 1659 3728 1712 in-

2145 1769 2451 1824 veniuntur.
2484 1762 2513 1801 h
2543 1762 2698 1829 Quod
2738 1761 2782 1816 si
2835 1760 2953 1829 quis
2997 1750 3257 1828 partiatur
3300 1753 3470 1808 Deum
3515 1748 3730 1806 Patrem

2077 1860 2126 1920 Β
2150 1858 2352 1922 dicens,
2385 1865 2438 1910 et
2465 1855 2633 1908 Deum
2657 1851 2848 1905 Filium
2871 1850 3006 1918 ejus,
3037 1857 3091 1902 et
3117 1847 3285 1901 Deum
3324 1843 3583 1913 Spiritum
3604 1856 3728 1896 san-

2151 1942 2322 2010 ctum,
2353 1954 2462 1999 tres
2489 1944 2621 1998 deos
2663 1941 2786 2004 dici,
2829 1948 2884 1995 et
2923 1955 3030 1993 non
3079 1938 3248 1991 Deum
3295 1940 3522 2005 propter
3567 1946 3729 1986 unam

2148 2036 2492 2091 Divinitatem
2522 2039 2576 2088 et
2603 2031 2930 2101 potentiam,
2961 2042 3121 2096 quam
3162 2025 3427 2080 credimus
3456 2030 3511 2078 et
3537 2023 3732 2078 scimus

2151 2129 2328 2182 Patris
2365 2134 2420 2181 et
2447 2125 2568 2179 Filii
2607 2133 2662 2178 et
2690 2123 2920 2192 Spiritus
2945 2120 3134 2185 sancti,
3162 2119 3332 2174 Deum
3359 2132 3574 2182 verum;
3604 2117 3733 2171 sub-

2150 2221 2371 2273 trahens
2399 2225 2577 2271 autem
2603 2215 2795 2268 Filium
2815 2219 2870 2266 et
2895 2212 3149 2281 Spiritum
3179 2217 3440 2274 sanctum,
3465 2208 3538 2261 ita
3560 2206 3734 2261 solum

2149 2313 2423 2370 existimet
2451 2293 2622 2364 Deum
2645 2306 2858 2360 Patrem
2885 2305 3002 2360 'dici
3043 2312 3134 2359 aut
3175 2302 3318 2358 credi
3345 2317 3509 2356 unum
3539 2300 3730 2364 Deum,

2153 2405 2440 2458 anathema
2465 2400 2553 2454 sil.
2579 2397 2782 2452 Nomen
2812 2410 3046 2464 namque
3075 2394 3319 2458 deorum,
3350 2400 3404 2447 et
3431 2389 3655 2466 angelis,
3684 2395 3738 2443 et

2151 2492 2356 2548 sanctis
2383 2489 2627 2545 omnibus
2664 2502 2695 2540 a
2745 2486 2856 2539 Deo
2899 2491 2982 2538 est
3028 2483 3336 2552 impositum
3376 2489 3432 2534 et
3458 2481 3733 2534 donatum.
3800 2476 3805 2481 ’

2153 2583 2235 2637 De
2262 2580 2441 2634 Patre
2489 2574 2665 2630 autem
2697 2584 2751 2628 et
2791 2573 2926 2627 Filio
2974 2581 3028 2626 et
3073 2570 3274 2641 Spiritu
3303 2575 3489 2624 sancto
3516 2574 3740 2638 propter

2156 2688 2319 2729 unam
2345 2681 2399 2726 et
2424 2663 2686 2741 requalem’
2705 2731 2708 2733 ἓ
2730 2665 3102 2736 Divinitatem,
3132 2678 3240 2717 non
3267 2675 3461 2714 nomen
3490 2659 3741 2722 deorum,

2157 2764 2254 2820 sed
2282 2762 2374 2816 Dei
2405 2761 2560 2816 nobis
2600 2757 2900 2813 ostenditur
2927 2762 3087 2823 atque
3136 2751 3417 2812 indicatur,
3454 2757 3515 2802 ut
3553 2747 3742 2802 creda-

2159 2870 2280 2910 mus
2307 2853 2430 2922 quia
2472 2853 2525 2906 in
2563 2850 2723 2903 Patre
2762 2857 2817 2902 et
2859 2845 2995 2900 Filio
3021 2851 3076 2898 et
3103 2842 3305 2913 Spiritu
3341 2848 3530 2897 sancto
3570 2839 3742 2894 solum

2159 2947 2524 3017 baptizamur;
2556 2959 2662 2998 non
2709 2941 2764 2993 in
2811 2935 3250 3003 archangelorum
3300 2932 3603 2988 nominibus
3653 2937 3745 2984 aut

2163 3035 2472 3106 angelorum
2486 3049 2504 3098 ',
2557 3032 2573 3070 ί
2621 3029 2890 3102 quomodo
2923 3026 3212 3090 haeretici,
3266 3032 3358 3078 aut
3405 3021 3571 3112 Judaei
3595 3062 3610 3087 ,
3654 3029 3744 3075 aut

2164 3129 2329 3183 etiam
2357 3119 2592 3194 gentiles
2607 3119 2884 3177 dementes
2912 3116 3130 3172 faciunt.
3163 3114 3288 3168 Haec
3324 3121 3408 3168 est
3443 3109 3572 3180 ergo
3600 3109 3744 3165 salus

476 3211 533 3267 Si
563 3206 684 3282 quis
709 3213 904 3268 dixerit
931 3213 1187 3284 Spiritum
1215 3225 1453 3272 sanctum
1479 3217 1740 3284 facturam
1779 3236 1925 3288 esse,
1966 3230 2059 3277 aut
2085 3217 2134 3282 C
2164 3221 2611 3284 Christianorum,
2641 3226 2701 3272 ut
2745 3214 3026 3272 credentes
3066 3207 3345 3271 Trinitati,
3378 3206 3430 3261 id
3458 3213 3570 3284 est,
3603 3201 3746 3256 Patri

473 3316 573 3375 per
599 3302 791 3358 Filium
816 3303 1031 3372 factum,
1064 3307 1349 3362 anathema
1376 3309 1463 3363 sit.
1497 3308 1554 3364 Si
1577 3312 1697 3379 quis
1725 3327 1833 3366 non
1859 3313 2056 3382 dixerit

480 3390 500 3429 ί
531 3393 711 3447 omnia
738 3406 838 3464 per
862 3393 1052 3450 Filium
1082 3404 1269 3466 postea
1313 3398 1683 3465 incarnatum,
1716 3408 1772 3456 et
1799 3401 2057 3472 Spiritum

475 3491 719 3539 sanctum
764 3483 978 3541 Patrem
1021 3485 1242 3557 fecisse,
1272 3491 1556 3546 anathema
1585 3492 1676 3547 sit.
1705 3491 1764 3547 Si
1800 3494 1921 3562 quis
1948 3510 2058 3550 non

476 3573 669 3632 diterit
695 3574 870 3634 Patris
898 3585 953 3634 et
978 3577 1101 3634 Filii
1129 3589 1185 3636 et
1211 3580 1443 3652 Spiritus
1466 3583 1640 3639 sancti
1676 3599 1840 3639 unam
1867 3585 2061 3640 divini-

2147 3321 2223 3390 _et
2250 3312 2387 3367 Filio
2417 3319 2473 3366 et
2517 3308 2741 3380 Spiritui
2785 3313 2993 3370 sancto,
3025 3310 3080 3359 et
3108 3302 3164 3356 in
3192 3314 3314 3355 eam
3350 3294 3625 3367 baptizati,
3656 3307 3746 3348 ve-

2131 3389 2282 3460 .Vram
2305 3456 2309 3462 _
2333 3403 2610 3480 solamque
2656 3415 2818 3455 unam
2865 3395 3222 3457 divinitatem,
3274 3389 3590 3461 potentiam,
3637 3397 3749 3480 ma-

2125 3570 2138 3582 .
2163 3473 2419 3565 jestatem
2446 3490 2878 3570 etsubstantiam
2923 3485 3162 3570 ejusdem
3209 3482 3327 3536 sine
3371 3478 3534 3534 dubio
3561 3472 3750 3530 creda-

2145 3624 2149 3627 -
2170 3604 2310 3645 mus.
2343 3609 2362 3640 ι

1585 3747 1588 3752 .
1676 3695 1796 3770 ΕΒ,
1828 3696 2308 3755 seu-anesum
2346 3693 2573 3751 nom}.

512 3789 514 3791 '
551 3779 587 3822 ι’
610 3781 793 3855 Ιιεᾲθιᾼ
827 3782 1192 3855 Theodoreto,
1223 3783 1528 3855 Nicephoro
1555 3793 1612 3841 et
1649 3794 1797 3842 tomo
1824 3787 1846 3841 l
1875 3789 2063 3845 Conci-

479 3848 686 3977 23:231.
689 3853 940 3978 legimus.
972 3851 1265 3925 Exemplar
1308 3848 1551 3968 iii-nobii,
1592 3859 1844 3965 inuentus.
1871 3867 1948 3912 est
1975 3877 2063 3915 or—

613 3992 962 4076 Niwphorus,
989 4053 991 4055 ,
1015 3993 1077 4048 Si
1113 3996 1230 4076 quis
1257 4011 1568 4076 ngaverum
1593 3994 1774 4076 .Deum
1813 4013 1924 4052 esse
1963 3997 2062 4052 Dei

488 4057 704 4128 Filium,
733 4057 880 4116 s'icuti
906 4057 1076 4117 verum
1102 4057 1267 4119 Deum
1287 4063 1519 4130 Patrem,
1554 4066 1684 4130 ejus,
1712 4075 1818 4122 etc.

563 4082 704 4128 num,
733 4082 880 4116 ειειιη
906 4082 1076 4117 verum
1102 4082 1267 4119 ueum
1287 4082 1519 4130 ratrem,
1554 4083 1582 4119 e
1669 4104 1684 4128 ,
1712 4082 1818 4122 etc.

563 4142 584 4169 ε
615 4131 960 4213 l‘iicephorus,
1010 4131 1126 4213 Una
1171 4150 1286 4213 cum
1325 4082 1948 4213 aaima.._1z::aodoretus,
1991 4137 2064 4191 Et

487 4217 590 4270 nou
616 4204 669 4254 in
698 4217 853 4255 carne
878 4204 1041 4257 solum
1068 4212 1118 4258 et
1145 4208 1340 4259 anima.
1365 4205 1648 4270 Arnobius,
1679 4214 1767 4260 aut
1796 4209 1990 4262 anima.
2039 4233 2044 4246 ι

557 4349 661 4396 test
688 4355 759 4396 ex
785 4349 933 4398 tonio
977 4344 1151 4412 primo
1187 4343 1568 4410 Conciliorum,
1617 4343 1964 4400 Theodoreto
2011 4356 2067 4400 et

530 4412 788 4489 icephoro
826 4413 904 4466 sic
940 4413 1222 4489 instaurari
1273 4431 1286 4466 :
1332 4413 1391 4468 Si
1432 4415 1547 4489 quis
1587 4430 1692 4467 non
1741 4415 1930 4467 dixerit
1968 4415 2066 4470 Dei

492 4479 714 4534 Verbum
733 4497 889 4534 carne
916 4480 1322 4552 passum,'carne
1339 4479 1664 4552 cruciﬁxum,
1681 4490 1730 4536 et
1756 4499 1912 4538 carne
1930 4501 2068 4539 mar-

491 4558 586 4634 tem
607 4561 859 4634 gustasse,
887 4553 1282 4634 primogenitum
1313 4555 1598 4634 factumnex
1616 4554 1866 4634 mortuis,
1891 4571 1985 4624 pro
2007 4572 2066 4634 eo

490 4611 766 4701 atquecum
787 4611 860 4674 est
958 4611 1244 4701 uiuiﬁcus,
1268 4611 1454 4694 quippe
1480 4621 1644 4687 Deus,
1678 4611 1957 4701 anathema
1978 4626 2069 4701 sit.
2096 4611 2148 4671 Ῐ)

488 4687 696 4764 Siquis
734 4705 858 4764 περι·
884 4690 1024 4764 dicat
1051 4687 1167 4764 eum
1199 4692 1254 4743 in
1284 4687 1458 4746 carne
1496 4709 1648 4764 quam
1685 4697 1960 4764 assumpsit
1995 4695 2069 4748 ad

487 4757 753 4812 dexteram
777 4759 957 4812 Patris
975 4761 1171 4824 sedere,
1195 4767 1298 4814 etc.
1487 4790 1495 4794 -

561 4837 584 4864 ε
615 4826 770 4883 Hunc
796 4830 1301 4885 anathematismum
1336 4830 1555 4901 reliquit
1596 4831 1946 4902 Nicephorus,
1977 4843 2071 4890 aut

2170 3789 2288 3858 ejus
2316 3788 2581 3858 interpres
2604 3800 2626 3858 ;_
2649 3789 2829 3858 servat
2854 3794 3020 3850 porro
3048 3787 3226 3833 tomus
3251 3775 3459 3848 primus
3487 3772 3754 3831 Concilio-

2171 3853 2293 3914 rum
2314 3871 2435 3911 cum
2459 3853 2722 3908 lruobio.
3064 3885 3067 3889 -

2146 3973 2150 3981 .
2212 3912 2222 3914 ⁷
2249 3927 2269 3968 ί
2295 3925 2628 3996 Nicephorus
2652 3924 2958 3996 attonitis
2986 3919 3187 3996 primus
3216 3915 3583 3996 conciliorum
3623 3912 3757 3996 adji-

2171 3999 2340 4062 ciunt,
2362 3984 2585 4050 vis'ibilia
2605 4001 2653 4046 et
2671 3984 3198 4062 invisibilia';'carent
3216 3986 3399 4062 autem
3425 3984 3568 4062 quod
3596 3985 3759 4053 paulo

2172 4078 2298 4139 post
2318 4055 2562 4139 sequitur
2589 4065 2644 4139 in
2673 4061 2930 4126 Aruobio,
2959 4076 3073 4139 quia
3101 4055 3520 4139 sunt‘saluaonda.

2248 4120 2506 4192 {vocem
2528 4136 2667 4206 quia
2694 4149 2761 4189 ex
2802 4120 2951 4186 tomo
2973 4120 3162 4200 'primo
3199 4121 3562 4183 Conciliorum
3587 4130 3641 4179 et
3668 4120 3760 4178 Ni-

665 4220 676 4282 ε
698 4217 853 4282 carne
878 4205 1051 4282 solum‘
1068 4212 1118 4258 et
1145 4208 1340 4282 opima.
1365 4205 1767 4282 Arnohi_us,_aut
1796 4209 1990 4282 anima.
2039 4233 2044 4246 ι
2113 4233 2122 4259 ~.
2173 4211 2415 4282 cephoro
2441 4205 2760 4282 addidimus.

556 4225 590 4254 η
616 4225 669 4254 tu
698 4225 853 4255 curua
878 4225 1041 4257 satum
1068 4225 1116 4258 ει
1145 4225 1340 4259 amma.
1365 4225 1648 4270 AI'IIODIUS,
1679 4225 1767 4260 ααι
1796 4225 1990 4262 amma.
2039 4233 2044 4246 θ
2113 4233 2122 4259 ‘.
2173 4225 2238 4264 ce

555 4269 581 4308 ἀ
615 4271 710 4326 llic
738 4271 886 4327 lecus
931 4273 986 4326 in
1021 4273 1246 4344 Arnobii
1285 4275 1578 4344 exemplari
1621 4275 1782 4344 plane
1825 4279 2065 4343 mutilus,
2129 4311 2132 4314 -
2242 4225 2276 4315 Β

2304 4261 2572 4338 ArnObius
2605 4269 2981 4340 :_Quomodo.si
3002 4271 3114 4340 quis
3139 4270 3397 4340 partiatur
3437 4263 3652 4340 Patrem

2173 4363 2296 4401 cens
2323 4355 2372 4400 et
2392 4333 2618 4408 Filium,
2651 4333 2753 4398 etc.
2781 4333 3216 4410 Nicepho'rus'sic
3242 4337 3438 4410 clarius
3458 4333 3612 4410 eﬂert
3645 4353 3656 4387 :
3696 4334 3756 4387 Si

2171 4419 2287 4537 guis
2324 4405 2662 4537 Divilrtitatem
2700 4405 2928 4476 dividat,
2978 4407 3285 4480 singillatim
3333 4405 3500 4459 Deum
3548 4405 3762 4457 Patrem

2211 4501 2371 4537 mens.
2405 4499 2435 4537 e
2461 4500 2510 4537 c.
3141 4519 3146 4524 -

2211 4487 2372 4552 icens,
2405 4493 2510 4539 etc.
3005 4549 3031 4552 _
3141 4519 3146 4524 ι

2251 4555 2267 4592 ί
2301 4545 2501 4610 Notare
2523 4553 2731 4607 videtur
2763 4559 2974 4606 veteres
2995 4549 3298 4615 Gnosticos,
3329 4547 3421 4617 qui
3450 4545 3701 4617 traditam
3729 4560 3761 4598 a

2156 4624 2389 4683 Christo
2412 4621 3019 4694 baptizandiforniulam
3040 4620 3192 4694 asque
3214 4615 3376 4688 impie
3395 4633 3458 4694 ac
3479 4615 3762 4686 impuden-

2174 4704 2260 4750 ter
2286 4687 2701 4763 corrumpebant
2748 4699 2803 4763 et
2831 4687 3216 4763 immutabant,_
3235 4687 3304 4763 uti
3331 4705 3398 4743 ex
3426 4687 3630 4763 Irenaeo
3667 4699 3762 4756 pa-

2174 4773 2273 4831 tet,
2302 4772 2358 4818 et
2385 4779 2484 4819 nos
2506 4756 2910 4818 observavimus
2937 4759 2991 4813 in
3021 4759 3136 4827 ejus
3154 4758 3284 4833 libri
3311 4766 3470 4828 caput
3496 4756 3583 4811 18.

509 4959 3756 4985 _______________________________________________.

1300 5053 1406 5116 DE
1447 5050 2055 5120 COMMENTARIIS
2096 5055 2178 5116 IN
2223 5051 2584 5118 PSALMOS
2625 5053 2951 5118 DAVIDIS

785 5209 1452 5295 ADMONITIO
1527 5211 1799 5295 REV.
1875 5206 2525 5293 LAURENTII
2597 5208 2754 5290 DE
2828 5203 2974 5287 LA
3048 5183 3486 5290 BARRE,
3581 5265 3589 5272 .

1201 5370 1325 5446 Qui
1357 5386 1487 5434 non
1513 5377 1702 5449 recte,
1726 5375 1803 5432 ut
1827 5356 2100 5444 videtur,
2124 5387 2226 5434 eos
2249 5366 2543 5430 attribuit
2569 5362 2849 5431 Aruobio
2875 5361 3053 5439 Afro.

565 5626 644 5701 De
666 5643 864 5700 genere
883 5631 1104 5689 Arnobii
1133 5631 1262 5687 nihil
1297 5595 1448 5686 aliud.
1466 5630 1742 5701 reperitur
1755 5629 1894 5701 certi
1919 5641 2080 5698 quam

497 5700 642 5766 quod
678 5699 903 5774 sanctus
922 5701 1310 5774 #Hieronymus
1339 5702 1410 5774 in_
1437 5699 1683 5774 catalogo
1701 5699 1994 5774 illustrium
2025 5708 2081 5751 et

498 5770 795 5838 appendice
823 5773 889 5826 ad
910 5769 1215 5832 Chronicon
1255 5771 1470 5827 Eusebii
1500 5771 1574 5824 ait
1601 5771 1654 5823 in
1685 5769 1858 5822 Africa
1894 5770 2078 5822 rheto—

2187 5642 2300 5684 rem
2321 5627 2546 5694 clarum,
2565 5625 2619 5672 et
2641 5614 3020 5694 philosOphum
3041 5614 3302 5694 habitum,
3321 5612 3643 5694 -Sicctltper
3675 5609 3770 5694 ali-

2186 5680 2317 5766 quot
2335 5680 2509 5766 annos
2526 5680 2873 5766 juvc'ntutem'
2889 5693 2945 5738 et
2971 5680 3305 5766 nominatim;
3317 5680 3653 5766 Lactantin
3672 5680 3768 5766 de:

2188 5747 2464 5821 clamando
2486 5747 2799 5816 instituisse,
2829 5755 3002 5812 donec
3032 5757 3084 5812 in
3114 5757 3338 5813 somniis
3363 5753 3582 5810 adactus
3606 5747 3772 5810 fuerit
