  <div class='ocr_page' id='page_1' title='image "/cluster/home/n/w/nwhite01/storage/ocr_20150623/53/hvd.32044073505232/169.png"; bbox 0 0 4246 6264; ppageno 0'>
   <div class='ocr_carea' id='block_1_1' title="bbox 609 315 730 394">
    <p class='ocr_par' dir='ltr' id='par_1_1' title="bbox 609 315 730 394">
     <span class='ocr_line' id='line_1_1' title="bbox 609 315 730 394; baseline -0.008 -18"><span class='ocrx_word' id='word_1_1' title='bbox 609 315 730 394; x_wconf 36' lang='grc'><strong>,327</strong></span> 
     </span>
    </p>
   </div>
   <div class='ocr_carea' id='block_1_2' title="bbox 626 422 2290 501">
    <p class='ocr_par' dir='ltr' id='par_1_2' title="bbox 626 422 2290 501">
     <span class='ocr_line' id='line_1_2' title="bbox 626 422 2290 501; baseline -0.007 -13"><span class='ocrx_word' id='word_1_2' title='bbox 626 448 734 488; x_wconf 92' lang='lat' dir='ltr'><strong>non</strong></span> <span class='ocrx_word' id='word_1_3' title='bbox 764 431 944 501; x_wconf 83' lang='lat' dir='ltr'><strong>possit</strong></span> <span class='ocrx_word' id='word_1_4' title='bbox 971 445 1195 501; x_wconf 85' lang='lat' dir='ltr'><strong>somnus</strong></span> <span class='ocrx_word' id='word_1_5' title='bbox 1218 429 1480 501; x_wconf 73' lang='lat' dir='ltr'><strong>obrepere</strong></span> <span class='ocrx_word' id='word_1_6' title='bbox 1499 442 1536 501; x_wconf 63' lang='grc' dir='ltr'><strong>;Δ</strong></span> <span class='ocrx_word' id='word_1_7' title='bbox 1563 422 1642 480; x_wconf 88' lang='lat' dir='ltr'><strong>sic</strong></span> <span class='ocrx_word' id='word_1_8' title='bbox 1667 424 1809 501; x_wconf 65' lang='lat' dir='ltr'><strong>linit,</strong></span> <span class='ocrx_word' id='word_1_9' title='bbox 1855 431 1913 476; x_wconf 88' lang='lat' dir='ltr'><strong>ut</strong></span> <span class='ocrx_word' id='word_1_10' title='bbox 1941 423 2209 501; x_wconf 51' lang='lat' dir='ltr'><strong>sitientem</strong></span> <span class='ocrx_word' id='word_1_11' title='bbox 2236 427 2290 489; x_wconf 71' lang='grc' dir='ltr'><strong>Α</strong></span> 
     </span>
    </p>
   </div>
   <div class='ocr_carea' id='block_1_3' title="bbox 624 492 2204 568">
    <p class='ocr_par' dir='ltr' id='par_1_3' title="bbox 624 492 2204 568">
     <span class='ocr_line' id='line_1_3' title="bbox 624 492 2204 568; baseline -0.007 -11"><span class='ocrx_word' id='word_1_12' title='bbox 624 492 800 557; x_wconf 75' lang='lat' dir='ltr'><strong>adhuc</strong></span> <span class='ocrx_word' id='word_1_13' title='bbox 817 509 872 556; x_wconf 89' lang='lat' dir='ltr'><strong>et</strong></span> <span class='ocrx_word' id='word_1_14' title='bbox 895 500 1050 568; x_wconf 84' lang='lat' dir='ltr'><strong>plura</strong></span> <span class='ocrx_word' id='word_1_15' title='bbox 1081 492 1385 568; x_wconf 79' lang='lat' dir='ltr'><strong>cupientem</strong></span> <span class='ocrx_word' id='word_1_16' title='bbox 1411 494 1670 550; x_wconf 85' lang='lat' dir='ltr'><strong>dimittat.</strong></span> <span class='ocrx_word' id='word_1_17' title='bbox 1693 492 1959 568; x_wconf 80' lang='lat' dir='ltr'><strong>Jam__cu_m</strong></span> <span class='ocrx_word' id='word_1_18' title='bbox 1987 493 2040 546; x_wconf 92' lang='lat' dir='ltr'><strong>in</strong></span> <span class='ocrx_word' id='word_1_19' title='bbox 2069 492 2204 568; x_wconf 61' lang='lat' dir='ltr'><strong>Ter-</strong></span> 
     </span>
    </p>
   </div>
   <div class='ocr_carea' id='block_1_4' title="bbox 625 563 2207 635">
    <p class='ocr_par' dir='ltr' id='par_1_4' title="bbox 625 563 2207 635">
     <span class='ocr_line' id='line_1_4' title="bbox 625 563 2207 635; baseline -0.006 -9"><span class='ocrx_word' id='word_1_20' title='bbox 625 571 852 632; x_wconf 87' lang='lat' dir='ltr'><strong>tulliani,</strong></span> <span class='ocrx_word' id='word_1_21' title='bbox 876 563 1118 635; x_wconf 79' lang='lat' dir='ltr'><strong>Origenis</strong></span> <span class='ocrx_word' id='word_1_22' title='bbox 1146 563 1209 623; x_wconf 80' lang='lat' dir='ltr'><strong>ac</strong></span> <span class='ocrx_word' id='word_1_23' title='bbox 1237 567 1475 622; x_wconf 91' lang='lat' dir='ltr'><strong>omnium</strong></span> <span class='ocrx_word' id='word_1_24' title='bbox 1503 572 1760 635; x_wconf 82' lang='lat' dir='ltr'><strong>veterum</strong></span> <span class='ocrx_word' id='word_1_25' title='bbox 1789 563 1935 635; x_wconf 92' lang='lat' dir='ltr'><strong>libris</strong></span> <span class='ocrx_word' id='word_1_26' title='bbox 1961 563 2207 632; x_wconf 67' lang='lat' dir='ltr'><strong>quaedam</strong></span> 
     </span>
    </p>
   </div>
   <div class='ocr_carea' id='block_1_5' title="bbox 626 633 2206 705">
    <p class='ocr_par' dir='ltr' id='par_1_5' title="bbox 626 633 2206 705">
     <span class='ocr_line' id='line_1_5' title="bbox 626 633 2206 705; baseline -0.006 -10"><span class='ocrx_word' id='word_1_27' title='bbox 626 640 860 695; x_wconf 88' lang='lat' dir='ltr'><strong>admixta</strong></span> <span class='ocrx_word' id='word_1_28' title='bbox 888 633 1015 702; x_wconf 80' lang='lat' dir='ltr'><strong>sint,</strong></span> <span class='ocrx_word' id='word_1_29' title='bbox 1053 652 1173 705; x_wconf 72' lang='lat' dir='ltr'><strong>quze</strong></span> <span class='ocrx_word' id='word_1_30' title='bbox 1213 645 1306 691; x_wconf 88' lang='lat' dir='ltr'><strong>aut</strong></span> <span class='ocrx_word' id='word_1_31' title='bbox 1347 634 1684 705; x_wconf 84' lang='lat' dir='ltr'><strong>manifestum</strong></span> <span class='ocrx_word' id='word_1_32' title='bbox 1722 633 1920 687; x_wconf 87' lang='lat' dir='ltr'><strong>habent</strong></span> <span class='ocrx_word' id='word_1_33' title='bbox 1945 647 2206 705; x_wconf 78' lang='lat' dir='ltr'><strong>errorem,</strong></span> 
     </span>
    </p>
   </div>
   <div class='ocr_carea' id='block_1_6' title="bbox 625 702 2210 777">
    <p class='ocr_par' dir='ltr' id='par_1_6' title="bbox 625 702 2210 777">
     <span class='ocr_line' id='line_1_6' title="bbox 625 702 2210 777; baseline -0.005 -14"><span class='ocrx_word' id='word_1_34' title='bbox 625 718 686 763; x_wconf 90' lang='lat' dir='ltr'><strong>ut</strong></span> <span class='ocrx_word' id='word_1_35' title='bbox 713 708 947 777; x_wconf 88' lang='lat' dir='ltr'><strong>suspecti</strong></span> <span class='ocrx_word' id='word_1_36' title='bbox 975 702 1238 777; x_wconf 73' lang='lat' dir='ltr'><strong>dogmatis</strong></span> <span class='ocrx_word' id='word_1_37' title='bbox 1267 715 1408 769; x_wconf 90' lang='lat' dir='ltr'><strong>sunt,</strong></span> <span class='ocrx_word' id='word_1_38' title='bbox 1440 707 1518 759; x_wconf 89' lang='lat' dir='ltr'><strong>sic</strong></span> <span class='ocrx_word' id='word_1_39' title='bbox 1544 702 1742 777; x_wconf 84' lang='lat' dir='ltr'><strong>ubique</strong></span> <span class='ocrx_word' id='word_1_40' title='bbox 1774 709 2040 777; x_wconf 75' lang='lat' dir='ltr'><strong>temperat</strong></span> <span class='ocrx_word' id='word_1_41' title='bbox 2066 702 2210 777; x_wconf 43' lang='lat' dir='ltr'><strong>cala:</strong></span> 
     </span>
    </p>
   </div>
   <div class='ocr_carea' id='block_1_7' title="bbox 623 771 2208 845">
    <p class='ocr_par' dir='ltr' id='par_1_7' title="bbox 623 771 2208 845">
     <span class='ocr_line' id='line_1_7' title="bbox 623 771 2208 845; baseline -0.002 -13"><span class='ocrx_word' id='word_1_42' title='bbox 623 790 770 831; x_wconf 87' lang='lat' dir='ltr'><strong>mum</strong></span> <span class='ocrx_word' id='word_1_43' title='bbox 808 771 870 830; x_wconf 79' lang='lat' dir='ltr'><strong>ut</strong></span> <span class='ocrx_word' id='word_1_44' title='bbox 916 771 1298 844; x_wconf 26' lang='lat' dir='ltr'><strong>nihil‘usquam</strong></span> <span class='ocrx_word' id='word_1_45' title='bbox 1347 775 1700 845; x_wconf 90' lang='lat' dir='ltr'><strong>compererim</strong></span> <span class='ocrx_word' id='word_1_46' title='bbox 1729 771 1874 841; x_wconf 92' lang='lat' dir='ltr'><strong>quod</strong></span> <span class='ocrx_word' id='word_1_47' title='bbox 1889 771 1992 845; x_wconf 38' lang='lat' dir='ltr'><strong>’ulli</strong></span> <span class='ocrx_word' id='word_1_48' title='bbox 2021 771 2208 845; x_wconf 66' lang='lat' dir='ltr'><strong>haeresi</strong></span> 
     </span>
    </p>
   </div>
   <div class='ocr_carea' id='block_1_8' title="bbox 625 841 2208 914">
    <p class='ocr_par' dir='ltr' id='par_1_8' title="bbox 625 841 2208 914">
     <span class='ocr_line' id='line_1_8' title="bbox 625 841 2208 914; baseline -0.004 -13"><span class='ocrx_word' id='word_1_49' title='bbox 625 847 695 902; x_wconf 82' lang='lat' dir='ltr'><strong>sit</strong></span> <span class='ocrx_word' id='word_1_50' title='bbox 723 845 900 901; x_wconf 77' lang='lat' dir='ltr'><strong>aliine.</strong></span> <span class='ocrx_word' id='word_1_51' title='bbox 942 845 1075 900; x_wconf 85' lang='lat' dir='ltr'><strong>Nam</strong></span> <span class='ocrx_word' id='word_1_52' title='bbox 1115 841 1263 914; x_wconf 82' lang='lat' dir='ltr'><strong>quod</strong></span> <span class='ocrx_word' id='word_1_53' title='bbox 1290 841 1487 899; x_wconf 60' lang='lat' dir='ltr'><strong>scribit&#39;</strong></span> <span class='ocrx_word' id='word_1_54' title='bbox 1520 845 1572 898; x_wconf 91' lang='lat' dir='ltr'><strong>in</strong></span> <span class='ocrx_word' id='word_1_55' title='bbox 1603 843 1989 914; x_wconf 82' lang='lat' dir='ltr'><strong>commentario</strong></span> <span class='ocrx_word' id='word_1_56' title='bbox 2017 841 2208 914; x_wconf 91' lang='lat' dir='ltr'><strong>psalmi</strong></span> 
     </span>
    </p>
   </div>
   <div class='ocr_carea' id='block_1_9' title="bbox 627 911 2208 985">
    <p class='ocr_par' dir='ltr' id='par_1_9' title="bbox 627 911 2208 985">
     <span class='ocr_line' id='line_1_9' title="bbox 627 911 2208 985; baseline -0.004 -15"><span class='ocrx_word' id='word_1_57' title='bbox 627 915 820 970; x_wconf 88' lang='lat' dir='ltr'><strong>decimi</strong></span> <span class='ocrx_word' id='word_1_58' title='bbox 849 915 1025 985; x_wconf 83' lang='lat' dir='ltr'><strong>quarti</strong></span> <span class='ocrx_word' id='word_1_59' title='bbox 1060 932 1073 967; x_wconf 89' lang='lat'>:</span> <span class='ocrx_word' id='word_1_60' title='bbox 1104 911 1260 969; x_wconf 81' lang='lat' dir='ltr'><strong>Jesus</strong></span> <span class='ocrx_word' id='word_1_61' title='bbox 1307 914 1681 985; x_wconf 78' lang='lat' dir='ltr'><strong>iminaculatus</strong></span> <span class='ocrx_word' id='word_1_62' title='bbox 1727 911 1874 966; x_wconf 89' lang='lat' dir='ltr'><strong>solus</strong></span> <span class='ocrx_word' id='word_1_63' title='bbox 1917 913 2208 985; x_wconf 76' lang='lat' dir='ltr'><strong>virgineam</strong></span> 
     </span>
    </p>
   </div>
   <div class='ocr_carea' id='block_1_10' title="bbox 626 983 2211 1054">
    <p class='ocr_par' dir='ltr' id='par_1_10' title="bbox 626 983 2211 1054">
     <span class='ocr_line' id='line_1_10' title="bbox 626 983 2211 1054; baseline -0.004 -16"><span class='ocrx_word' id='word_1_64' title='bbox 626 985 801 1038; x_wconf 89' lang='lat' dir='ltr'><strong>aulam</strong></span> <span class='ocrx_word' id='word_1_65' title='bbox 832 983 1102 1054; x_wconf 83' lang='lat' dir='ltr'><strong>ingressus</strong></span> <span class='ocrx_word' id='word_1_66' title='bbox 1133 985 1306 1054; x_wconf 89' lang='lat' dir='ltr'><strong>ipsum</strong></span> <span class='ocrx_word' id='word_1_67' title='bbox 1337 983 1735 1054; x_wconf 81' lang='lat' dir='ltr'><strong>tabernaculum</strong></span> <span class='ocrx_word' id='word_1_68' title='bbox 1766 997 1797 1034; x_wconf 93' lang='lat' dir='ltr'><strong>a</strong></span> <span class='ocrx_word' id='word_1_69' title='bbox 1824 983 2062 1054; x_wconf 64' lang='lat' dir='ltr'><strong>maculis</strong></span> <span class='ocrx_word' id='word_1_70' title='bbox 2090 995 2211 1034; x_wconf 85' lang='lat' dir='ltr'><strong>car-</strong></span> 
     </span>
    </p>
   </div>
   <div class='ocr_carea' id='block_1_11' title="bbox 625 1050 2211 1120">
    <p class='ocr_par' dir='ltr' id='par_1_11' title="bbox 625 1050 2211 1120">
     <span class='ocr_line' id='line_1_11' title="bbox 625 1050 2211 1120; baseline -0.004 -10"><span class='ocrx_word' id='word_1_71' title='bbox 625 1055 837 1110; x_wconf 86' lang='lat' dir='ltr'><strong>nalibus</strong></span> <span class='ocrx_word' id='word_1_72' title='bbox 882 1050 1127 1108; x_wconf 87' lang='lat' dir='ltr'><strong>liberavit</strong></span> <span class='ocrx_word' id='word_1_73' title='bbox 1145 1050 1170 1116; x_wconf 69' lang='grc'><strong>,⁷</strong></span> <span class='ocrx_word' id='word_1_74' title='bbox 1205 1069 1310 1107; x_wconf 92' lang='lat' dir='ltr'><strong>non</strong></span> <span class='ocrx_word' id='word_1_75' title='bbox 1362 1053 1531 1107; x_wconf 87' lang='lat' dir='ltr'><strong>sensit</strong></span> <span class='ocrx_word' id='word_1_76' title='bbox 1558 1052 1626 1106; x_wconf 90' lang='lat' dir='ltr'><strong>de</strong></span> <span class='ocrx_word' id='word_1_77' title='bbox 1665 1050 1890 1106; x_wconf 84' lang='lat' dir='ltr'><strong>maculis</strong></span> <span class='ocrx_word' id='word_1_78' title='bbox 1927 1066 2046 1120; x_wconf 65' lang='lat' dir='ltr'><strong>qua:</strong></span> <span class='ocrx_word' id='word_1_79' title='bbox 2084 1057 2211 1120; x_wconf 84' lang='lat' dir='ltr'><strong>ante</strong></span> 
     </span>
    </p>
   </div>
   <div class='ocr_carea' id='block_1_12' title="bbox 628 1119 2210 1192">
    <p class='ocr_par' dir='ltr' id='par_1_12' title="bbox 628 1119 2210 1192">
     <span class='ocr_line' id='line_1_12' title="bbox 628 1119 2210 1192; baseline -0.004 -13"><span class='ocrx_word' id='word_1_80' title='bbox 628 1123 928 1192; x_wconf 77' lang='lat' dir='ltr'><strong>ingressum</strong></span> <span class='ocrx_word' id='word_1_81' title='bbox 946 1121 1144 1178; x_wconf 87' lang='lat' dir='ltr'><strong>Christi</strong></span> <span class='ocrx_word' id='word_1_82' title='bbox 1174 1123 1396 1177; x_wconf 79' lang='lat' dir='ltr'><strong>fuissent</strong></span> <span class='ocrx_word' id='word_1_83' title='bbox 1425 1124 1478 1176; x_wconf 91' lang='lat' dir='ltr'><strong>in</strong></span> <span class='ocrx_word' id='word_1_84' title='bbox 1508 1121 1693 1192; x_wconf 83' lang='lat' dir='ltr'><strong>Maria,</strong></span> <span class='ocrx_word' id='word_1_85' title='bbox 1725 1120 1834 1192; x_wconf 59' lang='lat' dir='ltr'><strong>sed</strong></span> <span class='ocrx_word' id='word_1_86' title='bbox 1859 1119 1978 1192; x_wconf 61' lang='lat' dir='ltr'><strong>qua:</strong></span> <span class='ocrx_word' id='word_1_87' title='bbox 2007 1121 2061 1174; x_wconf 93' lang='lat' dir='ltr'><strong>in</strong></span> <span class='ocrx_word' id='word_1_88' title='bbox 2091 1119 2210 1173; x_wconf 89' lang='lat' dir='ltr'><strong>aliis</strong></span> 
     </span>
    </p>
   </div>
   <div class='ocr_carea' id='block_1_13' title="bbox 626 1189 2210 1260">
    <p class='ocr_par' dir='ltr' id='par_1_13' title="bbox 626 1189 2210 1260">
     <span class='ocr_line' id='line_1_13' title="bbox 626 1189 2210 1260; baseline -0.003 -12"><span class='ocrx_word' id='word_1_89' title='bbox 626 1189 837 1248; x_wconf 72' lang='lat' dir='ltr'><strong>feminis</strong></span> <span class='ocrx_word' id='word_1_90' title='bbox 867 1207 985 1246; x_wconf 88' lang='lat' dir='ltr'><strong>esse</strong></span> <span class='ocrx_word' id='word_1_91' title='bbox 1026 1202 1438 1257; x_wconf 88' lang='lat' dir='ltr'><strong>consueverunt,</strong></span> <span class='ocrx_word' id='word_1_92' title='bbox 1481 1207 1514 1245; x_wconf 89' lang='lat' dir='ltr'><strong>a</strong></span> <span class='ocrx_word' id='word_1_93' title='bbox 1542 1191 1735 1260; x_wconf 89' lang='lat' dir='ltr'><strong>quibus</strong></span> <span class='ocrx_word' id='word_1_94' title='bbox 1779 1189 2021 1245; x_wconf 80' lang='lat' dir='ltr'><strong>Christus</strong></span> <span class='ocrx_word' id='word_1_95' title='bbox 2061 1203 2210 1260; x_wconf 83' lang='lat' dir='ltr'><strong>suam</strong></span> 
     </span>
    </p>
   </div>
   <div class='ocr_carea' id='block_1_14' title="bbox 625 1259 2213 1340">
    <p class='ocr_par' dir='ltr' id='par_1_14' title="bbox 625 1259 2213 1340">
     <span class='ocr_line' id='line_1_14' title="bbox 625 1259 2213 1340; baseline -0.004 -22"><span class='ocrx_word' id='word_1_96' title='bbox 625 1260 850 1318; x_wconf 83' lang='lat' dir='ltr'><strong>Matrem</strong></span> <span class='ocrx_word' id='word_1_97' title='bbox 863 1263 1103 1340; x_wconf 75' lang='lat' dir='ltr'><strong>servavit</strong></span> <span class='ocrx_word' id='word_1_98' title='bbox 1121 1263 1441 1340; x_wconf 59' lang='lat' dir='ltr'><strong>immunem2</strong></span> <span class='ocrx_word' id='word_1_99' title='bbox 1469 1269 1524 1340; x_wconf 77' lang='lat' dir='ltr'><strong>et</strong></span> <span class='ocrx_word' id='word_1_100' title='bbox 1550 1259 2012 1340; x_wconf 48' lang='lat' dir='ltr'><strong>auxit-castitatem</strong></span> <span class='ocrx_word' id='word_1_101' title='bbox 2031 1259 2213 1340; x_wconf 71' lang='lat' dir='ltr'><strong>pptius</strong></span> 
     </span>
    </p>
   </div>
   <div class='ocr_carea' id='block_1_15' title="bbox 627 1328 2212 1400">
    <p class='ocr_par' dir='ltr' id='par_1_15' title="bbox 627 1328 2212 1400">
     <span class='ocr_line' id='line_1_15' title="bbox 627 1328 2212 1400; baseline -0.003 -14"><span class='ocrx_word' id='word_1_102' title='bbox 627 1346 789 1400; x_wconf 88' lang='lat' dir='ltr'><strong>quam</strong></span> <span class='ocrx_word' id='word_1_103' title='bbox 830 1332 1064 1400; x_wconf 85' lang='lat' dir='ltr'><strong>violavit.</strong></span> <span class='ocrx_word' id='word_1_104' title='bbox 1115 1331 1255 1396; x_wconf 83' lang='lat' dir='ltr'><strong>Quin</strong></span> <span class='ocrx_word' id='word_1_105' title='bbox 1301 1340 1357 1385; x_wconf 90' lang='lat' dir='ltr'><strong>et</strong></span> <span class='ocrx_word' id='word_1_106' title='bbox 1402 1330 1657 1400; x_wconf 53' lang='lat' dir='ltr'><strong>Ecclesia;</strong></span> <span class='ocrx_word' id='word_1_107' title='bbox 1701 1328 1956 1400; x_wconf 68' lang='lat' dir='ltr'><strong>Romanze</strong></span> <span class='ocrx_word' id='word_1_108' title='bbox 2001 1328 2212 1400; x_wconf 82' lang='lat' dir='ltr'><strong>videtur</strong></span> 
     </span>
    </p>
   </div>
   <div class='ocr_carea' id='block_1_16' title="bbox 626 1397 2210 1465">
    <p class='ocr_par' dir='ltr' id='par_1_16' title="bbox 626 1397 2210 1465">
     <span class='ocr_line' id='line_1_16' title="bbox 626 1397 2210 1465; baseline -0.004 -9"><span class='ocrx_word' id='word_1_109' title='bbox 626 1397 732 1456; x_wconf 76' lang='lat' dir='ltr'><strong>hoc</strong></span> <span class='ocrx_word' id='word_1_110' title='bbox 760 1401 982 1456; x_wconf 84' lang='lat' dir='ltr'><strong>honoris</strong></span> <span class='ocrx_word' id='word_1_111' title='bbox 1003 1399 1234 1465; x_wconf 83' lang='lat' dir='ltr'><strong>deferre,</strong></span> <span class='ocrx_word' id='word_1_112' title='bbox 1275 1409 1333 1454; x_wconf 92' lang='lat' dir='ltr'><strong>ut</strong></span> <span class='ocrx_word' id='word_1_113' title='bbox 1361 1409 1511 1454; x_wconf 91' lang='lat' dir='ltr'><strong>extra</strong></span> <span class='ocrx_word' id='word_1_114' title='bbox 1557 1399 1878 1454; x_wconf 88' lang='lat' dir='ltr'><strong>catholicam</strong></span> <span class='ocrx_word' id='word_1_115' title='bbox 1914 1397 2210 1453; x_wconf 88' lang='lat' dir='ltr'><strong>Ecclesiam</strong></span> 
     </span>
    </p>
   </div>
   <div class='ocr_carea' id='block_1_17' title="bbox 627 1467 2211 1539">
    <p class='ocr_par' dir='ltr' id='par_1_17' title="bbox 627 1467 2211 1539">
     <span class='ocr_line' id='line_1_17' title="bbox 627 1467 2211 1539; baseline -0.003 -15"><span class='ocrx_word' id='word_1_116' title='bbox 627 1471 717 1536; x_wconf 93' lang='lat' dir='ltr'><strong>sit,</strong></span> <span class='ocrx_word' id='word_1_117' title='bbox 743 1471 834 1539; x_wconf 89' lang='lat' dir='ltr'><strong>qui</strong></span> <span class='ocrx_word' id='word_1_118' title='bbox 862 1471 931 1525; x_wconf 90' lang='lat' dir='ltr'><strong>sit</strong></span> <span class='ocrx_word' id='word_1_119' title='bbox 958 1469 1025 1523; x_wconf 90' lang='lat' dir='ltr'><strong>ab</strong></span> <span class='ocrx_word' id='word_1_120' title='bbox 1049 1471 1148 1524; x_wconf 88' lang='lat' dir='ltr'><strong>hac</strong></span> <span class='ocrx_word' id='word_1_121' title='bbox 1171 1470 1395 1534; x_wconf 88' lang='lat' dir='ltr'><strong>alienus,</strong></span> <span class='ocrx_word' id='word_1_122' title='bbox 1419 1479 1474 1524; x_wconf 92' lang='lat' dir='ltr'><strong>et</strong></span> <span class='ocrx_word' id='word_1_123' title='bbox 1495 1476 1552 1524; x_wconf 94' lang='lat' dir='ltr'><strong>ut</strong></span> <span class='ocrx_word' id='word_1_124' title='bbox 1576 1469 1729 1523; x_wconf 84' lang='lat' dir='ltr'><strong>exsul</strong></span> <span class='ocrx_word' id='word_1_125' title='bbox 1731 1483 1782 1539; x_wconf 90' lang='lat' dir='ltr'><strong>_a</strong></span> <span class='ocrx_word' id='word_1_126' title='bbox 1803 1483 1931 1539; x_wconf 84' lang='lat' dir='ltr'><strong>vera</strong></span> <span class='ocrx_word' id='word_1_127' title='bbox 1954 1468 2076 1533; x_wconf 84' lang='lat' dir='ltr'><strong>tide,</strong></span> <span class='ocrx_word' id='word_1_128' title='bbox 2099 1467 2211 1521; x_wconf 86' lang='lat' dir='ltr'><strong>sive</strong></span> 
     </span>
    </p>
   </div>
   <div class='ocr_carea' id='block_1_18' title="bbox 629 1537 2212 1609">
    <p class='ocr_par' dir='ltr' id='par_1_18' title="bbox 629 1537 2212 1609">
     <span class='ocr_line' id='line_1_18' title="bbox 629 1537 2212 1609; baseline -0.003 -15"><span class='ocrx_word' id='word_1_129' title='bbox 629 1537 903 1609; x_wconf 80' lang='lat' dir='ltr'><strong>transfuga</strong></span> <span class='ocrx_word' id='word_1_130' title='bbox 951 1539 1302 1609; x_wconf 57' lang='lat' dir='ltr'><strong>eliminatus;</strong></span> <span class='ocrx_word' id='word_1_131' title='bbox 1351 1554 1469 1608; x_wconf 74' lang='lat' dir='ltr'><strong>qua:</strong></span> <span class='ocrx_word' id='word_1_132' title='bbox 1515 1541 1680 1593; x_wconf 84' lang='lat' dir='ltr'><strong>totius</strong></span> <span class='ocrx_word' id='word_1_133' title='bbox 1719 1537 1990 1609; x_wconf 55' lang='lat' dir='ltr'><strong>Ecclesia;</strong></span> <span class='ocrx_word' id='word_1_134' title='bbox 2030 1544 2212 1609; x_wconf 81' lang='lat' dir='ltr'><strong>teneat</strong></span> 
     </span>
    </p>
   </div>
   <div class='ocr_carea' id='block_1_19' title="bbox 628 1607 2210 1682">
    <p class='ocr_par' dir='ltr' id='par_1_19' title="bbox 628 1607 2210 1682">
     <span class='ocr_line' id='line_1_19' title="bbox 628 1607 2210 1682; baseline -0.002 -20"><span class='ocrx_word' id='word_1_135' title='bbox 628 1607 1009 1682; x_wconf 74' lang='lat' dir='ltr'><strong>principatum,</strong></span> <span class='ocrx_word' id='word_1_136' title='bbox 1036 1624 1260 1679; x_wconf 69' lang='lat' dir='ltr'><strong>quaeque</strong></span> <span class='ocrx_word' id='word_1_137' title='bbox 1289 1607 1890 1682; x_wconf 87' lang='lat' dir='ltr'><strong>Petrum_apostolorum</strong></span> <span class='ocrx_word' id='word_1_138' title='bbox 1913 1607 2210 1682; x_wconf 79' lang='lat' dir='ltr'><strong>principem</strong></span> 
     </span>
    </p>
   </div>
   <div class='ocr_carea' id='block_1_20' title="bbox 627 1675 2210 1748">
    <p class='ocr_par' dir='ltr' id='par_1_20' title="bbox 627 1675 2210 1748">
     <span class='ocr_line' id='line_1_20' title="bbox 627 1675 2210 1748; baseline -0.005 -13"><span class='ocrx_word' id='word_1_139' title='bbox 627 1675 887 1735; x_wconf 79' lang='lat' dir='ltr'><strong>ineruerit</strong></span> <span class='ocrx_word' id='word_1_140' title='bbox 925 1675 1124 1734; x_wconf 85' lang='lat' dir='ltr'><strong>habere</strong></span> <span class='ocrx_word' id='word_1_141' title='bbox 1173 1675 1464 1748; x_wconf 78' lang='lat' dir='ltr'><strong>pastorem.</strong></span> <span class='ocrx_word' id='word_1_142' title='bbox 1497 1675 1673 1732; x_wconf 78' lang='lat' dir='ltr'><strong>Locus</strong></span> <span class='ocrx_word' id='word_1_143' title='bbox 1698 1686 1796 1748; x_wconf 87' lang='lat' dir='ltr'><strong>est</strong></span> <span class='ocrx_word' id='word_1_144' title='bbox 1823 1675 2210 1748; x_wconf 83' lang='lat' dir='ltr'><strong>commentario</strong></span> 
     </span>
    </p>
   </div>
   <div class='ocr_carea' id='block_1_21' title="bbox 631 1746 2210 1815">
    <p class='ocr_par' dir='ltr' id='par_1_21' title="bbox 631 1746 2210 1815">
     <span class='ocr_line' id='line_1_21' title="bbox 631 1746 2210 1815; baseline -0.003 -11"><span class='ocrx_word' id='word_1_145' title='bbox 631 1750 927 1804; x_wconf 88' lang='lat' dir='ltr'><strong>centesimo</strong></span> <span class='ocrx_word' id='word_1_146' title='bbox 956 1755 1128 1813; x_wconf 88' lang='lat' dir='ltr'><strong>sexto,</strong></span> <span class='ocrx_word' id='word_1_147' title='bbox 1174 1746 1239 1802; x_wconf 34' lang='lat' dir='ltr'><strong>’et</strong></span> <span class='ocrx_word' id='word_1_148' title='bbox 1267 1749 1322 1803; x_wconf 89' lang='lat' dir='ltr'><strong>in</strong></span> <span class='ocrx_word' id='word_1_149' title='bbox 1360 1747 1746 1804; x_wconf 88' lang='lat' dir='ltr'><strong>commentario</strong></span> <span class='ocrx_word' id='word_1_150' title='bbox 1790 1746 1983 1815; x_wconf 87' lang='lat' dir='ltr'><strong>psalmi</strong></span> <span class='ocrx_word' id='word_1_151' title='bbox 2023 1754 2210 1800; x_wconf 83' lang='lat' dir='ltr'><strong>cente-</strong></span> 
     </span>
    </p>
   </div>
   <div class='ocr_carea' id='block_1_22' title="bbox 629 1790 2289 1886">
    <p class='ocr_par' dir='ltr' id='par_1_22' title="bbox 629 1790 2289 1886">
     <span class='ocr_line' id='line_1_22' title="bbox 629 1790 2289 1886; baseline -0.001 -12"><span class='ocrx_word' id='word_1_152' title='bbox 629 1818 750 1876; x_wconf 85' lang='lat' dir='ltr'><strong>simi</strong></span> <span class='ocrx_word' id='word_1_153' title='bbox 779 1790 1032 1873; x_wconf 76' lang='lat' dir='ltr'><strong>tricesimi</strong></span> <span class='ocrx_word' id='word_1_154' title='bbox 1075 1790 1252 1873; x_wconf 68' lang='lat' dir='ltr'><strong>octavi</strong></span> <span class='ocrx_word' id='word_1_155' title='bbox 1281 1790 1437 1872; x_wconf 63' lang='lat' dir='ltr'><strong>docet</strong></span> <span class='ocrx_word' id='word_1_156' title='bbox 1464 1818 1716 1872; x_wconf 83' lang='lat' dir='ltr'><strong>eximiam</strong></span> <span class='ocrx_word' id='word_1_157' title='bbox 1743 1790 2029 1886; x_wconf 67' lang='lat' dir='ltr'><strong>quamdam</strong></span> <span class='ocrx_word' id='word_1_158' title='bbox 2059 1822 2214 1884; x_wconf 86' lang='lat' dir='ltr'><strong>pote-</strong></span> 
     </span>
    </p>
   </div>
   <div class='ocr_carea' id='block_1_23' title="bbox 629 1886 2211 1955">
    <p class='ocr_par' dir='ltr' id='par_1_23' title="bbox 629 1886 2211 1955">
     <span class='ocr_line' id='line_1_23' title="bbox 629 1886 2211 1955; baseline -0.005 -9"><span class='ocrx_word' id='word_1_159' title='bbox 629 1897 822 1946; x_wconf 64' lang='lat' dir='ltr'><strong>atatem</strong></span> <span class='ocrx_word' id='word_1_160' title='bbox 854 1887 1013 1942; x_wconf 88' lang='lat' dir='ltr'><strong>Petro</strong></span> <span class='ocrx_word' id='word_1_161' title='bbox 1044 1888 1293 1941; x_wconf 82' lang='lat' dir='ltr'><strong>tributam</strong></span> <span class='ocrx_word' id='word_1_162' title='bbox 1324 1903 1354 1940; x_wconf 92' lang='lat' dir='ltr'><strong>a</strong></span> <span class='ocrx_word' id='word_1_163' title='bbox 1398 1886 1633 1951; x_wconf 87' lang='lat' dir='ltr'><strong>Christo,</strong></span> <span class='ocrx_word' id='word_1_164' title='bbox 1674 1901 1834 1955; x_wconf 88' lang='lat' dir='ltr'><strong>quem</strong></span> <span class='ocrx_word' id='word_1_165' title='bbox 1867 1894 1952 1939; x_wconf 89' lang='lat' dir='ltr'><strong>ter</strong></span> <span class='ocrx_word' id='word_1_166' title='bbox 1979 1899 2211 1953; x_wconf 90' lang='lat' dir='ltr'><strong>negave-</strong></span> 
     </span>
    </p>
   </div>
   <div class='ocr_carea' id='block_1_24' title="bbox 631 1955 2214 2026">
    <p class='ocr_par' dir='ltr' id='par_1_24' title="bbox 631 1955 2214 2026">
     <span class='ocr_line' id='line_1_24' title="bbox 631 1955 2214 2026; baseline -0.004 -13"><span class='ocrx_word' id='word_1_167' title='bbox 631 1966 734 2024; x_wconf 89' lang='lat' dir='ltr'><strong>rat,</strong></span> <span class='ocrx_word' id='word_1_168' title='bbox 779 1959 918 2012; x_wconf 90' lang='lat' dir='ltr'><strong>haud</strong></span> <span class='ocrx_word' id='word_1_169' title='bbox 947 1957 1106 2011; x_wconf 81' lang='lat' dir='ltr'><strong>dubie</strong></span> <span class='ocrx_word' id='word_1_170' title='bbox 1155 1957 1380 2026; x_wconf 89' lang='lat' dir='ltr'><strong>loquens</strong></span> <span class='ocrx_word' id='word_1_171' title='bbox 1407 1957 1475 2012; x_wconf 92' lang='lat' dir='ltr'><strong>de</strong></span> <span class='ocrx_word' id='word_1_172' title='bbox 1517 1963 1784 2026; x_wconf 87' lang='lat' dir='ltr'><strong>potestate</strong></span> <span class='ocrx_word' id='word_1_173' title='bbox 1823 1955 2214 2026; x_wconf 80' lang='lat' dir='ltr'><strong>pascendarum</strong></span> 
     </span>
    </p>
   </div>
   <div class='ocr_carea' id='block_1_25' title="bbox 634 2024 2212 2095">
    <p class='ocr_par' dir='ltr' id='par_1_25' title="bbox 634 2024 2212 2095">
     <span class='ocr_line' id='line_1_25' title="bbox 634 2024 2212 2095; baseline -0.003 -14"><span class='ocrx_word' id='word_1_174' title='bbox 634 2027 832 2081; x_wconf 89' lang='lat' dir='ltr'><strong>ovium.</strong></span> <span class='ocrx_word' id='word_1_175' title='bbox 882 2027 956 2081; x_wconf 91' lang='lat' dir='ltr'><strong>De</strong></span> <span class='ocrx_word' id='word_1_176' title='bbox 984 2027 1126 2081; x_wconf 89' lang='lat' dir='ltr'><strong>votis</strong></span> <span class='ocrx_word' id='word_1_177' title='bbox 1161 2024 1445 2095; x_wconf 72' lang='lat' dir='ltr'><strong>aliquoties</strong></span> <span class='ocrx_word' id='word_1_178' title='bbox 1483 2024 1758 2095; x_wconf 80' lang='lat' dir='ltr'><strong>meminit,</strong></span> <span class='ocrx_word' id='word_1_179' title='bbox 1807 2024 1901 2079; x_wconf 83' lang='lat' dir='ltr'><strong>sed</strong></span> <span class='ocrx_word' id='word_1_180' title='bbox 1949 2025 2032 2078; x_wconf 90' lang='lat' dir='ltr'><strong>his</strong></span> <span class='ocrx_word' id='word_1_181' title='bbox 2058 2024 2212 2095; x_wconf 72' lang='lat' dir='ltr'><strong>dun-</strong></span> 
     </span>
    </p>
   </div>
   <div class='ocr_carea' id='block_1_26' title="bbox 633 2093 2212 2166">
    <p class='ocr_par' dir='ltr' id='par_1_26' title="bbox 633 2093 2212 2166">
     <span class='ocr_line' id='line_1_26' title="bbox 633 2093 2212 2166; baseline -0.002 -17"><span class='ocrx_word' id='word_1_182' title='bbox 633 2098 795 2151; x_wconf 82' lang='lat' dir='ltr'><strong>taxat</strong></span> <span class='ocrx_word' id='word_1_183' title='bbox 845 2098 1036 2165; x_wconf 87' lang='lat' dir='ltr'><strong>quibus</strong></span> <span class='ocrx_word' id='word_1_184' title='bbox 1099 2096 1152 2149; x_wconf 91' lang='lat' dir='ltr'><strong>in</strong></span> <span class='ocrx_word' id='word_1_185' title='bbox 1218 2093 1522 2166; x_wconf 78' lang='lat' dir='ltr'><strong>baptismo,</strong></span> <span class='ocrx_word' id='word_1_186' title='bbox 1596 2094 1867 2150; x_wconf 83' lang='lat' dir='ltr'><strong>Christum</strong></span> <span class='ocrx_word' id='word_1_187' title='bbox 1948 2093 2212 2166; x_wconf 75' lang='lat' dir='ltr'><strong>professi,</strong></span> 
     </span>
    </p>
   </div>
   <div class='ocr_carea' id='block_1_27' title="bbox 635 2164 2215 2234">
    <p class='ocr_par' dir='ltr' id='par_1_27' title="bbox 635 2164 2215 2234">
     <span class='ocr_line' id='line_1_27' title="bbox 635 2164 2215 2234; baseline -0.003 -13"><span class='ocrx_word' id='word_1_188' title='bbox 635 2164 1203 2234; x_wconf 32' lang='lat' dir='ltr'><strong>mundo’Satanaeque</strong></span> <span class='ocrx_word' id='word_1_189' title='bbox 1248 2164 1714 2230; x_wconf 81' lang='lat' dir='ltr'><strong>renuntiavimus;</strong></span> <span class='ocrx_word' id='word_1_190' title='bbox 1771 2180 1877 2219; x_wconf 91' lang='lat' dir='ltr'><strong>non</strong></span> <span class='ocrx_word' id='word_1_191' title='bbox 1938 2164 2082 2232; x_wconf 89' lang='lat' dir='ltr'><strong>quod</strong></span> <span class='ocrx_word' id='word_1_192' title='bbox 2129 2179 2215 2234; x_wconf 35' lang='lat' dir='ltr'><strong>ari-</strong></span> 
     </span>
    </p>
   </div>
   <div class='ocr_carea' id='block_1_28' title="bbox 635 2233 2218 2305">
    <p class='ocr_par' dir='ltr' id='par_1_28' title="bbox 635 2233 2218 2305">
     <span class='ocr_line' id='line_1_28' title="bbox 635 2233 2218 2305; baseline -0.003 -14"><span class='ocrx_word' id='word_1_193' title='bbox 635 2236 807 2305; x_wconf 87' lang='lat' dir='ltr'><strong>bitrer</strong></span> <span class='ocrx_word' id='word_1_194' title='bbox 851 2236 1000 2302; x_wconf 89' lang='lat' dir='ltr'><strong>illum</strong></span> <span class='ocrx_word' id='word_1_195' title='bbox 1045 2233 1251 2305; x_wconf 88' lang='lat' dir='ltr'><strong>reliqua</strong></span> <span class='ocrx_word' id='word_1_196' title='bbox 1299 2243 1423 2291; x_wconf 89' lang='lat' dir='ltr'><strong>vota</strong></span> <span class='ocrx_word' id='word_1_197' title='bbox 1471 2235 1888 2305; x_wconf 88' lang='lat' dir='ltr'><strong>contempsisse,</strong></span> <span class='ocrx_word' id='word_1_198' title='bbox 1926 2233 2021 2305; x_wconf 84' lang='lat' dir='ltr'><strong>sed</strong></span> <span class='ocrx_word' id='word_1_199' title='bbox 2073 2233 2218 2305; x_wconf 85' lang='lat' dir='ltr'><strong>quod</strong></span> 
     </span>
    </p>
   </div>
   <div class='ocr_carea' id='block_1_29' title="bbox 635 2303 2218 2376">
    <p class='ocr_par' dir='ltr' id='par_1_29' title="bbox 635 2303 2218 2376">
     <span class='ocr_line' id='line_1_29' title="bbox 635 2303 2218 2376; baseline -0.003 -15"><span class='ocrx_word' id='word_1_200' title='bbox 635 2303 784 2376; x_wconf 67' lang='lat' dir='ltr'><strong>hinc,</strong></span> <span class='ocrx_word' id='word_1_201' title='bbox 835 2315 895 2361; x_wconf 91' lang='lat' dir='ltr'><strong>ut</strong></span> <span class='ocrx_word' id='word_1_202' title='bbox 936 2314 1085 2370; x_wconf 89' lang='lat' dir='ltr'><strong>sunt,</strong></span> <span class='ocrx_word' id='word_1_203' title='bbox 1130 2303 1397 2376; x_wconf 63' lang='lat' dir='ltr'><strong>praecipua</strong></span> <span class='ocrx_word' id='word_1_204' title='bbox 1433 2305 1664 2360; x_wconf 89' lang='lat' dir='ltr'><strong>duxerit.</strong></span> <span class='ocrx_word' id='word_1_205' title='bbox 1688 2303 1820 2376; x_wconf 60' lang='lat' dir='ltr'><strong>Nec</strong></span> <span class='ocrx_word' id='word_1_206' title='bbox 1842 2303 2060 2376; x_wconf 78' lang='lat' dir='ltr'><strong>dubito</strong></span> <span class='ocrx_word' id='word_1_207' title='bbox 2089 2303 2218 2376; x_wconf 82' lang='lat' dir='ltr'><strong>quin</strong></span> 
     </span>
    </p>
   </div>
   <div class='ocr_carea' id='block_1_30' title="bbox 637 2372 2210 2431">
    <p class='ocr_par' dir='ltr' id='par_1_30' title="bbox 637 2372 2210 2431">
     <span class='ocr_line' id='line_1_30' title="bbox 637 2372 2210 2431; baseline -0.003 -1"><span class='ocrx_word' id='word_1_208' title='bbox 637 2373 692 2430; x_wconf 91' lang='lat' dir='ltr'><strong>in</strong></span> <span class='ocrx_word' id='word_1_209' title='bbox 727 2375 812 2430; x_wconf 87' lang='lat' dir='ltr'><strong>his</strong></span> <span class='ocrx_word' id='word_1_210' title='bbox 839 2372 1307 2431; x_wconf 78' lang='lat' dir='ltr'><strong>Commentariolis</strong></span> <span class='ocrx_word' id='word_1_211' title='bbox 1343 2375 1588 2431; x_wconf 80' lang='lat' dir='ltr'><strong>Oriaenis</strong></span> <span class='ocrx_word' id='word_1_212' title='bbox 1630 2374 1890 2430; x_wconf 89' lang='lat' dir='ltr'><strong>industria</strong></span> <span class='ocrx_word' id='word_1_213' title='bbox 1929 2373 2090 2428; x_wconf 82' lang='lat' dir='ltr'><strong>fuerit</strong></span> <span class='ocrx_word' id='word_1_214' title='bbox 2119 2372 2210 2427; x_wconf 89' lang='lat' dir='ltr'><strong>ad-</strong></span> 
     </span>
    </p>
   </div>
   <div class='ocr_carea' id='block_1_31' title="bbox 572 2443 2221 2517">
    <p class='ocr_par' dir='ltr' id='par_1_31' title="bbox 572 2443 2221 2517">
     <span class='ocr_line' id='line_1_31' title="bbox 572 2443 2221 2517; baseline -0.007 -11"><span class='ocrx_word' id='word_1_215' title='bbox 572 2461 575 2466; x_wconf 92' lang='lat'>&#39;</span> <span class='ocrx_word' id='word_1_216' title='bbox 638 2445 798 2517; x_wconf 78' lang='lat' dir='ltr'><strong>intus,</strong></span> <span class='ocrx_word' id='word_1_217' title='bbox 824 2447 915 2514; x_wconf 90' lang='lat' dir='ltr'><strong>qui</strong></span> <span class='ocrx_word' id='word_1_218' title='bbox 947 2446 1004 2499; x_wconf 90' lang='lat' dir='ltr'><strong>in</strong></span> <span class='ocrx_word' id='word_1_219' title='bbox 1040 2446 1244 2500; x_wconf 89' lang='lat' dir='ltr'><strong>nullum</strong></span> <span class='ocrx_word' id='word_1_220' title='bbox 1265 2461 1402 2516; x_wconf 90' lang='lat' dir='ltr'><strong>opus</strong></span> <span class='ocrx_word' id='word_1_221' title='bbox 1430 2443 1622 2501; x_wconf 81' lang='lat' dir='ltr'><strong>divinae</strong></span> <span class='ocrx_word' id='word_1_222' title='bbox 1661 2443 1948 2514; x_wconf 63' lang='lat' dir='ltr'><strong>Scriptura:</strong></span> <span class='ocrx_word' id='word_1_223' title='bbox 1977 2443 2221 2512; x_wconf 83' lang='lat' dir='ltr'><strong>frequen-</strong></span> 
     </span>
    </p>
   </div>
   <div class='ocr_carea' id='block_1_32' title="bbox 1863 308 2571 387">
    <p class='ocr_par' dir='ltr' id='par_1_32' title="bbox 1863 308 2571 387">
     <span class='ocr_line' id='line_1_32' title="bbox 1863 308 2571 387; baseline 0 -19"><span class='ocrx_word' id='word_1_224' title='bbox 1863 375 1866 380; x_wconf 93' lang='lat'><em>_</em></span> <span class='ocrx_word' id='word_1_225' title='bbox 1961 313 2232 384; x_wconf 58' lang='lat' dir='ltr'><strong>annos“</strong></span> <span class='ocrx_word' id='word_1_226' title='bbox 2270 308 2571 387; x_wconf 74' lang='lat' dir='ltr'><strong>JUNIORIS</strong></span> 
     </span>
    </p>
   </div>
   <div class='ocr_carea' id='block_1_33' title="bbox 2295 2067 3174 2152">
    <p class='ocr_par' dir='ltr' id='par_1_33' title="bbox 2295 2067 3174 2152">
     <span class='ocr_line' id='line_1_33' title="bbox 2295 2067 3174 2152; baseline 0.005 -4"><span class='ocrx_word' id='word_1_227' title='bbox 2295 2067 2508 2149; x_wconf 54' lang='lat' dir='ltr'><strong>sensus</strong></span> <span class='ocrx_word' id='word_1_228' title='bbox 2537 2095 2736 2150; x_wconf 87' lang='lat' dir='ltr'><strong>habent</strong></span> <span class='ocrx_word' id='word_1_229' title='bbox 2761 2067 3174 2152; x_wconf 51' lang='grc' dir='ltr'><strong>θιθῖἇὶξιῖὸέίηέ</strong></span> 
     </span>
    </p>
   </div>
   <div class='ocr_carea' id='block_1_34' title="bbox 2315 381 3899 490">
    <p class='ocr_par' dir='ltr' id='par_1_34' title="bbox 2315 381 3899 490">
     <span class='ocr_line' id='line_1_34' title="bbox 2315 381 3899 490; baseline -0.001 -11"><span class='ocrx_word' id='word_1_230' title='bbox 2315 423 2421 480; x_wconf 90' lang='lat' dir='ltr'><strong>tius</strong></span> <span class='ocrx_word' id='word_1_231' title='bbox 2460 385 2627 476; x_wconf 87' lang='lat' dir='ltr'><strong>edidit</strong></span> <span class='ocrx_word' id='word_1_232' title='bbox 2654 387 3267 490; x_wconf 61' lang='lat' dir='ltr'><strong>Commentariosquam</strong></span> <span class='ocrx_word' id='word_1_233' title='bbox 3752 381 3899 477; x_wconf 70' lang='lat' dir='ltr'><strong>Nam</strong></span> 
     </span>
    </p>
   </div>
   <div class='ocr_carea' id='block_1_35' title="bbox 2312 486 3900 560">
    <p class='ocr_par' dir='ltr' id='par_1_35' title="bbox 2312 486 3900 560">
     <span class='ocr_line' id='line_1_35' title="bbox 2312 486 3900 560; baseline -0.002 -12"><span class='ocrx_word' id='word_1_234' title='bbox 2312 492 2446 548; x_wconf 90' lang='lat' dir='ltr'><strong>locis</strong></span> <span class='ocrx_word' id='word_1_235' title='bbox 2469 491 2675 560; x_wconf 88' lang='lat' dir='ltr'><strong>aliquot</strong></span> <span class='ocrx_word' id='word_1_236' title='bbox 2703 489 2938 545; x_wconf 85' lang='lat' dir='ltr'><strong>declarat</strong></span> <span class='ocrx_word' id='word_1_237' title='bbox 2975 506 3034 546; x_wconf 89' lang='lat' dir='ltr'><strong>se</strong></span> <span class='ocrx_word' id='word_1_238' title='bbox 3069 486 3253 546; x_wconf 67' lang='lat' dir='ltr'><strong>Grieca</strong></span> <span class='ocrx_word' id='word_1_239' title='bbox 3281 487 3550 560; x_wconf 70' lang='lat' dir='ltr'><strong>ealluisse.</strong></span> <span class='ocrx_word' id='word_1_240' title='bbox 3595 486 3770 557; x_wconf 80' lang='lat' dir='ltr'><strong>Hujus</strong></span> <span class='ocrx_word' id='word_1_241' title='bbox 3803 503 3900 558; x_wconf 89' lang='lat' dir='ltr'><strong>ge-</strong></span> 
     </span>
    </p>
   </div>
   <div class='ocr_carea' id='block_1_36' title="bbox 2309 558 4012 630">
    <p class='ocr_par' dir='ltr' id='par_1_36' title="bbox 2309 558 4012 630">
     <span class='ocr_line' id='line_1_36' title="bbox 2309 558 4012 630; baseline -0.001 -14"><span class='ocrx_word' id='word_1_242' title='bbox 2309 563 2453 618; x_wconf 88' lang='lat' dir='ltr'><strong>neris</strong></span> <span class='ocrx_word' id='word_1_243' title='bbox 2479 558 2645 616; x_wconf 77' lang='lat' dir='ltr'><strong>unum</strong></span> <span class='ocrx_word' id='word_1_244' title='bbox 2681 561 2986 630; x_wconf 82' lang='lat' dir='ltr'><strong>exemplum</strong></span> <span class='ocrx_word' id='word_1_245' title='bbox 3014 561 3154 616; x_wconf 86' lang='lat' dir='ltr'><strong>dabo</strong></span> <span class='ocrx_word' id='word_1_246' title='bbox 3194 558 3586 630; x_wconf 87' lang='lat' dir='ltr'><strong>commentario</strong></span> <span class='ocrx_word' id='word_1_247' title='bbox 3615 567 3906 630; x_wconf 86' lang='lat' dir='ltr'><strong>septuage-</strong></span> <span class='ocrx_word' id='word_1_248' title='bbox 4009 597 4012 604; x_wconf 69' lang='grc' dir='ltr'><em>ι</em></span> 
     </span>
    </p>
   </div>
   <div class='ocr_carea' id='block_1_37' title="bbox 2307 629 3898 711">
    <p class='ocr_par' dir='ltr' id='par_1_37' title="bbox 2307 629 3898 711">
     <span class='ocr_line' id='line_1_37' title="bbox 2307 629 3898 711; baseline -0.002 -24"><span class='ocrx_word' id='word_1_249' title='bbox 2307 633 2446 711; x_wconf 66' lang='lat' dir='ltr'><strong>sime</strong></span> <span class='ocrx_word' id='word_1_250' title='bbox 2489 631 2739 711; x_wconf 81' lang='lat' dir='ltr'><strong>septimo.</strong></span> <span class='ocrx_word' id='word_1_251' title='bbox 2764 629 2977 711; x_wconf 48' lang='lat' dir='ltr'><strong>.Scriba</strong></span> <span class='ocrx_word' id='word_1_252' title='bbox 3017 647 3126 711; x_wconf 54' lang='lat' dir='ltr'><strong>non</strong></span> <span class='ocrx_word' id='word_1_253' title='bbox 3169 630 3476 711; x_wconf 74' lang='lat' dir='ltr'><strong>intelligens</strong></span> <span class='ocrx_word' id='word_1_254' title='bbox 3501 629 3898 711; x_wconf 57' lang='lat' dir='ltr'><strong>depinxerat:</strong></span> 
     </span>
    </p>
   </div>
   <div class='ocr_carea' id='block_1_38' title="bbox 2307 698 3900 771">
    <p class='ocr_par' dir='ltr' id='par_1_38' title="bbox 2307 698 3900 771">
     <span class='ocr_line' id='line_1_38' title="bbox 2307 698 3900 771; baseline -0.002 -14"><span class='ocrx_word' id='word_1_255' title='bbox 2307 702 2460 771; x_wconf 88' lang='lat' dir='ltr'><strong>quod</strong></span> <span class='ocrx_word' id='word_1_256' title='bbox 2479 698 2637 755; x_wconf 80' lang='lat' dir='ltr'><strong>aui-es</strong></span> <span class='ocrx_word' id='word_1_257' title='bbox 2665 701 2718 754; x_wconf 93' lang='lat' dir='ltr'><strong>in</strong></span> <span class='ocrx_word' id='word_1_258' title='bbox 2761 698 2982 771; x_wconf 64' lang='lat' dir='ltr'><strong>faciens.</strong></span> <span class='ocrx_word' id='word_1_259' title='bbox 3017 699 3110 755; x_wconf 85' lang='lat' dir='ltr'><strong>His</strong></span> <span class='ocrx_word' id='word_1_260' title='bbox 3137 700 3316 771; x_wconf 75' lang='lat' dir='ltr'><strong>verbis</strong></span> <span class='ocrx_word' id='word_1_261' title='bbox 3359 704 3484 771; x_wconf 75' lang='lat' dir='ltr'><strong>cum</strong></span> <span class='ocrx_word' id='word_1_262' title='bbox 3508 698 3651 771; x_wconf 82' lang='lat' dir='ltr'><strong>nihil</strong></span> <span class='ocrx_word' id='word_1_263' title='bbox 3671 701 3900 771; x_wconf 70' lang='lat' dir='ltr'><strong>omnino</strong></span> 
     </span>
    </p>
   </div>
   <div class='ocr_carea' id='block_1_39' title="bbox 2308 767 3898 840">
    <p class='ocr_par' dir='ltr' id='par_1_39' title="bbox 2308 767 3898 840">
     <span class='ocr_line' id='line_1_39' title="bbox 2308 767 3898 840; baseline -0.002 -13"><span class='ocrx_word' id='word_1_264' title='bbox 2308 767 2716 840; x_wconf 77' lang='lat' dir='ltr'><strong>signiﬁcaretur,</strong></span> <span class='ocrx_word' id='word_1_265' title='bbox 2747 767 2945 840; x_wconf 81' lang='lat' dir='ltr'><strong>diuque</strong></span> <span class='ocrx_word' id='word_1_266' title='bbox 2973 787 3059 824; x_wconf 91' lang='lat' dir='ltr'><strong>me</strong></span> <span class='ocrx_word' id='word_1_267' title='bbox 3087 769 3386 831; x_wconf 89' lang='lat' dir='ltr'><strong>torsissem,</strong></span> <span class='ocrx_word' id='word_1_268' title='bbox 3410 768 3649 840; x_wconf 81' lang='lat' dir='ltr'><strong>divinavi</strong></span> <span class='ocrx_word' id='word_1_269' title='bbox 3669 768 3722 822; x_wconf 89' lang='lat' dir='ltr'><strong>id</strong></span> <span class='ocrx_word' id='word_1_270' title='bbox 3757 770 3898 840; x_wconf 85' lang='lat' dir='ltr'><strong>quod</strong></span> 
     </span>
    </p>
   </div>
   <div class='ocr_carea' id='block_1_40' title="bbox 2307 838 3898 908">
    <p class='ocr_par' dir='ltr' id='par_1_40' title="bbox 2307 838 3898 908">
     <span class='ocr_line' id='line_1_40' title="bbox 2307 838 3898 908; baseline -0.002 -11"><span class='ocrx_word' id='word_1_271' title='bbox 2307 838 2397 897; x_wconf 74' lang='lat' dir='ltr'><strong>res</strong></span> <span class='ocrx_word' id='word_1_272' title='bbox 2426 848 2509 895; x_wconf 91' lang='lat' dir='ltr'><strong>est</strong></span> <span class='ocrx_word' id='word_1_273' title='bbox 2537 841 2793 908; x_wconf 89' lang='lat' dir='ltr'><strong>scriptum</strong></span> <span class='ocrx_word' id='word_1_274' title='bbox 2831 838 3014 904; x_wconf 81' lang='lat' dir='ltr'><strong>fuisse,</strong></span> <span class='ocrx_word' id='word_1_275' title='bbox 3063 840 3208 908; x_wconf 89' lang='lat' dir='ltr'><strong>quod</strong></span> <span class='ocrx_word' id='word_1_276' title='bbox 3236 838 3461 892; x_wconf 79' lang='lat' dir='ltr'><strong>auxesin</strong></span> <span class='ocrx_word' id='word_1_277' title='bbox 3508 838 3731 894; x_wconf 81' lang='lat' dir='ltr'><strong>faciens.</strong></span> <span class='ocrx_word' id='word_1_278' title='bbox 3768 838 3898 894; x_wconf 84' lang='lat' dir='ltr'><strong>Nam</strong></span> 
     </span>
    </p>
   </div>
   <div class='ocr_carea' id='block_1_41' title="bbox 2309 907 3898 978">
    <p class='ocr_par' dir='ltr' id='par_1_41' title="bbox 2309 907 3898 978">
     <span class='ocr_line' id='line_1_41' title="bbox 2309 907 3898 978; baseline -0.001 -12"><span class='ocrx_word' id='word_1_279' title='bbox 2309 913 2364 966; x_wconf 91' lang='lat' dir='ltr'><strong>in</strong></span> <span class='ocrx_word' id='word_1_280' title='bbox 2402 907 2672 978; x_wconf 80' lang='lat' dir='ltr'><strong>plerisque</strong></span> <span class='ocrx_word' id='word_1_281' title='bbox 2719 909 2997 978; x_wconf 88' lang='lat' dir='ltr'><strong>scripturis</strong></span> <span class='ocrx_word' id='word_1_282' title='bbox 3035 907 3202 977; x_wconf 80' lang='lat' dir='ltr'><strong>ﬁgura</strong></span> <span class='ocrx_word' id='word_1_283' title='bbox 3246 908 3406 976; x_wconf 88' lang='lat' dir='ltr'><strong>hujus</strong></span> <span class='ocrx_word' id='word_1_284' title='bbox 3458 907 3671 978; x_wconf 73' lang='lat' dir='ltr'><strong>litterte,</strong></span> <span class='ocrx_word' id='word_1_285' title='bbox 3715 925 3750 962; x_wconf 86' lang='lat' dir='ltr'><strong>x</strong></span> <span class='ocrx_word' id='word_1_286' title='bbox 3793 924 3898 964; x_wconf 93' lang='lat' dir='ltr'><strong>non</strong></span> 
     </span>
    </p>
   </div>
   <div class='ocr_carea' id='block_1_42' title="bbox 2311 927 3900 1060">
    <p class='ocr_par' dir='ltr' id='par_1_42' title="bbox 2311 927 3900 1060">
     <span class='ocr_line' id='line_1_42' title="bbox 2311 927 3898 978; baseline -0.001 -12"><span class='ocrx_word' id='word_1_287' title='bbox 2311 928 2364 966; x_wconf 85' lang='grc'><strong>111</strong></span> <span class='ocrx_word' id='word_1_288' title='bbox 2442 927 2672 978; x_wconf 78' lang='lat' dir='ltr'><strong>terisque</strong></span> <span class='ocrx_word' id='word_1_289' title='bbox 2719 927 2997 978; x_wconf 78' lang='lat' dir='ltr'><strong>SCl&#39;lpllﬂ&#39;lS</strong></span> <span class='ocrx_word' id='word_1_290' title='bbox 3035 927 3202 977; x_wconf 85' lang='lat' dir='ltr'><strong>ugura</strong></span> <span class='ocrx_word' id='word_1_291' title='bbox 3250 927 3406 976; x_wconf 72' lang='lat' dir='ltr'><strong>DUJIIS</strong></span> <span class='ocrx_word' id='word_1_292' title='bbox 3459 927 3671 971; x_wconf 69' lang='grc' dir='ltr'><strong>ΙιῑῑθιῖΒ,</strong></span> <span class='ocrx_word' id='word_1_293' title='bbox 3715 927 3750 962; x_wconf 74' lang='grc' dir='ltr'><strong>Χ</strong></span> <span class='ocrx_word' id='word_1_294' title='bbox 3793 927 3898 964; x_wconf 87' lang='grc'><strong>11011</strong></span> 
     </span>
     <span class='ocr_line' id='line_1_43' title="bbox 2311 927 3900 1060; baseline 0.001 -27"><span class='ocrx_word' id='word_1_295' title='bbox 2311 927 2537 1060; x_wconf 55' lang='lat' dir='ltr'><strong>inuitum</strong></span> <span class='ocrx_word' id='word_1_296' title='bbox 2564 979 2818 1060; x_wconf 69' lang='lat' dir='ltr'><strong>abhprret</strong></span> <span class='ocrx_word' id='word_1_297' title='bbox 2844 978 2912 1032; x_wconf 89' lang='lat' dir='ltr'><strong>ab</strong></span> <span class='ocrx_word' id='word_1_298' title='bbox 2936 995 3005 1060; x_wconf 37' lang='grc' dir='ltr'><strong>ιτ..</strong></span> <span class='ocrx_word' id='word_1_299' title='bbox 3045 977 3229 1060; x_wconf 75' lang='lat' dir='ltr'><strong>Itaque</strong></span> <span class='ocrx_word' id='word_1_300' title='bbox 3255 978 3432 1060; x_wconf 81' lang='lat' dir='ltr'><strong>scriba</strong></span> <span class='ocrx_word' id='word_1_301' title='bbox 3459 976 3646 1034; x_wconf 62' lang='lat' dir='ltr'><strong>Graece</strong></span> <span class='ocrx_word' id='word_1_302' title='bbox 3677 993 3900 1060; x_wconf 67' lang='lat' dir='ltr'><strong>prorsus</strong></span> 
     </span>
    </p>
   </div>
   <div class='ocr_carea' id='block_1_43' title="bbox 2310 1046 3896 1118">
    <p class='ocr_par' dir='ltr' id='par_1_43' title="bbox 2310 1046 3896 1118">
     <span class='ocr_line' id='line_1_44' title="bbox 2310 1046 3896 1118; baseline 0 -14"><span class='ocrx_word' id='word_1_303' title='bbox 2310 1050 2548 1118; x_wconf 87' lang='lat' dir='ltr'><strong>ignarus,</strong></span> <span class='ocrx_word' id='word_1_304' title='bbox 2580 1056 2637 1102; x_wconf 91' lang='lat' dir='ltr'><strong>et</strong></span> <span class='ocrx_word' id='word_1_305' title='bbox 2663 1046 2852 1118; x_wconf 76' lang='lat' dir='ltr'><strong>Latine</strong></span> <span class='ocrx_word' id='word_1_306' title='bbox 2878 1046 3157 1103; x_wconf 81' lang='lat' dir='ltr'><strong>minimum</strong></span> <span class='ocrx_word' id='word_1_307' title='bbox 3180 1048 3387 1114; x_wconf 90' lang='lat' dir='ltr'><strong>doctus,</strong></span> <span class='ocrx_word' id='word_1_308' title='bbox 3420 1063 3487 1102; x_wconf 84' lang='lat' dir='ltr'><strong>ex</strong></span> <span class='ocrx_word' id='word_1_309' title='bbox 3508 1046 3731 1102; x_wconf 79' lang='lat' dir='ltr'><strong>auxesin</strong></span> <span class='ocrx_word' id='word_1_310' title='bbox 3755 1047 3896 1104; x_wconf 85' lang='lat' dir='ltr'><strong>fece-</strong></span> 
     </span>
    </p>
   </div>
   <div class='ocr_carea' id='block_1_44' title="bbox 2310 1116 3894 1186">
    <p class='ocr_par' dir='ltr' id='par_1_44' title="bbox 2310 1116 3894 1186">
     <span class='ocr_line' id='line_1_45' title="bbox 2310 1116 3894 1186; baseline -0.001 -12"><span class='ocrx_word' id='word_1_311' title='bbox 2310 1116 2396 1175; x_wconf 78' lang='lat' dir='ltr'><strong>rat</strong></span> <span class='ocrx_word' id='word_1_312' title='bbox 2433 1133 2590 1173; x_wconf 83' lang='lat' dir='ltr'><strong>aures</strong></span> <span class='ocrx_word' id='word_1_313' title='bbox 2631 1118 2704 1172; x_wconf 89' lang='lat' dir='ltr'><strong>in.</strong></span> <span class='ocrx_word' id='word_1_314' title='bbox 2757 1116 2890 1186; x_wconf 83' lang='lat' dir='ltr'><strong>Item</strong></span> <span class='ocrx_word' id='word_1_315' title='bbox 2927 1119 3314 1172; x_wconf 89' lang='lat' dir='ltr'><strong>commentario</strong></span> <span class='ocrx_word' id='word_1_316' title='bbox 3360 1118 3656 1173; x_wconf 86' lang='lat' dir='ltr'><strong>centesimo</strong></span> <span class='ocrx_word' id='word_1_317' title='bbox 3701 1118 3894 1186; x_wconf 91' lang='lat' dir='ltr'><strong>quinto</strong></span> 
     </span>
    </p>
   </div>
   <div class='ocr_carea' id='block_1_45' title="bbox 2312 1185 3898 1266">
    <p class='ocr_par' dir='ltr' id='par_1_45' title="bbox 2312 1185 3898 1266">
     <span class='ocr_line' id='line_1_46' title="bbox 2312 1185 3898 1266; baseline -0.002 -22"><span class='ocrx_word' id='word_1_318' title='bbox 2312 1189 2574 1258; x_wconf 88' lang='lat' dir='ltr'><strong>scriptum</strong></span> <span class='ocrx_word' id='word_1_319' title='bbox 2596 1196 2718 1266; x_wconf 75' lang='lat' dir='ltr'><strong>erat</strong></span> <span class='ocrx_word' id='word_1_320' title='bbox 2741 1204 2757 1266; x_wconf 63' lang='grc' dir='ltr'><strong><em>ς</em></strong></span> <span class='ocrx_word' id='word_1_321' title='bbox 2790 1185 3061 1266; x_wconf 70' lang='lat' dir='ltr'><strong>Suscipiat</strong></span> <span class='ocrx_word' id='word_1_322' title='bbox 3097 1188 3336 1266; x_wconf 63' lang='lat' dir='ltr'><strong>regulam</strong></span> <span class='ocrx_word' id='word_1_323' title='bbox 3363 1187 3690 1266; x_wconf 71' lang='lat' dir='ltr'><strong>pmnitentize</strong></span> <span class='ocrx_word' id='word_1_324' title='bbox 3715 1185 3898 1266; x_wconf 80' lang='lat' dir='ltr'><strong>exclu-</strong></span> 
     </span>
    </p>
   </div>
   <div class='ocr_carea' id='block_1_46' title="bbox 2310 1256 3892 1328">
    <p class='ocr_par' dir='ltr' id='par_1_46' title="bbox 2310 1256 3892 1328">
     <span class='ocr_line' id='line_1_47' title="bbox 2310 1256 3892 1328; baseline -0.002 -14"><span class='ocrx_word' id='word_1_325' title='bbox 2310 1274 2374 1315; x_wconf 91' lang='lat' dir='ltr'><strong>so</strong></span> <span class='ocrx_word' id='word_1_326' title='bbox 2397 1256 2554 1322; x_wconf 78' lang='lat' dir='ltr'><strong>nova,</strong></span> <span class='ocrx_word' id='word_1_327' title='bbox 2594 1257 2670 1328; x_wconf 84' lang='lat' dir='ltr'><strong>ita</strong></span> <span class='ocrx_word' id='word_1_328' title='bbox 2700 1264 2758 1311; x_wconf 92' lang='lat' dir='ltr'><strong>ut</strong></span> <span class='ocrx_word' id='word_1_329' title='bbox 2785 1256 3139 1328; x_wconf 79' lang='lat' dir='ltr'><strong>centesimum</strong></span> <span class='ocrx_word' id='word_1_330' title='bbox 3180 1256 3424 1328; x_wconf 84' lang='lat' dir='ltr'><strong>quin_tum</strong></span> <span class='ocrx_word' id='word_1_331' title='bbox 3470 1258 3752 1328; x_wconf 75' lang='lat' dir='ltr'><strong>psalmum,</strong></span> <span class='ocrx_word' id='word_1_332' title='bbox 3785 1265 3892 1312; x_wconf 88' lang='lat' dir='ltr'><strong>etc.</strong></span> 
     </span>
    </p>
   </div>
   <div class='ocr_carea' id='block_1_47' title="bbox 2311 1325 3895 1396">
    <p class='ocr_par' dir='ltr' id='par_1_47' title="bbox 2311 1325 3895 1396">
     <span class='ocr_line' id='line_1_48' title="bbox 2311 1325 3895 1396; baseline -0.003 -12"><span class='ocrx_word' id='word_1_333' title='bbox 2311 1328 2421 1384; x_wconf 82' lang='lat' dir='ltr'><strong>Nos</strong></span> <span class='ocrx_word' id='word_1_334' title='bbox 2451 1343 2517 1382; x_wconf 88' lang='lat' dir='ltr'><strong>ex</strong></span> <span class='ocrx_word' id='word_1_335' title='bbox 2545 1325 2858 1396; x_wconf 83' lang='lat' dir='ltr'><strong>conjectura</strong></span> <span class='ocrx_word' id='word_1_336' title='bbox 2885 1325 3215 1391; x_wconf 76' lang='lat' dir='ltr'><strong>restituimus</strong></span> <span class='ocrx_word' id='word_1_337' title='bbox 3240 1347 3252 1380; x_wconf 90' lang='lat'><strong>:</strong></span> <span class='ocrx_word' id='word_1_338' title='bbox 3293 1325 3525 1382; x_wconf 83' lang='lat' dir='ltr'><strong>Excluso</strong></span> <span class='ocrx_word' id='word_1_339' title='bbox 3549 1326 3783 1389; x_wconf 77' lang='lat' dir='ltr'><strong>Novato,</strong></span> <span class='ocrx_word' id='word_1_340' title='bbox 3824 1328 3895 1380; x_wconf 82' lang='lat' dir='ltr'><strong>si-</strong></span> 
     </span>
    </p>
   </div>
   <div class='ocr_carea' id='block_1_48' title="bbox 2309 1395 3890 1466">
    <p class='ocr_par' dir='ltr' id='par_1_48' title="bbox 2309 1395 3890 1466">
     <span class='ocr_line' id='line_1_49' title="bbox 2309 1395 3890 1466; baseline -0.001 -14"><span class='ocrx_word' id='word_1_341' title='bbox 2309 1413 2379 1452; x_wconf 90' lang='lat' dir='ltr'><strong>ve</strong></span> <span class='ocrx_word' id='word_1_342' title='bbox 2421 1397 2736 1452; x_wconf 88' lang='lat' dir='ltr'><strong>Novatiano.</strong></span> <span class='ocrx_word' id='word_1_343' title='bbox 2769 1395 2903 1450; x_wconf 83' lang='lat' dir='ltr'><strong>Nam</strong></span> <span class='ocrx_word' id='word_1_344' title='bbox 2953 1406 3178 1466; x_wconf 88' lang='lat' dir='ltr'><strong>uterque</strong></span> <span class='ocrx_word' id='word_1_345' title='bbox 3225 1398 3324 1452; x_wconf 79' lang='lat' dir='ltr'><strong>fuit</strong></span> <span class='ocrx_word' id='word_1_346' title='bbox 3368 1396 3605 1465; x_wconf 87' lang='lat' dir='ltr'><strong>ejusdem</strong></span> <span class='ocrx_word' id='word_1_347' title='bbox 3649 1396 3890 1461; x_wconf 66' lang='lat' dir='ltr'><strong>haeresis,</strong></span> 
     </span>
    </p>
   </div>
   <div class='ocr_carea' id='block_1_49' title="bbox 2310 1466 3896 1537">
    <p class='ocr_par' dir='ltr' id='par_1_49' title="bbox 2310 1466 3896 1537">
     <span class='ocr_line' id='line_1_50' title="bbox 2310 1466 3896 1537; baseline -0.001 -15"><span class='ocrx_word' id='word_1_348' title='bbox 2310 1482 2413 1522; x_wconf 87' lang='lat' dir='ltr'><strong>nec</strong></span> <span class='ocrx_word' id='word_1_349' title='bbox 2463 1467 2780 1521; x_wconf 89' lang='lat' dir='ltr'><strong>admittebat</strong></span> <span class='ocrx_word' id='word_1_350' title='bbox 2827 1467 3196 1537; x_wconf 74' lang='lat' dir='ltr'><strong>ptenitentem.</strong></span> <span class='ocrx_word' id='word_1_351' title='bbox 3228 1466 3544 1535; x_wconf 86' lang='lat' dir='ltr'><strong>Quanquam</strong></span> <span class='ocrx_word' id='word_1_352' title='bbox 3586 1466 3632 1520; x_wconf 89' lang='lat' dir='ltr'><strong>is</strong></span> <span class='ocrx_word' id='word_1_353' title='bbox 3677 1466 3896 1537; x_wconf 85' lang='lat' dir='ltr'><strong>potissi-</strong></span> 
     </span>
    </p>
   </div>
   <div class='ocr_carea' id='block_1_50' title="bbox 2312 1535 3896 1606">
    <p class='ocr_par' dir='ltr' id='par_1_50' title="bbox 2312 1535 3896 1606">
     <span class='ocr_line' id='line_1_51' title="bbox 2312 1535 3896 1606; baseline -0.003 -15"><span class='ocrx_word' id='word_1_354' title='bbox 2312 1552 2460 1591; x_wconf 90' lang='lat' dir='ltr'><strong>mum</strong></span> <span class='ocrx_word' id='word_1_355' title='bbox 2487 1544 2778 1605; x_wconf 88' lang='lat' dir='ltr'><strong>occupatus</strong></span> <span class='ocrx_word' id='word_1_356' title='bbox 2807 1535 2890 1591; x_wconf 78' lang='lat' dir='ltr'><strong>est</strong></span> <span class='ocrx_word' id='word_1_357' title='bbox 2918 1538 2970 1592; x_wconf 88' lang='lat' dir='ltr'><strong>in</strong></span> <span class='ocrx_word' id='word_1_358' title='bbox 2994 1553 3155 1592; x_wconf 91' lang='lat' dir='ltr'><strong>sensu</strong></span> <span class='ocrx_word' id='word_1_359' title='bbox 3175 1537 3509 1606; x_wconf 88' lang='lat' dir='ltr'><strong>explicando,</strong></span> <span class='ocrx_word' id='word_1_360' title='bbox 3539 1537 3632 1605; x_wconf 88' lang='lat' dir='ltr'><strong>qui</strong></span> <span class='ocrx_word' id='word_1_361' title='bbox 3661 1535 3896 1606; x_wconf 84' lang='lat' dir='ltr'><strong>pertinet</strong></span> 
     </span>
    </p>
   </div>
   <div class='ocr_carea' id='block_1_51' title="bbox 2311 1604 3893 1674">
    <p class='ocr_par' dir='ltr' id='par_1_51' title="bbox 2311 1604 3893 1674">
     <span class='ocr_line' id='line_1_52' title="bbox 2311 1604 3893 1674; baseline -0.002 -14"><span class='ocrx_word' id='word_1_362' title='bbox 2311 1607 2382 1660; x_wconf 93' lang='lat' dir='ltr'><strong>ad</strong></span> <span class='ocrx_word' id='word_1_363' title='bbox 2409 1604 2771 1674; x_wconf 34' lang='lat' dir='ltr'><strong>evangel’icam</strong></span> <span class='ocrx_word' id='word_1_364' title='bbox 2799 1607 3106 1672; x_wconf 90' lang='lat' dir='ltr'><strong>historiam,</strong></span> <span class='ocrx_word' id='word_1_365' title='bbox 3151 1615 3209 1661; x_wconf 92' lang='lat' dir='ltr'><strong>ut</strong></span> <span class='ocrx_word' id='word_1_366' title='bbox 3235 1604 3684 1674; x_wconf 76' lang='lat' dir='ltr'><strong>quemadmodum</strong></span> <span class='ocrx_word' id='word_1_367' title='bbox 3710 1604 3893 1660; x_wconf 87' lang='lat' dir='ltr'><strong>scribit</strong></span> 
     </span>
    </p>
   </div>
   <div class='ocr_carea' id='block_1_52' title="bbox 2313 1674 3893 1746">
    <p class='ocr_par' dir='ltr' id='par_1_52' title="bbox 2313 1674 3893 1746">
     <span class='ocr_line' id='line_1_53' title="bbox 2313 1674 3893 1746; baseline -0.001 -17"><span class='ocrx_word' id='word_1_368' title='bbox 2313 1674 2512 1746; x_wconf 87' lang='lat' dir='ltr'><strong>Paulus</strong></span> <span class='ocrx_word' id='word_1_369' title='bbox 2555 1675 2853 1746; x_wconf 82' lang='lat' dir='ltr'><strong>apostolus,</strong></span> <span class='ocrx_word' id='word_1_370' title='bbox 2883 1691 2972 1746; x_wconf 18' lang='lat' dir='ltr'><strong>ex,</strong></span> <span class='ocrx_word' id='word_1_371' title='bbox 2999 1674 3102 1731; x_wconf 85' lang='lat' dir='ltr'><strong>ﬁde</strong></span> <span class='ocrx_word' id='word_1_372' title='bbox 3131 1677 3184 1731; x_wconf 88' lang='lat' dir='ltr'><strong>in</strong></span> <span class='ocrx_word' id='word_1_373' title='bbox 3223 1674 3390 1746; x_wconf 70' lang='lat' dir='ltr'><strong>iidem</strong></span> <span class='ocrx_word' id='word_1_374' title='bbox 3433 1677 3607 1746; x_wconf 81' lang='lat' dir='ltr'><strong>magis</strong></span> <span class='ocrx_word' id='word_1_375' title='bbox 3647 1676 3701 1729; x_wconf 91' lang='lat' dir='ltr'><strong>in</strong></span> <span class='ocrx_word' id='word_1_376' title='bbox 3739 1674 3893 1728; x_wconf 81' lang='lat' dir='ltr'><strong>nobis</strong></span> 
     </span>
    </p>
   </div>
   <div class='ocr_carea' id='block_1_53' title="bbox 2315 1744 3894 1826">
    <p class='ocr_par' dir='ltr' id='par_1_53' title="bbox 2315 1744 3894 1826">
     <span class='ocr_line' id='line_1_54' title="bbox 2315 1744 3894 1826; baseline -0.002 -26"><span class='ocrx_word' id='word_1_377' title='bbox 2315 1744 2663 1826; x_wconf 42' lang='lat' dir='ltr'><strong>colitiym‘etur</strong></span> <span class='ocrx_word' id='word_1_378' title='bbox 2683 1745 2916 1826; x_wconf 71' lang='lat' dir='ltr'><strong>scientia</strong></span> <span class='ocrx_word' id='word_1_379' title='bbox 2941 1745 3162 1826; x_wconf 74' lang='lat' dir='ltr'><strong>Christi,</strong></span> <span class='ocrx_word' id='word_1_380' title='bbox 3203 1744 3616 1826; x_wconf 72' lang='lat' dir='ltr'><strong>dqm_quldquid</strong></span> <span class='ocrx_word' id='word_1_381' title='bbox 3651 1747 3894 1826; x_wconf 78' lang='lat' dir='ltr'><strong>in_evan-</strong></span> 
     </span>
    </p>
   </div>
   <div class='ocr_carea' id='block_1_54' title="bbox 2315 1813 3891 1885">
    <p class='ocr_par' dir='ltr' id='par_1_54' title="bbox 2315 1813 3891 1885">
     <span class='ocr_line' id='line_1_55' title="bbox 2315 1813 3891 1885; baseline -0.001 -17"><span class='ocrx_word' id='word_1_382' title='bbox 2315 1815 2505 1884; x_wconf 89' lang='lat' dir='ltr'><strong>gelicis</strong></span> <span class='ocrx_word' id='word_1_383' title='bbox 2534 1815 2728 1870; x_wconf 89' lang='lat' dir='ltr'><strong>litteris</strong></span> <span class='ocrx_word' id='word_1_384' title='bbox 2755 1823 2964 1885; x_wconf 88' lang='lat' dir='ltr'><strong>gestum</strong></span> <span class='ocrx_word' id='word_1_385' title='bbox 2993 1817 3239 1885; x_wconf 76' lang='lat' dir='ltr'><strong>legimus,</strong></span> <span class='ocrx_word' id='word_1_386' title='bbox 3261 1817 3314 1870; x_wconf 93' lang='lat' dir='ltr'><strong>in</strong></span> <span class='ocrx_word' id='word_1_387' title='bbox 3336 1813 3562 1871; x_wconf 74' lang='lat' dir='ltr'><strong>Psalmis</strong></span> <span class='ocrx_word' id='word_1_388' title='bbox 3583 1814 3891 1885; x_wconf 64' lang='lat' dir='ltr'><strong>prmdictum</strong></span> 
     </span>
    </p>
   </div>
   <div class='ocr_carea' id='block_1_55' title="bbox 2316 1879 3895 1967">
    <p class='ocr_par' dir='ltr' id='par_1_55' title="bbox 2316 1879 3895 1967">
     <span class='ocr_line' id='line_1_56' title="bbox 2316 1879 3895 1967; baseline -0.003 -27"><span class='ocrx_word' id='word_1_389' title='bbox 2316 1879 2708 1967; x_wconf 55' lang='lat' dir='ltr'><strong>éollspicamur.</strong></span> <span class='ocrx_word' id='word_1_390' title='bbox 2741 1879 2918 1955; x_wconf 59' lang='lat' dir='ltr'><strong>Atque</strong></span> <span class='ocrx_word' id='word_1_391' title='bbox 2939 1879 3376 1967; x_wconf 47' lang='lat' dir='ltr'><strong>basc&#39;sane&#39;pars</strong></span> <span class='ocrx_word' id='word_1_392' title='bbox 3413 1886 3469 1967; x_wconf 65' lang='lat' dir='ltr'><strong>ill</strong></span> <span class='ocrx_word' id='word_1_393' title='bbox 3495 1879 3772 1967; x_wconf 59' lang='lat' dir='ltr'><strong>tractando</strong></span> <span class='ocrx_word' id='word_1_394' title='bbox 3797 1883 3895 1967; x_wconf 82' lang='lat' dir='ltr'><strong>dif-</strong></span> 
     </span>
    </p>
   </div>
   <div class='ocr_carea' id='block_1_56' title="bbox 2317 1954 3896 2027">
    <p class='ocr_par' dir='ltr' id='par_1_56' title="bbox 2317 1954 3896 2027">
     <span class='ocr_line' id='line_1_57' title="bbox 2317 1954 3896 2027; baseline -0.001 -20"><span class='ocrx_word' id='word_1_395' title='bbox 2317 1954 2552 2027; x_wconf 74' lang='lat' dir='ltr'><strong>ticillima</strong></span> <span class='ocrx_word' id='word_1_396' title='bbox 2580 1963 2693 2020; x_wconf 90' lang='lat' dir='ltr'><strong>est,</strong></span> <span class='ocrx_word' id='word_1_397' title='bbox 2725 1954 2842 2024; x_wconf 78' lang='lat' dir='ltr'><strong>qua</strong></span> <span class='ocrx_word' id='word_1_398' title='bbox 2856 1964 3004 2027; x_wconf 85' lang='lat' dir='ltr'><strong>recte</strong></span> <span class='ocrx_word' id='word_1_399' title='bbox 3029 1954 3506 2027; x_wconf 30' lang='lat' dir='ltr'><strong>compertatfacile</strong></span> <span class='ocrx_word' id='word_1_400' title='bbox 3535 1956 3626 2027; x_wconf 86' lang='lat' dir='ltr'><strong>vel</strong></span> <span class='ocrx_word' id='word_1_401' title='bbox 3666 1969 3738 2027; x_wconf 87' lang='lat' dir='ltr'><strong>e_x_</strong></span> <span class='ocrx_word' id='word_1_402' title='bbox 3779 1965 3896 2027; x_wconf 76' lang='lat' dir='ltr'><strong>sese</strong></span> 
     </span>
    </p>
   </div>
   <div class='ocr_carea' id='block_1_57' title="bbox 2315 2022 3896 2152">
    <p class='ocr_par' dir='ltr' id='par_1_57' title="bbox 2315 2022 3896 2152">
     <span class='ocr_line' id='line_1_58' title="bbox 2315 2022 3896 2152; baseline -0.003 -73"><span class='ocrx_word' id='word_1_403' title='bbox 2315 2025 2556 2093; x_wconf 86' lang='lat' dir='ltr'><strong>reliquos</strong></span> <span class='ocrx_word' id='word_1_404' title='bbox 2597 2022 2788 2080; x_wconf 79' lang='lat' dir='ltr'><strong>sensus</strong></span> <span class='ocrx_word' id='word_1_405' title='bbox 2831 2022 3293 2152; x_wconf 35' lang='lat' dir='ltr'><strong>addivinantigui</strong></span> <span class='ocrx_word' id='word_1_406' title='bbox 3332 2026 3386 2080; x_wconf 89' lang='lat' dir='ltr'><strong>in</strong></span> <span class='ocrx_word' id='word_1_407' title='bbox 3425 2026 3662 2107; x_wconf 81' lang='lat' dir='ltr'><strong>mysticis</strong></span> <span class='ocrx_word' id='word_1_408' title='bbox 3706 2022 3896 2103; x_wconf 70' lang='lat' dir='ltr'><strong>litteris</strong></span> 
     </span>
     <span class='ocr_line' id='line_1_59' title="bbox 2318 2089 3891 2152; baseline 0.003 -4"><span class='ocrx_word' id='word_1_409' title='bbox 2318 2108 2508 2149; x_wconf 89' lang='lat' dir='ltr'><strong>sensus</strong></span> <span class='ocrx_word' id='word_1_410' title='bbox 2537 2095 2736 2150; x_wconf 87' lang='lat' dir='ltr'><strong>habent</strong></span> <span class='ocrx_word' id='word_1_411' title='bbox 2761 2096 3103 2151; x_wconf 84' lang='lat' dir='ltr'><strong>exercitatos.</strong></span> <span class='ocrx_word' id='word_1_412' title='bbox 3133 2096 3174 2152; x_wconf 86' lang='lat' dir='ltr'><strong>S</strong></span> <span class='ocrx_word' id='word_1_413' title='bbox 3275 2104 3334 2150; x_wconf 89' lang='lat' dir='ltr'><strong>ut</strong></span> <span class='ocrx_word' id='word_1_414' title='bbox 3375 2094 3659 2152; x_wconf 77' lang='lat' dir='ltr'><strong>aliquando</strong></span> <span class='ocrx_word' id='word_1_415' title='bbox 3689 2089 3891 2152; x_wconf 80' lang='lat' dir='ltr'><strong>limam.</strong></span> 
     </span>
    </p>
   </div>
   <div class='ocr_carea' id='block_1_58' title="bbox 3275 2089 3891 2164">
    <p class='ocr_par' dir='ltr' id='par_1_58' title="bbox 3275 2089 3891 2164">
     <span class='ocr_line' id='line_1_60' title="bbox 3275 2089 3891 2164; baseline -0.01 -14"><span class='ocrx_word' id='word_1_416' title='bbox 3275 2104 3334 2150; x_wconf 89' lang='lat' dir='ltr'><strong>ut</strong></span> <span class='ocrx_word' id='word_1_417' title='bbox 3375 2089 3659 2164; x_wconf 79' lang='lat' dir='ltr'><strong>aliquando</strong></span> <span class='ocrx_word' id='word_1_418' title='bbox 3689 2089 3864 2164; x_wconf 78' lang='lat' dir='ltr'><strong>ﬁniam</strong></span> <span class='ocrx_word' id='word_1_419' title='bbox 3877 2132 3891 2156; x_wconf 96' lang='lat'><strong>,</strong></span> 
     </span>
    </p>
   </div>
   <div class='ocr_carea' id='block_1_59' title="bbox 2315 2161 3894 2248">
    <p class='ocr_par' dir='ltr' id='par_1_59' title="bbox 2315 2161 3894 2248">
     <span class='ocr_line' id='line_1_61' title="bbox 2315 2161 3894 2248; baseline 0 -31"><span class='ocrx_word' id='word_1_420' title='bbox 2315 2163 2374 2245; x_wconf 84' lang='lat' dir='ltr'><strong>lii</strong></span> <span class='ocrx_word' id='word_1_421' title='bbox 2400 2162 2787 2248; x_wconf 67' lang='lat' dir='ltr'><strong>Commentarii</strong></span> <span class='ocrx_word' id='word_1_422' title='bbox 2814 2181 2881 2222; x_wconf 92' lang='lat' dir='ltr'><strong>eo</strong></span> <span class='ocrx_word' id='word_1_423' title='bbox 2907 2165 3078 2248; x_wconf 75' lang='lat' dir='ltr'><strong>ferme</strong></span> <span class='ocrx_word' id='word_1_424' title='bbox 3097 2175 3340 2248; x_wconf 87' lang='lat' dir='ltr'><strong>tempore</strong></span> <span class='ocrx_word' id='word_1_425' title='bbox 3367 2161 3769 2248; x_wconf 51' lang='lat' dir='ltr'><strong>quAdrianus</strong></span> <span class='ocrx_word' id='word_1_426' title='bbox 3797 2161 3894 2248; x_wconf 49' lang='lat' dir='ltr'><strong>hu.-</strong></span> 
     </span>
    </p>
   </div>
   <div class='ocr_carea' id='block_1_60' title="bbox 2315 2231 3896 2307">
    <p class='ocr_par' dir='ltr' id='par_1_60' title="bbox 2315 2231 3896 2307">
     <span class='ocr_line' id='line_1_62' title="bbox 2315 2231 3896 2307; baseline -0.003 -20"><span class='ocrx_word' id='word_1_427' title='bbox 2315 2233 2404 2303; x_wconf 89' lang='lat' dir='ltr'><strong>jus</strong></span> <span class='ocrx_word' id='word_1_428' title='bbox 2431 2235 2570 2289; x_wconf 90' lang='lat' dir='ltr'><strong>tituli</strong></span> <span class='ocrx_word' id='word_1_429' title='bbox 2599 2231 2786 2307; x_wconf 79' lang='lat' dir='ltr'><strong>sextus</strong></span> <span class='ocrx_word' id='word_1_430' title='bbox 2814 2245 3032 2291; x_wconf 90' lang='lat' dir='ltr'><strong>evectus</strong></span> <span class='ocrx_word' id='word_1_431' title='bbox 3055 2246 3140 2292; x_wconf 83' lang='lat' dir='ltr'><strong>est</strong></span> <span class='ocrx_word' id='word_1_432' title='bbox 3160 2231 3228 2291; x_wconf 90' lang='lat' dir='ltr'><strong>ad</strong></span> <span class='ocrx_word' id='word_1_433' title='bbox 3253 2231 3510 2307; x_wconf 83' lang='lat' dir='ltr'><strong>pontiﬁcii</strong></span> <span class='ocrx_word' id='word_1_434' title='bbox 3541 2233 3768 2307; x_wconf 77' lang='lat' dir='ltr'><strong>Romani</strong></span> <span class='ocrx_word' id='word_1_435' title='bbox 3794 2231 3896 2307; x_wconf 70' lang='lat' dir='ltr'><strong>c_ul.</strong></span> 
     </span>
    </p>
   </div>
   <div class='ocr_carea' id='block_1_61' title="bbox 2323 2301 3896 2373">
    <p class='ocr_par' dir='ltr' id='par_1_61' title="bbox 2323 2301 3896 2373">
     <span class='ocr_line' id='line_1_63' title="bbox 2323 2301 3896 2373; baseline 0.001 -15"><span class='ocrx_word' id='word_1_436' title='bbox 2323 2301 2478 2368; x_wconf 83' lang='lat' dir='ltr'><strong>men;</strong></span> <span class='ocrx_word' id='word_1_437' title='bbox 2510 2304 2706 2373; x_wconf 89' lang='lat' dir='ltr'><strong>proditi</strong></span> <span class='ocrx_word' id='word_1_438' title='bbox 2733 2315 2860 2361; x_wconf 92' lang='lat' dir='ltr'><strong>sunt</strong></span> <span class='ocrx_word' id='word_1_439' title='bbox 2885 2323 2917 2361; x_wconf 90' lang='lat' dir='ltr'><strong>e</strong></span> <span class='ocrx_word' id='word_1_440' title='bbox 2941 2307 3234 2362; x_wconf 88' lang='lat' dir='ltr'><strong>venerabili</strong></span> <span class='ocrx_word' id='word_1_441' title='bbox 3255 2301 3594 2362; x_wconf 75' lang='lat' dir='ltr'><strong>monasterio</strong></span> <span class='ocrx_word' id='word_1_442' title='bbox 3620 2301 3783 2373; x_wconf 81' lang='lat' dir='ltr'><strong>quod,</strong></span> <span class='ocrx_word' id='word_1_443' title='bbox 3816 2301 3896 2354; x_wconf 84' lang='lat' dir='ltr'><strong>in-</strong></span> 
     </span>
    </p>
   </div>
   <div class='ocr_carea' id='block_1_62' title="bbox 2321 2371 3898 2444">
    <p class='ocr_par' dir='ltr' id='par_1_62' title="bbox 2321 2371 3898 2444">
     <span class='ocr_line' id='line_1_64' title="bbox 2321 2371 3898 2444; baseline -0.003 -16"><span class='ocrx_word' id='word_1_444' title='bbox 2321 2379 2405 2444; x_wconf 75' lang='lat' dir='ltr'><strong>ter</strong></span> <span class='ocrx_word' id='word_1_445' title='bbox 2445 2371 2808 2431; x_wconf 83' lang='lat' dir='ltr'><strong>Wormaciam</strong></span> <span class='ocrx_word' id='word_1_446' title='bbox 2854 2375 3190 2444; x_wconf 82' lang='lat' dir='ltr'><strong>Vangionum</strong></span> <span class='ocrx_word' id='word_1_447' title='bbox 3250 2377 3521 2431; x_wconf 87' lang='lat' dir='ltr'><strong>civitatem</strong></span> <span class='ocrx_word' id='word_1_448' title='bbox 3583 2371 3655 2429; x_wconf 54' lang='lat' dir='ltr'><strong>et&#39;</strong></span> <span class='ocrx_word' id='word_1_449' title='bbox 3691 2371 3898 2444; x_wconf 78' lang='lat' dir='ltr'><strong>Spiram</strong></span> 
     </span>
    </p>
   </div>
   <div class='ocr_carea' id='block_1_63' title="bbox 2322 2441 3863 2515">
    <p class='ocr_par' dir='ltr' id='par_1_63' title="bbox 2322 2441 3863 2515">
     <span class='ocr_line' id='line_1_65' title="bbox 2322 2441 3863 2515; baseline -0.003 -17"><span class='ocrx_word' id='word_1_450' title='bbox 2322 2442 2669 2499; x_wconf 82' lang='lat' dir='ltr'><strong>Nemetarum</strong></span> <span class='ocrx_word' id='word_1_451' title='bbox 2691 2446 2880 2501; x_wconf 89' lang='lat' dir='ltr'><strong>urbem</strong></span> <span class='ocrx_word' id='word_1_452' title='bbox 2901 2441 3081 2514; x_wconf 86' lang='lat' dir='ltr'><strong>situm,</strong></span> <span class='ocrx_word' id='word_1_453' title='bbox 3099 2444 3258 2515; x_wconf 84' lang='lat' dir='ltr'><strong>vulgo</strong></span> <span class='ocrx_word' id='word_1_454' title='bbox 3279 2445 3473 2502; x_wconf 88' lang='lat' dir='ltr'><strong>dicitur</strong></span> <span class='ocrx_word' id='word_1_455' title='bbox 3484 2441 3863 2500; x_wconf 84' lang='lat' dir='ltr'><strong>Frankentbal.</strong></span> 
     </span>
    </p>
   </div>
   <div class='ocr_carea' id='block_1_64' title="bbox 1415 2589 3150 2776">
    <p class='ocr_par' dir='ltr' id='par_1_64' title="bbox 1415 2589 3150 2776">
     <span class='ocr_line' id='line_1_66' title="bbox 1415 2589 3150 2776; baseline 0.003 -6"><span class='ocrx_word' id='word_1_456' title='bbox 1415 2589 2213 2770; x_wconf 68' lang='lat' dir='ltr'><strong>annonis</strong></span> <span class='ocrx_word' id='word_1_457' title='bbox 2287 2658 3150 2776; x_wconf 74' lang='lat' dir='ltr'><strong>JUNIOBIS</strong></span> 
     </span>
    </p>
   </div>
   <div class='ocr_carea' id='block_1_65' title="bbox 880 2837 3681 3014">
    <p class='ocr_par' dir='ltr' id='par_1_65' title="bbox 880 2837 3681 3014">
     <span class='ocr_line' id='line_1_67' title="bbox 880 2837 3681 3014; baseline 0 -25"><span class='ocrx_word' id='word_1_458' title='bbox 880 2837 2308 2989; x_wconf 81' lang='lat' dir='ltr'><strong>COMMENTARII</strong></span> <span class='ocrx_word' id='word_1_459' title='bbox 2401 2845 2599 2987; x_wconf 84' lang='grc' dir='ltr'><strong>ΙΝ</strong></span> <span class='ocrx_word' id='word_1_460' title='bbox 2694 2843 3681 2998; x_wconf 83' lang='lat' dir='ltr'><strong>PSALMOS.</strong></span> 
     </span>
    </p>
   </div>
   <div class='ocr_carea' id='block_1_66' title="bbox 1943 3180 2616 3304">
    <p class='ocr_par' dir='ltr' id='par_1_66' title="bbox 1943 3180 2616 3304">
     <span class='ocr_line' id='line_1_68' title="bbox 1943 3180 2616 3304; baseline -0.009 -2"><span class='ocrx_word' id='word_1_461' title='bbox 1943 3180 2616 3304; x_wconf 76' lang='lat' dir='ltr'><strong>PROLOGUS.</strong></span> 
     </span>
    </p>
   </div>
   <div class='ocr_carea' id='block_1_67' title="bbox 711 3441 2302 3522">
    <p class='ocr_par' dir='ltr' id='par_1_67' title="bbox 711 3441 2302 3522">
     <span class='ocr_line' id='line_1_69' title="bbox 711 3441 2302 3522; baseline 0.002 -20"><span class='ocrx_word' id='word_1_462' title='bbox 711 3441 1051 3502; x_wconf 85' lang='lat' dir='ltr'><strong>Charissimis</strong></span> <span class='ocrx_word' id='word_1_463' title='bbox 1076 3441 1326 3499; x_wconf 86' lang='lat' dir='ltr'><strong>Patribus</strong></span> <span class='ocrx_word' id='word_1_464' title='bbox 1363 3441 1588 3500; x_wconf 90' lang='lat' dir='ltr'><strong>Leontio</strong></span> <span class='ocrx_word' id='word_1_465' title='bbox 1633 3452 1690 3500; x_wconf 91' lang='lat' dir='ltr'><strong>et</strong></span> <span class='ocrx_word' id='word_1_466' title='bbox 1716 3445 1937 3502; x_wconf 80' lang='lat' dir='ltr'><strong>Rustico</strong></span> <span class='ocrx_word' id='word_1_467' title='bbox 1960 3448 2228 3520; x_wconf 88' lang='lat' dir='ltr'><strong>episcopis</strong></span> <span class='ocrx_word' id='word_1_468' title='bbox 2255 3459 2302 3522; x_wconf 75' lang='grc' dir='ltr'><strong>ρ</strong></span> 
     </span>
    </p>
   </div>
   <div class='ocr_carea' id='block_1_68' title="bbox 645 3533 2224 3608">
    <p class='ocr_par' dir='ltr' id='par_1_68' title="bbox 645 3533 2224 3608">
     <span class='ocr_line' id='line_1_70' title="bbox 645 3533 2224 3608; baseline -0.002 -11"><span class='ocrx_word' id='word_1_469' title='bbox 645 3537 927 3597; x_wconf 73' lang='lat' dir='ltr'><strong>Arnobius.</strong></span> <span class='ocrx_word' id='word_1_470' title='bbox 976 3533 1259 3591; x_wconf 89' lang='lat' dir='ltr'><strong>Silentium</strong></span> <span class='ocrx_word' id='word_1_471' title='bbox 1286 3535 1487 3591; x_wconf 89' lang='lat' dir='ltr'><strong>bonum</strong></span> <span class='ocrx_word' id='word_1_472' title='bbox 1533 3550 1651 3591; x_wconf 89' lang='lat' dir='ltr'><strong>esse</strong></span> <span class='ocrx_word' id='word_1_473' title='bbox 1679 3552 1840 3593; x_wconf 93' lang='lat' dir='ltr'><strong>nemo</strong></span> <span class='ocrx_word' id='word_1_474' title='bbox 1868 3545 1952 3593; x_wconf 90' lang='lat' dir='ltr'><strong>est</strong></span> <span class='ocrx_word' id='word_1_475' title='bbox 1992 3540 2084 3608; x_wconf 88' lang='lat' dir='ltr'><strong>qui</strong></span> <span class='ocrx_word' id='word_1_476' title='bbox 2127 3554 2224 3595; x_wconf 93' lang='lat' dir='ltr'><strong>ne-</strong></span> 
     </span>
    </p>
   </div>
   <div class='ocr_carea' id='block_1_69' title="bbox 641 3613 2224 3698">
    <p class='ocr_par' dir='ltr' id='par_1_69' title="bbox 641 3613 2224 3698">
     <span class='ocr_line' id='line_1_71' title="bbox 641 3613 2224 3698; baseline 0.001 -14"><span class='ocrx_word' id='word_1_477' title='bbox 641 3630 795 3693; x_wconf 76' lang='lat' dir='ltr'><strong>sciat,</strong></span> <span class='ocrx_word' id='word_1_478' title='bbox 826 3627 920 3684; x_wconf 86' lang='lat' dir='ltr'><strong>sed</strong></span> <span class='ocrx_word' id='word_1_479' title='bbox 945 3635 1070 3683; x_wconf 91' lang='lat' dir='ltr'><strong>tunc</strong></span> <span class='ocrx_word' id='word_1_480' title='bbox 1099 3627 1435 3683; x_wconf 79' lang='lat' dir='ltr'><strong>taciturnitas</strong></span> <span class='ocrx_word' id='word_1_481' title='bbox 1472 3627 1733 3698; x_wconf 88' lang='lat' dir='ltr'><strong>probatur</strong></span> <span class='ocrx_word' id='word_1_482' title='bbox 1777 3643 1896 3684; x_wconf 87' lang='lat' dir='ltr'><strong>esse</strong></span> <span class='ocrx_word' id='word_1_483' title='bbox 1923 3613 2224 3696; x_wconf 78' lang='lat' dir='ltr'><strong>contraria,</strong></span> 
     </span>
    </p>
   </div>
   <div class='ocr_carea' id='block_1_70' title="bbox 643 3718 2224 3792">
    <p class='ocr_par' dir='ltr' id='par_1_70' title="bbox 643 3718 2224 3792">
     <span class='ocr_line' id='line_1_72' title="bbox 643 3718 2224 3792; baseline 0.002 -17"><span class='ocrx_word' id='word_1_484' title='bbox 643 3719 856 3791; x_wconf 81' lang='lat' dir='ltr'><strong>quando</strong></span> <span class='ocrx_word' id='word_1_485' title='bbox 885 3718 952 3774; x_wconf 89' lang='lat' dir='ltr'><strong>ad</strong></span> <span class='ocrx_word' id='word_1_486' title='bbox 980 3719 1304 3790; x_wconf 91' lang='lat' dir='ltr'><strong>loquendum</strong></span> <span class='ocrx_word' id='word_1_487' title='bbox 1330 3718 1568 3789; x_wconf 78' lang='lat' dir='ltr'><strong>iubentis</strong></span> <span class='ocrx_word' id='word_1_488' title='bbox 1609 3721 1886 3792; x_wconf 87' lang='lat' dir='ltr'><strong>compellit</strong></span> <span class='ocrx_word' id='word_1_489' title='bbox 1913 3724 2224 3781; x_wconf 87' lang='lat' dir='ltr'><strong>auctoritas.</strong></span> 
     </span>
    </p>
   </div>
   <div class='ocr_carea' id='block_1_71' title="bbox 641 3809 2226 3879">
    <p class='ocr_par' dir='ltr' id='par_1_71' title="bbox 641 3809 2226 3879">
     <span class='ocr_line' id='line_1_73' title="bbox 641 3809 2226 3879; baseline 0.001 -12"><span class='ocrx_word' id='word_1_490' title='bbox 641 3809 700 3868; x_wconf 79' lang='lat' dir='ltr'><strong>Si</strong></span> <span class='ocrx_word' id='word_1_491' title='bbox 728 3811 872 3866; x_wconf 89' lang='lat' dir='ltr'><strong>enim</strong></span> <span class='ocrx_word' id='word_1_492' title='bbox 898 3809 1052 3867; x_wconf 88' lang='lat' dir='ltr'><strong>vobis</strong></span> <span class='ocrx_word' id='word_1_493' title='bbox 1075 3810 1264 3879; x_wconf 89' lang='lat' dir='ltr'><strong>jubere</strong></span> <span class='ocrx_word' id='word_1_494' title='bbox 1283 3810 1429 3877; x_wconf 90' lang='lat' dir='ltr'><strong>licet,</strong></span> <span class='ocrx_word' id='word_1_495' title='bbox 1459 3811 1614 3866; x_wconf 89' lang='lat' dir='ltr'><strong>nobis</strong></span> <span class='ocrx_word' id='word_1_496' title='bbox 1641 3820 1989 3868; x_wconf 89' lang='lat' dir='ltr'><strong>contemnere</strong></span> <span class='ocrx_word' id='word_1_497' title='bbox 2019 3829 2128 3868; x_wconf 90' lang='lat' dir='ltr'><strong>non</strong></span> <span class='ocrx_word' id='word_1_498' title='bbox 2158 3813 2226 3868; x_wconf 91' lang='lat' dir='ltr'><strong>li-</strong></span> 
     </span>
    </p>
   </div>
   <div class='ocr_carea' id='block_1_72' title="bbox 645 3902 2229 3974">
    <p class='ocr_par' dir='ltr' id='par_1_72' title="bbox 645 3902 2229 3974">
     <span class='ocr_line' id='line_1_74' title="bbox 645 3902 2229 3974; baseline 0.001 -14"><span class='ocrx_word' id='word_1_499' title='bbox 645 3910 750 3960; x_wconf 90' lang='lat' dir='ltr'><strong>cet.</strong></span> <span class='ocrx_word' id='word_1_500' title='bbox 781 3902 898 3958; x_wconf 84' lang='lat' dir='ltr'><strong>Non</strong></span> <span class='ocrx_word' id='word_1_501' title='bbox 925 3912 1010 3958; x_wconf 91' lang='lat' dir='ltr'><strong>est</strong></span> <span class='ocrx_word' id='word_1_502' title='bbox 1027 3903 1476 3974; x_wconf 83' lang='lat' dir='ltr'><strong>praesumptionis,</strong></span> <span class='ocrx_word' id='word_1_503' title='bbox 1499 3902 1595 3958; x_wconf 88' lang='lat' dir='ltr'><strong>sed</strong></span> <span class='ocrx_word' id='word_1_504' title='bbox 1615 3905 1934 3960; x_wconf 74' lang='lat' dir='ltr'><strong>obedientize</strong></span> <span class='ocrx_word' id='word_1_505' title='bbox 1960 3906 2065 3962; x_wconf 89' lang='lat' dir='ltr'><strong>hoc</strong></span> <span class='ocrx_word' id='word_1_506' title='bbox 2081 3906 2229 3974; x_wconf 90' lang='lat' dir='ltr'><strong>quod</strong></span> 
     </span>
    </p>
   </div>
   <div class='ocr_carea' id='block_1_73' title="bbox 646 3992 2226 4063">
    <p class='ocr_par' dir='ltr' id='par_1_73' title="bbox 646 3992 2226 4063">
     <span class='ocr_line' id='line_1_75' title="bbox 646 3992 2226 4063; baseline 0.001 -14"><span class='ocrx_word' id='word_1_507' title='bbox 646 3992 890 4049; x_wconf 86' lang='lat' dir='ltr'><strong>Psalterii</strong></span> <span class='ocrx_word' id='word_1_508' title='bbox 915 4008 1083 4048; x_wconf 86' lang='lat' dir='ltr'><strong>venas</strong></span> <span class='ocrx_word' id='word_1_509' title='bbox 1125 3994 1343 4062; x_wconf 86' lang='lat' dir='ltr'><strong>pulsare</strong></span> <span class='ocrx_word' id='word_1_510' title='bbox 1380 3992 1562 4061; x_wconf 88' lang='lat' dir='ltr'><strong>potius</strong></span> <span class='ocrx_word' id='word_1_511' title='bbox 1587 4007 1749 4060; x_wconf 90' lang='lat' dir='ltr'><strong>quam</strong></span> <span class='ocrx_word' id='word_1_512' title='bbox 1777 3992 2081 4063; x_wconf 81' lang='lat' dir='ltr'><strong>patefacere</strong></span> <span class='ocrx_word' id='word_1_513' title='bbox 2109 4003 2226 4050; x_wconf 83' lang='lat' dir='ltr'><strong>stu-</strong></span> 
     </span>
    </p>
   </div>
   <div class='ocr_carea' id='block_1_74' title="bbox 646 4081 2226 4157">
    <p class='ocr_par' dir='ltr' id='par_1_74' title="bbox 646 4081 2226 4157">
     <span class='ocr_line' id='line_1_76' title="bbox 646 4081 2226 4157; baseline 0.001 -17"><span class='ocrx_word' id='word_1_514' title='bbox 646 4083 848 4140; x_wconf 87' lang='lat' dir='ltr'><strong>demus.</strong></span> <span class='ocrx_word' id='word_1_515' title='bbox 879 4081 994 4137; x_wconf 84' lang='lat' dir='ltr'><strong>Hoc</strong></span> <span class='ocrx_word' id='word_1_516' title='bbox 1029 4083 1448 4146; x_wconf 89' lang='lat' dir='ltr'><strong>considerantes,</strong></span> <span class='ocrx_word' id='word_1_517' title='bbox 1479 4081 1624 4149; x_wconf 90' lang='lat' dir='ltr'><strong>quod</strong></span> <span class='ocrx_word' id='word_1_518' title='bbox 1670 4083 1847 4136; x_wconf 91' lang='lat' dir='ltr'><strong>nullus</strong></span> <span class='ocrx_word' id='word_1_519' title='bbox 1872 4083 2062 4140; x_wconf 88' lang='lat' dir='ltr'><strong>sitiens</strong></span> <span class='ocrx_word' id='word_1_520' title='bbox 2089 4103 2226 4157; x_wconf 79' lang='lat' dir='ltr'><strong>pra:-</strong></span> 
     </span>
    </p>
   </div>
   <div class='ocr_carea' id='block_1_75' title="bbox 643 4171 2225 4245">
    <p class='ocr_par' dir='ltr' id='par_1_75' title="bbox 643 4171 2225 4245">
     <span class='ocr_line' id='line_1_77' title="bbox 643 4171 2225 4245; baseline 0.002 -18"><span class='ocrx_word' id='word_1_521' title='bbox 643 4173 958 4244; x_wconf 87' lang='lat' dir='ltr'><strong>parantibus</strong></span> <span class='ocrx_word' id='word_1_522' title='bbox 986 4187 1180 4242; x_wconf 89' lang='lat' dir='ltr'><strong>aquam</strong></span> <span class='ocrx_word' id='word_1_523' title='bbox 1208 4173 1475 4226; x_wconf 91' lang='lat' dir='ltr'><strong>irascitur.</strong></span> <span class='ocrx_word' id='word_1_524' title='bbox 1509 4171 1614 4226; x_wconf 84' lang='lat' dir='ltr'><strong>Alii</strong></span> <span class='ocrx_word' id='word_1_525' title='bbox 1644 4173 1952 4242; x_wconf 91' lang='lat' dir='ltr'><strong>paraverint</strong></span> <span class='ocrx_word' id='word_1_526' title='bbox 1976 4175 2096 4231; x_wconf 87' lang='lat' dir='ltr'><strong>viva</strong></span> <span class='ocrx_word' id='word_1_527' title='bbox 2115 4176 2225 4245; x_wconf 82' lang='lat' dir='ltr'><strong>fra-</strong></span> 
     </span>
    </p>
   </div>
   <div class='ocr_carea' id='block_1_76' title="bbox 647 4266 2222 4340">
    <p class='ocr_par' dir='ltr' id='par_1_76' title="bbox 647 4266 2222 4340">
     <span class='ocr_line' id='line_1_78' title="bbox 647 4266 2222 4340; baseline 0.002 -18"><span class='ocrx_word' id='word_1_528' title='bbox 647 4267 852 4336; x_wconf 83' lang='lat' dir='ltr'><strong>grantia</strong></span> <span class='ocrx_word' id='word_1_529' title='bbox 877 4267 1056 4332; x_wconf 89' lang='lat' dir='ltr'><strong>mella,</strong></span> <span class='ocrx_word' id='word_1_530' title='bbox 1099 4266 1188 4320; x_wconf 88' lang='lat' dir='ltr'><strong>alii</strong></span> <span class='ocrx_word' id='word_1_531' title='bbox 1215 4266 1479 4321; x_wconf 88' lang='lat' dir='ltr'><strong>nectareis</strong></span> <span class='ocrx_word' id='word_1_532' title='bbox 1505 4266 1665 4336; x_wconf 91' lang='lat' dir='ltr'><strong>plena</strong></span> <span class='ocrx_word' id='word_1_533' title='bbox 1693 4267 1987 4335; x_wconf 90' lang='lat' dir='ltr'><strong>liquoribus</strong></span> <span class='ocrx_word' id='word_1_534' title='bbox 2011 4271 2222 4340; x_wconf 88' lang='lat' dir='ltr'><strong>pocula,</strong></span> 
     </span>
    </p>
   </div>
   <div class='ocr_carea' id='block_1_77' title="bbox 647 4355 2227 4421">
    <p class='ocr_par' dir='ltr' id='par_1_77' title="bbox 647 4355 2227 4421">
     <span class='ocr_line' id='line_1_79' title="bbox 647 4355 2227 4421; baseline 0.003 -8"><span class='ocrx_word' id='word_1_535' title='bbox 647 4372 742 4413; x_wconf 87' lang='lat' dir='ltr'><strong>nos</strong></span> <span class='ocrx_word' id='word_1_536' title='bbox 788 4372 856 4412; x_wconf 90' lang='lat' dir='ltr'><strong>ex</strong></span> <span class='ocrx_word' id='word_1_537' title='bbox 901 4355 1112 4412; x_wconf 90' lang='lat' dir='ltr'><strong>sarculo</strong></span> <span class='ocrx_word' id='word_1_538' title='bbox 1157 4357 1266 4412; x_wconf 89' lang='lat' dir='ltr'><strong>oris</strong></span> <span class='ocrx_word' id='word_1_539' title='bbox 1313 4357 1509 4421; x_wconf 90' lang='lat' dir='ltr'><strong>nostri,</strong></span> <span class='ocrx_word' id='word_1_540' title='bbox 1534 4365 1731 4411; x_wconf 88' lang='lat' dir='ltr'><strong>terram</strong></span> <span class='ocrx_word' id='word_1_541' title='bbox 1752 4358 1878 4414; x_wconf 90' lang='lat' dir='ltr'><strong>hinc</strong></span> <span class='ocrx_word' id='word_1_542' title='bbox 1903 4360 2025 4416; x_wconf 91' lang='lat' dir='ltr'><strong>inde</strong></span> <span class='ocrx_word' id='word_1_543' title='bbox 2049 4362 2227 4418; x_wconf 84' lang='lat' dir='ltr'><strong>lacero</strong></span> 
     </span>
    </p>
   </div>
   <div class='ocr_carea' id='block_1_78' title="bbox 648 4444 2225 4516">
    <p class='ocr_par' dir='ltr' id='par_1_78' title="bbox 648 4444 2225 4516">
     <span class='ocr_line' id='line_1_80' title="bbox 648 4444 2225 4516; baseline 0.003 -15"><span class='ocrx_word' id='word_1_544' title='bbox 648 4447 992 4501; x_wconf 84' lang='lat' dir='ltr'><strong>verberantes</strong></span> <span class='ocrx_word' id='word_1_545' title='bbox 1021 4447 1272 4516; x_wconf 90' lang='lat' dir='ltr'><strong>impulsu,</strong></span> <span class='ocrx_word' id='word_1_546' title='bbox 1293 4444 1601 4501; x_wconf 88' lang='lat' dir='ltr'><strong>Davidicum</strong></span> <span class='ocrx_word' id='word_1_547' title='bbox 1631 4447 1863 4514; x_wconf 88' lang='lat' dir='ltr'><strong>laticem,</strong></span> <span class='ocrx_word' id='word_1_548' title='bbox 1896 4450 2022 4506; x_wconf 91' lang='lat' dir='ltr'><strong>licet</strong></span> <span class='ocrx_word' id='word_1_549' title='bbox 2048 4453 2225 4508; x_wconf 89' lang='lat' dir='ltr'><strong>tenui-</strong></span> 
     </span>
    </p>
   </div>
   <div class='ocr_carea' id='block_1_79' title="bbox 645 4537 2222 4607">
    <p class='ocr_par' dir='ltr' id='par_1_79' title="bbox 645 4537 2222 4607">
     <span class='ocr_line' id='line_1_81' title="bbox 645 4537 2222 4607; baseline 0.003 -15"><span class='ocrx_word' id='word_1_550' title='bbox 645 4545 730 4592; x_wconf 87' lang='lat' dir='ltr'><strong>ter</strong></span> <span class='ocrx_word' id='word_1_551' title='bbox 754 4537 896 4591; x_wconf 89' lang='lat' dir='ltr'><strong>sitim</strong></span> <span class='ocrx_word' id='word_1_552' title='bbox 925 4537 1252 4607; x_wconf 88' lang='lat' dir='ltr'><strong>patientibus</strong></span> <span class='ocrx_word' id='word_1_553' title='bbox 1292 4537 1582 4606; x_wconf 88' lang='lat' dir='ltr'><strong>aperimus,</strong></span> <span class='ocrx_word' id='word_1_554' title='bbox 1631 4537 1873 4596; x_wconf 84' lang='lat' dir='ltr'><strong>sitientes</strong></span> <span class='ocrx_word' id='word_1_555' title='bbox 1909 4551 1968 4596; x_wconf 92' lang='lat' dir='ltr'><strong>ut</strong></span> <span class='ocrx_word' id='word_1_556' title='bbox 2021 4543 2222 4598; x_wconf 92' lang='lat' dir='ltr'><strong>bibant.</strong></span> 
     </span>
    </p>
   </div>
   <div class='ocr_carea' id='block_1_80' title="bbox 649 4626 2228 4698">
    <p class='ocr_par' dir='ltr' id='par_1_80' title="bbox 649 4626 2228 4698">
     <span class='ocr_line' id='line_1_82' title="bbox 649 4626 2228 4698; baseline 0.005 -16"><span class='ocrx_word' id='word_1_557' title='bbox 649 4626 716 4682; x_wconf 81' lang='lat' dir='ltr'><strong>Hi</strong></span> <span class='ocrx_word' id='word_1_558' title='bbox 744 4635 923 4682; x_wconf 90' lang='lat' dir='ltr'><strong>autem</strong></span> <span class='ocrx_word' id='word_1_559' title='bbox 951 4628 1186 4697; x_wconf 90' lang='lat' dir='ltr'><strong>quicum</strong></span> <span class='ocrx_word' id='word_1_560' title='bbox 1208 4629 1466 4698; x_wconf 91' lang='lat' dir='ltr'><strong>apostolis</strong></span> <span class='ocrx_word' id='word_1_561' title='bbox 1484 4633 1642 4686; x_wconf 89' lang='lat' dir='ltr'><strong>tertia</strong></span> <span class='ocrx_word' id='word_1_562' title='bbox 1656 4633 1761 4688; x_wconf 90' lang='lat' dir='ltr'><strong>diei</strong></span> <span class='ocrx_word' id='word_1_563' title='bbox 1787 4634 1919 4689; x_wconf 90' lang='lat' dir='ltr'><strong>hora</strong></span> <span class='ocrx_word' id='word_1_564' title='bbox 1947 4636 2080 4691; x_wconf 91' lang='lat' dir='ltr'><strong>ebrii</strong></span> <span class='ocrx_word' id='word_1_565' title='bbox 2105 4643 2228 4692; x_wconf 89' lang='lat' dir='ltr'><strong>sunt</strong></span> 
     </span>
    </p>
   </div>
   <div class='ocr_carea' id='block_1_81' title="bbox 645 4715 2227 4791">
    <p class='ocr_par' dir='ltr' id='par_1_81' title="bbox 645 4715 2227 4791">
     <span class='ocr_line' id='line_1_83' title="bbox 645 4715 2227 4791; baseline 0.005 -16"><span class='ocrx_word' id='word_1_566' title='bbox 645 4719 704 4776; x_wconf 85' lang='lat' dir='ltr'><strong>in</strong></span> <span class='ocrx_word' id='word_1_567' title='bbox 742 4715 1180 4788; x_wconf 63' lang='lat' dir='ltr'><strong>Spiritn&#39;sancto,</strong></span> <span class='ocrx_word' id='word_1_568' title='bbox 1203 4718 1453 4776; x_wconf 79' lang='lat' dir='ltr'><strong>laetentur</strong></span> <span class='ocrx_word' id='word_1_569' title='bbox 1489 4730 1544 4776; x_wconf 92' lang='lat' dir='ltr'><strong>et</strong></span> <span class='ocrx_word' id='word_1_570' title='bbox 1572 4721 1818 4791; x_wconf 82' lang='lat' dir='ltr'><strong>ﬂoreant,</strong></span> <span class='ocrx_word' id='word_1_571' title='bbox 1857 4727 2000 4781; x_wconf 90' lang='lat' dir='ltr'><strong>nulla</strong></span> <span class='ocrx_word' id='word_1_572' title='bbox 2046 4735 2227 4783; x_wconf 86' lang='lat' dir='ltr'><strong>tamen</strong></span> 
     </span>
    </p>
   </div>
   <div class='ocr_carea' id='block_1_82' title="bbox 647 4810 2304 4893">
    <p class='ocr_par' dir='ltr' id='par_1_82' title="bbox 647 4810 2304 4893">
     <span class='ocr_line' id='line_1_84' title="bbox 647 4810 2304 4893; baseline 0.004 -25"><span class='ocrx_word' id='word_1_573' title='bbox 647 4810 950 4868; x_wconf 85' lang='lat' dir='ltr'><strong>sitientibus</strong></span> <span class='ocrx_word' id='word_1_574' title='bbox 1013 4811 1391 4881; x_wconf 86' lang='lat' dir='ltr'><strong>impedimenta</strong></span> <span class='ocrx_word' id='word_1_575' title='bbox 1461 4814 1731 4885; x_wconf 91' lang='lat' dir='ltr'><strong>patiantur</strong></span> <span class='ocrx_word' id='word_1_576' title='bbox 1798 4814 2002 4872; x_wconf 82' lang='lat' dir='ltr'><strong>inferri.</strong></span> <span class='ocrx_word' id='word_1_577' title='bbox 2041 4817 2226 4889; x_wconf 86' lang='lat' dir='ltr'><strong>Neque</strong></span> <span class='ocrx_word' id='word_1_578' title='bbox 2253 4833 2304 4893; x_wconf 80' lang='grc' dir='ltr'><strong>ι)</strong></span> 
     </span>
    </p>
   </div>
   <div class='ocr_carea' id='block_1_83' title="bbox 646 4901 2230 4980">
    <p class='ocr_par' dir='ltr' id='par_1_83' title="bbox 646 4901 2230 4980">
     <span class='ocr_line' id='line_1_85' title="bbox 646 4901 2230 4980; baseline 0.004 -22"><span class='ocrx_word' id='word_1_579' title='bbox 646 4901 789 4958; x_wconf 87' lang='lat' dir='ltr'><strong>enim</strong></span> <span class='ocrx_word' id='word_1_580' title='bbox 815 4902 908 4971; x_wconf 90' lang='lat' dir='ltr'><strong>qui</strong></span> <span class='ocrx_word' id='word_1_581' title='bbox 934 4902 1058 4958; x_wconf 90' lang='lat' dir='ltr'><strong>vino</strong></span> <span class='ocrx_word' id='word_1_582' title='bbox 1078 4904 1394 4968; x_wconf 85' lang='lat' dir='ltr'><strong>exuberant,</strong></span> <span class='ocrx_word' id='word_1_583' title='bbox 1419 4919 1610 4974; x_wconf 89' lang='lat' dir='ltr'><strong>aquam</strong></span> <span class='ocrx_word' id='word_1_584' title='bbox 1627 4905 1871 4964; x_wconf 89' lang='lat' dir='ltr'><strong>volentes</strong></span> <span class='ocrx_word' id='word_1_585' title='bbox 1895 4909 2081 4965; x_wconf 88' lang='lat' dir='ltr'><strong>bibere</strong></span> <span class='ocrx_word' id='word_1_586' title='bbox 2103 4926 2230 4980; x_wconf 85' lang='lat' dir='ltr'><strong>pro-</strong></span> 
     </span>
    </p>
   </div>
   <div class='ocr_carea' id='block_1_84' title="bbox 645 4991 2226 5066">
    <p class='ocr_par' dir='ltr' id='par_1_84' title="bbox 645 4991 2226 5066">
     <span class='ocr_line' id='line_1_86' title="bbox 645 4991 2226 5066; baseline 0.006 -19"><span class='ocrx_word' id='word_1_587' title='bbox 645 4991 850 5048; x_wconf 87' lang='lat' dir='ltr'><strong>hibent.</strong></span> <span class='ocrx_word' id='word_1_588' title='bbox 868 4991 1112 5047; x_wconf 81' lang='lat' dir='ltr'><strong>Habeant</strong></span> <span class='ocrx_word' id='word_1_589' title='bbox 1139 5007 1267 5063; x_wconf 86' lang='lat' dir='ltr'><strong>ergo</strong></span> <span class='ocrx_word' id='word_1_590' title='bbox 1290 4995 1565 5050; x_wconf 89' lang='lat' dir='ltr'><strong>nobiscum</strong></span> <span class='ocrx_word' id='word_1_591' title='bbox 1583 5011 1770 5066; x_wconf 89' lang='lat' dir='ltr'><strong>pacem</strong></span> <span class='ocrx_word' id='word_1_592' title='bbox 1796 4998 2030 5055; x_wconf 89' lang='lat' dir='ltr'><strong>universi</strong></span> <span class='ocrx_word' id='word_1_593' title='bbox 2059 4999 2226 5056; x_wconf 84' lang='lat' dir='ltr'><strong>lecto-</strong></span> 
     </span>
    </p>
   </div>
   <div class='ocr_carea' id='block_1_85' title="bbox 644 5084 2232 5161">
    <p class='ocr_par' dir='ltr' id='par_1_85' title="bbox 644 5084 2232 5161">
     <span class='ocr_line' id='line_1_87' title="bbox 644 5084 2232 5161; baseline 0.003 -20"><span class='ocrx_word' id='word_1_594' title='bbox 644 5099 752 5149; x_wconf 88' lang='lat' dir='ltr'><strong>res,</strong></span> <span class='ocrx_word' id='word_1_595' title='bbox 781 5085 874 5155; x_wconf 86' lang='lat' dir='ltr'><strong>qui</strong></span> <span class='ocrx_word' id='word_1_596' title='bbox 900 5099 998 5140; x_wconf 89' lang='lat' dir='ltr'><strong>vos</strong></span> <span class='ocrx_word' id='word_1_597' title='bbox 1026 5084 1152 5141; x_wconf 89' lang='lat' dir='ltr'><strong>licet</strong></span> <span class='ocrx_word' id='word_1_598' title='bbox 1179 5086 1406 5141; x_wconf 86' lang='lat' dir='ltr'><strong>rusticos</strong></span> <span class='ocrx_word' id='word_1_599' title='bbox 1455 5087 1751 5144; x_wconf 89' lang='lat' dir='ltr'><strong>catholicos</strong></span> <span class='ocrx_word' id='word_1_600' title='bbox 1779 5092 2150 5161; x_wconf 86' lang='lat' dir='ltr'><strong>comprobent,</strong></span> <span class='ocrx_word' id='word_1_601' title='bbox 2175 5100 2232 5146; x_wconf 92' lang='lat' dir='ltr'><strong>et</strong></span> 
     </span>
    </p>
   </div>
   <div class='ocr_carea' id='block_1_86' title="bbox 636 5176 2228 5251">
    <p class='ocr_par' dir='ltr' id='par_1_86' title="bbox 636 5176 2228 5251">
     <span class='ocr_line' id='line_1_88' title="bbox 636 5176 2228 5251; baseline 0.007 -23"><span class='ocrx_word' id='word_1_602' title='bbox 636 5177 910 5246; x_wconf 75' lang='lat' dir='ltr'><strong>psalmum</strong></span> <span class='ocrx_word' id='word_1_603' title='bbox 938 5176 1091 5247; x_wconf 85' lang='lat' dir='ltr'><strong>cujus</strong></span> <span class='ocrx_word' id='word_1_604' title='bbox 1135 5177 1567 5248; x_wconf 82' lang='lat' dir='ltr'><strong>explanationem</strong></span> <span class='ocrx_word' id='word_1_605' title='bbox 1605 5179 1806 5249; x_wconf 90' lang='lat' dir='ltr'><strong>legunt,</strong></span> <span class='ocrx_word' id='word_1_606' title='bbox 1837 5183 1985 5251; x_wconf 89' lang='lat' dir='ltr'><strong>prius</strong></span> <span class='ocrx_word' id='word_1_607' title='bbox 2022 5184 2228 5238; x_wconf 89' lang='lat' dir='ltr'><strong>exami-</strong></span> 
     </span>
    </p>
   </div>
   <div class='ocr_carea' id='block_1_87' title="bbox 649 5267 2230 5348">
    <p class='ocr_par' dir='ltr' id='par_1_87' title="bbox 649 5267 2230 5348">
     <span class='ocr_line' id='line_1_89' title="bbox 649 5267 2230 5348; baseline 0.009 -31"><span class='ocrx_word' id='word_1_608' title='bbox 649 5273 798 5330; x_wconf 89' lang='lat' dir='ltr'><strong>nent,</strong></span> <span class='ocrx_word' id='word_1_609' title='bbox 829 5275 890 5320; x_wconf 91' lang='lat' dir='ltr'><strong>ut</strong></span> <span class='ocrx_word' id='word_1_610' title='bbox 916 5267 1042 5324; x_wconf 91' lang='lat' dir='ltr'><strong>dum</strong></span> <span class='ocrx_word' id='word_1_611' title='bbox 1063 5269 1178 5338; x_wconf 90' lang='lat' dir='ltr'><strong>ejus</strong></span> <span class='ocrx_word' id='word_1_612' title='bbox 1207 5269 1433 5348; x_wconf 72' lang='lat' dir='ltr'><strong>legerint</strong></span> <span class='ocrx_word' id='word_1_613' title='bbox 1459 5285 1695 5336; x_wconf 88' lang='lat' dir='ltr'><strong>sensum,</strong></span> <span class='ocrx_word' id='word_1_614' title='bbox 1719 5272 1785 5326; x_wconf 92' lang='lat' dir='ltr'><strong>ad</strong></span> <span class='ocrx_word' id='word_1_615' title='bbox 1813 5287 1935 5327; x_wconf 92' lang='lat' dir='ltr'><strong>eum</strong></span> <span class='ocrx_word' id='word_1_616' title='bbox 1961 5277 2230 5343; x_wconf 86' lang='lat' dir='ltr'><strong>pertinere</strong></span> 
     </span>
    </p>
   </div>
   <div class='ocr_carea' id='block_1_88' title="bbox 647 5353 2228 5437">
    <p class='ocr_par' dir='ltr' id='par_1_88' title="bbox 647 5353 2228 5437">
     <span class='ocr_line' id='line_1_90' title="bbox 647 5353 2228 5437; baseline 0.012 -32"><span class='ocrx_word' id='word_1_617' title='bbox 647 5353 906 5418; x_wconf 83' lang='lat' dir='ltr'><strong>sentiant,</strong></span> <span class='ocrx_word' id='word_1_618' title='bbox 955 5371 1115 5424; x_wconf 90' lang='lat' dir='ltr'><strong>quem</strong></span> <span class='ocrx_word' id='word_1_619' title='bbox 1159 5360 1552 5429; x_wconf 89' lang='lat' dir='ltr'><strong>explanationis</strong></span> <span class='ocrx_word' id='word_1_620' title='bbox 1587 5369 1764 5417; x_wconf 84' lang='lat' dir='ltr'><strong>textus</strong></span> <span class='ocrx_word' id='word_1_621' title='bbox 1817 5365 2070 5420; x_wconf 87' lang='lat' dir='ltr'><strong>ostendit.</strong></span> <span class='ocrx_word' id='word_1_622' title='bbox 2121 5366 2228 5437; x_wconf 88' lang='lat' dir='ltr'><strong>Ipsi</strong></span> 
     </span>
    </p>
   </div>
   <div class='ocr_carea' id='block_1_89' title="bbox 645 5442 2230 5523">
    <p class='ocr_par' dir='ltr' id='par_1_89' title="bbox 645 5442 2230 5523">
     <span class='ocr_line' id='line_1_91' title="bbox 645 5442 2230 5523; baseline 0.013 -28"><span class='ocrx_word' id='word_1_623' title='bbox 645 5442 864 5512; x_wconf 84' lang='lat' dir='ltr'><strong>quidem</strong></span> <span class='ocrx_word' id='word_1_624' title='bbox 919 5447 1110 5501; x_wconf 87' lang='lat' dir='ltr'><strong>melius</strong></span> <span class='ocrx_word' id='word_1_625' title='bbox 1139 5449 1245 5504; x_wconf 90' lang='lat' dir='ltr'><strong>hoc</strong></span> <span class='ocrx_word' id='word_1_626' title='bbox 1287 5453 1535 5521; x_wconf 90' lang='lat' dir='ltr'><strong>potuistis</strong></span> <span class='ocrx_word' id='word_1_627' title='bbox 1552 5452 1728 5508; x_wconf 79' lang='lat' dir='ltr'><strong>facere</strong></span> <span class='ocrx_word' id='word_1_628' title='bbox 1755 5455 1846 5522; x_wconf 91' lang='lat' dir='ltr'><strong>qui</strong></span> <span class='ocrx_word' id='word_1_629' title='bbox 1867 5455 2083 5523; x_wconf 89' lang='lat' dir='ltr'><strong>jubetis.</strong></span> <span class='ocrx_word' id='word_1_630' title='bbox 2111 5457 2230 5514; x_wconf 84' lang='lat' dir='ltr'><strong>Non</strong></span> 
     </span>
    </p>
   </div>
   <div class='ocr_carea' id='block_1_90' title="bbox 651 5535 2229 5620">
    <p class='ocr_par' dir='ltr' id='par_1_90' title="bbox 651 5535 2229 5620">
     <span class='ocr_line' id='line_1_92' title="bbox 651 5535 2229 5620; baseline 0.009 -28"><span class='ocrx_word' id='word_1_631' title='bbox 651 5535 796 5592; x_wconf 85' lang='lat' dir='ltr'><strong>enim</strong></span> <span class='ocrx_word' id='word_1_632' title='bbox 843 5536 1319 5607; x_wconf 86' lang='lat' dir='ltr'><strong>impossibilitatem</strong></span> <span class='ocrx_word' id='word_1_633' title='bbox 1371 5555 1625 5611; x_wconf 88' lang='lat' dir='ltr'><strong>vestram,</strong></span> <span class='ocrx_word' id='word_1_634' title='bbox 1680 5546 1774 5603; x_wconf 90' lang='lat' dir='ltr'><strong>sed</strong></span> <span class='ocrx_word' id='word_1_635' title='bbox 1821 5551 2229 5620; x_wconf 90' lang='lat' dir='ltr'><strong>occupationem</strong></span> 
     </span>
    </p>
   </div>
   <div class='ocr_carea' id='block_1_91' title="bbox 650 5626 2229 5707">
    <p class='ocr_par' dir='ltr' id='par_1_91' title="bbox 650 5626 2229 5707">
     <span class='ocr_line' id='line_1_93' title="bbox 650 5626 2229 5707; baseline 0.011 -26"><span class='ocrx_word' id='word_1_636' title='bbox 650 5626 933 5683; x_wconf 82' lang='lat' dir='ltr'><strong>ostenditis</strong></span> <span class='ocrx_word' id='word_1_637' title='bbox 950 5667 966 5693; x_wconf 92' lang='lat'><strong>,</strong></span> <span class='ocrx_word' id='word_1_638' title='bbox 997 5628 1121 5683; x_wconf 90' lang='lat' dir='ltr'><strong>dum</strong></span> <span class='ocrx_word' id='word_1_639' title='bbox 1150 5632 1293 5701; x_wconf 90' lang='lat' dir='ltr'><strong>quod</strong></span> <span class='ocrx_word' id='word_1_640' title='bbox 1322 5649 1422 5691; x_wconf 90' lang='lat' dir='ltr'><strong>nos</strong></span> <span class='ocrx_word' id='word_1_641' title='bbox 1443 5636 1646 5706; x_wconf 88' lang='lat' dir='ltr'><strong>jubetis</strong></span> <span class='ocrx_word' id='word_1_642' title='bbox 1673 5638 1851 5695; x_wconf 80' lang='lat' dir='ltr'><strong>facere</strong></span> <span class='ocrx_word' id='word_1_643' title='bbox 1875 5679 1890 5707; x_wconf 92' lang='lat'><strong>,</strong></span> <span class='ocrx_word' id='word_1_644' title='bbox 1913 5656 2010 5698; x_wconf 89' lang='lat' dir='ltr'><strong>vos</strong></span> <span class='ocrx_word' id='word_1_645' title='bbox 2038 5642 2229 5699; x_wconf 92' lang='lat' dir='ltr'><strong>melius</strong></span> 
     </span>
    </p>
   </div>
   <div class='ocr_carea' id='block_1_92' title="bbox 649 5715 1721 5796">
    <p class='ocr_par' dir='ltr' id='par_1_92' title="bbox 649 5715 1721 5796">
     <span class='ocr_line' id='line_1_94' title="bbox 649 5715 1721 5796; baseline 0.006 -20"><span class='ocrx_word' id='word_1_646' title='bbox 649 5715 758 5777; x_wconf 84' lang='lat' dir='ltr'><strong>hoc</strong></span> <span class='ocrx_word' id='word_1_647' title='bbox 781 5721 1064 5793; x_wconf 83' lang='lat' dir='ltr'><strong>potueritis</strong></span> <span class='ocrx_word' id='word_1_648' title='bbox 1086 5723 1329 5796; x_wconf 85' lang='lat' dir='ltr'><strong>implere.</strong></span> <span class='ocrx_word' id='word_1_649' title='bbox 1354 5727 1360 5732; x_wconf 81' lang='grc'><strong>’</strong></span> <span class='ocrx_word' id='word_1_650' title='bbox 1397 5743 1407 5748; x_wconf 72' lang='grc'><strong>’</strong></span> <span class='ocrx_word' id='word_1_651' title='bbox 1720 5749 1721 5752; x_wconf 51' lang='grc' dir='ltr'><strong>η</strong></span> 
     </span>
    </p>
   </div>
   <div class='ocr_carea' id='block_1_93' title="bbox 2924 3445 3312 3504">
    <p class='ocr_par' dir='ltr' id='par_1_93' title="bbox 2924 3445 3312 3504">
     <span class='ocr_line' id='line_1_95' title="bbox 2924 3445 3312 3504; baseline 0 -2"><span class='ocrx_word' id='word_1_652' title='bbox 2924 3445 3236 3504; x_wconf 80' lang='lat' dir='ltr'><strong>PSALMUS</strong></span> <span class='ocrx_word' id='word_1_653' title='bbox 3270 3445 3312 3502; x_wconf 91' lang='grc' dir='ltr'><strong>Ι.</strong></span> 
     </span>
    </p>
   </div>
   <div class='ocr_carea' id='block_1_94' title="bbox 2881 3577 3352 3635">
    <p class='ocr_par' dir='ltr' id='par_1_94' title="bbox 2881 3577 3352 3635">
     <span class='ocr_line' id='line_1_96' title="bbox 2881 3577 3352 3635; baseline 0.004 -3"><span class='ocrx_word' id='word_1_654' title='bbox 2881 3577 3120 3635; x_wconf 80' lang='lat' dir='ltr'><strong>Psalmns</strong></span> <span class='ocrx_word' id='word_1_655' title='bbox 3167 3578 3352 3635; x_wconf 87' lang='lat' dir='ltr'><strong>David.</strong></span> 
     </span>
    </p>
   </div>
   <div class='ocr_carea' id='block_1_95' title="bbox 2402 3731 3906 3806">
    <p class='ocr_par' dir='ltr' id='par_1_95' title="bbox 2402 3731 3906 3806">
     <span class='ocr_line' id='line_1_97' title="bbox 2402 3731 3906 3806; baseline 0.003 -20"><span class='ocrx_word' id='word_1_656' title='bbox 2402 3731 2587 3787; x_wconf 83' lang='lat' dir='ltr'><strong>Beatus</strong></span> <span class='ocrx_word' id='word_1_657' title='bbox 2614 3732 2692 3786; x_wconf 81' lang='lat' dir='ltr'><strong>vir</strong></span> <span class='ocrx_word' id='word_1_658' title='bbox 2718 3733 2805 3804; x_wconf 89' lang='lat' dir='ltr'><strong>qui</strong></span> <span class='ocrx_word' id='word_1_659' title='bbox 2825 3749 2931 3787; x_wconf 81' lang='lat' dir='ltr'><strong>non</strong></span> <span class='ocrx_word' id='word_1_660' title='bbox 2955 3731 3083 3787; x_wconf 85' lang='lat' dir='ltr'><strong>abiit</strong></span> <span class='ocrx_word' id='word_1_661' title='bbox 3106 3734 3162 3787; x_wconf 83' lang='lat' dir='ltr'><strong>in</strong></span> <span class='ocrx_word' id='word_1_662' title='bbox 3193 3733 3413 3788; x_wconf 83' lang='lat' dir='ltr'><strong>consilio</strong></span> <span class='ocrx_word' id='word_1_663' title='bbox 3453 3735 3746 3806; x_wconf 72' lang='lat' dir='ltr'><strong>iiupiorum,</strong></span> <span class='ocrx_word' id='word_1_664' title='bbox 3775 3738 3906 3792; x_wconf 80' lang='lat' dir='ltr'><strong>etin</strong></span> 
     </span>
    </p>
   </div>
   <div class='ocr_carea' id='block_1_96' title="bbox 2326 3824 3908 3896">
    <p class='ocr_par' dir='ltr' id='par_1_96' title="bbox 2326 3824 3908 3896">
     <span class='ocr_line' id='line_1_98' title="bbox 2326 3824 3908 3896; baseline 0.003 -18"><span class='ocrx_word' id='word_1_665' title='bbox 2326 3824 2409 3878; x_wconf 80' lang='lat' dir='ltr'><strong>via</strong></span> <span class='ocrx_word' id='word_1_666' title='bbox 2453 3832 2777 3894; x_wconf 79' lang='lat' dir='ltr'><strong>peccatorum</strong></span> <span class='ocrx_word' id='word_1_667' title='bbox 2829 3839 2932 3876; x_wconf 80' lang='lat' dir='ltr'><strong>non</strong></span> <span class='ocrx_word' id='word_1_668' title='bbox 2975 3824 3114 3877; x_wconf 89' lang='lat' dir='ltr'><strong>stetit</strong></span> <span class='ocrx_word' id='word_1_669' title='bbox 3135 3841 3152 3890; x_wconf 79' lang='lat'><strong>;</strong></span> <span class='ocrx_word' id='word_1_670' title='bbox 3173 3833 3222 3877; x_wconf 87' lang='lat' dir='ltr'><strong>et</strong></span> <span class='ocrx_word' id='word_1_671' title='bbox 3241 3825 3293 3878; x_wconf 83' lang='lat' dir='ltr'><strong>in</strong></span> <span class='ocrx_word' id='word_1_672' title='bbox 3321 3825 3565 3879; x_wconf 79' lang='lat' dir='ltr'><strong>cathedra</strong></span> <span class='ocrx_word' id='word_1_673' title='bbox 3599 3827 3908 3896; x_wconf 74' lang='lat' dir='ltr'><strong>pestilentia:</strong></span> 
     </span>
    </p>
   </div>
   <div class='ocr_carea' id='block_1_97' title="bbox 2327 3911 3909 3990">
    <p class='ocr_par' dir='ltr' id='par_1_97' title="bbox 2327 3911 3909 3990">
     <span class='ocr_line' id='line_1_99' title="bbox 2327 3911 3909 3990; baseline 0.004 -24"><span class='ocrx_word' id='word_1_674' title='bbox 2327 3929 2432 3968; x_wconf 80' lang='lat' dir='ltr'><strong>non</strong></span> <span class='ocrx_word' id='word_1_675' title='bbox 2461 3913 2623 3977; x_wconf 87' lang='lat' dir='ltr'><strong>sedit;</strong></span> <span class='ocrx_word' id='word_1_676' title='bbox 2645 3913 2735 3967; x_wconf 85' lang='lat' dir='ltr'><strong>sed</strong></span> <span class='ocrx_word' id='word_1_677' title='bbox 2758 3915 2813 3967; x_wconf 82' lang='lat' dir='ltr'><strong>in</strong></span> <span class='ocrx_word' id='word_1_678' title='bbox 2846 3913 2954 3984; x_wconf 76' lang='lat' dir='ltr'><strong>lege</strong></span> <span class='ocrx_word' id='word_1_679' title='bbox 2973 3911 3187 3968; x_wconf 77' lang='lat' dir='ltr'><strong>Domini</strong></span> <span class='ocrx_word' id='word_1_680' title='bbox 3210 3917 3449 3971; x_wconf 76' lang='lat' dir='ltr'><strong>voluntas</strong></span> <span class='ocrx_word' id='word_1_681' title='bbox 3476 3917 3606 3988; x_wconf 85' lang='lat' dir='ltr'><strong>ejus,</strong></span> <span class='ocrx_word' id='word_1_682' title='bbox 3634 3925 3683 3971; x_wconf 84' lang='lat' dir='ltr'><strong>et</strong></span> <span class='ocrx_word' id='word_1_683' title='bbox 3713 3918 3770 3972; x_wconf 82' lang='lat' dir='ltr'><strong>iu</strong></span> <span class='ocrx_word' id='word_1_684' title='bbox 3794 3918 3909 3990; x_wconf 78' lang='lat' dir='ltr'><strong>lege</strong></span> 
     </span>
    </p>
   </div>
   <div class='ocr_carea' id='block_1_98' title="bbox 2326 4003 3908 4082">
    <p class='ocr_par' dir='ltr' id='par_1_98' title="bbox 2326 4003 3908 4082">
     <span class='ocr_line' id='line_1_100' title="bbox 2326 4003 3908 4082; baseline 0.006 -26"><span class='ocrx_word' id='word_1_685' title='bbox 2326 4003 2440 4074; x_wconf 84' lang='lat' dir='ltr'><strong>ejus</strong></span> <span class='ocrx_word' id='word_1_686' title='bbox 2468 4003 2798 4058; x_wconf 80' lang='lat' dir='ltr'><strong>meditabitur</strong></span> <span class='ocrx_word' id='word_1_687' title='bbox 2815 4005 2897 4058; x_wconf 86' lang='lat' dir='ltr'><strong>die</strong></span> <span class='ocrx_word' id='word_1_688' title='bbox 2916 4021 2977 4057; x_wconf 88' lang='lat' dir='ltr'><strong>ac</strong></span> <span class='ocrx_word' id='word_1_689' title='bbox 2997 4013 3161 4061; x_wconf 82' lang='lat' dir='ltr'><strong>nocte.</strong></span> <span class='ocrx_word' id='word_1_690' title='bbox 3187 4004 3258 4060; x_wconf 85' lang='lat' dir='ltr'><strong>Et</strong></span> <span class='ocrx_word' id='word_1_691' title='bbox 3283 4010 3384 4062; x_wconf 84' lang='lat' dir='ltr'><strong>erit</strong></span> <span class='ocrx_word' id='word_1_692' title='bbox 3429 4018 3672 4081; x_wconf 81' lang='lat' dir='ltr'><strong>tauquam</strong></span> <span class='ocrx_word' id='word_1_693' title='bbox 3709 4011 3908 4082; x_wconf 77' lang='lat' dir='ltr'><strong>lignum</strong></span> 
     </span>
    </p>
   </div>
   <div class='ocr_carea' id='block_1_99' title="bbox 2327 4092 3910 4173">
    <p class='ocr_par' dir='ltr' id='par_1_99' title="bbox 2327 4092 3910 4173">
     <span class='ocr_line' id='line_1_101' title="bbox 2327 4092 3910 4173; baseline 0.006 -27"><span class='ocrx_word' id='word_1_694' title='bbox 2327 4093 2464 4162; x_wconf 86' lang='lat' dir='ltr'><strong>quod</strong></span> <span class='ocrx_word' id='word_1_695' title='bbox 2486 4092 2779 4163; x_wconf 83' lang='lat' dir='ltr'><strong>plantatum</strong></span> <span class='ocrx_word' id='word_1_696' title='bbox 2798 4104 2877 4150; x_wconf 89' lang='lat' dir='ltr'><strong>est</strong></span> <span class='ocrx_word' id='word_1_697' title='bbox 2907 4112 3051 4163; x_wconf 83' lang='lat' dir='ltr'><strong>secus</strong></span> <span class='ocrx_word' id='word_1_698' title='bbox 3077 4096 3318 4152; x_wconf 73' lang='lat' dir='ltr'><strong>decursus</strong></span> <span class='ocrx_word' id='word_1_699' title='bbox 3341 4116 3614 4170; x_wconf 86' lang='lat' dir='ltr'><strong>aquarum,</strong></span> <span class='ocrx_word' id='word_1_700' title='bbox 3645 4101 3781 4173; x_wconf 83' lang='lat' dir='ltr'><strong>quod</strong></span> <span class='ocrx_word' id='word_1_701' title='bbox 3799 4103 3910 4173; x_wconf 79' lang='lat' dir='ltr'><strong>fru-</strong></span> 
     </span>
    </p>
   </div>
   <div class='ocr_carea' id='block_1_100' title="bbox 2329 4185 3909 4264">
    <p class='ocr_par' dir='ltr' id='par_1_100' title="bbox 2329 4185 3909 4264">
     <span class='ocr_line' id='line_1_102' title="bbox 2329 4185 3909 4264; baseline 0.008 -29"><span class='ocrx_word' id='word_1_702' title='bbox 2329 4193 2463 4236; x_wconf 86' lang='lat' dir='ltr'><strong>ctum</strong></span> <span class='ocrx_word' id='word_1_703' title='bbox 2489 4200 2637 4238; x_wconf 89' lang='lat' dir='ltr'><strong>suum</strong></span> <span class='ocrx_word' id='word_1_704' title='bbox 2665 4185 2807 4240; x_wconf 83' lang='lat' dir='ltr'><strong>dabit</strong></span> <span class='ocrx_word' id='word_1_705' title='bbox 2835 4189 2891 4241; x_wconf 85' lang='lat' dir='ltr'><strong>in</strong></span> <span class='ocrx_word' id='word_1_706' title='bbox 2915 4196 3146 4260; x_wconf 83' lang='lat' dir='ltr'><strong>tempore</strong></span> <span class='ocrx_word' id='word_1_707' title='bbox 3165 4205 3275 4244; x_wconf 88' lang='lat' dir='ltr'><strong>suo.</strong></span> <span class='ocrx_word' id='word_1_708' title='bbox 3315 4187 3386 4243; x_wconf 87' lang='lat' dir='ltr'><strong>Et</strong></span> <span class='ocrx_word' id='word_1_709' title='bbox 3423 4191 3606 4264; x_wconf 78' lang='lat' dir='ltr'><strong>folium</strong></span> <span class='ocrx_word' id='word_1_710' title='bbox 3651 4194 3764 4264; x_wconf 83' lang='lat' dir='ltr'><strong>ejus</strong></span> <span class='ocrx_word' id='word_1_711' title='bbox 3806 4211 3909 4249; x_wconf 80' lang='lat' dir='ltr'><strong>non</strong></span> 
     </span>
    </p>
   </div>
   <div class='ocr_carea' id='block_1_101' title="bbox 2328 4274 3909 4355">
    <p class='ocr_par' dir='ltr' id='par_1_101' title="bbox 2328 4274 3909 4355">
     <span class='ocr_line' id='line_1_103' title="bbox 2328 4274 3909 4355; baseline 0.008 -29"><span class='ocrx_word' id='word_1_712' title='bbox 2328 4274 2536 4343; x_wconf 73' lang='lat' dir='ltr'><strong>tie/luet,</strong></span> <span class='ocrx_word' id='word_1_713' title='bbox 2573 4285 2624 4329; x_wconf 87' lang='lat' dir='ltr'><strong>et</strong></span> <span class='ocrx_word' id='word_1_714' title='bbox 2668 4279 2845 4331; x_wconf 81' lang='lat' dir='ltr'><strong>omnia</strong></span> <span class='ocrx_word' id='word_1_715' title='bbox 2883 4295 3195 4350; x_wconf 63' lang='lat' dir='ltr'><strong>quascunque</strong></span> <span class='ocrx_word' id='word_1_716' title='bbox 3241 4283 3398 4352; x_wconf 77' lang='lat' dir='ltr'><strong>faciet</strong></span> <span class='ocrx_word' id='word_1_717' title='bbox 3452 4285 3909 4355; x_wconf 77' lang='lat' dir='ltr'><strong>prosperabuntur.</strong></span> 
     </span>
    </p>
   </div>
   <div class='ocr_carea' id='block_1_102' title="bbox 2331 4363 3905 4447">
    <p class='ocr_par' dir='ltr' id='par_1_102' title="bbox 2331 4363 3905 4447">
     <span class='ocr_line' id='line_1_104' title="bbox 2331 4363 3905 4447; baseline 0.008 -29"><span class='ocrx_word' id='word_1_718' title='bbox 2331 4363 2454 4421; x_wconf 83' lang='lat' dir='ltr'><strong>Non</strong></span> <span class='ocrx_word' id='word_1_719' title='bbox 2475 4368 2546 4421; x_wconf 89' lang='lat' dir='ltr'><strong>sic</strong></span> <span class='ocrx_word' id='word_1_720' title='bbox 2566 4368 2729 4438; x_wconf 83' lang='lat' dir='ltr'><strong>impii,</strong></span> <span class='ocrx_word' id='word_1_721' title='bbox 2753 4386 2856 4423; x_wconf 83' lang='lat' dir='ltr'><strong>non</strong></span> <span class='ocrx_word' id='word_1_722' title='bbox 2887 4372 2990 4436; x_wconf 86' lang='lat' dir='ltr'><strong>sic;</strong></span> <span class='ocrx_word' id='word_1_723' title='bbox 3031 4371 3122 4425; x_wconf 81' lang='lat' dir='ltr'><strong>sed</strong></span> <span class='ocrx_word' id='word_1_724' title='bbox 3149 4380 3394 4441; x_wconf 84' lang='lat' dir='ltr'><strong>tanquam</strong></span> <span class='ocrx_word' id='word_1_725' title='bbox 3417 4375 3583 4445; x_wconf 80' lang='lat' dir='ltr'><strong>pulvis</strong></span> <span class='ocrx_word' id='word_1_726' title='bbox 3609 4393 3754 4446; x_wconf 84' lang='lat' dir='ltr'><strong>quem</strong></span> <span class='ocrx_word' id='word_1_727' title='bbox 3781 4377 3905 4447; x_wconf 36' lang='lat' dir='ltr'><strong>pra.-</strong></span> 
     </span>
    </p>
   </div>
   <div class='ocr_carea' id='block_1_103' title="bbox 2322 4457 3910 4538">
    <p class='ocr_par' dir='ltr' id='par_1_103' title="bbox 2322 4457 3910 4538">
     <span class='ocr_line' id='line_1_105' title="bbox 2322 4457 3910 4538; baseline 0.008 -29"><span class='ocrx_word' id='word_1_728' title='bbox 2322 4457 2441 4527; x_wconf 87' lang='lat' dir='ltr'><strong>jicit</strong></span> <span class='ocrx_word' id='word_1_729' title='bbox 2469 4465 2646 4512; x_wconf 82' lang='lat' dir='ltr'><strong>ventus</strong></span> <span class='ocrx_word' id='word_1_730' title='bbox 2668 4476 2699 4512; x_wconf 91' lang='lat' dir='ltr'><strong>a</strong></span> <span class='ocrx_word' id='word_1_731' title='bbox 2721 4461 2856 4531; x_wconf 79' lang='lat' dir='ltr'><strong>[acie</strong></span> <span class='ocrx_word' id='word_1_732' title='bbox 2876 4467 3047 4516; x_wconf 75' lang='lat' dir='ltr'><strong>term.</strong></span> <span class='ocrx_word' id='word_1_733' title='bbox 3075 4461 3201 4518; x_wconf 87' lang='lat' dir='ltr'><strong>Ideo</strong></span> <span class='ocrx_word' id='word_1_734' title='bbox 3245 4480 3352 4518; x_wconf 83' lang='lat' dir='ltr'><strong>non</strong></span> <span class='ocrx_word' id='word_1_735' title='bbox 3395 4474 3673 4537; x_wconf 82' lang='lat' dir='ltr'><strong>resurgunt</strong></span> <span class='ocrx_word' id='word_1_736' title='bbox 3692 4467 3833 4538; x_wconf 81' lang='lat' dir='ltr'><strong>impii</strong></span> <span class='ocrx_word' id='word_1_737' title='bbox 3855 4468 3910 4522; x_wconf 70' lang='lat' dir='ltr'><strong>iis</strong></span> 
     </span>
    </p>
   </div>
   <div class='ocr_carea' id='block_1_104' title="bbox 2321 4545 3910 4628">
    <p class='ocr_par' dir='ltr' id='par_1_104' title="bbox 2321 4545 3910 4628">
     <span class='ocr_line' id='line_1_106' title="bbox 2321 4545 3910 4628; baseline 0.01 -30"><span class='ocrx_word' id='word_1_738' title='bbox 2321 4545 2726 4620; x_wconf 58' lang='lat' dir='ltr'><strong>judicio,&#39;neque</strong></span> <span class='ocrx_word' id='word_1_739' title='bbox 2771 4555 3066 4620; x_wconf 84' lang='lat' dir='ltr'><strong>peccatores</strong></span> <span class='ocrx_word' id='word_1_740' title='bbox 3111 4554 3166 4606; x_wconf 82' lang='lat' dir='ltr'><strong>in</strong></span> <span class='ocrx_word' id='word_1_741' title='bbox 3205 4555 3420 4610; x_wconf 82' lang='lat' dir='ltr'><strong>consilio</strong></span> <span class='ocrx_word' id='word_1_742' title='bbox 3452 4558 3733 4628; x_wconf 87' lang='lat' dir='ltr'><strong>justorum.</strong></span> <span class='ocrx_word' id='word_1_743' title='bbox 3767 4555 3910 4621; x_wconf 83' lang='lat' dir='ltr'><strong>Quo-</strong></span> 
     </span>
    </p>
   </div>
   <div class='ocr_carea' id='block_1_105' title="bbox 2328 4637 3910 4720">
    <p class='ocr_par' dir='ltr' id='par_1_105' title="bbox 2328 4637 3910 4720">
     <span class='ocr_line' id='line_1_107' title="bbox 2328 4637 3910 4720; baseline 0.008 -31"><span class='ocrx_word' id='word_1_744' title='bbox 2328 4637 2472 4690; x_wconf 84' lang='lat' dir='ltr'><strong>niam</strong></span> <span class='ocrx_word' id='word_1_745' title='bbox 2499 4638 2639 4692; x_wconf 85' lang='lat' dir='ltr'><strong>novit</strong></span> <span class='ocrx_word' id='word_1_746' title='bbox 2666 4637 2923 4693; x_wconf 82' lang='lat' dir='ltr'><strong>Dominus</strong></span> <span class='ocrx_word' id='word_1_747' title='bbox 2950 4642 3086 4695; x_wconf 83' lang='lat' dir='ltr'><strong>viam</strong></span> <span class='ocrx_word' id='word_1_748' title='bbox 3103 4643 3384 4713; x_wconf 83' lang='lat' dir='ltr'><strong>justorum,</strong></span> <span class='ocrx_word' id='word_1_749' title='bbox 3415 4654 3464 4699; x_wconf 87' lang='lat' dir='ltr'><strong>et</strong></span> <span class='ocrx_word' id='word_1_750' title='bbox 3503 4648 3601 4701; x_wconf 85' lang='lat' dir='ltr'><strong>iter</strong></span> <span class='ocrx_word' id='word_1_751' title='bbox 3635 4648 3910 4720; x_wconf 78' lang='lat' dir='ltr'><strong>impiorum</strong></span> 
     </span>
    </p>
   </div>
   <div class='ocr_carea' id='block_1_106' title="bbox 2329 4729 2791 4799">
    <p class='ocr_par' dir='ltr' id='par_1_106' title="bbox 2329 4729 2791 4799">
     <span class='ocr_line' id='line_1_108' title="bbox 2329 4729 2791 4799; baseline -0.002 -15"><span class='ocrx_word' id='word_1_752' title='bbox 2329 4729 2531 4799; x_wconf 84' lang='lat' dir='ltr'><strong>peribit.</strong></span> <span class='ocrx_word' id='word_1_753' title='bbox 2789 4733 2791 4736; x_wconf 60' lang='lat'><em>‘</em></span> 
     </span>
    </p>
   </div>
   <div class='ocr_carea' id='block_1_107' title="bbox 2905 4821 3334 4866">
    <p class='ocr_par' dir='ltr' id='par_1_107' title="bbox 2905 4821 3334 4866">
     <span class='ocr_line' id='line_1_109' title="bbox 2905 4821 3334 4866; baseline 0.009 -5"><span class='ocrx_word' id='word_1_754' title='bbox 2905 4821 3334 4866; x_wconf 67' lang='lat' dir='ltr'><strong>COIIENTABIUI.</strong></span> 
     </span>
    </p>
   </div>
   <div class='ocr_carea' id='block_1_108' title="bbox 2402 4914 3908 5000">
    <p class='ocr_par' dir='ltr' id='par_1_108' title="bbox 2402 4914 3908 5000">
     <span class='ocr_line' id='line_1_110' title="bbox 2402 4914 3908 5000; baseline 0.011 -31"><span class='ocrx_word' id='word_1_755' title='bbox 2402 4914 2610 4972; x_wconf 87' lang='lat' dir='ltr'><strong>Primus</strong></span> <span class='ocrx_word' id='word_1_756' title='bbox 2655 4918 2891 4990; x_wconf 90' lang='lat' dir='ltr'><strong>psalmus</strong></span> <span class='ocrx_word' id='word_1_757' title='bbox 2936 4923 3077 4980; x_wconf 87' lang='lat' dir='ltr'><strong>unde</strong></span> <span class='ocrx_word' id='word_1_758' title='bbox 3130 4927 3233 4981; x_wconf 88' lang='lat' dir='ltr'><strong>scit</strong></span> <span class='ocrx_word' id='word_1_759' title='bbox 3268 4926 3655 4991; x_wconf 85' lang='lat' dir='ltr'><strong>beatitudinem</strong></span> <span class='ocrx_word' id='word_1_760' title='bbox 3678 4930 3908 5000; x_wconf 85' lang='lat' dir='ltr'><strong>perisse,</strong></span> 
     </span>
    </p>
   </div>
   <div class='ocr_carea' id='block_1_109' title="bbox 2331 5005 3913 5087">
    <p class='ocr_par' dir='ltr' id='par_1_109' title="bbox 2331 5005 3913 5087">
     <span class='ocr_line' id='line_1_111' title="bbox 2331 5005 3913 5087; baseline 0.011 -27"><span class='ocrx_word' id='word_1_761' title='bbox 2331 5005 2456 5062; x_wconf 89' lang='lat' dir='ltr'><strong>inde</strong></span> <span class='ocrx_word' id='word_1_762' title='bbox 2478 5019 2783 5079; x_wconf 89' lang='lat' dir='ltr'><strong>recuperat.</strong></span> <span class='ocrx_word' id='word_1_763' title='bbox 2806 5010 2865 5067; x_wconf 91' lang='lat' dir='ltr'><strong>ln</strong></span> <span class='ocrx_word' id='word_1_764' title='bbox 2893 5015 3120 5071; x_wconf 83' lang='lat' dir='ltr'><strong>consilio</strong></span> <span class='ocrx_word' id='word_1_765' title='bbox 3153 5015 3438 5087; x_wconf 89' lang='lat' dir='ltr'><strong>impiorum</strong></span> <span class='ocrx_word' id='word_1_766' title='bbox 3467 5020 3599 5076; x_wconf 88' lang='lat' dir='ltr'><strong>abiit</strong></span> <span class='ocrx_word' id='word_1_767' title='bbox 3625 5019 3826 5086; x_wconf 81' lang='lat' dir='ltr'><strong>Adam,</strong></span> <span class='ocrx_word' id='word_1_768' title='bbox 3858 5021 3913 5077; x_wconf 91' lang='lat' dir='ltr'><strong>id</strong></span> 
     </span>
    </p>
   </div>
   <div class='ocr_carea' id='block_1_110' title="bbox 2332 5100 3909 5181">
    <p class='ocr_par' dir='ltr' id='par_1_110' title="bbox 2332 5100 3909 5181">
     <span class='ocr_line' id='line_1_112' title="bbox 2332 5100 3909 5181; baseline 0.013 -28"><span class='ocrx_word' id='word_1_769' title='bbox 2332 5107 2438 5164; x_wconf 88' lang='lat' dir='ltr'><strong>est,</strong></span> <span class='ocrx_word' id='word_1_770' title='bbox 2459 5100 2513 5154; x_wconf 92' lang='lat' dir='ltr'><strong>in</strong></span> <span class='ocrx_word' id='word_1_771' title='bbox 2535 5104 2800 5172; x_wconf 89' lang='lat' dir='ltr'><strong>serpentis</strong></span> <span class='ocrx_word' id='word_1_772' title='bbox 2837 5113 2893 5160; x_wconf 92' lang='lat' dir='ltr'><strong>et</strong></span> <span class='ocrx_word' id='word_1_773' title='bbox 2939 5107 3198 5164; x_wconf 88' lang='lat' dir='ltr'><strong>mulieris.</strong></span> <span class='ocrx_word' id='word_1_774' title='bbox 3227 5109 3295 5165; x_wconf 88' lang='lat' dir='ltr'><strong>Et</strong></span> <span class='ocrx_word' id='word_1_775' title='bbox 3322 5128 3465 5169; x_wconf 88' lang='lat' dir='ltr'><strong>nunc</strong></span> <span class='ocrx_word' id='word_1_776' title='bbox 3487 5112 3659 5169; x_wconf 78' lang='lat' dir='ltr'><strong>Adam</strong></span> <span class='ocrx_word' id='word_1_777' title='bbox 3687 5123 3872 5170; x_wconf 81' lang='lat' dir='ltr'><strong>noster</strong></span> <span class='ocrx_word' id='word_1_778' title='bbox 3892 5157 3909 5181; x_wconf 91' lang='lat'><strong>,</strong></span> 
     </span>
    </p>
   </div>
   <div class='ocr_carea' id='block_1_111' title="bbox 2331 5185 3912 5272">
    <p class='ocr_par' dir='ltr' id='par_1_111' title="bbox 2331 5185 3912 5272">
     <span class='ocr_line' id='line_1_113' title="bbox 2331 5185 3912 5272; baseline 0.009 -27"><span class='ocrx_word' id='word_1_779' title='bbox 2331 5190 2385 5247; x_wconf 90' lang='lat' dir='ltr'><strong>id</strong></span> <span class='ocrx_word' id='word_1_780' title='bbox 2412 5199 2513 5257; x_wconf 88' lang='lat' dir='ltr'><strong>est,</strong></span> <span class='ocrx_word' id='word_1_781' title='bbox 2544 5208 2836 5250; x_wconf 87' lang='lat' dir='ltr'><strong>consensus</strong></span> <span class='ocrx_word' id='word_1_782' title='bbox 2861 5206 3046 5253; x_wconf 88' lang='lat' dir='ltr'><strong>noster</strong></span> <span class='ocrx_word' id='word_1_783' title='bbox 3071 5185 3265 5256; x_wconf 87' lang='lat' dir='ltr'><strong>beatus</strong></span> <span class='ocrx_word' id='word_1_784' title='bbox 3286 5204 3410 5272; x_wconf 89' lang='lat' dir='ltr'><strong>erit,</strong></span> <span class='ocrx_word' id='word_1_785' title='bbox 3433 5205 3481 5260; x_wconf 87' lang='lat' dir='ltr'><strong>si</strong></span> <span class='ocrx_word' id='word_1_786' title='bbox 3509 5221 3619 5261; x_wconf 91' lang='lat' dir='ltr'><strong>non</strong></span> <span class='ocrx_word' id='word_1_787' title='bbox 3643 5206 3838 5262; x_wconf 87' lang='lat' dir='ltr'><strong>abierit</strong></span> <span class='ocrx_word' id='word_1_788' title='bbox 3857 5207 3912 5260; x_wconf 92' lang='lat' dir='ltr'><strong>in</strong></span> 
     </span>
    </p>
   </div>
   <div class='ocr_carea' id='block_1_112' title="bbox 2331 5277 3915 5370">
    <p class='ocr_par' dir='ltr' id='par_1_112' title="bbox 2331 5277 3915 5370">
     <span class='ocr_line' id='line_1_114' title="bbox 2331 5277 3915 5370; baseline 0.009 -33"><span class='ocrx_word' id='word_1_789' title='bbox 2331 5284 2555 5339; x_wconf 89' lang='lat' dir='ltr'><strong>consilio</strong></span> <span class='ocrx_word' id='word_1_790' title='bbox 2595 5287 2859 5355; x_wconf 89' lang='lat' dir='ltr'><strong>serpentis</strong></span> <span class='ocrx_word' id='word_1_791' title='bbox 2885 5295 2940 5343; x_wconf 91' lang='lat' dir='ltr'><strong>et</strong></span> <span class='ocrx_word' id='word_1_792' title='bbox 2959 5289 3226 5359; x_wconf 89' lang='lat' dir='ltr'><strong>mulieris,</strong></span> <span class='ocrx_word' id='word_1_793' title='bbox 3257 5294 3311 5350; x_wconf 91' lang='lat' dir='ltr'><strong>id</strong></span> <span class='ocrx_word' id='word_1_794' title='bbox 3339 5304 3442 5361; x_wconf 89' lang='lat' dir='ltr'><strong>est,</strong></span> <span class='ocrx_word' id='word_1_795' title='bbox 3468 5297 3520 5351; x_wconf 94' lang='lat' dir='ltr'><strong>in</strong></span> <span class='ocrx_word' id='word_1_796' title='bbox 3542 5277 3769 5370; x_wconf 88' lang='lat' dir='ltr'><strong>consilio</strong></span> <span class='ocrx_word' id='word_1_797' title='bbox 3796 5311 3915 5351; x_wconf 85' lang='lat' dir='ltr'><strong>car-</strong></span> 
     </span>
    </p>
   </div>
   <div class='ocr_carea' id='block_1_113' title="bbox 2332 5377 3912 5460">
    <p class='ocr_par' dir='ltr' id='par_1_113' title="bbox 2332 5377 3912 5460">
     <span class='ocr_line' id='line_1_115' title="bbox 2332 5377 3912 5460; baseline 0.008 -29"><span class='ocrx_word' id='word_1_798' title='bbox 2332 5377 2416 5432; x_wconf 91' lang='lat' dir='ltr'><strong>nis</strong></span> <span class='ocrx_word' id='word_1_799' title='bbox 2444 5386 2500 5432; x_wconf 90' lang='lat' dir='ltr'><strong>et</strong></span> <span class='ocrx_word' id='word_1_800' title='bbox 2525 5377 2740 5434; x_wconf 91' lang='lat' dir='ltr'><strong>diaboli.</strong></span> <span class='ocrx_word' id='word_1_801' title='bbox 2772 5379 2878 5435; x_wconf 86' lang='lat' dir='ltr'><strong>Aut</strong></span> <span class='ocrx_word' id='word_1_802' title='bbox 2897 5382 2942 5436; x_wconf 90' lang='lat' dir='ltr'><strong>si</strong></span> <span class='ocrx_word' id='word_1_803' title='bbox 2963 5383 3178 5453; x_wconf 91' lang='lat' dir='ltr'><strong>abierit,</strong></span> <span class='ocrx_word' id='word_1_804' title='bbox 3208 5403 3315 5442; x_wconf 90' lang='lat' dir='ltr'><strong>non</strong></span> <span class='ocrx_word' id='word_1_805' title='bbox 3337 5389 3411 5445; x_wconf 91' lang='lat' dir='ltr'><strong>ibi</strong></span> <span class='ocrx_word' id='word_1_806' title='bbox 3438 5398 3574 5457; x_wconf 89' lang='lat' dir='ltr'><strong>stet;</strong></span> <span class='ocrx_word' id='word_1_807' title='bbox 3605 5391 3652 5445; x_wconf 90' lang='lat' dir='ltr'><strong>si</strong></span> <span class='ocrx_word' id='word_1_808' title='bbox 3682 5390 3912 5460; x_wconf 84' lang='lat' dir='ltr'><strong>steterit,</strong></span> 
     </span>
    </p>
   </div>
   <div class='ocr_carea' id='block_1_114' title="bbox 2334 5467 3917 5549">
    <p class='ocr_par' dir='ltr' id='par_1_114' title="bbox 2334 5467 3917 5549">
     <span class='ocr_line' id='line_1_116' title="bbox 2334 5467 3917 5549; baseline 0.008 -29"><span class='ocrx_word' id='word_1_809' title='bbox 2334 5481 2441 5521; x_wconf 91' lang='lat' dir='ltr'><strong>non</strong></span> <span class='ocrx_word' id='word_1_810' title='bbox 2463 5467 2666 5533; x_wconf 89' lang='lat' dir='ltr'><strong>sedeat,</strong></span> <span class='ocrx_word' id='word_1_811' title='bbox 2691 5469 2742 5523; x_wconf 94' lang='lat' dir='ltr'><strong>id</strong></span> <span class='ocrx_word' id='word_1_812' title='bbox 2767 5477 2868 5536; x_wconf 90' lang='lat' dir='ltr'><strong>est,</strong></span> <span class='ocrx_word' id='word_1_813' title='bbox 2891 5487 3000 5528; x_wconf 94' lang='lat' dir='ltr'><strong>non</strong></span> <span class='ocrx_word' id='word_1_814' title='bbox 3023 5487 3366 5546; x_wconf 86' lang='lat' dir='ltr'><strong>permaneat;</strong></span> <span class='ocrx_word' id='word_1_815' title='bbox 3409 5479 3504 5535; x_wconf 89' lang='lat' dir='ltr'><strong>sed</strong></span> <span class='ocrx_word' id='word_1_816' title='bbox 3543 5496 3754 5536; x_wconf 89' lang='lat' dir='ltr'><strong>memor</strong></span> <span class='ocrx_word' id='word_1_817' title='bbox 3782 5479 3917 5549; x_wconf 84' lang='lat' dir='ltr'><strong>legis</strong></span> 
     </span>
    </p>
   </div>
   <div class='ocr_carea' id='block_1_115' title="bbox 2333 5555 3917 5635">
    <p class='ocr_par' dir='ltr' id='par_1_115' title="bbox 2333 5555 3917 5635">
     <span class='ocr_line' id='line_1_117' title="bbox 2333 5555 3917 5635; baseline 0.009 -26"><span class='ocrx_word' id='word_1_818' title='bbox 2333 5555 2448 5619; x_wconf 89' lang='lat' dir='ltr'><strong>Dei,</strong></span> <span class='ocrx_word' id='word_1_819' title='bbox 2479 5558 2553 5612; x_wconf 90' lang='lat' dir='ltr'><strong>ibi</strong></span> <span class='ocrx_word' id='word_1_820' title='bbox 2574 5574 2724 5614; x_wconf 90' lang='lat' dir='ltr'><strong>suam</strong></span> <span class='ocrx_word' id='word_1_821' title='bbox 2750 5573 2978 5635; x_wconf 88' lang='lat' dir='ltr'><strong>occupet</strong></span> <span class='ocrx_word' id='word_1_822' title='bbox 3006 5555 3357 5624; x_wconf 81' lang='lat' dir='ltr'><strong>voluntatem.</strong></span> <span class='ocrx_word' id='word_1_823' title='bbox 3389 5569 3458 5624; x_wconf 89' lang='lat' dir='ltr'><strong>Et</strong></span> <span class='ocrx_word' id='word_1_824' title='bbox 3477 5571 3723 5626; x_wconf 90' lang='lat' dir='ltr'><strong>diurnam</strong></span> <span class='ocrx_word' id='word_1_825' title='bbox 3745 5579 3800 5626; x_wconf 90' lang='lat' dir='ltr'><strong>et</strong></span> <span class='ocrx_word' id='word_1_826' title='bbox 3825 5583 3917 5624; x_wconf 90' lang='lat' dir='ltr'><strong>no-</strong></span> 
     </span>
    </p>
   </div>
   <div class='ocr_carea' id='block_1_116' title="bbox 2335 5652 3916 5728">
    <p class='ocr_par' dir='ltr' id='par_1_116' title="bbox 2335 5652 3916 5728">
     <span class='ocr_line' id='line_1_118' title="bbox 2335 5652 3916 5728; baseline 0.008 -27"><span class='ocrx_word' id='word_1_827' title='bbox 2335 5655 2578 5704; x_wconf 88' lang='lat' dir='ltr'><strong>cturnam</strong></span> <span class='ocrx_word' id='word_1_828' title='bbox 2607 5652 2875 5710; x_wconf 88' lang='lat' dir='ltr'><strong>actionem</strong></span> <span class='ocrx_word' id='word_1_829' title='bbox 2903 5671 3054 5712; x_wconf 87' lang='lat' dir='ltr'><strong>suam</strong></span> <span class='ocrx_word' id='word_1_830' title='bbox 3082 5658 3137 5713; x_wconf 91' lang='lat' dir='ltr'><strong>in</strong></span> <span class='ocrx_word' id='word_1_831' title='bbox 3177 5660 3528 5717; x_wconf 90' lang='lat' dir='ltr'><strong>meditatione</strong></span> <span class='ocrx_word' id='word_1_832' title='bbox 3555 5662 3749 5718; x_wconf 69' lang='lat' dir='ltr'><strong>divina:</strong></span> <span class='ocrx_word' id='word_1_833' title='bbox 3781 5659 3916 5728; x_wconf 88' lang='lat' dir='ltr'><strong>legis</strong></span> 
     </span>
    </p>
   </div>
   <div class='ocr_carea' id='block_1_117' title="bbox 2334 5746 3914 5825">
    <p class='ocr_par' dir='ltr' id='par_1_117' title="bbox 2334 5746 3914 5825">
     <span class='ocr_line' id='line_1_119' title="bbox 2334 5746 3914 5825; baseline 0.009 -28"><span class='ocrx_word' id='word_1_834' title='bbox 2334 5751 2602 5811; x_wconf 80' lang='lat' dir='ltr'><strong>exerceat;</strong></span> <span class='ocrx_word' id='word_1_835' title='bbox 2632 5753 2691 5801; x_wconf 91' lang='lat' dir='ltr'><strong>ut</strong></span> <span class='ocrx_word' id='word_1_836' title='bbox 2717 5746 2820 5804; x_wconf 90' lang='lat' dir='ltr'><strong>hoc</strong></span> <span class='ocrx_word' id='word_1_837' title='bbox 2839 5750 2984 5820; x_wconf 91' lang='lat' dir='ltr'><strong>quod</strong></span> <span class='ocrx_word' id='word_1_838' title='bbox 3029 5749 3199 5807; x_wconf 79' lang='lat' dir='ltr'><strong>Adam</strong></span> <span class='ocrx_word' id='word_1_839' title='bbox 3238 5753 3468 5825; x_wconf 88' lang='lat' dir='ltr'><strong>perdidit</strong></span> <span class='ocrx_word' id='word_1_840' title='bbox 3494 5749 3914 5822; x_wconf 79' lang='lat' dir='ltr'><strong>contemnend0,</strong></span> 
     </span>
    </p>
   </div>
  </div>
