  <div class='ocr_page' id='page_1' title='image "/cluster/home/n/w/nwhite01/storage/ocr_20150623/53/hvd.32044073505232/170.png"; bbox 0 0 4246 6270; ppageno 0'>
   <div class='ocr_carea' id='block_1_1' title="bbox 308 346 407 403">
    <p class='ocr_par' dir='ltr' id='par_1_1' title="bbox 308 346 407 403">
     <span class='ocr_line' id='line_1_1' title="bbox 308 346 407 403; baseline 0 0"><span class='ocrx_word' id='word_1_1' title='bbox 308 346 407 403; x_wconf 68' lang='grc'><strong>529</strong></span> 
     </span>
    </p>
   </div>
   <div class='ocr_carea' id='block_1_2' title="bbox 1274 320 2637 418">
    <p class='ocr_par' dir='ltr' id='par_1_2' title="bbox 1274 320 2637 418">
     <span class='ocr_line' id='line_1_2' title="bbox 1274 320 2637 418; baseline 0.008 -13"><span class='ocrx_word' id='word_1_2' title='bbox 1274 351 1745 409; x_wconf 65' lang='grc' dir='ltr'><strong>ρυΜΜΕΝΤΑκιι</strong></span> <span class='ocrx_word' id='word_1_3' title='bbox 1787 354 1852 409; x_wconf 79' lang='lat' dir='ltr'><strong>IN</strong></span> <span class='ocrx_word' id='word_1_4' title='bbox 1889 354 2221 415; x_wconf 68' lang='lat' dir='ltr'><strong>PSALMOS.</strong></span> <span class='ocrx_word' id='word_1_5' title='bbox 2264 359 2455 416; x_wconf 80' lang='lat' dir='ltr'><strong>PSAL.</strong></span> <span class='ocrx_word' id='word_1_6' title='bbox 2497 363 2585 418; x_wconf 75' lang='lat' dir='ltr'><strong>l\&#39;.</strong></span> <span class='ocrx_word' id='word_1_7' title='bbox 2630 320 2637 327; x_wconf 32' lang='lat'><strong><em>&#39;</em></strong></span> 
     </span>
    </p>
   </div>
   <div class='ocr_carea' id='block_1_3' title="bbox 3495 377 3602 436">
    <p class='ocr_par' dir='ltr' id='par_1_3' title="bbox 3495 377 3602 436">
     <span class='ocr_line' id='line_1_3' title="bbox 3495 377 3602 436; baseline 0.047 -5"><span class='ocrx_word' id='word_1_8' title='bbox 3495 377 3602 436; x_wconf 74' lang='lat'><strong>350</strong></span> 
     </span>
    </p>
   </div>
   <div class='ocr_carea' id='block_1_4' title="bbox 304 465 3602 561">
    <p class='ocr_par' dir='ltr' id='par_1_4' title="bbox 304 465 3602 561">
     <span class='ocr_line' id='line_1_4' title="bbox 304 465 3602 561; baseline 0.007 -36"><span class='ocrx_word' id='word_1_9' title='bbox 304 468 400 525; x_wconf 83' lang='lat' dir='ltr'><strong>iste</strong></span> <span class='ocrx_word' id='word_1_10' title='bbox 444 465 805 522; x_wconf 85' lang='lat' dir='ltr'><strong>custodiendo</strong></span> <span class='ocrx_word' id='word_1_11' title='bbox 852 466 1121 532; x_wconf 75' lang='lat' dir='ltr'><strong>inveniat,</strong></span> <span class='ocrx_word' id='word_1_12' title='bbox 1152 484 1474 538; x_wconf 83' lang='lat' dir='ltr'><strong>permanens</strong></span> <span class='ocrx_word' id='word_1_13' title='bbox 1508 471 1662 542; x_wconf 95' lang='lat' dir='ltr'><strong>juxta</strong></span> <span class='ocrx_word' id='word_1_14' title='bbox 1691 471 1893 529; x_wconf 83' lang='lat' dir='ltr'><strong>fluenta</strong></span> <span class='ocrx_word' id='word_1_15' title='bbox 1919 474 1969 535; x_wconf 77' lang='grc' dir='ltr'><strong>Α</strong></span> <span class='ocrx_word' id='word_1_16' title='bbox 1996 474 2273 547; x_wconf 71' lang='lat' dir='ltr'><strong>insurgunt</strong></span> <span class='ocrx_word' id='word_1_17' title='bbox 2320 476 2595 534; x_wconf 86' lang='lat' dir='ltr'><strong>adversum</strong></span> <span class='ocrx_word' id='word_1_18' title='bbox 2634 498 2730 535; x_wconf 86' lang='lat' dir='ltr'><strong>me.</strong></span> <span class='ocrx_word' id='word_1_19' title='bbox 2786 481 2942 537; x_wconf 81' lang='lat' dir='ltr'><strong>Multi</strong></span> <span class='ocrx_word' id='word_1_20' title='bbox 2981 484 3158 561; x_wconf 80' lang='lat' dir='ltr'><strong>dicunt</strong></span> <span class='ocrx_word' id='word_1_21' title='bbox 3204 489 3396 545; x_wconf 68' lang='lat' dir='ltr'><strong>anima:</strong></span> <span class='ocrx_word' id='word_1_22' title='bbox 3424 508 3554 547; x_wconf 80' lang='lat' dir='ltr'><strong>mete</strong></span> <span class='ocrx_word' id='word_1_23' title='bbox 3584 513 3602 548; x_wconf 92' lang='lat'><strong><em>:</em></strong></span> 
     </span>
    </p>
   </div>
   <div class='ocr_carea' id='block_1_5' title="bbox 303 558 1898 638">
    <p class='ocr_par' dir='ltr' id='par_1_5' title="bbox 303 558 1898 638">
     <span class='ocr_line' id='line_1_5' title="bbox 303 558 1898 638; baseline 0.003 -21"><span class='ocrx_word' id='word_1_24' title='bbox 303 561 432 631; x_wconf 88' lang='lat' dir='ltr'><strong>legis</strong></span> <span class='ocrx_word' id='word_1_25' title='bbox 455 601 471 625; x_wconf 93' lang='lat'><strong>,</strong></span> <span class='ocrx_word' id='word_1_26' title='bbox 532 566 593 615; x_wconf 91' lang='lat' dir='ltr'><strong>ut</strong></span> <span class='ocrx_word' id='word_1_27' title='bbox 643 558 845 627; x_wconf 80' lang='lat' dir='ltr'><strong>lignum</strong></span> <span class='ocrx_word' id='word_1_28' title='bbox 883 560 1004 615; x_wconf 76' lang='lat' dir='ltr'><strong>vita:</strong></span> <span class='ocrx_word' id='word_1_29' title='bbox 1044 560 1507 619; x_wconf 79' lang='lat' dir='ltr'><strong>immortalitatem</strong></span> <span class='ocrx_word' id='word_1_30' title='bbox 1546 566 1784 638; x_wconf 90' lang='lat' dir='ltr'><strong>capiens.</strong></span> <span class='ocrx_word' id='word_1_31' title='bbox 1818 564 1898 621; x_wconf 85' lang='lat' dir='ltr'><strong>Ita</strong></span> 
     </span>
    </p>
   </div>
   <div class='ocr_carea' id='block_1_6' title="bbox 200 653 1896 727">
    <p class='ocr_par' dir='ltr' id='par_1_6' title="bbox 200 653 1896 727">
     <span class='ocr_line' id='line_1_6' title="bbox 200 653 1896 727; baseline 0.004 -19"><span class='ocrx_word' id='word_1_32' title='bbox 200 670 205 673; x_wconf 78' lang='lat'>&#39;</span> <span class='ocrx_word' id='word_1_33' title='bbox 302 653 516 709; x_wconf 90' lang='lat' dir='ltr'><strong>demum</strong></span> <span class='ocrx_word' id='word_1_34' title='bbox 556 666 889 722; x_wconf 57' lang='lat' dir='ltr'><strong>quacunque</strong></span> <span class='ocrx_word' id='word_1_35' title='bbox 919 653 1127 722; x_wconf 80' lang='lat' dir='ltr'><strong>fecerit,</strong></span> <span class='ocrx_word' id='word_1_36' title='bbox 1167 657 1649 727; x_wconf 88' lang='lat' dir='ltr'><strong>prosperabuntnr.</strong></span> <span class='ocrx_word' id='word_1_37' title='bbox 1690 658 1771 714; x_wconf 90' lang='lat' dir='ltr'><strong>llli</strong></span> <span class='ocrx_word' id='word_1_38' title='bbox 1801 675 1896 715; x_wconf 88' lang='lat' dir='ltr'><strong>au-</strong></span> 
     </span>
    </p>
   </div>
   <div class='ocr_carea' id='block_1_7' title="bbox 303 743 1899 817">
    <p class='ocr_par' dir='ltr' id='par_1_7' title="bbox 303 743 1899 817">
     <span class='ocr_line' id='line_1_7' title="bbox 303 743 1899 817; baseline 0.006 -18"><span class='ocrx_word' id='word_1_39' title='bbox 303 753 428 809; x_wconf 89' lang='lat' dir='ltr'><strong>tem,</strong></span> <span class='ocrx_word' id='word_1_40' title='bbox 459 743 514 800; x_wconf 90' lang='lat' dir='ltr'><strong>id</strong></span> <span class='ocrx_word' id='word_1_41' title='bbox 543 752 626 800; x_wconf 90' lang='lat' dir='ltr'><strong>est</strong></span> <span class='ocrx_word' id='word_1_42' title='bbox 665 745 834 816; x_wconf 88' lang='lat' dir='ltr'><strong>impii,</strong></span> <span class='ocrx_word' id='word_1_43' title='bbox 865 753 1339 817; x_wconf 88' lang='lat' dir='ltr'><strong>contempserunt,</strong></span> <span class='ocrx_word' id='word_1_44' title='bbox 1391 764 1497 805; x_wconf 92' lang='lat' dir='ltr'><strong>non</strong></span> <span class='ocrx_word' id='word_1_45' title='bbox 1541 751 1638 817; x_wconf 90' lang='lat' dir='ltr'><strong>sic,</strong></span> <span class='ocrx_word' id='word_1_46' title='bbox 1667 750 1765 807; x_wconf 87' lang='lat' dir='ltr'><strong>sed</strong></span> <span class='ocrx_word' id='word_1_47' title='bbox 1792 751 1899 808; x_wconf 89' lang='lat' dir='ltr'><strong>hoc</strong></span> 
     </span>
    </p>
   </div>
   <div class='ocr_carea' id='block_1_8' title="bbox 299 835 1897 912">
    <p class='ocr_par' dir='ltr' id='par_1_8' title="bbox 299 835 1897 912">
     <span class='ocr_line' id='line_1_8' title="bbox 299 835 1897 912; baseline 0.004 -21"><span class='ocrx_word' id='word_1_48' title='bbox 299 835 601 892; x_wconf 81' lang='lat' dir='ltr'><strong>eiseveniet</strong></span> <span class='ocrx_word' id='word_1_49' title='bbox 623 835 675 890; x_wconf 92' lang='lat' dir='ltr'><strong>in</strong></span> <span class='ocrx_word' id='word_1_50' title='bbox 705 836 864 891; x_wconf 86' lang='lat' dir='ltr'><strong>tinem</strong></span> <span class='ocrx_word' id='word_1_51' title='bbox 889 837 1093 901; x_wconf 77' lang='lat' dir='ltr'><strong>szeculi,</strong></span> <span class='ocrx_word' id='word_1_52' title='bbox 1124 838 1270 908; x_wconf 90' lang='lat' dir='ltr'><strong>quod</strong></span> <span class='ocrx_word' id='word_1_53' title='bbox 1295 840 1349 895; x_wconf 91' lang='lat' dir='ltr'><strong>in</strong></span> <span class='ocrx_word' id='word_1_54' title='bbox 1379 839 1486 895; x_wconf 90' lang='lat' dir='ltr'><strong>line</strong></span> <span class='ocrx_word' id='word_1_55' title='bbox 1504 841 1695 912; x_wconf 88' lang='lat' dir='ltr'><strong>psalmi</strong></span> <span class='ocrx_word' id='word_1_56' title='bbox 1716 857 1897 898; x_wconf 87' lang='lat' dir='ltr'><strong>sermo</strong></span> 
     </span>
    </p>
   </div>
   <div class='ocr_carea' id='block_1_9' title="bbox 298 927 1897 1004">
    <p class='ocr_par' dir='ltr' id='par_1_9' title="bbox 298 927 1897 1004">
     <span class='ocr_line' id='line_1_9' title="bbox 298 927 1897 1004; baseline 0.004 -23"><span class='ocrx_word' id='word_1_57' title='bbox 298 927 648 997; x_wconf 90' lang='lat' dir='ltr'><strong>propheticus</strong></span> <span class='ocrx_word' id='word_1_58' title='bbox 671 927 1050 993; x_wconf 86' lang='lat' dir='ltr'><strong>comminatur,</strong></span> <span class='ocrx_word' id='word_1_59' title='bbox 1073 928 1245 998; x_wconf 89' lang='lat' dir='ltr'><strong>gloria</strong></span> <span class='ocrx_word' id='word_1_60' title='bbox 1273 938 1477 987; x_wconf 64' lang='lat' dir='ltr'><strong>aeterna</strong></span> <span class='ocrx_word' id='word_1_61' title='bbox 1503 931 1593 1003; x_wconf 91' lang='lat' dir='ltr'><strong>qui</strong></span> <span class='ocrx_word' id='word_1_62' title='bbox 1623 940 1815 1004; x_wconf 84' lang='lat' dir='ltr'><strong>regnat</strong></span> <span class='ocrx_word' id='word_1_63' title='bbox 1838 933 1897 988; x_wconf 89' lang='lat' dir='ltr'><strong>in</strong></span> 
     </span>
    </p>
   </div>
   <div class='ocr_carea' id='block_1_10' title="bbox 297 1016 1075 1074">
    <p class='ocr_par' dir='ltr' id='par_1_10' title="bbox 297 1016 1075 1074">
     <span class='ocr_line' id='line_1_10' title="bbox 297 1016 1075 1074; baseline 0 -2"><span class='ocrx_word' id='word_1_64' title='bbox 297 1017 490 1074; x_wconf 64' lang='lat' dir='ltr'><strong>saecula</strong></span> <span class='ocrx_word' id='word_1_65' title='bbox 522 1016 864 1073; x_wconf 68' lang='lat' dir='ltr'><strong>seculorum.</strong></span> <span class='ocrx_word' id='word_1_66' title='bbox 882 1017 1075 1074; x_wconf 79' lang='lat' dir='ltr'><strong>Amen.</strong></span> 
     </span>
    </p>
   </div>
   <div class='ocr_carea' id='block_1_11' title="bbox 881 1129 1292 1189">
    <p class='ocr_par' dir='ltr' id='par_1_11' title="bbox 881 1129 1292 1189">
     <span class='ocr_line' id='line_1_11' title="bbox 881 1129 1292 1189; baseline 0.002 -3"><span class='ocrx_word' id='word_1_67' title='bbox 881 1129 1201 1189; x_wconf 77' lang='lat' dir='ltr'><strong>PSALMUS</strong></span> <span class='ocrx_word' id='word_1_68' title='bbox 1230 1133 1292 1188; x_wconf 93' lang='lat' dir='ltr'><strong>ll.</strong></span> 
     </span>
    </p>
   </div>
   <div class='ocr_carea' id='block_1_12' title="bbox 854 1220 1347 1282">
    <p class='ocr_par' dir='ltr' id='par_1_12' title="bbox 854 1220 1347 1282">
     <span class='ocr_line' id='line_1_12' title="bbox 854 1220 1347 1282; baseline 0.004 -5"><span class='ocrx_word' id='word_1_69' title='bbox 854 1220 1103 1282; x_wconf 86' lang='lat' dir='ltr'><strong>Psalmus</strong></span> <span class='ocrx_word' id='word_1_70' title='bbox 1161 1224 1347 1282; x_wconf 84' lang='lat' dir='ltr'><strong>David.</strong></span> 
     </span>
    </p>
   </div>
   <div class='ocr_carea' id='block_1_13' title="bbox 363 1316 1896 1390">
    <p class='ocr_par' dir='ltr' id='par_1_13' title="bbox 363 1316 1896 1390">
     <span class='ocr_line' id='line_1_13' title="bbox 363 1316 1896 1390; baseline 0.003 -20"><span class='ocrx_word' id='word_1_71' title='bbox 363 1316 540 1383; x_wconf 80' lang='lat' dir='ltr'><strong>Quare</strong></span> <span class='ocrx_word' id='word_1_72' title='bbox 585 1316 913 1390; x_wconf 73' lang='lat' dir='ltr'><strong>fremuerunt</strong></span> <span class='ocrx_word' id='word_1_73' title='bbox 957 1326 1150 1389; x_wconf 87' lang='lat' dir='ltr'><strong>gentes,</strong></span> <span class='ocrx_word' id='word_1_74' title='bbox 1197 1327 1248 1372; x_wconf 91' lang='lat' dir='ltr'><strong>et</strong></span> <span class='ocrx_word' id='word_1_75' title='bbox 1293 1319 1470 1390; x_wconf 82' lang='lat' dir='ltr'><strong>populi</strong></span> <span class='ocrx_word' id='word_1_76' title='bbox 1512 1320 1746 1374; x_wconf 78' lang='lat' dir='ltr'><strong>meditati</strong></span> <span class='ocrx_word' id='word_1_77' title='bbox 1772 1330 1896 1377; x_wconf 85' lang='lat' dir='ltr'><strong>sunt</strong></span> 
     </span>
    </p>
   </div>
   <div class='ocr_carea' id='block_1_14' title="bbox 295 1380 1897 1481">
    <p class='ocr_par' dir='ltr' id='par_1_14' title="bbox 295 1380 1897 1481">
     <span class='ocr_line' id='line_1_14' title="bbox 295 1380 1897 1481; baseline 0.001 -18"><span class='ocrx_word' id='word_1_78' title='bbox 295 1380 487 1464; x_wconf 74' lang='lat' dir='ltr'><strong>inania.</strong></span> <span class='ocrx_word' id='word_1_79' title='bbox 516 1380 810 1460; x_wconf 74' lang='lat' dir='ltr'><strong>Astiterunt</strong></span> <span class='ocrx_word' id='word_1_80' title='bbox 829 1380 980 1479; x_wconf 62' lang='lat' dir='ltr'><strong>rege;</strong></span> <span class='ocrx_word' id='word_1_81' title='bbox 999 1380 1170 1473; x_wconf 65' lang='lat' dir='ltr'><strong>teme,</strong></span> <span class='ocrx_word' id='word_1_82' title='bbox 1197 1417 1248 1463; x_wconf 87' lang='lat' dir='ltr'><strong>et</strong></span> <span class='ocrx_word' id='word_1_83' title='bbox 1266 1380 1529 1481; x_wconf 72' lang='lat' dir='ltr'><strong>principes</strong></span> <span class='ocrx_word' id='word_1_84' title='bbox 1551 1419 1897 1467; x_wconf 80' lang='lat' dir='ltr'><strong>conuenerunt</strong></span> 
     </span>
    </p>
   </div>
   <div class='ocr_carea' id='block_1_15' title="bbox 294 1495 1894 1562">
    <p class='ocr_par' dir='ltr' id='par_1_15' title="bbox 294 1495 1894 1562">
     <span class='ocr_line' id='line_1_15' title="bbox 294 1495 1894 1562; baseline 0.004 -8"><span class='ocrx_word' id='word_1_85' title='bbox 294 1502 344 1554; x_wconf 87' lang='lat' dir='ltr'><strong>in</strong></span> <span class='ocrx_word' id='word_1_86' title='bbox 376 1515 560 1562; x_wconf 83' lang='lat' dir='ltr'><strong>unum,</strong></span> <span class='ocrx_word' id='word_1_87' title='bbox 592 1496 839 1555; x_wconf 72' lang='lat' dir='ltr'><strong>adversus</strong></span> <span class='ocrx_word' id='word_1_88' title='bbox 895 1495 1178 1553; x_wconf 89' lang='lat' dir='ltr'><strong>Dominum</strong></span> <span class='ocrx_word' id='word_1_89' title='bbox 1232 1508 1285 1555; x_wconf 88' lang='lat' dir='ltr'><strong>et</strong></span> <span class='ocrx_word' id='word_1_90' title='bbox 1335 1501 1580 1558; x_wconf 79' lang='lat' dir='ltr'><strong>adversus</strong></span> <span class='ocrx_word' id='word_1_91' title='bbox 1633 1502 1894 1560; x_wconf 83' lang='lat' dir='ltr'><strong>Christum</strong></span> 
     </span>
    </p>
   </div>
   <div class='ocr_carea' id='block_1_16' title="bbox 295 1589 1894 1666">
    <p class='ocr_par' dir='ltr' id='par_1_16' title="bbox 295 1589 1894 1666">
     <span class='ocr_line' id='line_1_16' title="bbox 295 1589 1894 1666; baseline 0.006 -21"><span class='ocrx_word' id='word_1_92' title='bbox 295 1592 415 1662; x_wconf 90' lang='lat' dir='ltr'><strong>ejus.</strong></span> <span class='ocrx_word' id='word_1_93' title='bbox 441 1589 824 1661; x_wconf 82' lang='lat' dir='ltr'><strong>Dirumpamus</strong></span> <span class='ocrx_word' id='word_1_94' title='bbox 849 1589 1055 1646; x_wconf 77' lang='lat' dir='ltr'><strong>vincula</strong></span> <span class='ocrx_word' id='word_1_95' title='bbox 1073 1608 1279 1659; x_wconf 86' lang='lat' dir='ltr'><strong>eorum;</strong></span> <span class='ocrx_word' id='word_1_96' title='bbox 1304 1601 1353 1648; x_wconf 91' lang='lat' dir='ltr'><strong>et</strong></span> <span class='ocrx_word' id='word_1_97' title='bbox 1377 1595 1717 1666; x_wconf 87' lang='lat' dir='ltr'><strong>projiciamus</strong></span> <span class='ocrx_word' id='word_1_98' title='bbox 1737 1616 1771 1653; x_wconf 90' lang='lat' dir='ltr'><strong>a</strong></span> <span class='ocrx_word' id='word_1_99' title='bbox 1799 1616 1894 1654; x_wconf 85' lang='lat' dir='ltr'><strong>no-</strong></span> 
     </span>
    </p>
   </div>
   <div class='ocr_carea' id='block_1_17' title="bbox 302 1680 1890 1757">
    <p class='ocr_par' dir='ltr' id='par_1_17' title="bbox 302 1680 1890 1757">
     <span class='ocr_line' id='line_1_17' title="bbox 302 1680 1890 1757; baseline 0.007 -22"><span class='ocrx_word' id='word_1_100' title='bbox 302 1682 374 1737; x_wconf 85' lang='lat' dir='ltr'><strong>bis</strong></span> <span class='ocrx_word' id='word_1_101' title='bbox 394 1682 576 1754; x_wconf 83' lang='lat' dir='ltr'><strong>jugum</strong></span> <span class='ocrx_word' id='word_1_102' title='bbox 604 1683 860 1752; x_wconf 87' lang='lat' dir='ltr'><strong>ipsorum.</strong></span> <span class='ocrx_word' id='word_1_103' title='bbox 901 1680 1005 1748; x_wconf 82' lang='lat' dir='ltr'><strong>Qui</strong></span> <span class='ocrx_word' id='word_1_104' title='bbox 1027 1683 1228 1738; x_wconf 82' lang='lat' dir='ltr'><strong>habitat</strong></span> <span class='ocrx_word' id='word_1_105' title='bbox 1256 1687 1313 1740; x_wconf 90' lang='lat' dir='ltr'><strong>in</strong></span> <span class='ocrx_word' id='word_1_106' title='bbox 1340 1686 1483 1742; x_wconf 66' lang='lat' dir='ltr'><strong>oculis</strong></span> <span class='ocrx_word' id='word_1_107' title='bbox 1511 1688 1745 1744; x_wconf 79' lang='lat' dir='ltr'><strong>irridebit</strong></span> <span class='ocrx_word' id='word_1_108' title='bbox 1772 1707 1890 1757; x_wconf 83' lang='lat' dir='ltr'><strong>eos;</strong></span> 
     </span>
    </p>
   </div>
   <div class='ocr_carea' id='block_1_18' title="bbox 303 1773 1890 1852">
    <p class='ocr_par' dir='ltr' id='par_1_18' title="bbox 303 1773 1890 1852">
     <span class='ocr_line' id='line_1_18' title="bbox 303 1773 1890 1852; baseline 0.008 -24"><span class='ocrx_word' id='word_1_109' title='bbox 303 1784 350 1828; x_wconf 86' lang='lat' dir='ltr'><strong>et</strong></span> <span class='ocrx_word' id='word_1_110' title='bbox 378 1774 626 1830; x_wconf 87' lang='lat' dir='ltr'><strong>Dominus</strong></span> <span class='ocrx_word' id='word_1_111' title='bbox 646 1773 988 1830; x_wconf 84' lang='lat' dir='ltr'><strong>subsannabit</strong></span> <span class='ocrx_word' id='word_1_112' title='bbox 1015 1793 1122 1833; x_wconf 86' lang='lat' dir='ltr'><strong>eos.</strong></span> <span class='ocrx_word' id='word_1_113' title='bbox 1180 1777 1325 1833; x_wconf 83' lang='lat' dir='ltr'><strong>Tunc</strong></span> <span class='ocrx_word' id='word_1_114' title='bbox 1363 1779 1600 1852; x_wconf 81' lang='lat' dir='ltr'><strong>loquetur</strong></span> <span class='ocrx_word' id='word_1_115' title='bbox 1624 1783 1693 1837; x_wconf 92' lang='lat' dir='ltr'><strong>ad</strong></span> <span class='ocrx_word' id='word_1_116' title='bbox 1720 1801 1807 1839; x_wconf 88' lang='lat' dir='ltr'><strong>eos</strong></span> <span class='ocrx_word' id='word_1_117' title='bbox 1835 1786 1890 1840; x_wconf 90' lang='lat' dir='ltr'><strong>in</strong></span> 
     </span>
    </p>
   </div>
   <div class='ocr_carea' id='block_1_19' title="bbox 2004 563 3600 654">
    <p class='ocr_par' dir='ltr' id='par_1_19' title="bbox 2004 563 3600 654">
     <span class='ocr_line' id='line_1_19' title="bbox 2004 563 3600 654; baseline 0.014 -35"><span class='ocrx_word' id='word_1_118' title='bbox 2004 563 2130 621; x_wconf 88' lang='lat' dir='ltr'><strong>Non</strong></span> <span class='ocrx_word' id='word_1_119' title='bbox 2177 576 2256 622; x_wconf 88' lang='lat' dir='ltr'><strong>est</strong></span> <span class='ocrx_word' id='word_1_120' title='bbox 2306 569 2449 625; x_wconf 86' lang='lat' dir='ltr'><strong>salus</strong></span> <span class='ocrx_word' id='word_1_121' title='bbox 2497 572 2599 643; x_wconf 88' lang='lat' dir='ltr'><strong>ipsi</strong></span> <span class='ocrx_word' id='word_1_122' title='bbox 2626 573 2682 626; x_wconf 88' lang='lat' dir='ltr'><strong>in</strong></span> <span class='ocrx_word' id='word_1_123' title='bbox 2711 572 2823 629; x_wconf 91' lang='lat' dir='ltr'><strong>Deo</strong></span> <span class='ocrx_word' id='word_1_124' title='bbox 2850 576 2979 646; x_wconf 83' lang='lat' dir='ltr'><strong>ejus.</strong></span> <span class='ocrx_word' id='word_1_125' title='bbox 3009 574 3085 630; x_wconf 87' lang='lat' dir='ltr'><strong>Tu</strong></span> <span class='ocrx_word' id='word_1_126' title='bbox 3112 587 3314 645; x_wconf 86' lang='lat' dir='ltr'><strong>autem,</strong></span> <span class='ocrx_word' id='word_1_127' title='bbox 3347 581 3600 654; x_wconf 83' lang='lat' dir='ltr'><strong>Domine,</strong></span> 
     </span>
    </p>
   </div>
   <div class='ocr_carea' id='block_1_20' title="bbox 2001 660 3598 742">
    <p class='ocr_par' dir='ltr' id='par_1_20' title="bbox 2001 660 3598 742">
     <span class='ocr_line' id='line_1_20' title="bbox 2001 660 3598 742; baseline 0.014 -32"><span class='ocrx_word' id='word_1_128' title='bbox 2001 667 2268 728; x_wconf 77' lang='lat' dir='ltr'><strong>susceptor</strong></span> <span class='ocrx_word' id='word_1_129' title='bbox 2288 675 2430 714; x_wconf 86' lang='lat' dir='ltr'><strong>meus</strong></span> <span class='ocrx_word' id='word_1_130' title='bbox 2459 678 2534 724; x_wconf 90' lang='lat' dir='ltr'><strong>es,</strong></span> <span class='ocrx_word' id='word_1_131' title='bbox 2552 660 2720 733; x_wconf 86' lang='lat' dir='ltr'><strong>gloria</strong></span> <span class='ocrx_word' id='word_1_132' title='bbox 2740 681 2874 729; x_wconf 91' lang='lat' dir='ltr'><strong>mea,</strong></span> <span class='ocrx_word' id='word_1_133' title='bbox 2902 675 2951 719; x_wconf 92' lang='lat' dir='ltr'><strong>et</strong></span> <span class='ocrx_word' id='word_1_134' title='bbox 2977 666 3218 724; x_wconf 77' lang='lat' dir='ltr'><strong>exultans</strong></span> <span class='ocrx_word' id='word_1_135' title='bbox 3238 682 3391 742; x_wconf 87' lang='lat' dir='ltr'><strong>caput</strong></span> <span class='ocrx_word' id='word_1_136' title='bbox 3411 676 3598 733; x_wconf 82' lang='lat' dir='ltr'><strong>meum.</strong></span> 
     </span>
    </p>
   </div>
   <div class='ocr_carea' id='block_1_21' title="bbox 2013 746 3603 825">
    <p class='ocr_par' dir='ltr' id='par_1_21' title="bbox 2013 746 3603 825">
     <span class='ocr_line' id='line_1_21' title="bbox 2013 746 3603 825; baseline 0.015 -24"><span class='ocrx_word' id='word_1_137' title='bbox 2013 746 2150 803; x_wconf 80' lang='lat' dir='ltr'><strong>Voce</strong></span> <span class='ocrx_word' id='word_1_138' title='bbox 2196 766 2311 804; x_wconf 89' lang='lat' dir='ltr'><strong>mea</strong></span> <span class='ocrx_word' id='word_1_139' title='bbox 2354 751 2427 805; x_wconf 89' lang='lat' dir='ltr'><strong>ad</strong></span> <span class='ocrx_word' id='word_1_140' title='bbox 2478 750 2757 809; x_wconf 88' lang='lat' dir='ltr'><strong>Dominum</strong></span> <span class='ocrx_word' id='word_1_141' title='bbox 2785 755 3023 823; x_wconf 75' lang='lat' dir='ltr'><strong>clamavi,</strong></span> <span class='ocrx_word' id='word_1_142' title='bbox 3063 767 3113 813; x_wconf 92' lang='lat' dir='ltr'><strong>et</strong></span> <span class='ocrx_word' id='word_1_143' title='bbox 3148 763 3410 819; x_wconf 68' lang='lat' dir='ltr'><strong>exaudivit</strong></span> <span class='ocrx_word' id='word_1_144' title='bbox 3433 783 3514 823; x_wconf 88' lang='lat' dir='ltr'><strong>me</strong></span> <span class='ocrx_word' id='word_1_145' title='bbox 3541 769 3603 825; x_wconf 85' lang='lat' dir='ltr'><strong>de</strong></span> 
     </span>
    </p>
   </div>
   <div class='ocr_carea' id='block_1_22' title="bbox 2005 844 3603 923">
    <p class='ocr_par' dir='ltr' id='par_1_22' title="bbox 2005 844 3603 923">
     <span class='ocr_line' id='line_1_22' title="bbox 2005 844 3603 923; baseline 0.013 -28"><span class='ocrx_word' id='word_1_146' title='bbox 2005 850 2179 896; x_wconf 88' lang='lat' dir='ltr'><strong>monte</strong></span> <span class='ocrx_word' id='word_1_147' title='bbox 2199 853 2380 898; x_wconf 86' lang='lat' dir='ltr'><strong>sancto</strong></span> <span class='ocrx_word' id='word_1_148' title='bbox 2408 861 2520 900; x_wconf 86' lang='lat' dir='ltr'><strong>suo.</strong></span> <span class='ocrx_word' id='word_1_149' title='bbox 2556 844 2667 918; x_wconf 81' lang='lat' dir='ltr'><strong>Ego</strong></span> <span class='ocrx_word' id='word_1_150' title='bbox 2698 848 2915 905; x_wconf 85' lang='lat' dir='ltr'><strong>dormiri</strong></span> <span class='ocrx_word' id='word_1_151' title='bbox 2935 859 2987 905; x_wconf 91' lang='lat' dir='ltr'><strong>et</strong></span> <span class='ocrx_word' id='word_1_152' title='bbox 3008 862 3284 923; x_wconf 90' lang='lat' dir='ltr'><strong>soporatus</strong></span> <span class='ocrx_word' id='word_1_153' title='bbox 3303 873 3417 912; x_wconf 89' lang='lat' dir='ltr'><strong>sum</strong></span> <span class='ocrx_word' id='word_1_154' title='bbox 3436 869 3486 913; x_wconf 91' lang='lat' dir='ltr'><strong>et</strong></span> <span class='ocrx_word' id='word_1_155' title='bbox 3513 878 3603 915; x_wconf 76' lang='lat' dir='ltr'><strong>e1:-</strong></span> 
     </span>
    </p>
   </div>
   <div class='ocr_carea' id='block_1_23' title="bbox 2002 933 3603 1011">
    <p class='ocr_par' dir='ltr' id='par_1_23' title="bbox 2002 933 3603 1011">
     <span class='ocr_line' id='line_1_23' title="bbox 2002 933 3603 1011; baseline 0.015 -27"><span class='ocrx_word' id='word_1_156' title='bbox 2002 933 2237 998; x_wconf 76' lang='lat' dir='ltr'><strong>surrexi,</strong></span> <span class='ocrx_word' id='word_1_157' title='bbox 2270 935 2392 1005; x_wconf 87' lang='lat' dir='ltr'><strong>quia</strong></span> <span class='ocrx_word' id='word_1_158' title='bbox 2425 934 2674 991; x_wconf 87' lang='lat' dir='ltr'><strong>Dominus</strong></span> <span class='ocrx_word' id='word_1_159' title='bbox 2696 942 2919 1011; x_wconf 84' lang='lat' dir='ltr'><strong>suscepit</strong></span> <span class='ocrx_word' id='word_1_160' title='bbox 2944 958 3040 996; x_wconf 82' lang='lat' dir='ltr'><strong>me.</strong></span> <span class='ocrx_word' id='word_1_161' title='bbox 3077 941 3201 999; x_wconf 87' lang='lat' dir='ltr'><strong>Non</strong></span> <span class='ocrx_word' id='word_1_162' title='bbox 3225 947 3409 1003; x_wconf 86' lang='lat' dir='ltr'><strong>timebo</strong></span> <span class='ocrx_word' id='word_1_163' title='bbox 3438 951 3603 1007; x_wconf 88' lang='lat' dir='ltr'><strong>millia</strong></span> 
     </span>
    </p>
   </div>
   <div class='ocr_carea' id='block_1_24' title="bbox 2001 1022 3602 1105">
    <p class='ocr_par' dir='ltr' id='par_1_24' title="bbox 2001 1022 3602 1105">
     <span class='ocr_line' id='line_1_24' title="bbox 2001 1022 3602 1105; baseline 0.015 -31"><span class='ocrx_word' id='word_1_164' title='bbox 2001 1022 2181 1094; x_wconf 81' lang='lat' dir='ltr'><strong>populi</strong></span> <span class='ocrx_word' id='word_1_165' title='bbox 2209 1024 2580 1086; x_wconf 83' lang='lat' dir='ltr'><strong>circumdantis</strong></span> <span class='ocrx_word' id='word_1_166' title='bbox 2600 1045 2714 1105; x_wconf 87' lang='lat' dir='ltr'><strong>me:</strong></span> <span class='ocrx_word' id='word_1_167' title='bbox 2746 1047 2981 1105; x_wconf 75' lang='lat' dir='ltr'><strong>exsurge,</strong></span> <span class='ocrx_word' id='word_1_168' title='bbox 3013 1033 3267 1102; x_wconf 88' lang='lat' dir='ltr'><strong>Domine,</strong></span> <span class='ocrx_word' id='word_1_169' title='bbox 3297 1041 3496 1097; x_wconf 80' lang='lat' dir='ltr'><strong>salvum</strong></span> <span class='ocrx_word' id='word_1_170' title='bbox 3523 1061 3602 1101; x_wconf 87' lang='lat' dir='ltr'><strong>me</strong></span> 
     </span>
    </p>
   </div>
   <div class='ocr_carea' id='block_1_25' title="bbox 2004 1104 3599 1193">
    <p class='ocr_par' dir='ltr' id='par_1_25' title="bbox 2004 1104 3599 1193">
     <span class='ocr_line' id='line_1_25' title="bbox 2004 1104 3599 1193; baseline 0.017 -29"><span class='ocrx_word' id='word_1_171' title='bbox 2004 1111 2111 1181; x_wconf 78' lang='lat' dir='ltr'><strong>fac,</strong></span> <span class='ocrx_word' id='word_1_172' title='bbox 2144 1109 2287 1171; x_wconf 78' lang='lat' dir='ltr'><strong>Deus</strong></span> <span class='ocrx_word' id='word_1_173' title='bbox 2313 1130 2476 1170; x_wconf 87' lang='lat' dir='ltr'><strong>meus.</strong></span> <span class='ocrx_word' id='word_1_174' title='bbox 2511 1104 2769 1180; x_wconf 84' lang='lat' dir='ltr'><strong>Quoniam</strong></span> <span class='ocrx_word' id='word_1_175' title='bbox 2812 1130 2863 1174; x_wconf 90' lang='lat' dir='ltr'><strong>tu</strong></span> <span class='ocrx_word' id='word_1_176' title='bbox 2906 1104 3206 1193; x_wconf 87' lang='lat' dir='ltr'><strong>percussisti</strong></span> <span class='ocrx_word' id='word_1_177' title='bbox 3225 1146 3400 1187; x_wconf 89' lang='lat' dir='ltr'><strong>omnes</strong></span> <span class='ocrx_word' id='word_1_178' title='bbox 3421 1133 3599 1190; x_wconf 80' lang='lat' dir='ltr'><strong>adrer-</strong></span> 
     </span>
    </p>
   </div>
   <div class='ocr_carea' id='block_1_26' title="bbox 2002 1204 3599 1284">
    <p class='ocr_par' dir='ltr' id='par_1_26' title="bbox 2002 1204 3599 1284">
     <span class='ocr_line' id='line_1_26' title="bbox 2002 1204 3599 1284; baseline 0.016 -31"><span class='ocrx_word' id='word_1_179' title='bbox 2002 1209 2179 1257; x_wconf 89' lang='lat' dir='ltr'><strong>santes</strong></span> <span class='ocrx_word' id='word_1_180' title='bbox 2219 1204 2347 1259; x_wconf 90' lang='lat' dir='ltr'><strong>mihi</strong></span> <span class='ocrx_word' id='word_1_181' title='bbox 2366 1207 2481 1260; x_wconf 84' lang='lat' dir='ltr'><strong>sine</strong></span> <span class='ocrx_word' id='word_1_182' title='bbox 2504 1222 2682 1276; x_wconf 88' lang='lat' dir='ltr'><strong>causa,</strong></span> <span class='ocrx_word' id='word_1_183' title='bbox 2712 1210 2886 1266; x_wconf 78' lang='lat' dir='ltr'><strong>dentes</strong></span> <span class='ocrx_word' id='word_1_184' title='bbox 2926 1226 3253 1284; x_wconf 89' lang='lat' dir='ltr'><strong>peccatorum</strong></span> <span class='ocrx_word' id='word_1_185' title='bbox 3292 1225 3599 1282; x_wconf 65' lang='lat' dir='ltr'><strong>contrivisti.</strong></span> 
     </span>
    </p>
   </div>
   <div class='ocr_carea' id='block_1_27' title="bbox 2004 1288 3599 1376">
    <p class='ocr_par' dir='ltr' id='par_1_27' title="bbox 2004 1288 3599 1376">
     <span class='ocr_line' id='line_1_27' title="bbox 2004 1288 3599 1376; baseline 0.019 -32"><span class='ocrx_word' id='word_1_186' title='bbox 2004 1288 2222 1347; x_wconf 89' lang='lat' dir='ltr'><strong>Domini</strong></span> <span class='ocrx_word' id='word_1_187' title='bbox 2267 1303 2343 1349; x_wconf 90' lang='lat' dir='ltr'><strong>est</strong></span> <span class='ocrx_word' id='word_1_188' title='bbox 2388 1296 2560 1364; x_wconf 87' lang='lat' dir='ltr'><strong>salus,</strong></span> <span class='ocrx_word' id='word_1_189' title='bbox 2592 1309 2642 1354; x_wconf 93' lang='lat' dir='ltr'><strong>et</strong></span> <span class='ocrx_word' id='word_1_190' title='bbox 2670 1316 2824 1372; x_wconf 86' lang='lat' dir='ltr'><strong>super</strong></span> <span class='ocrx_word' id='word_1_191' title='bbox 2850 1306 3096 1376; x_wconf 83' lang='lat' dir='ltr'><strong>populum</strong></span> <span class='ocrx_word' id='word_1_192' title='bbox 3134 1317 3277 1365; x_wconf 89' lang='lat' dir='ltr'><strong>tuum</strong></span> <span class='ocrx_word' id='word_1_193' title='bbox 3317 1311 3599 1374; x_wconf 75' lang='lat' dir='ltr'><strong>benedictio</strong></span> 
     </span>
    </p>
   </div>
   <div class='ocr_carea' id='block_1_28' title="bbox 2004 1393 2113 1441">
    <p class='ocr_par' dir='ltr' id='par_1_28' title="bbox 2004 1393 2113 1441">
     <span class='ocr_line' id='line_1_28' title="bbox 2004 1393 2113 1441; baseline 0.009 -1"><span class='ocrx_word' id='word_1_194' title='bbox 2004 1393 2113 1441; x_wconf 85' lang='lat' dir='ltr'><strong>tua.</strong></span> 
     </span>
    </p>
   </div>
   <div class='ocr_carea' id='block_1_29' title="bbox 2534 1477 2991 1524">
    <p class='ocr_par' dir='ltr' id='par_1_29' title="bbox 2534 1477 2991 1524">
     <span class='ocr_line' id='line_1_29' title="bbox 2534 1477 2991 1524; baseline 0.015 -7"><span class='ocrx_word' id='word_1_195' title='bbox 2534 1501 2543 1511; x_wconf 84' lang='lat'><strong>-</strong></span> <span class='ocrx_word' id='word_1_196' title='bbox 2557 1477 2991 1524; x_wconf 73' lang='lat' dir='ltr'><strong>COIIEN‘I’AIIUI.</strong></span> 
     </span>
    </p>
   </div>
   <div class='ocr_carea' id='block_1_30' title="bbox 2076 1568 3597 1665">
    <p class='ocr_par' dir='ltr' id='par_1_30' title="bbox 2076 1568 3597 1665">
     <span class='ocr_line' id='line_1_30' title="bbox 2076 1568 3597 1665; baseline 0.02 -43"><span class='ocrx_word' id='word_1_197' title='bbox 2076 1568 2314 1626; x_wconf 87' lang='lat' dir='ltr'><strong>Titulum</strong></span> <span class='ocrx_word' id='word_1_198' title='bbox 2361 1575 2557 1644; x_wconf 85' lang='lat' dir='ltr'><strong>psalmi</strong></span> <span class='ocrx_word' id='word_1_199' title='bbox 2604 1577 2750 1634; x_wconf 87' lang='lat' dir='ltr'><strong>tertii</strong></span> <span class='ocrx_word' id='word_1_200' title='bbox 2780 1580 2884 1639; x_wconf 89' lang='lat' dir='ltr'><strong>hac</strong></span> <span class='ocrx_word' id='word_1_201' title='bbox 2906 1599 3009 1639; x_wconf 89' lang='lat' dir='ltr'><strong>una</strong></span> <span class='ocrx_word' id='word_1_202' title='bbox 3048 1591 3314 1646; x_wconf 88' lang='lat' dir='ltr'><strong>sententia</strong></span> <span class='ocrx_word' id='word_1_203' title='bbox 3341 1595 3597 1665; x_wconf 67' lang='lat' dir='ltr'><strong>explaua&lt;</strong></span> 
     </span>
    </p>
   </div>
   <div class='ocr_carea' id='block_1_31' title="bbox 2003 1661 3597 1748">
    <p class='ocr_par' dir='ltr' id='par_1_31' title="bbox 2003 1661 3597 1748">
     <span class='ocr_line' id='line_1_31' title="bbox 2003 1661 3597 1748; baseline 0.021 -33"><span class='ocrx_word' id='word_1_204' title='bbox 2003 1672 2140 1718; x_wconf 79' lang='lat' dir='ltr'><strong>m‘us.</strong></span> <span class='ocrx_word' id='word_1_205' title='bbox 2176 1661 2502 1724; x_wconf 89' lang='lat' dir='ltr'><strong>Persecutus</strong></span> <span class='ocrx_word' id='word_1_206' title='bbox 2526 1676 2611 1725; x_wconf 89' lang='lat' dir='ltr'><strong>est</strong></span> <span class='ocrx_word' id='word_1_207' title='bbox 2631 1669 2868 1730; x_wconf 81' lang='lat' dir='ltr'><strong>Absalon</strong></span> <span class='ocrx_word' id='word_1_208' title='bbox 2904 1685 3143 1748; x_wconf 87' lang='lat' dir='ltr'><strong>patrem,</strong></span> <span class='ocrx_word' id='word_1_209' title='bbox 3175 1681 3366 1743; x_wconf 79' lang='lat' dir='ltr'><strong>fronde</strong></span> <span class='ocrx_word' id='word_1_210' title='bbox 3395 1661 3430 1744; x_wconf 75' lang='lat' dir='ltr'><strong>a</strong></span> <span class='ocrx_word' id='word_1_211' title='bbox 3455 1690 3597 1748; x_wconf 89' lang='lat' dir='ltr'><strong>collo</strong></span> 
     </span>
    </p>
   </div>
   <div class='ocr_carea' id='block_1_32' title="bbox 2003 1750 3599 1844">
    <p class='ocr_par' dir='ltr' id='par_1_32' title="bbox 2003 1750 3599 1844">
     <span class='ocr_line' id='line_1_32' title="bbox 2003 1750 3599 1844; baseline 0.021 -38"><span class='ocrx_word' id='word_1_212' title='bbox 2003 1750 2219 1821; x_wconf 71' lang='lat' dir='ltr'><strong>ligatur.</strong></span> <span class='ocrx_word' id='word_1_213' title='bbox 2249 1752 2416 1812; x_wconf 74' lang='lat' dir='ltr'><strong>ludas</strong></span> <span class='ocrx_word' id='word_1_214' title='bbox 2450 1759 2669 1816; x_wconf 85' lang='lat' dir='ltr'><strong>tradidit</strong></span> <span class='ocrx_word' id='word_1_215' title='bbox 2697 1762 3011 1835; x_wconf 87' lang='lat' dir='ltr'><strong>Dominum,</strong></span> <span class='ocrx_word' id='word_1_216' title='bbox 3044 1778 3100 1827; x_wconf 92' lang='lat' dir='ltr'><strong>et</strong></span> <span class='ocrx_word' id='word_1_217' title='bbox 3128 1772 3321 1844; x_wconf 88' lang='lat' dir='ltr'><strong>laqueo</strong></span> <span class='ocrx_word' id='word_1_218' title='bbox 3346 1789 3599 1838; x_wconf 88' lang='lat' dir='ltr'><strong>coarcta-</strong></span> 
     </span>
    </p>
   </div>
   <div class='ocr_carea' id='block_1_33' title="bbox 309 1846 1884 1947">
    <p class='ocr_par' dir='ltr' id='par_1_33' title="bbox 309 1846 1884 1947">
     <span class='ocr_line' id='line_1_33' title="bbox 309 1846 1884 1947; baseline 0.009 -29"><span class='ocrx_word' id='word_1_219' title='bbox 309 1867 380 1920; x_wconf 84' lang='lat' dir='ltr'><strong>iru</strong></span> <span class='ocrx_word' id='word_1_220' title='bbox 399 1884 511 1930; x_wconf 83' lang='lat' dir='ltr'><strong>sua,</strong></span> <span class='ocrx_word' id='word_1_221' title='bbox 541 1876 589 1922; x_wconf 88' lang='lat' dir='ltr'><strong>et</strong></span> <span class='ocrx_word' id='word_1_222' title='bbox 631 1868 686 1921; x_wconf 91' lang='lat' dir='ltr'><strong>in</strong></span> <span class='ocrx_word' id='word_1_223' title='bbox 735 1867 914 1939; x_wconf 75' lang='lat' dir='ltr'><strong>furore</strong></span> <span class='ocrx_word' id='word_1_224' title='bbox 955 1884 1049 1922; x_wconf 88' lang='lat' dir='ltr'><strong>suo</strong></span> <span class='ocrx_word' id='word_1_225' title='bbox 1091 1868 1415 1926; x_wconf 88' lang='lat' dir='ltr'><strong>conturbabit</strong></span> <span class='ocrx_word' id='word_1_226' title='bbox 1429 1846 1552 1928; x_wconf 30' lang='lat' dir='ltr'><strong>veos.</strong></span> <span class='ocrx_word' id='word_1_227' title='bbox 1582 1872 1699 1947; x_wconf 83' lang='lat' dir='ltr'><strong>Ego</strong></span> <span class='ocrx_word' id='word_1_228' title='bbox 1720 1884 1884 1937; x_wconf 86' lang='lat' dir='ltr'><strong>autem</strong></span> 
     </span>
    </p>
   </div>
   <div class='ocr_carea' id='block_1_34' title="bbox 1991 1846 3603 1947">
    <p class='ocr_par' dir='ltr' id='par_1_34' title="bbox 2001 1846 3603 1936">
     <span class='ocr_line' id='line_1_34' title="bbox 2001 1846 3603 1936; baseline 0.02 -37"><span class='ocrx_word' id='word_1_229' title='bbox 2001 1854 2091 1901; x_wconf 89' lang='lat' dir='ltr'><strong>tur</strong></span> <span class='ocrx_word' id='word_1_230' title='bbox 2125 1862 2140 1899; x_wconf 90' lang='lat'><strong>:</strong></span> <span class='ocrx_word' id='word_1_231' title='bbox 2170 1846 2312 1904; x_wconf 88' lang='lat' dir='ltr'><strong>sicut</strong></span> <span class='ocrx_word' id='word_1_232' title='bbox 2339 1849 2565 1907; x_wconf 85' lang='lat' dir='ltr'><strong>historia</strong></span> <span class='ocrx_word' id='word_1_233' title='bbox 2587 1855 2893 1926; x_wconf 86' lang='lat' dir='ltr'><strong>passionem</strong></span> <span class='ocrx_word' id='word_1_234' title='bbox 2914 1860 3080 1919; x_wconf 88' lang='lat' dir='ltr'><strong>David</strong></span> <span class='ocrx_word' id='word_1_235' title='bbox 3105 1869 3431 1936; x_wconf 67' lang='lat' dir='ltr'><strong>praeteritam</strong></span> <span class='ocrx_word' id='word_1_236' title='bbox 3461 1873 3572 1930; x_wconf 88' lang='lat' dir='ltr'><strong>indi</strong></span> <span class='ocrx_word' id='word_1_237' title='bbox 3588 1902 3603 1918; x_wconf 85' lang='lat'><strong>-</strong></span> 
     </span>
    </p>
   </div>
   <div class='ocr_carea' id='block_1_35' title="bbox 312 1958 1891 2033">
    <p class='ocr_par' dir='ltr' id='par_1_35' title="bbox 312 1958 1891 2033">
     <span class='ocr_line' id='line_1_35' title="bbox 312 1958 1891 2033; baseline 0.009 -23"><span class='ocrx_word' id='word_1_238' title='bbox 312 1958 605 2014; x_wconf 73' lang='lat' dir='ltr'><strong>thastitutus</strong></span> <span class='ocrx_word' id='word_1_239' title='bbox 631 1975 747 2014; x_wconf 87' lang='lat' dir='ltr'><strong>sum</strong></span> <span class='ocrx_word' id='word_1_240' title='bbox 766 1976 861 2014; x_wconf 70' lang='lat' dir='ltr'><strong>rex</strong></span> <span class='ocrx_word' id='word_1_241' title='bbox 878 1958 942 2013; x_wconf 89' lang='lat' dir='ltr'><strong>ab</strong></span> <span class='ocrx_word' id='word_1_242' title='bbox 973 1976 1032 2015; x_wconf 89' lang='lat' dir='ltr'><strong>eo</strong></span> <span class='ocrx_word' id='word_1_243' title='bbox 1060 1978 1217 2033; x_wconf 85' lang='lat' dir='ltr'><strong>super</strong></span> <span class='ocrx_word' id='word_1_244' title='bbox 1244 1972 1469 2020; x_wconf 85' lang='lat' dir='ltr'><strong>montem</strong></span> <span class='ocrx_word' id='word_1_245' title='bbox 1500 1965 1631 2021; x_wconf 89' lang='lat' dir='ltr'><strong>Sion</strong></span> <span class='ocrx_word' id='word_1_246' title='bbox 1656 1977 1891 2024; x_wconf 85' lang='lat' dir='ltr'><strong>sanctum</strong></span> 
     </span>
    </p>
   </div>
   <div class='ocr_carea' id='block_1_36' title="bbox 315 2050 1890 2126">
    <p class='ocr_par' dir='ltr' id='par_1_36' title="bbox 315 2050 1890 2126">
     <span class='ocr_line' id='line_1_36' title="bbox 315 2050 1890 2126; baseline 0.01 -25"><span class='ocrx_word' id='word_1_247' title='bbox 315 2050 436 2119; x_wconf 78' lang='lat' dir='ltr'><strong>ejus,</strong></span> <span class='ocrx_word' id='word_1_248' title='bbox 457 2051 744 2122; x_wconf 70' lang='lat' dir='ltr'><strong>praedicans</strong></span> <span class='ocrx_word' id='word_1_249' title='bbox 762 2061 1072 2124; x_wconf 70' lang='lat' dir='ltr'><strong>praeceptum</strong></span> <span class='ocrx_word' id='word_1_250' title='bbox 1095 2054 1231 2126; x_wconf 84' lang='lat' dir='ltr'><strong>ejus.</strong></span> <span class='ocrx_word' id='word_1_251' title='bbox 1251 2052 1505 2112; x_wconf 81' lang='lat' dir='ltr'><strong>Dominus</strong></span> <span class='ocrx_word' id='word_1_252' title='bbox 1531 2057 1676 2112; x_wconf 76' lang='lat' dir='ltr'><strong>dixit</strong></span> <span class='ocrx_word' id='word_1_253' title='bbox 1694 2059 1765 2113; x_wconf 89' lang='lat' dir='ltr'><strong>ad</strong></span> <span class='ocrx_word' id='word_1_254' title='bbox 1789 2076 1890 2125; x_wconf 86' lang='lat' dir='ltr'><strong>me,</strong></span> 
     </span>
    </p>
   </div>
   <div class='ocr_carea' id='block_1_37' title="bbox 319 2137 1894 2220">
    <p class='ocr_par' dir='ltr' id='par_1_37' title="bbox 319 2137 1894 2220">
     <span class='ocr_line' id='line_1_37' title="bbox 319 2137 1894 2220; baseline 0.01 -28"><span class='ocrx_word' id='word_1_255' title='bbox 319 2137 477 2196; x_wconf 82' lang='lat' dir='ltr'><strong>Filius</strong></span> <span class='ocrx_word' id='word_1_256' title='bbox 505 2159 640 2198; x_wconf 83' lang='lat' dir='ltr'><strong>meus</strong></span> <span class='ocrx_word' id='word_1_257' title='bbox 665 2161 718 2198; x_wconf 87' lang='lat' dir='ltr'><strong>es</strong></span> <span class='ocrx_word' id='word_1_258' title='bbox 743 2154 813 2211; x_wconf 83' lang='lat' dir='ltr'><strong>tu,</strong></span> <span class='ocrx_word' id='word_1_259' title='bbox 840 2162 934 2218; x_wconf 87' lang='lat' dir='ltr'><strong>ego</strong></span> <span class='ocrx_word' id='word_1_260' title='bbox 960 2145 1113 2201; x_wconf 82' lang='lat' dir='ltr'><strong>hodie</strong></span> <span class='ocrx_word' id='word_1_261' title='bbox 1140 2149 1296 2220; x_wconf 88' lang='lat' dir='ltr'><strong>genui</strong></span> <span class='ocrx_word' id='word_1_262' title='bbox 1318 2157 1382 2204; x_wconf 91' lang='lat' dir='ltr'><strong>te.</strong></span> <span class='ocrx_word' id='word_1_263' title='bbox 1416 2149 1636 2207; x_wconf 81' lang='lat' dir='ltr'><strong>Postulo</strong></span> <span class='ocrx_word' id='word_1_264' title='bbox 1658 2170 1689 2206; x_wconf 91' lang='lat' dir='ltr'><strong>a</strong></span> <span class='ocrx_word' id='word_1_265' title='bbox 1718 2170 1817 2219; x_wconf 90' lang='lat' dir='ltr'><strong>me,</strong></span> <span class='ocrx_word' id='word_1_266' title='bbox 1842 2163 1894 2208; x_wconf 90' lang='lat' dir='ltr'><strong>et</strong></span> 
     </span>
    </p>
   </div>
   <div class='ocr_carea' id='block_1_38' title="bbox 313 2233 1893 2315">
    <p class='ocr_par' dir='ltr' id='par_1_38' title="bbox 313 2233 1893 2315">
     <span class='ocr_line' id='line_1_38' title="bbox 313 2233 1893 2315; baseline 0.011 -30"><span class='ocrx_word' id='word_1_267' title='bbox 313 2233 444 2289; x_wconf 85' lang='lat' dir='ltr'><strong>dabo</strong></span> <span class='ocrx_word' id='word_1_268' title='bbox 494 2235 584 2289; x_wconf 88' lang='lat' dir='ltr'><strong>tibi</strong></span> <span class='ocrx_word' id='word_1_269' title='bbox 610 2246 775 2309; x_wconf 83' lang='lat' dir='ltr'><strong>gentes</strong></span> <span class='ocrx_word' id='word_1_270' title='bbox 813 2237 1172 2294; x_wconf 68' lang='lat' dir='ltr'><strong>hareditatem</strong></span> <span class='ocrx_word' id='word_1_271' title='bbox 1195 2248 1359 2306; x_wconf 88' lang='lat' dir='ltr'><strong>tuam,</strong></span> <span class='ocrx_word' id='word_1_272' title='bbox 1413 2252 1462 2298; x_wconf 90' lang='lat' dir='ltr'><strong>et</strong></span> <span class='ocrx_word' id='word_1_273' title='bbox 1513 2246 1893 2315; x_wconf 85' lang='lat' dir='ltr'><strong>possessionem</strong></span> 
     </span>
    </p>
   </div>
   <div class='ocr_carea' id='block_1_39' title="bbox 222 2314 1891 2407">
    <p class='ocr_par' dir='ltr' id='par_1_39' title="bbox 222 2314 1891 2407">
     <span class='ocr_line' id='line_1_39' title="bbox 222 2314 1891 2407; baseline 0.013 -34"><span class='ocrx_word' id='word_1_274' title='bbox 222 2314 231 2324; x_wconf 88' lang='grc'><strong>’</strong></span> <span class='ocrx_word' id='word_1_275' title='bbox 314 2330 453 2378; x_wconf 83' lang='lat' dir='ltr'><strong>tuam</strong></span> <span class='ocrx_word' id='word_1_276' title='bbox 476 2327 717 2383; x_wconf 84' lang='lat' dir='ltr'><strong>terminos</strong></span> <span class='ocrx_word' id='word_1_277' title='bbox 744 2337 913 2384; x_wconf 74' lang='lat' dir='ltr'><strong>teme.</strong></span> <span class='ocrx_word' id='word_1_278' title='bbox 939 2329 1106 2403; x_wconf 84' lang='lat' dir='ltr'><strong>Reges</strong></span> <span class='ocrx_word' id='word_1_279' title='bbox 1127 2347 1215 2403; x_wconf 86' lang='lat' dir='ltr'><strong>eos</strong></span> <span class='ocrx_word' id='word_1_280' title='bbox 1240 2334 1295 2386; x_wconf 89' lang='lat' dir='ltr'><strong>in</strong></span> <span class='ocrx_word' id='word_1_281' title='bbox 1338 2335 1481 2406; x_wconf 77' lang='lat' dir='ltr'><strong>virga</strong></span> <span class='ocrx_word' id='word_1_282' title='bbox 1506 2314 1679 2407; x_wconf 75' lang='lat' dir='ltr'><strong>ferrea</strong></span> <span class='ocrx_word' id='word_1_283' title='bbox 1697 2345 1747 2391; x_wconf 87' lang='lat' dir='ltr'><strong>et</strong></span> <span class='ocrx_word' id='word_1_284' title='bbox 1769 2344 1891 2393; x_wconf 89' lang='lat' dir='ltr'><strong>tan-</strong></span> 
     </span>
    </p>
   </div>
   <div class='ocr_carea' id='block_1_40' title="bbox 302 2419 1890 2499">
    <p class='ocr_par' dir='ltr' id='par_1_40' title="bbox 302 2419 1890 2499">
     <span class='ocr_line' id='line_1_40' title="bbox 302 2419 1890 2499; baseline 0.013 -33"><span class='ocrx_word' id='word_1_285' title='bbox 302 2431 455 2484; x_wconf 84' lang='lat' dir='ltr'><strong>quam</strong></span> <span class='ocrx_word' id='word_1_286' title='bbox 484 2434 569 2471; x_wconf 83' lang='lat' dir='ltr'><strong>vos</strong></span> <span class='ocrx_word' id='word_1_287' title='bbox 587 2419 735 2492; x_wconf 76' lang='lat' dir='ltr'><strong>ﬁguli</strong></span> <span class='ocrx_word' id='word_1_288' title='bbox 762 2422 1062 2494; x_wconf 78' lang='lat' dir='ltr'><strong>confringes</strong></span> <span class='ocrx_word' id='word_1_289' title='bbox 1090 2440 1196 2478; x_wconf 86' lang='lat' dir='ltr'><strong>eos.</strong></span> <span class='ocrx_word' id='word_1_290' title='bbox 1235 2422 1300 2477; x_wconf 80' lang='lat' dir='ltr'><strong>Et</strong></span> <span class='ocrx_word' id='word_1_291' title='bbox 1329 2442 1497 2491; x_wconf 86' lang='lat' dir='ltr'><strong>nunc,</strong></span> <span class='ocrx_word' id='word_1_292' title='bbox 1531 2445 1703 2499; x_wconf 89' lang='lat' dir='ltr'><strong>reges,</strong></span> <span class='ocrx_word' id='word_1_293' title='bbox 1732 2432 1890 2485; x_wconf 87' lang='lat' dir='ltr'><strong>intel-</strong></span> 
     </span>
    </p>
   </div>
   <div class='ocr_carea' id='block_1_41' title="bbox 298 2502 1891 2583">
    <p class='ocr_par' dir='ltr' id='par_1_41' title="bbox 298 2502 1891 2583">
     <span class='ocr_line' id='line_1_41' title="bbox 298 2502 1891 2583; baseline 0.012 -26"><span class='ocrx_word' id='word_1_294' title='bbox 298 2502 453 2575; x_wconf 84' lang='lat' dir='ltr'><strong>ligite,</strong></span> <span class='ocrx_word' id='word_1_295' title='bbox 481 2508 757 2564; x_wconf 86' lang='lat' dir='ltr'><strong>erudimini</strong></span> <span class='ocrx_word' id='word_1_296' title='bbox 786 2512 874 2581; x_wconf 85' lang='lat' dir='ltr'><strong>qui</strong></span> <span class='ocrx_word' id='word_1_297' title='bbox 896 2511 1151 2583; x_wconf 90' lang='lat' dir='ltr'><strong>judicatis</strong></span> <span class='ocrx_word' id='word_1_298' title='bbox 1194 2523 1404 2570; x_wconf 89' lang='lat' dir='ltr'><strong>terram.</strong></span> <span class='ocrx_word' id='word_1_299' title='bbox 1434 2517 1638 2573; x_wconf 80' lang='lat' dir='ltr'><strong>Servite</strong></span> <span class='ocrx_word' id='word_1_300' title='bbox 1660 2518 1891 2576; x_wconf 86' lang='lat' dir='ltr'><strong>Domino</strong></span> 
     </span>
    </p>
   </div>
   <div class='ocr_carea' id='block_1_42' title="bbox 291 2595 1891 2681">
    <p class='ocr_par' dir='ltr' id='par_1_42' title="bbox 291 2595 1891 2681">
     <span class='ocr_line' id='line_1_42' title="bbox 291 2595 1891 2681; baseline 0.012 -34"><span class='ocrx_word' id='word_1_301' title='bbox 291 2595 344 2648; x_wconf 92' lang='lat' dir='ltr'><strong>in</strong></span> <span class='ocrx_word' id='word_1_302' title='bbox 372 2596 571 2664; x_wconf 85' lang='lat' dir='ltr'><strong>timore,</strong></span> <span class='ocrx_word' id='word_1_303' title='bbox 601 2609 651 2654; x_wconf 92' lang='lat' dir='ltr'><strong>et</strong></span> <span class='ocrx_word' id='word_1_304' title='bbox 677 2600 941 2657; x_wconf 74' lang='lat' dir='ltr'><strong>exsultate</strong></span> <span class='ocrx_word' id='word_1_305' title='bbox 967 2604 1013 2657; x_wconf 88' lang='lat' dir='ltr'><strong>ei</strong></span> <span class='ocrx_word' id='word_1_306' title='bbox 1053 2620 1171 2658; x_wconf 90' lang='lat' dir='ltr'><strong>cum</strong></span> <span class='ocrx_word' id='word_1_307' title='bbox 1214 2615 1454 2663; x_wconf 85' lang='lat' dir='ltr'><strong>tremore.</strong></span> <span class='ocrx_word' id='word_1_308' title='bbox 1509 2609 1891 2681; x_wconf 72' lang='lat' dir='ltr'><strong>Apprehendite</strong></span> 
     </span>
    </p>
   </div>
   <div class='ocr_carea' id='block_1_43' title="bbox 286 2684 1890 2772">
    <p class='ocr_par' dir='ltr' id='par_1_43' title="bbox 286 2684 1890 2772">
     <span class='ocr_line' id='line_1_43' title="bbox 286 2684 1890 2772; baseline 0.012 -33"><span class='ocrx_word' id='word_1_309' title='bbox 286 2684 633 2759; x_wconf 86' lang='lat' dir='ltr'><strong>disciplinam,</strong></span> <span class='ocrx_word' id='word_1_310' title='bbox 667 2709 734 2746; x_wconf 89' lang='lat' dir='ltr'><strong>ne</strong></span> <span class='ocrx_word' id='word_1_311' title='bbox 760 2692 969 2763; x_wconf 83' lang='lat' dir='ltr'><strong>quando</strong></span> <span class='ocrx_word' id='word_1_312' title='bbox 992 2695 1253 2749; x_wconf 80' lang='lat' dir='ltr'><strong>irascatur</strong></span> <span class='ocrx_word' id='word_1_313' title='bbox 1279 2696 1534 2754; x_wconf 86' lang='lat' dir='ltr'><strong>Dominus</strong></span> <span class='ocrx_word' id='word_1_314' title='bbox 1554 2740 1568 2763; x_wconf 92' lang='lat'><strong>,</strong></span> <span class='ocrx_word' id='word_1_315' title='bbox 1590 2709 1638 2754; x_wconf 91' lang='lat' dir='ltr'><strong>et</strong></span> <span class='ocrx_word' id='word_1_316' title='bbox 1663 2704 1890 2772; x_wconf 86' lang='lat' dir='ltr'><strong>pereatis</strong></span> 
     </span>
    </p>
   </div>
   <div class='ocr_carea' id='block_1_44' title="bbox 284 2775 1890 2861">
    <p class='ocr_par' dir='ltr' id='par_1_44' title="bbox 284 2775 1890 2861">
     <span class='ocr_line' id='line_1_44' title="bbox 284 2775 1890 2861; baseline 0.011 -32"><span class='ocrx_word' id='word_1_317' title='bbox 284 2775 348 2831; x_wconf 89' lang='lat' dir='ltr'><strong>de</strong></span> <span class='ocrx_word' id='word_1_318' title='bbox 393 2780 475 2834; x_wconf 82' lang='lat' dir='ltr'><strong>via</strong></span> <span class='ocrx_word' id='word_1_319' title='bbox 517 2781 686 2852; x_wconf 82' lang='lat' dir='ltr'><strong>justo.</strong></span> <span class='ocrx_word' id='word_1_320' title='bbox 731 2781 863 2839; x_wconf 79' lang='lat' dir='ltr'><strong>Cum</strong></span> <span class='ocrx_word' id='word_1_321' title='bbox 892 2786 1147 2839; x_wconf 74' lang='lat' dir='ltr'><strong>exarserit</strong></span> <span class='ocrx_word' id='word_1_322' title='bbox 1196 2786 1249 2840; x_wconf 90' lang='lat' dir='ltr'><strong>in</strong></span> <span class='ocrx_word' id='word_1_323' title='bbox 1294 2786 1432 2842; x_wconf 79' lang='lat' dir='ltr'><strong>brevi</strong></span> <span class='ocrx_word' id='word_1_324' title='bbox 1479 2790 1560 2843; x_wconf 89' lang='lat' dir='ltr'><strong>ira</strong></span> <span class='ocrx_word' id='word_1_325' title='bbox 1586 2791 1722 2861; x_wconf 84' lang='lat' dir='ltr'><strong>ejus,</strong></span> <span class='ocrx_word' id='word_1_326' title='bbox 1753 2791 1890 2848; x_wconf 86' lang='lat' dir='ltr'><strong>beati</strong></span> 
     </span>
    </p>
   </div>
   <div class='ocr_carea' id='block_1_45' title="bbox 279 2872 1067 2943">
    <p class='ocr_par' dir='ltr' id='par_1_45' title="bbox 279 2872 1067 2943">
     <span class='ocr_line' id='line_1_45' title="bbox 279 2872 1067 2943; baseline 0.005 -21"><span class='ocrx_word' id='word_1_327' title='bbox 279 2884 462 2925; x_wconf 89' lang='lat' dir='ltr'><strong>omnes</strong></span> <span class='ocrx_word' id='word_1_328' title='bbox 490 2873 581 2941; x_wconf 86' lang='lat' dir='ltr'><strong>qui</strong></span> <span class='ocrx_word' id='word_1_329' title='bbox 604 2872 879 2943; x_wconf 71' lang='lat' dir='ltr'><strong>conﬁdunt</strong></span> <span class='ocrx_word' id='word_1_330' title='bbox 906 2875 964 2928; x_wconf 91' lang='lat' dir='ltr'><strong>in</strong></span> <span class='ocrx_word' id='word_1_331' title='bbox 992 2892 1067 2930; x_wconf 88' lang='lat' dir='ltr'><strong>eo.</strong></span> 
     </span>
    </p>
   </div>
   <div class='ocr_carea' id='block_1_46' title="bbox 871 2977 1312 3020">
    <p class='ocr_par' dir='ltr' id='par_1_46' title="bbox 871 2977 1312 3020">
     <span class='ocr_line' id='line_1_46' title="bbox 871 2977 1312 3020; baseline 0.005 -4"><span class='ocrx_word' id='word_1_332' title='bbox 871 2977 1312 3020; x_wconf 64' lang='lat' dir='ltr'><strong>COIIENTARIUI.</strong></span> 
     </span>
    </p>
   </div>
   <div class='ocr_carea' id='block_1_47' title="bbox 357 3044 1886 3131">
    <p class='ocr_par' dir='ltr' id='par_1_47' title="bbox 357 3044 1886 3131">
     <span class='ocr_line' id='line_1_47' title="bbox 357 3044 1886 3131; baseline 0.012 -29"><span class='ocrx_word' id='word_1_333' title='bbox 357 3048 551 3120; x_wconf 82' lang='lat' dir='ltr'><strong>Usque</strong></span> <span class='ocrx_word' id='word_1_334' title='bbox 599 3044 761 3106; x_wconf 88' lang='lat' dir='ltr'><strong>hodie</strong></span> <span class='ocrx_word' id='word_1_335' title='bbox 798 3060 990 3121; x_wconf 88' lang='lat' dir='ltr'><strong>gentes</strong></span> <span class='ocrx_word' id='word_1_336' title='bbox 1034 3054 1267 3111; x_wconf 89' lang='lat' dir='ltr'><strong>fremunt</strong></span> <span class='ocrx_word' id='word_1_337' title='bbox 1314 3056 1570 3115; x_wconf 67' lang='lat' dir='ltr'><strong>adversus</strong></span> <span class='ocrx_word' id='word_1_338' title='bbox 1594 3059 1886 3131; x_wconf 82' lang='lat' dir='ltr'><strong>Christum,</strong></span> 
     </span>
    </p>
   </div>
   <div class='ocr_carea' id='block_1_48' title="bbox 269 3136 1886 3216">
    <p class='ocr_par' dir='ltr' id='par_1_48' title="bbox 269 3136 1886 3216">
     <span class='ocr_line' id='line_1_48' title="bbox 269 3136 1886 3216; baseline 0.009 -19"><span class='ocrx_word' id='word_1_339' title='bbox 269 3141 371 3214; x_wconf 79' lang='lat' dir='ltr'><strong>qui</strong></span> <span class='ocrx_word' id='word_1_340' title='bbox 406 3140 573 3198; x_wconf 86' lang='lat' dir='ltr'><strong>idolis</strong></span> <span class='ocrx_word' id='word_1_341' title='bbox 601 3142 763 3199; x_wconf 81' lang='lat' dir='ltr'><strong>linem</strong></span> <span class='ocrx_word' id='word_1_342' title='bbox 807 3145 1080 3216; x_wconf 86' lang='lat' dir='ltr'><strong>imposuit.</strong></span> <span class='ocrx_word' id='word_1_343' title='bbox 1116 3136 1259 3203; x_wconf 82' lang='lat' dir='ltr'><strong>Nam</strong></span> <span class='ocrx_word' id='word_1_344' title='bbox 1303 3149 1530 3206; x_wconf 89' lang='lat' dir='ltr'><strong>Dontino</strong></span> <span class='ocrx_word' id='word_1_345' title='bbox 1580 3153 1806 3210; x_wconf 85' lang='lat' dir='ltr'><strong>intrante</strong></span> <span class='ocrx_word' id='word_1_346' title='bbox 1832 3158 1886 3211; x_wconf 89' lang='lat' dir='ltr'><strong>in</strong></span> 
     </span>
    </p>
   </div>
   <div class='ocr_carea' id='block_1_49' title="bbox 271 3228 2073 3319">
    <p class='ocr_par' dir='ltr' id='par_1_49' title="bbox 271 3228 2073 3319">
     <span class='ocr_line' id='line_1_49' title="bbox 271 3228 2073 3319; baseline 0.009 -31"><span class='ocrx_word' id='word_1_347' title='bbox 271 3233 599 3308; x_wconf 60' lang='lat' dir='ltr'><strong>Egyptum,</strong></span> <span class='ocrx_word' id='word_1_348' title='bbox 630 3236 772 3291; x_wconf 88' lang='lat' dir='ltr'><strong>idola</strong></span> <span class='ocrx_word' id='word_1_349' title='bbox 792 3237 1094 3310; x_wconf 87' lang='lat' dir='ltr'><strong>templorum</strong></span> <span class='ocrx_word' id='word_1_350' title='bbox 1117 3242 1421 3298; x_wconf 83' lang='lat' dir='ltr'><strong>corruerunt</strong></span> <span class='ocrx_word' id='word_1_351' title='bbox 1450 3261 1468 3298; x_wconf 88' lang='lat'><em>:</em></span> <span class='ocrx_word' id='word_1_352' title='bbox 1483 3245 1640 3316; x_wconf 74' lang='lat' dir='ltr'><strong>juxta</strong></span> <span class='ocrx_word' id='word_1_353' title='bbox 1659 3248 1885 3319; x_wconf 88' lang='lat' dir='ltr'><strong>prophe-</strong></span> <span class='ocrx_word' id='word_1_354' title='bbox 1915 3228 1963 3291; x_wconf 68' lang='grc' dir='ltr'>ο</span> <span class='ocrx_word' id='word_1_355' title='bbox 2066 3302 2073 3303; x_wconf 61' lang='lat'><strong><em>,</em></strong></span> 
     </span>
    </p>
   </div>
   <div class='ocr_carea' id='block_1_50' title="bbox 272 3326 1887 3406">
    <p class='ocr_par' dir='ltr' id='par_1_50' title="bbox 272 3326 1887 3406">
     <span class='ocr_line' id='line_1_50' title="bbox 272 3326 1887 3406; baseline 0.01 -26"><span class='ocrx_word' id='word_1_356' title='bbox 272 3336 381 3381; x_wconf 85' lang='lat' dir='ltr'><strong>tum</strong></span> <span class='ocrx_word' id='word_1_357' title='bbox 408 3326 638 3395; x_wconf 85' lang='lat' dir='ltr'><strong>Isaiam,</strong></span> <span class='ocrx_word' id='word_1_358' title='bbox 662 3328 861 3385; x_wconf 86' lang='lat' dir='ltr'><strong>decimo</strong></span> <span class='ocrx_word' id='word_1_359' title='bbox 887 3348 1043 3397; x_wconf 91' lang='lat' dir='ltr'><strong>nono,</strong></span> <span class='ocrx_word' id='word_1_360' title='bbox 1075 3335 1165 3406; x_wconf 81' lang='lat' dir='ltr'><strong>qui</strong></span> <span class='ocrx_word' id='word_1_361' title='bbox 1196 3335 1277 3390; x_wconf 89' lang='lat' dir='ltr'><strong>his</strong></span> <span class='ocrx_word' id='word_1_362' title='bbox 1306 3339 1469 3391; x_wconf 88' lang='lat' dir='ltr'><strong>utitur</strong></span> <span class='ocrx_word' id='word_1_363' title='bbox 1515 3339 1676 3394; x_wconf 73' lang='lat' dir='ltr'><strong>verbis</strong></span> <span class='ocrx_word' id='word_1_364' title='bbox 1707 3358 1725 3394; x_wconf 91' lang='lat'><strong><em>:</em></strong></span> <span class='ocrx_word' id='word_1_365' title='bbox 1748 3339 1887 3397; x_wconf 85' lang='lat' dir='ltr'><strong>Ecce</strong></span> 
     </span>
    </p>
   </div>
   <div class='ocr_carea' id='block_1_51' title="bbox 272 3416 1886 3504">
    <p class='ocr_par' dir='ltr' id='par_1_51' title="bbox 272 3416 1886 3504">
     <span class='ocr_line' id='line_1_51' title="bbox 272 3416 1886 3504; baseline 0.011 -32"><span class='ocrx_word' id='word_1_366' title='bbox 272 3416 537 3475; x_wconf 84' lang='lat' dir='ltr'><strong>Dominus</strong></span> <span class='ocrx_word' id='word_1_367' title='bbox 566 3422 810 3477; x_wconf 85' lang='lat' dir='ltr'><strong>ascendet</strong></span> <span class='ocrx_word' id='word_1_368' title='bbox 837 3440 992 3495; x_wconf 88' lang='lat' dir='ltr'><strong>super</strong></span> <span class='ocrx_word' id='word_1_369' title='bbox 1036 3425 1221 3482; x_wconf 88' lang='lat' dir='ltr'><strong>nubem</strong></span> <span class='ocrx_word' id='word_1_370' title='bbox 1249 3428 1427 3493; x_wconf 85' lang='lat' dir='ltr'><strong>levem,</strong></span> <span class='ocrx_word' id='word_1_371' title='bbox 1470 3440 1522 3485; x_wconf 86' lang='lat' dir='ltr'><strong>et</strong></span> <span class='ocrx_word' id='word_1_372' title='bbox 1566 3433 1886 3504; x_wconf 85' lang='lat' dir='ltr'><strong>ingredietur</strong></span> 
     </span>
    </p>
   </div>
   <div class='ocr_carea' id='block_1_52' title="bbox 270 3508 1884 3601">
    <p class='ocr_par' dir='ltr' id='par_1_52' title="bbox 270 3508 1884 3601">
     <span class='ocr_line' id='line_1_52' title="bbox 270 3508 1884 3601; baseline 0.011 -38"><span class='ocrx_word' id='word_1_373' title='bbox 270 3508 591 3583; x_wconf 65' lang='lat' dir='ltr'><strong>zEggptum,</strong></span> <span class='ocrx_word' id='word_1_374' title='bbox 631 3522 682 3567; x_wconf 88' lang='lat' dir='ltr'><strong>et</strong></span> <span class='ocrx_word' id='word_1_375' title='bbox 720 3514 1167 3587; x_wconf 70' lang='lat' dir='ltr'><strong>commovebuntur</strong></span> <span class='ocrx_word' id='word_1_376' title='bbox 1214 3520 1498 3574; x_wconf 85' lang='lat' dir='ltr'><strong>simulacra</strong></span> <span class='ocrx_word' id='word_1_377' title='bbox 1525 3539 1558 3575; x_wconf 87' lang='lat' dir='ltr'><strong>a</strong></span> <span class='ocrx_word' id='word_1_378' title='bbox 1605 3525 1741 3594; x_wconf 80' lang='lat' dir='ltr'><strong>facie</strong></span> <span class='ocrx_word' id='word_1_379' title='bbox 1770 3525 1884 3601; x_wconf 83' lang='lat' dir='ltr'><strong>ejus</strong></span> 
     </span>
    </p>
   </div>
   <div class='ocr_carea' id='block_1_53' title="bbox 273 3601 1887 3684">
    <p class='ocr_par' dir='ltr' id='par_1_53' title="bbox 273 3601 1887 3684">
     <span class='ocr_line' id='line_1_53' title="bbox 273 3601 1887 3684; baseline 0.009 -28"><span class='ocrx_word' id='word_1_380' title='bbox 273 3601 660 3675; x_wconf 77' lang='lat' dir='ltr'><strong>(Chrysostom.</strong></span> <span class='ocrx_word' id='word_1_381' title='bbox 686 3606 742 3659; x_wconf 84' lang='lat' dir='ltr'><strong>in</strong></span> <span class='ocrx_word' id='word_1_382' title='bbox 770 3622 807 3661; x_wconf 79' lang='grc' dir='ltr'><strong><em>ιι</em></strong></span> <span class='ocrx_word' id='word_1_383' title='bbox 828 3605 1053 3673; x_wconf 51' lang='lat' dir='ltr'><strong>Matth;</strong></span> <span class='ocrx_word' id='word_1_384' title='bbox 1081 3609 1239 3673; x_wconf 81' lang='lat' dir='ltr'><strong>Ans.,</strong></span> <span class='ocrx_word' id='word_1_385' title='bbox 1268 3608 1432 3665; x_wconf 76' lang='lat' dir='ltr'><strong>Leuit.</strong></span> <span class='ocrx_word' id='word_1_386' title='bbox 1467 3629 1520 3666; x_wconf 80' lang='lat' dir='ltr'><strong>xi</strong></span> <span class='ocrx_word' id='word_1_387' title='bbox 1549 3621 1598 3666; x_wconf 91' lang='lat' dir='ltr'><strong>et</strong></span> <span class='ocrx_word' id='word_1_388' title='bbox 1624 3614 1759 3684; x_wconf 79' lang='lat' dir='ltr'><strong>xix).</strong></span> <span class='ocrx_word' id='word_1_389' title='bbox 1786 3613 1887 3672; x_wconf 89' lang='lat' dir='ltr'><strong>Po-</strong></span> 
     </span>
    </p>
   </div>
   <div class='ocr_carea' id='block_1_54' title="bbox 271 3693 1923 3767">
    <p class='ocr_par' dir='ltr' id='par_1_54' title="bbox 271 3693 1923 3767">
     <span class='ocr_line' id='line_1_54' title="bbox 271 3693 1923 3767; baseline 0.01 -20"><span class='ocrx_word' id='word_1_390' title='bbox 271 3693 415 3763; x_wconf 84' lang='lat' dir='ltr'><strong>puli,</strong></span> <span class='ocrx_word' id='word_1_391' title='bbox 450 3694 506 3749; x_wconf 87' lang='lat' dir='ltr'><strong>id</strong></span> <span class='ocrx_word' id='word_1_392' title='bbox 537 3703 622 3750; x_wconf 88' lang='lat' dir='ltr'><strong>est</strong></span> <span class='ocrx_word' id='word_1_393' title='bbox 648 3693 847 3761; x_wconf 64' lang='lat' dir='ltr'><strong>Judaei,</strong></span> <span class='ocrx_word' id='word_1_394' title='bbox 898 3698 1230 3755; x_wconf 87' lang='lat' dir='ltr'><strong>meditantur</strong></span> <span class='ocrx_word' id='word_1_395' title='bbox 1274 3703 1476 3767; x_wconf 89' lang='lat' dir='ltr'><strong>inania,</strong></span> <span class='ocrx_word' id='word_1_396' title='bbox 1507 3702 1884 3763; x_wconf 86' lang='lat' dir='ltr'><strong>distinctiones</strong></span> <span class='ocrx_word' id='word_1_397' title='bbox 1913 3732 1923 3745; x_wconf 52' lang='grc' dir='ltr'><em>μ</em></span> 
     </span>
    </p>
   </div>
   <div class='ocr_carea' id='block_1_55' title="bbox 269 3784 1880 3861">
    <p class='ocr_par' dir='ltr' id='par_1_55' title="bbox 269 3784 1880 3861">
     <span class='ocr_line' id='line_1_55' title="bbox 269 3784 1880 3861; baseline 0.01 -23"><span class='ocrx_word' id='word_1_398' title='bbox 269 3784 519 3840; x_wconf 88' lang='lat' dir='ltr'><strong>ciborum</strong></span> <span class='ocrx_word' id='word_1_399' title='bbox 556 3793 613 3842; x_wconf 90' lang='lat' dir='ltr'><strong>et</strong></span> <span class='ocrx_word' id='word_1_400' title='bbox 640 3786 990 3861; x_wconf 80' lang='lat' dir='ltr'><strong>sabbatorum</strong></span> <span class='ocrx_word' id='word_1_401' title='bbox 1022 3790 1184 3850; x_wconf 81' lang='lat' dir='ltr'><strong>ferias</strong></span> <span class='ocrx_word' id='word_1_402' title='bbox 1208 3791 1569 3860; x_wconf 83' lang='lat' dir='ltr'><strong>attendentes,</strong></span> <span class='ocrx_word' id='word_1_403' title='bbox 1604 3805 1880 3853; x_wconf 89' lang='lat' dir='ltr'><strong>utrorum-</strong></span> 
     </span>
    </p>
   </div>
   <div class='ocr_carea' id='block_1_56' title="bbox 269 3877 1881 3955">
    <p class='ocr_par' dir='ltr' id='par_1_56' title="bbox 269 3877 1881 3955">
     <span class='ocr_line' id='line_1_56' title="bbox 269 3877 1881 3955; baseline 0.011 -25"><span class='ocrx_word' id='word_1_404' title='bbox 269 3891 376 3946; x_wconf 89' lang='lat' dir='ltr'><strong>que</strong></span> <span class='ocrx_word' id='word_1_405' title='bbox 432 3877 653 3935; x_wconf 83' lang='lat' dir='ltr'><strong>vincula</strong></span> <span class='ocrx_word' id='word_1_406' title='bbox 699 3878 1083 3952; x_wconf 85' lang='lat' dir='ltr'><strong>disrumpenda</strong></span> <span class='ocrx_word' id='word_1_407' title='bbox 1135 3898 1273 3955; x_wconf 88' lang='lat' dir='ltr'><strong>quos</strong></span> <span class='ocrx_word' id='word_1_408' title='bbox 1318 3884 1592 3943; x_wconf 83' lang='lat' dir='ltr'><strong>habitator</strong></span> <span class='ocrx_word' id='word_1_409' title='bbox 1618 3889 1881 3947; x_wconf 75' lang='lat' dir='ltr'><strong>cmlorum</strong></span> 
     </span>
    </p>
   </div>
   <div class='ocr_carea' id='block_1_57' title="bbox 265 3964 1881 4043">
    <p class='ocr_par' dir='ltr' id='par_1_57' title="bbox 265 3964 1881 4043">
     <span class='ocr_line' id='line_1_57' title="bbox 265 3964 1881 4043; baseline 0.011 -23"><span class='ocrx_word' id='word_1_410' title='bbox 265 3964 416 4022; x_wconf 86' lang='lat' dir='ltr'><strong>Dens</strong></span> <span class='ocrx_word' id='word_1_411' title='bbox 443 3968 666 4024; x_wconf 88' lang='lat' dir='ltr'><strong>interim</strong></span> <span class='ocrx_word' id='word_1_412' title='bbox 696 3970 901 4037; x_wconf 90' lang='lat' dir='ltr'><strong>irridet,</strong></span> <span class='ocrx_word' id='word_1_413' title='bbox 929 3972 1024 4028; x_wconf 88' lang='lat' dir='ltr'><strong>sed</strong></span> <span class='ocrx_word' id='word_1_414' title='bbox 1051 3974 1106 4029; x_wconf 91' lang='lat' dir='ltr'><strong>in</strong></span> <span class='ocrx_word' id='word_1_415' title='bbox 1121 3972 1327 4043; x_wconf 91' lang='lat' dir='ltr'><strong>judicio</strong></span> <span class='ocrx_word' id='word_1_416' title='bbox 1355 3977 1490 4032; x_wconf 86' lang='lat' dir='ltr'><strong>iram</strong></span> <span class='ocrx_word' id='word_1_417' title='bbox 1518 3995 1671 4037; x_wconf 89' lang='lat' dir='ltr'><strong>suam</strong></span> <span class='ocrx_word' id='word_1_418' title='bbox 1700 3981 1804 4038; x_wconf 87' lang='lat' dir='ltr'><strong>illis</strong></span> <span class='ocrx_word' id='word_1_419' title='bbox 1826 3990 1881 4039; x_wconf 91' lang='lat' dir='ltr'><strong>et</strong></span> 
     </span>
    </p>
   </div>
   <div class='ocr_carea' id='block_1_58' title="bbox 268 4059 1882 4145">
    <p class='ocr_par' dir='ltr' id='par_1_58' title="bbox 268 4059 1882 4145">
     <span class='ocr_line' id='line_1_58' title="bbox 268 4059 1882 4145; baseline 0.013 -33"><span class='ocrx_word' id='word_1_420' title='bbox 268 4059 519 4115; x_wconf 83' lang='lat' dir='ltr'><strong>furorem</strong></span> <span class='ocrx_word' id='word_1_421' title='bbox 550 4063 815 4130; x_wconf 86' lang='lat' dir='ltr'><strong>ostendet,</strong></span> <span class='ocrx_word' id='word_1_422' title='bbox 838 4067 1033 4136; x_wconf 90' lang='lat' dir='ltr'><strong>quibus</strong></span> <span class='ocrx_word' id='word_1_423' title='bbox 1059 4067 1303 4126; x_wconf 90' lang='lat' dir='ltr'><strong>dicturus</strong></span> <span class='ocrx_word' id='word_1_424' title='bbox 1330 4079 1458 4128; x_wconf 81' lang='lat' dir='ltr'><strong>est:</strong></span> <span class='ocrx_word' id='word_1_425' title='bbox 1491 4072 1576 4129; x_wconf 82' lang='lat' dir='ltr'><strong>Me</strong></span> <span class='ocrx_word' id='word_1_426' title='bbox 1602 4090 1766 4145; x_wconf 88' lang='lat' dir='ltr'><strong>quem</strong></span> <span class='ocrx_word' id='word_1_427' title='bbox 1790 4092 1882 4133; x_wconf 88' lang='lat' dir='ltr'><strong>ne-</strong></span> 
     </span>
    </p>
   </div>
   <div class='ocr_carea' id='block_1_59' title="bbox 266 4153 1875 4234">
    <p class='ocr_par' dir='ltr' id='par_1_59' title="bbox 266 4153 1875 4234">
     <span class='ocr_line' id='line_1_59' title="bbox 266 4153 1875 4234; baseline 0.009 -28"><span class='ocrx_word' id='word_1_428' title='bbox 266 4154 442 4224; x_wconf 78' lang='lat' dir='ltr'><strong>gastis</strong></span> <span class='ocrx_word' id='word_1_429' title='bbox 493 4153 691 4210; x_wconf 81' lang='lat' dir='ltr'><strong>Filium</strong></span> <span class='ocrx_word' id='word_1_430' title='bbox 719 4155 840 4224; x_wconf 87' lang='lat' dir='ltr'><strong>Dei,</strong></span> <span class='ocrx_word' id='word_1_431' title='bbox 874 4174 982 4215; x_wconf 88' lang='lat' dir='ltr'><strong>vox</strong></span> <span class='ocrx_word' id='word_1_432' title='bbox 1009 4158 1076 4216; x_wconf 89' lang='lat' dir='ltr'><strong>de</strong></span> <span class='ocrx_word' id='word_1_433' title='bbox 1104 4162 1242 4218; x_wconf 71' lang='lat' dir='ltr'><strong>coelo</strong></span> <span class='ocrx_word' id='word_1_434' title='bbox 1270 4161 1505 4220; x_wconf 88' lang='lat' dir='ltr'><strong>Paterna</strong></span> <span class='ocrx_word' id='word_1_435' title='bbox 1532 4182 1632 4222; x_wconf 86' lang='lat' dir='ltr'><strong>vos</strong></span> <span class='ocrx_word' id='word_1_436' title='bbox 1659 4166 1875 4234; x_wconf 89' lang='lat' dir='ltr'><strong>docuit,</strong></span> 
     </span>
    </p>
   </div>
   <div class='ocr_carea' id='block_1_60' title="bbox 265 4244 1873 4322">
    <p class='ocr_par' dir='ltr' id='par_1_60' title="bbox 265 4244 1873 4322">
     <span class='ocr_line' id='line_1_60' title="bbox 265 4244 1873 4322; baseline 0.009 -22"><span class='ocrx_word' id='word_1_437' title='bbox 265 4261 395 4301; x_wconf 85' lang='lat' dir='ltr'><strong>cum</strong></span> <span class='ocrx_word' id='word_1_438' title='bbox 455 4244 514 4301; x_wconf 91' lang='lat' dir='ltr'><strong>in</strong></span> <span class='ocrx_word' id='word_1_439' title='bbox 558 4244 795 4304; x_wconf 71' lang='lat' dir='ltr'><strong>Iordane</strong></span> <span class='ocrx_word' id='word_1_440' title='bbox 834 4266 921 4305; x_wconf 89' lang='lat' dir='ltr'><strong>me</strong></span> <span class='ocrx_word' id='word_1_441' title='bbox 948 4253 1127 4322; x_wconf 88' lang='lat' dir='ltr'><strong>posito</strong></span> <span class='ocrx_word' id='word_1_442' title='bbox 1155 4253 1307 4322; x_wconf 81' lang='lat' dir='ltr'><strong>dixit,</strong></span> <span class='ocrx_word' id='word_1_443' title='bbox 1340 4255 1505 4312; x_wconf 89' lang='lat' dir='ltr'><strong>Filius</strong></span> <span class='ocrx_word' id='word_1_444' title='bbox 1533 4273 1685 4314; x_wconf 90' lang='lat' dir='ltr'><strong>meus</strong></span> <span class='ocrx_word' id='word_1_445' title='bbox 1711 4275 1771 4316; x_wconf 90' lang='lat' dir='ltr'><strong>es</strong></span> <span class='ocrx_word' id='word_1_446' title='bbox 1797 4269 1873 4315; x_wconf 92' lang='lat' dir='ltr'><strong>tu.</strong></span> 
     </span>
    </p>
   </div>
   <div class='ocr_carea' id='block_1_61' title="bbox 264 4339 1878 4417">
    <p class='ocr_par' dir='ltr' id='par_1_61' title="bbox 264 4339 1878 4417">
     <span class='ocr_line' id='line_1_61' title="bbox 264 4339 1878 4417; baseline 0.009 -23"><span class='ocrx_word' id='word_1_447' title='bbox 264 4339 424 4407; x_wconf 85' lang='lat' dir='ltr'><strong>Quod</strong></span> <span class='ocrx_word' id='word_1_448' title='bbox 456 4347 646 4396; x_wconf 89' lang='lat' dir='ltr'><strong>autem</strong></span> <span class='ocrx_word' id='word_1_449' title='bbox 668 4340 834 4409; x_wconf 80' lang='lat' dir='ltr'><strong>dixit,</strong></span> <span class='ocrx_word' id='word_1_450' title='bbox 863 4342 978 4417; x_wconf 85' lang='lat' dir='ltr'><strong>Ego</strong></span> <span class='ocrx_word' id='word_1_451' title='bbox 1002 4345 1162 4403; x_wconf 84' lang='lat' dir='ltr'><strong>hodie</strong></span> <span class='ocrx_word' id='word_1_452' title='bbox 1180 4390 1194 4413; x_wconf 93' lang='lat'><strong>,</strong></span> <span class='ocrx_word' id='word_1_453' title='bbox 1224 4348 1367 4405; x_wconf 90' lang='lat' dir='ltr'><strong>Deus</strong></span> <span class='ocrx_word' id='word_1_454' title='bbox 1394 4350 1512 4406; x_wconf 87' lang='lat' dir='ltr'><strong>heri</strong></span> <span class='ocrx_word' id='word_1_455' title='bbox 1542 4358 1599 4405; x_wconf 90' lang='lat' dir='ltr'><strong>et</strong></span> <span class='ocrx_word' id='word_1_456' title='bbox 1617 4367 1739 4408; x_wconf 88' lang='lat' dir='ltr'><strong>cras</strong></span> <span class='ocrx_word' id='word_1_457' title='bbox 1768 4368 1878 4408; x_wconf 91' lang='lat' dir='ltr'><strong>non</strong></span> 
     </span>
    </p>
   </div>
   <div class='ocr_carea' id='block_1_62' title="bbox 265 4429 1877 4511">
    <p class='ocr_par' dir='ltr' id='par_1_62' title="bbox 265 4429 1877 4511">
     <span class='ocr_line' id='line_1_62' title="bbox 265 4429 1877 4511; baseline 0.009 -28"><span class='ocrx_word' id='word_1_458' title='bbox 265 4429 455 4495; x_wconf 81' lang='lat' dir='ltr'><strong>habet,</strong></span> <span class='ocrx_word' id='word_1_459' title='bbox 500 4429 601 4486; x_wconf 90' lang='lat' dir='ltr'><strong>sed</strong></span> <span class='ocrx_word' id='word_1_460' title='bbox 631 4446 847 4503; x_wconf 82' lang='lat' dir='ltr'><strong>semper</strong></span> <span class='ocrx_word' id='word_1_461' title='bbox 874 4434 1035 4491; x_wconf 87' lang='lat' dir='ltr'><strong>hodie</strong></span> <span class='ocrx_word' id='word_1_462' title='bbox 1066 4453 1174 4493; x_wconf 90' lang='lat' dir='ltr'><strong>non</strong></span> <span class='ocrx_word' id='word_1_463' title='bbox 1200 4438 1386 4495; x_wconf 87' lang='lat' dir='ltr'><strong>habet.</strong></span> <span class='ocrx_word' id='word_1_464' title='bbox 1435 4438 1701 4511; x_wconf 87' lang='lat' dir='ltr'><strong>Tempora</strong></span> <span class='ocrx_word' id='word_1_465' title='bbox 1732 4444 1877 4499; x_wconf 89' lang='lat' dir='ltr'><strong>enim</strong></span> 
     </span>
    </p>
   </div>
   <div class='ocr_carea' id='block_1_63' title="bbox 262 4523 1876 4603">
    <p class='ocr_par' dir='ltr' id='par_1_63' title="bbox 262 4523 1876 4603">
     <span class='ocr_line' id='line_1_63' title="bbox 262 4523 1876 4603; baseline 0.009 -25"><span class='ocrx_word' id='word_1_466' title='bbox 262 4523 369 4578; x_wconf 83' lang='lat' dir='ltr'><strong>sub</strong></span> <span class='ocrx_word' id='word_1_467' title='bbox 391 4524 516 4593; x_wconf 78' lang='lat' dir='ltr'><strong>ipso</strong></span> <span class='ocrx_word' id='word_1_468' title='bbox 546 4533 798 4593; x_wconf 87' lang='lat' dir='ltr'><strong>aguntur,</strong></span> <span class='ocrx_word' id='word_1_469' title='bbox 830 4544 937 4583; x_wconf 90' lang='lat' dir='ltr'><strong>non</strong></span> <span class='ocrx_word' id='word_1_470' title='bbox 967 4528 1082 4599; x_wconf 88' lang='lat' dir='ltr'><strong>ipse</strong></span> <span class='ocrx_word' id='word_1_471' title='bbox 1102 4546 1133 4584; x_wconf 88' lang='lat' dir='ltr'><strong>a</strong></span> <span class='ocrx_word' id='word_1_472' title='bbox 1158 4532 1497 4603; x_wconf 84' lang='lat' dir='ltr'><strong>temporibus</strong></span> <span class='ocrx_word' id='word_1_473' title='bbox 1522 4534 1718 4603; x_wconf 89' lang='lat' dir='ltr'><strong>agitur.</strong></span> <span class='ocrx_word' id='word_1_474' title='bbox 1741 4535 1876 4592; x_wconf 87' lang='lat' dir='ltr'><strong>Nam</strong></span> 
     </span>
    </p>
   </div>
   <div class='ocr_carea' id='block_1_64' title="bbox 262 4614 1871 4695">
    <p class='ocr_par' dir='ltr' id='par_1_64' title="bbox 262 4614 1871 4695">
     <span class='ocr_line' id='line_1_64' title="bbox 262 4614 1871 4695; baseline 0.006 -24"><span class='ocrx_word' id='word_1_475' title='bbox 262 4614 401 4671; x_wconf 91' lang='lat' dir='ltr'><strong>Sion</strong></span> <span class='ocrx_word' id='word_1_476' title='bbox 426 4631 592 4672; x_wconf 88' lang='lat' dir='ltr'><strong>mons</strong></span> <span class='ocrx_word' id='word_1_477' title='bbox 614 4617 757 4688; x_wconf 90' lang='lat' dir='ltr'><strong>quod</strong></span> <span class='ocrx_word' id='word_1_478' title='bbox 779 4617 1106 4678; x_wconf 85' lang='lat' dir='ltr'><strong>sitEcclesia</strong></span> <span class='ocrx_word' id='word_1_479' title='bbox 1127 4621 1288 4685; x_wconf 87' lang='lat' dir='ltr'><strong>docet</strong></span> <span class='ocrx_word' id='word_1_480' title='bbox 1306 4624 1570 4695; x_wconf 89' lang='lat' dir='ltr'><strong>propheta</strong></span> <span class='ocrx_word' id='word_1_481' title='bbox 1597 4626 1689 4695; x_wconf 89' lang='lat' dir='ltr'><strong>qui</strong></span> <span class='ocrx_word' id='word_1_482' title='bbox 1710 4627 1871 4684; x_wconf 89' lang='lat' dir='ltr'><strong>dicit:</strong></span> 
     </span>
    </p>
   </div>
   <div class='ocr_carea' id='block_1_65' title="bbox 261 4707 1877 4786">
    <p class='ocr_par' dir='ltr' id='par_1_65' title="bbox 261 4707 1877 4786">
     <span class='ocr_line' id='line_1_65' title="bbox 261 4707 1877 4786; baseline 0.007 -23"><span class='ocrx_word' id='word_1_483' title='bbox 261 4707 380 4781; x_wconf 79' lang='lat' dir='ltr'><strong>Ego</strong></span> <span class='ocrx_word' id='word_1_484' title='bbox 402 4707 672 4764; x_wconf 85' lang='lat' dir='ltr'><strong>Dominus</strong></span> <span class='ocrx_word' id='word_1_485' title='bbox 698 4710 935 4766; x_wconf 70' lang='lat' dir='ltr'><strong>excitabo</strong></span> <span class='ocrx_word' id='word_1_486' title='bbox 964 4710 1096 4768; x_wconf 84' lang='lat' dir='ltr'><strong>Sion</strong></span> <span class='ocrx_word' id='word_1_487' title='bbox 1138 4715 1193 4768; x_wconf 91' lang='lat' dir='ltr'><strong>in</strong></span> <span class='ocrx_word' id='word_1_488' title='bbox 1220 4716 1456 4786; x_wconf 87' lang='lat' dir='ltr'><strong>gentibus</strong></span> <span class='ocrx_word' id='word_1_489' title='bbox 1473 4756 1488 4781; x_wconf 94' lang='lat'><strong>,</strong></span> <span class='ocrx_word' id='word_1_490' title='bbox 1528 4725 1578 4770; x_wconf 88' lang='lat' dir='ltr'><strong>et</strong></span> <span class='ocrx_word' id='word_1_491' title='bbox 1605 4716 1741 4773; x_wconf 89' lang='lat' dir='ltr'><strong>dabo</strong></span> <span class='ocrx_word' id='word_1_492' title='bbox 1762 4736 1877 4775; x_wconf 90' lang='lat' dir='ltr'><strong>eam</strong></span> 
     </span>
    </p>
   </div>
   <div class='ocr_carea' id='block_1_66' title="bbox 263 4800 1877 4882">
    <p class='ocr_par' dir='ltr' id='par_1_66' title="bbox 263 4800 1877 4882">
     <span class='ocr_line' id='line_1_66' title="bbox 263 4800 1877 4882; baseline 0.01 -29"><span class='ocrx_word' id='word_1_493' title='bbox 263 4800 313 4853; x_wconf 88' lang='lat' dir='ltr'><strong>in</strong></span> <span class='ocrx_word' id='word_1_494' title='bbox 363 4802 707 4873; x_wconf 81' lang='lat' dir='ltr'><strong>festivitatem</strong></span> <span class='ocrx_word' id='word_1_495' title='bbox 757 4812 1006 4859; x_wconf 79' lang='lat' dir='ltr'><strong>ceternam</strong></span> <span class='ocrx_word' id='word_1_496' title='bbox 1051 4808 1192 4861; x_wconf 90' lang='lat' dir='ltr'><strong>omni</strong></span> <span class='ocrx_word' id='word_1_497' title='bbox 1239 4808 1458 4863; x_wconf 89' lang='lat' dir='ltr'><strong>nationi.</strong></span> <span class='ocrx_word' id='word_1_498' title='bbox 1508 4808 1565 4865; x_wconf 84' lang='lat' dir='ltr'><strong>In</strong></span> <span class='ocrx_word' id='word_1_499' title='bbox 1603 4810 1719 4882; x_wconf 84' lang='lat' dir='ltr'><strong>ipsa</strong></span> <span class='ocrx_word' id='word_1_500' title='bbox 1746 4826 1877 4882; x_wconf 86' lang='lat' dir='ltr'><strong>ergo</strong></span> 
     </span>
    </p>
   </div>
   <div class='ocr_carea' id='block_1_67' title="bbox 264 4894 1878 4974">
    <p class='ocr_par' dir='ltr' id='par_1_67' title="bbox 264 4894 1878 4974">
     <span class='ocr_line' id='line_1_67' title="bbox 264 4894 1878 4974; baseline 0.008 -26"><span class='ocrx_word' id='word_1_501' title='bbox 264 4895 526 4964; x_wconf 53' lang='lat' dir='ltr'><strong>praedicat</strong></span> <span class='ocrx_word' id='word_1_502' title='bbox 554 4894 730 4951; x_wconf 84' lang='lat' dir='ltr'><strong>Filius</strong></span> <span class='ocrx_word' id='word_1_503' title='bbox 759 4906 1086 4968; x_wconf 63' lang='lat' dir='ltr'><strong>praeceptum</strong></span> <span class='ocrx_word' id='word_1_504' title='bbox 1117 4897 1309 4955; x_wconf 88' lang='lat' dir='ltr'><strong>Patris.</strong></span> <span class='ocrx_word' id='word_1_505' title='bbox 1343 4899 1400 4955; x_wconf 85' lang='lat' dir='ltr'><strong>In</strong></span> <span class='ocrx_word' id='word_1_506' title='bbox 1422 4901 1535 4972; x_wconf 90' lang='lat' dir='ltr'><strong>ipsa</strong></span> <span class='ocrx_word' id='word_1_507' title='bbox 1569 4911 1720 4973; x_wconf 74' lang='lat' dir='ltr'><strong>reget</strong></span> <span class='ocrx_word' id='word_1_508' title='bbox 1745 4919 1878 4974; x_wconf 84' lang='lat' dir='ltr'><strong>gen-</strong></span> 
     </span>
    </p>
   </div>
   <div class='ocr_carea' id='block_1_68' title="bbox 267 4985 1876 5057">
    <p class='ocr_par' dir='ltr' id='par_1_68' title="bbox 267 4985 1876 5057">
     <span class='ocr_line' id='line_1_68' title="bbox 267 4985 1876 5057; baseline 0.01 -19"><span class='ocrx_word' id='word_1_509' title='bbox 267 4993 346 5039; x_wconf 85' lang='lat' dir='ltr'><strong>tes</strong></span> <span class='ocrx_word' id='word_1_510' title='bbox 364 4986 522 5055; x_wconf 86' lang='lat' dir='ltr'><strong>quasi</strong></span> <span class='ocrx_word' id='word_1_511' title='bbox 553 4985 710 5057; x_wconf 84' lang='lat' dir='ltr'><strong>virga</strong></span> <span class='ocrx_word' id='word_1_512' title='bbox 739 4986 934 5044; x_wconf 83' lang='lat' dir='ltr'><strong>terrea.</strong></span> <span class='ocrx_word' id='word_1_513' title='bbox 967 4988 1086 5045; x_wconf 85' lang='lat' dir='ltr'><strong>Non</strong></span> <span class='ocrx_word' id='word_1_514' title='bbox 1104 4991 1248 5046; x_wconf 89' lang='lat' dir='ltr'><strong>enim</strong></span> <span class='ocrx_word' id='word_1_515' title='bbox 1281 4991 1425 5049; x_wconf 88' lang='lat' dir='ltr'><strong>cedit</strong></span> <span class='ocrx_word' id='word_1_516' title='bbox 1446 4992 1673 5052; x_wconf 80' lang='lat' dir='ltr'><strong>fortibus</strong></span> <span class='ocrx_word' id='word_1_517' title='bbox 1692 4998 1876 5054; x_wconf 87' lang='lat' dir='ltr'><strong>mundi</strong></span> 
     </span>
    </p>
   </div>
   <div class='ocr_carea' id='block_1_69' title="bbox 265 5076 1875 5160">
    <p class='ocr_par' dir='ltr' id='par_1_69' title="bbox 265 5076 1875 5160">
     <span class='ocr_line' id='line_1_69' title="bbox 265 5076 1875 5160; baseline 0.009 -28"><span class='ocrx_word' id='word_1_518' title='bbox 265 5087 366 5133; x_wconf 87' lang='lat' dir='ltr'><strong>nec</strong></span> <span class='ocrx_word' id='word_1_519' title='bbox 389 5076 725 5135; x_wconf 82' lang='lat' dir='ltr'><strong>miscrorum</strong></span> <span class='ocrx_word' id='word_1_520' title='bbox 770 5079 1001 5152; x_wconf 89' lang='lat' dir='ltr'><strong>despicit</strong></span> <span class='ocrx_word' id='word_1_521' title='bbox 1026 5081 1208 5139; x_wconf 84' lang='lat' dir='ltr'><strong>facies.</strong></span> <span class='ocrx_word' id='word_1_522' title='bbox 1241 5082 1359 5155; x_wconf 86' lang='lat' dir='ltr'><strong>Ipsa</strong></span> <span class='ocrx_word' id='word_1_523' title='bbox 1390 5085 1639 5143; x_wconf 89' lang='lat' dir='ltr'><strong>timorem</strong></span> <span class='ocrx_word' id='word_1_524' title='bbox 1661 5090 1875 5160; x_wconf 87' lang='lat' dir='ltr'><strong>regibus</strong></span> 
     </span>
    </p>
   </div>
   <div class='ocr_carea' id='block_1_70' title="bbox 266 5163 1874 5250">
    <p class='ocr_par' dir='ltr' id='par_1_70' title="bbox 266 5163 1874 5250">
     <span class='ocr_line' id='line_1_70' title="bbox 266 5163 1874 5250; baseline 0.01 -30"><span class='ocrx_word' id='word_1_525' title='bbox 266 5163 513 5238; x_wconf 87' lang='lat' dir='ltr'><strong>imperat.</strong></span> <span class='ocrx_word' id='word_1_526' title='bbox 541 5167 670 5241; x_wconf 83' lang='lat' dir='ltr'><strong>Ipsa</strong></span> <span class='ocrx_word' id='word_1_527' title='bbox 701 5169 835 5225; x_wconf 89' lang='lat' dir='ltr'><strong>iram</strong></span> <span class='ocrx_word' id='word_1_528' title='bbox 859 5178 1140 5227; x_wconf 83' lang='lat' dir='ltr'><strong>venturam</strong></span> <span class='ocrx_word' id='word_1_529' title='bbox 1162 5176 1626 5246; x_wconf 89' lang='lat' dir='ltr'><strong>contemptoribus</strong></span> <span class='ocrx_word' id='word_1_530' title='bbox 1652 5180 1874 5250; x_wconf 88' lang='lat' dir='ltr'><strong>pollice-</strong></span> 
     </span>
    </p>
   </div>
   <div class='ocr_carea' id='block_1_71' title="bbox 266 5261 1872 5333">
    <p class='ocr_par' dir='ltr' id='par_1_71' title="bbox 266 5261 1872 5333">
     <span class='ocr_line' id='line_1_71' title="bbox 266 5261 1872 5333; baseline 0.009 -19"><span class='ocrx_word' id='word_1_531' title='bbox 266 5264 369 5327; x_wconf 90' lang='lat' dir='ltr'><strong>tur,</strong></span> <span class='ocrx_word' id='word_1_532' title='bbox 399 5276 691 5333; x_wconf 85' lang='lat' dir='ltr'><strong>perquam</strong></span> <span class='ocrx_word' id='word_1_533' title='bbox 723 5261 974 5320; x_wconf 81' lang='lat' dir='ltr'><strong>lictilibus</strong></span> <span class='ocrx_word' id='word_1_534' title='bbox 1019 5265 1251 5322; x_wconf 86' lang='lat' dir='ltr'><strong>vasculis</strong></span> <span class='ocrx_word' id='word_1_535' title='bbox 1294 5269 1653 5326; x_wconf 85' lang='lat' dir='ltr'><strong>comminatur</strong></span> <span class='ocrx_word' id='word_1_536' title='bbox 1686 5272 1872 5330; x_wconf 87' lang='lat' dir='ltr'><strong>interi-</strong></span> 
     </span>
    </p>
   </div>
   <div class='ocr_carea' id='block_1_72' title="bbox 266 5354 1872 5435">
    <p class='ocr_par' dir='ltr' id='par_1_72' title="bbox 266 5354 1872 5435">
     <span class='ocr_line' id='line_1_72' title="bbox 266 5354 1872 5435; baseline 0.009 -27"><span class='ocrx_word' id='word_1_537' title='bbox 266 5361 397 5410; x_wconf 89' lang='lat' dir='ltr'><strong>tum.</strong></span> <span class='ocrx_word' id='word_1_538' title='bbox 430 5354 557 5428; x_wconf 83' lang='lat' dir='ltr'><strong>Ipsa</strong></span> <span class='ocrx_word' id='word_1_539' title='bbox 584 5357 985 5415; x_wconf 88' lang='lat' dir='ltr'><strong>beatitudinem</strong></span> <span class='ocrx_word' id='word_1_540' title='bbox 1015 5358 1415 5418; x_wconf 84' lang='lat' dir='ltr'><strong>conlidentibus</strong></span> <span class='ocrx_word' id='word_1_541' title='bbox 1435 5364 1784 5435; x_wconf 89' lang='lat' dir='ltr'><strong>repromittit,</strong></span> <span class='ocrx_word' id='word_1_542' title='bbox 1816 5376 1872 5422; x_wconf 90' lang='lat' dir='ltr'><strong>et</strong></span> 
     </span>
    </p>
   </div>
   <div class='ocr_carea' id='block_1_73' title="bbox 264 5444 1865 5524">
    <p class='ocr_par' dir='ltr' id='par_1_73' title="bbox 264 5444 1865 5524">
     <span class='ocr_line' id='line_1_73' title="bbox 264 5444 1865 5524; baseline 0.007 -20"><span class='ocrx_word' id='word_1_543' title='bbox 264 5444 482 5507; x_wconf 84' lang='lat' dir='ltr'><strong>Christo</strong></span> <span class='ocrx_word' id='word_1_544' title='bbox 509 5449 810 5520; x_wconf 64' lang='lat' dir='ltr'><strong>oderente,</strong></span> <span class='ocrx_word' id='word_1_545' title='bbox 840 5452 933 5522; x_wconf 91' lang='lat' dir='ltr'><strong>qui</strong></span> <span class='ocrx_word' id='word_1_546' title='bbox 962 5463 1156 5524; x_wconf 82' lang='lat' dir='ltr'><strong>regnat</strong></span> <span class='ocrx_word' id='word_1_547' title='bbox 1194 5454 1247 5509; x_wconf 92' lang='lat' dir='ltr'><strong>in</strong></span> <span class='ocrx_word' id='word_1_548' title='bbox 1297 5454 1487 5512; x_wconf 74' lang='lat' dir='ltr'><strong>saecula</strong></span> <span class='ocrx_word' id='word_1_549' title='bbox 1529 5459 1865 5516; x_wconf 55' lang='lat' dir='ltr'><strong>stimulorum.</strong></span> 
     </span>
    </p>
   </div>
   <div class='ocr_carea' id='block_1_74' title="bbox 265 5536 456 5596">
    <p class='ocr_par' dir='ltr' id='par_1_74' title="bbox 265 5536 456 5596">
     <span class='ocr_line' id='line_1_74' title="bbox 265 5536 456 5596; baseline -0.005 0"><span class='ocrx_word' id='word_1_550' title='bbox 265 5536 456 5596; x_wconf 78' lang='lat' dir='ltr'><strong>Amen.</strong></span> 
     </span>
    </p>
   </div>
   <div class='ocr_carea' id='block_1_75' title="bbox 852 5611 1294 5674">
    <p class='ocr_par' dir='ltr' id='par_1_75' title="bbox 852 5611 1294 5674">
     <span class='ocr_line' id='line_1_75' title="bbox 852 5611 1294 5674; baseline 0.011 -6"><span class='ocrx_word' id='word_1_551' title='bbox 852 5611 1169 5672; x_wconf 81' lang='lat' dir='ltr'><strong>PSALMUS</strong></span> <span class='ocrx_word' id='word_1_552' title='bbox 1210 5616 1294 5674; x_wconf 88' lang='lat' dir='ltr'><strong>lll.</strong></span> 
     </span>
    </p>
   </div>
   <div class='ocr_carea' id='block_1_76' title="bbox 265 5680 1870 5776">
    <p class='ocr_par' dir='ltr' id='par_1_76' title="bbox 265 5680 1870 5776">
     <span class='ocr_line' id='line_1_76' title="bbox 265 5680 1870 5776; baseline 0.007 -20"><span class='ocrx_word' id='word_1_553' title='bbox 265 5696 516 5757; x_wconf 79' lang='lat' dir='ltr'><strong>Psalmus</strong></span> <span class='ocrx_word' id='word_1_554' title='bbox 544 5698 744 5765; x_wconf 87' lang='lat' dir='ltr'><strong>David,</strong></span> <span class='ocrx_word' id='word_1_555' title='bbox 778 5718 898 5758; x_wconf 89' lang='lat' dir='ltr'><strong>cum</strong></span> <span class='ocrx_word' id='word_1_556' title='bbox 922 5704 1131 5776; x_wconf 84' lang='lat' dir='ltr'><strong>fugeret</strong></span> <span class='ocrx_word' id='word_1_557' title='bbox 1170 5724 1201 5763; x_wconf 89' lang='lat' dir='ltr'><strong>a</strong></span> <span class='ocrx_word' id='word_1_558' title='bbox 1233 5709 1367 5766; x_wconf 87' lang='lat' dir='ltr'><strong>facie</strong></span> <span class='ocrx_word' id='word_1_559' title='bbox 1397 5712 1630 5768; x_wconf 82' lang='lat' dir='ltr'><strong>Absalon</strong></span> <span class='ocrx_word' id='word_1_560' title='bbox 1655 5711 1745 5767; x_wconf 85' lang='lat' dir='ltr'><strong>lilii</strong></span> <span class='ocrx_word' id='word_1_561' title='bbox 1766 5680 1870 5768; x_wconf 81' lang='lat' dir='ltr'><strong>sui.</strong></span> 
     </span>
    </p>
   </div>
   <div class='ocr_carea' id='block_1_77' title="bbox 332 5789 1875 5872">
    <p class='ocr_par' dir='ltr' id='par_1_77' title="bbox 332 5789 1875 5872">
     <span class='ocr_line' id='line_1_77' title="bbox 332 5789 1875 5872; baseline 0.008 -26"><span class='ocrx_word' id='word_1_562' title='bbox 332 5789 589 5855; x_wconf 74' lang='lat' dir='ltr'><strong>Domine,</strong></span> <span class='ocrx_word' id='word_1_563' title='bbox 603 5792 731 5863; x_wconf 84' lang='lat' dir='ltr'><strong>quid</strong></span> <span class='ocrx_word' id='word_1_564' title='bbox 743 5794 1069 5866; x_wconf 84' lang='lat' dir='ltr'><strong>multiplicati</strong></span> <span class='ocrx_word' id='word_1_565' title='bbox 1090 5810 1211 5854; x_wconf 87' lang='lat' dir='ltr'><strong>sunt</strong></span> <span class='ocrx_word' id='word_1_566' title='bbox 1224 5804 1309 5872; x_wconf 81' lang='lat' dir='ltr'><strong>qui</strong></span> <span class='ocrx_word' id='word_1_567' title='bbox 1323 5802 1568 5859; x_wconf 79' lang='lat' dir='ltr'><strong>tribulam</strong></span> <span class='ocrx_word' id='word_1_568' title='bbox 1590 5804 1703 5858; x_wconf 81' lang='lat' dir='ltr'><strong>me?</strong></span> <span class='ocrx_word' id='word_1_569' title='bbox 1722 5802 1875 5859; x_wconf 81' lang='lat' dir='ltr'><strong>Multi</strong></span> 
     </span>
    </p>
   </div>
   <div class='ocr_carea' id='block_1_78' title="bbox 646 5884 1120 5950">
    <p class='ocr_par' dir='ltr' id='par_1_78' title="bbox 646 5884 1120 5950">
     <span class='ocr_line' id='line_1_78' title="bbox 646 5884 1120 5950; baseline 0.011 -5"><span class='ocrx_word' id='word_1_570' title='bbox 646 5884 918 5950; x_wconf 76' lang='grc' dir='ltr'><strong>ΡΑτιιοι..</strong></span> <span class='ocrx_word' id='word_1_571' title='bbox 960 5887 1120 5950; x_wconf 87' lang='lat' dir='ltr'><strong>Llll.</strong></span> 
     </span>
    </p>
   </div>
   <div class='ocr_carea' id='block_1_79' title="bbox 2001 1936 3602 2022">
    <p class='ocr_par' dir='ltr' id='par_1_79' title="bbox 2001 1936 3602 2022">
     <span class='ocr_line' id='line_1_79' title="bbox 2001 1936 3602 2022; baseline 0.022 -35"><span class='ocrx_word' id='word_1_572' title='bbox 2001 1942 2107 2003; x_wconf 88' lang='lat' dir='ltr'><strong>cat,</strong></span> <span class='ocrx_word' id='word_1_573' title='bbox 2135 1936 2211 1991; x_wconf 90' lang='lat' dir='ltr'><strong>ita</strong></span> <span class='ocrx_word' id='word_1_574' title='bbox 2240 1941 2555 2010; x_wconf 85' lang='lat' dir='ltr'><strong>mysterium</strong></span> <span class='ocrx_word' id='word_1_575' title='bbox 2584 1946 2891 2016; x_wconf 87' lang='lat' dir='ltr'><strong>passionem</strong></span> <span class='ocrx_word' id='word_1_576' title='bbox 2912 1950 3125 2011; x_wconf 90' lang='lat' dir='ltr'><strong>Domini</strong></span> <span class='ocrx_word' id='word_1_577' title='bbox 3145 1956 3381 2016; x_wconf 89' lang='lat' dir='ltr'><strong>futuram</strong></span> <span class='ocrx_word' id='word_1_578' title='bbox 3400 1978 3602 2022; x_wconf 56' lang='lat' dir='ltr'><strong>annua.</strong></span> 
     </span>
    </p>
   </div>
   <div class='ocr_carea' id='block_1_80' title="bbox 2002 2025 3600 2115">
    <p class='ocr_par' dir='ltr' id='par_1_80' title="bbox 2002 2025 3600 2115">
     <span class='ocr_line' id='line_1_80' title="bbox 2002 2025 3600 2115; baseline 0.024 -37"><span class='ocrx_word' id='word_1_579' title='bbox 2002 2025 2120 2092; x_wconf 86' lang='lat' dir='ltr'><strong>tiat,</strong></span> <span class='ocrx_word' id='word_1_580' title='bbox 2165 2027 2219 2083; x_wconf 92' lang='lat' dir='ltr'><strong>in</strong></span> <span class='ocrx_word' id='word_1_581' title='bbox 2263 2045 2369 2101; x_wconf 88' lang='lat' dir='ltr'><strong>qua</strong></span> <span class='ocrx_word' id='word_1_582' title='bbox 2415 2047 2606 2090; x_wconf 87' lang='lat' dir='ltr'><strong>omnes</strong></span> <span class='ocrx_word' id='word_1_583' title='bbox 2645 2053 2767 2094; x_wconf 90' lang='lat' dir='ltr'><strong>cum</strong></span> <span class='ocrx_word' id='word_1_584' title='bbox 2798 2055 3148 2115; x_wconf 86' lang='lat' dir='ltr'><strong>negaverunt,</strong></span> <span class='ocrx_word' id='word_1_585' title='bbox 3171 2047 3449 2111; x_wconf 89' lang='lat' dir='ltr'><strong>dicentes:</strong></span> <span class='ocrx_word' id='word_1_586' title='bbox 3481 2056 3600 2115; x_wconf 86' lang='lat' dir='ltr'><strong>Non</strong></span> 
     </span>
    </p>
   </div>
   <div class='ocr_carea' id='block_1_81' title="bbox 1998 2118 3600 2210">
    <p class='ocr_par' dir='ltr' id='par_1_81' title="bbox 1998 2118 3600 2210">
     <span class='ocr_line' id='line_1_81' title="bbox 1998 2118 3600 2210; baseline 0.022 -40"><span class='ocrx_word' id='word_1_587' title='bbox 1998 2124 2085 2171; x_wconf 86' lang='lat' dir='ltr'><strong>est</strong></span> <span class='ocrx_word' id='word_1_588' title='bbox 2129 2118 2276 2176; x_wconf 87' lang='lat' dir='ltr'><strong>salus</strong></span> <span class='ocrx_word' id='word_1_589' title='bbox 2323 2122 2373 2177; x_wconf 87' lang='lat' dir='ltr'><strong>ei</strong></span> <span class='ocrx_word' id='word_1_590' title='bbox 2420 2123 2474 2178; x_wconf 89' lang='lat' dir='ltr'><strong>in</strong></span> <span class='ocrx_word' id='word_1_591' title='bbox 2511 2125 2624 2183; x_wconf 90' lang='lat' dir='ltr'><strong>Deo</strong></span> <span class='ocrx_word' id='word_1_592' title='bbox 2652 2128 2800 2198; x_wconf 90' lang='lat' dir='ltr'><strong>ejus,</strong></span> <span class='ocrx_word' id='word_1_593' title='bbox 2833 2132 2926 2189; x_wconf 89' lang='lat' dir='ltr'><strong>sed</strong></span> <span class='ocrx_word' id='word_1_594' title='bbox 2967 2136 3012 2191; x_wconf 91' lang='lat' dir='ltr'><strong>si</strong></span> <span class='ocrx_word' id='word_1_595' title='bbox 3040 2145 3219 2196; x_wconf 88' lang='lat' dir='ltr'><strong>estex</strong></span> <span class='ocrx_word' id='word_1_596' title='bbox 3242 2141 3376 2210; x_wconf 89' lang='lat' dir='ltr'><strong>Deo,</strong></span> <span class='ocrx_word' id='word_1_597' title='bbox 3407 2145 3600 2205; x_wconf 90' lang='lat' dir='ltr'><strong>liberet</strong></span> 
     </span>
    </p>
   </div>
   <div class='ocr_carea' id='block_1_82' title="bbox 1998 2213 3597 2297">
    <p class='ocr_par' dir='ltr' id='par_1_82' title="bbox 1998 2213 3597 2297">
     <span class='ocr_line' id='line_1_82' title="bbox 1998 2213 3597 2297; baseline 0.023 -35"><span class='ocrx_word' id='word_1_598' title='bbox 1998 2224 2123 2263; x_wconf 87' lang='lat' dir='ltr'><strong>eum</strong></span> <span class='ocrx_word' id='word_1_599' title='bbox 2148 2251 2163 2275; x_wconf 93' lang='lat'><strong>,</strong></span> <span class='ocrx_word' id='word_1_600' title='bbox 2196 2227 2318 2267; x_wconf 90' lang='lat' dir='ltr'><strong>cum</strong></span> <span class='ocrx_word' id='word_1_601' title='bbox 2350 2213 2633 2297; x_wconf 84' lang='lat' dir='ltr'><strong>irridentes</strong></span> <span class='ocrx_word' id='word_1_602' title='bbox 2678 2220 2846 2290; x_wconf 92' lang='lat' dir='ltr'><strong>illum,</strong></span> <span class='ocrx_word' id='word_1_603' title='bbox 2879 2227 3060 2285; x_wconf 89' lang='lat' dir='ltr'><strong>multis</strong></span> <span class='ocrx_word' id='word_1_604' title='bbox 3091 2236 3434 2294; x_wconf 86' lang='lat' dir='ltr'><strong>contumeliis</strong></span> <span class='ocrx_word' id='word_1_605' title='bbox 3461 2254 3597 2297; x_wconf 91' lang='lat' dir='ltr'><strong>con-</strong></span> 
     </span>
    </p>
   </div>
   <div class='ocr_carea' id='block_1_83' title="bbox 1999 2295 3599 2390">
    <p class='ocr_par' dir='ltr' id='par_1_83' title="bbox 1999 2295 3599 2390">
     <span class='ocr_line' id='line_1_83' title="bbox 1999 2295 3599 2390; baseline 0.024 -37"><span class='ocrx_word' id='word_1_606' title='bbox 1999 2300 2260 2372; x_wconf 87' lang='lat' dir='ltr'><strong>viciisque</strong></span> <span class='ocrx_word' id='word_1_607' title='bbox 2300 2295 2578 2365; x_wconf 77' lang='lat' dir='ltr'><strong>atlicereiit</strong></span> <span class='ocrx_word' id='word_1_608' title='bbox 2623 2312 2767 2370; x_wconf 88' lang='lat' dir='ltr'><strong>atbei</strong></span> <span class='ocrx_word' id='word_1_609' title='bbox 2810 2324 2865 2372; x_wconf 91' lang='lat' dir='ltr'><strong>et</strong></span> <span class='ocrx_word' id='word_1_610' title='bbox 2892 2320 3194 2389; x_wconf 87' lang='lat' dir='ltr'><strong>pertinaces</strong></span> <span class='ocrx_word' id='word_1_611' title='bbox 3220 2324 3409 2385; x_wconf 63' lang='lat' dir='ltr'><strong>Judaei.</strong></span> 
     </span>
    </p>
   </div>
   <div class='ocr_carea' id='block_1_84' title="bbox 1998 2402 3594 2491">
    <p class='ocr_par' dir='ltr' id='par_1_84' title="bbox 1998 2402 3594 2491">
     <span class='ocr_line' id='line_1_84' title="bbox 1998 2402 3594 2491; baseline 0.023 -45"><span class='ocrx_word' id='word_1_612' title='bbox 1998 2402 2180 2477; x_wconf 82' lang='lat' dir='ltr'><strong>autem</strong></span> <span class='ocrx_word' id='word_1_613' title='bbox 2210 2411 2344 2453; x_wconf 88' lang='lat' dir='ltr'><strong>voce</strong></span> <span class='ocrx_word' id='word_1_614' title='bbox 2371 2415 2468 2457; x_wconf 88' lang='lat' dir='ltr'><strong>sua</strong></span> <span class='ocrx_word' id='word_1_615' title='bbox 2518 2402 2584 2457; x_wconf 91' lang='lat' dir='ltr'><strong>ad</strong></span> <span class='ocrx_word' id='word_1_616' title='bbox 2613 2402 2783 2461; x_wconf 89' lang='lat' dir='ltr'><strong>Deum</strong></span> <span class='ocrx_word' id='word_1_617' title='bbox 2812 2409 3064 2469; x_wconf 84' lang='lat' dir='ltr'><strong>clamavit</strong></span> <span class='ocrx_word' id='word_1_618' title='bbox 3092 2422 3148 2471; x_wconf 87' lang='lat' dir='ltr'><strong>et</strong></span> <span class='ocrx_word' id='word_1_619' title='bbox 3174 2421 3462 2478; x_wconf 83' lang='lat' dir='ltr'><strong>exauditus</strong></span> <span class='ocrx_word' id='word_1_620' title='bbox 3489 2433 3594 2491; x_wconf 88' lang='lat' dir='ltr'><strong>est.</strong></span> 
     </span>
    </p>
   </div>
   <div class='ocr_carea' id='block_1_85' title="bbox 1998 2483 3596 2583">
    <p class='ocr_par' dir='ltr' id='par_1_85' title="bbox 1998 2483 3596 2583">
     <span class='ocr_line' id='line_1_85' title="bbox 1998 2483 3596 2583; baseline 0.023 -46"><span class='ocrx_word' id='word_1_621' title='bbox 1998 2483 2073 2538; x_wconf 87' lang='lat' dir='ltr'><strong>ita</strong></span> <span class='ocrx_word' id='word_1_622' title='bbox 2105 2493 2165 2539; x_wconf 93' lang='lat' dir='ltr'><strong>ut</strong></span> <span class='ocrx_word' id='word_1_623' title='bbox 2192 2496 2423 2544; x_wconf 89' lang='lat' dir='ltr'><strong>mortem</strong></span> <span class='ocrx_word' id='word_1_624' title='bbox 2444 2494 2597 2563; x_wconf 90' lang='lat' dir='ltr'><strong>quasi</strong></span> <span class='ocrx_word' id='word_1_625' title='bbox 2626 2511 2879 2569; x_wconf 89' lang='lat' dir='ltr'><strong>soporem</strong></span> <span class='ocrx_word' id='word_1_626' title='bbox 2909 2503 3197 2576; x_wconf 87' lang='lat' dir='ltr'><strong>acciperet.</strong></span> <span class='ocrx_word' id='word_1_627' title='bbox 3229 2508 3311 2566; x_wconf 87' lang='lat' dir='ltr'><strong>Ex</strong></span> <span class='ocrx_word' id='word_1_628' title='bbox 3356 2528 3462 2583; x_wconf 90' lang='lat' dir='ltr'><strong>qua</strong></span> <span class='ocrx_word' id='word_1_629' title='bbox 3497 2483 3596 2572; x_wconf 56' lang='lat' dir='ltr'><strong>ex;</strong></span> 
     </span>
    </p>
   </div>
   <div class='ocr_carea' id='block_1_86' title="bbox 1996 2579 3597 2678">
    <p class='ocr_par' dir='ltr' id='par_1_86' title="bbox 1996 2579 3597 2678">
     <span class='ocr_line' id='line_1_86' title="bbox 1996 2579 3597 2678; baseline 0.022 -51"><span class='ocrx_word' id='word_1_630' title='bbox 1996 2589 2223 2645; x_wconf 84' lang='lat' dir='ltr'><strong>surgens</strong></span> <span class='ocrx_word' id='word_1_631' title='bbox 2244 2579 2381 2635; x_wconf 90' lang='lat' dir='ltr'><strong>ultra</strong></span> <span class='ocrx_word' id='word_1_632' title='bbox 2410 2598 2519 2639; x_wconf 90' lang='lat' dir='ltr'><strong>non</strong></span> <span class='ocrx_word' id='word_1_633' title='bbox 2543 2585 2739 2654; x_wconf 91' lang='lat' dir='ltr'><strong>timuit,</strong></span> <span class='ocrx_word' id='word_1_634' title='bbox 2783 2592 2880 2647; x_wconf 89' lang='lat' dir='ltr'><strong>sed</strong></span> <span class='ocrx_word' id='word_1_635' title='bbox 2930 2611 3073 2652; x_wconf 91' lang='lat' dir='ltr'><strong>nunc</strong></span> <span class='ocrx_word' id='word_1_636' title='bbox 3099 2600 3318 2657; x_wconf 86' lang='lat' dir='ltr'><strong>indueus</strong></span> <span class='ocrx_word' id='word_1_637' title='bbox 3348 2610 3597 2678; x_wconf 60' lang='lat' dir='ltr'><strong>corruptic</strong></span> 
     </span>
    </p>
   </div>
   <div class='ocr_carea' id='block_1_87' title="bbox 1994 2666 3594 2771">
    <p class='ocr_par' dir='ltr' id='par_1_87' title="bbox 1994 2666 3594 2771">
     <span class='ocr_line' id='line_1_87' title="bbox 1994 2666 3594 2771; baseline 0.021 -52"><span class='ocrx_word' id='word_1_638' title='bbox 1994 2666 2098 2721; x_wconf 87' lang='lat' dir='ltr'><strong>bile</strong></span> <span class='ocrx_word' id='word_1_639' title='bbox 2118 2670 2523 2744; x_wconf 84' lang='lat' dir='ltr'><strong>incorruptione,</strong></span> <span class='ocrx_word' id='word_1_640' title='bbox 2550 2686 2601 2732; x_wconf 89' lang='lat' dir='ltr'><strong>et</strong></span> <span class='ocrx_word' id='word_1_641' title='bbox 2614 2680 3005 2742; x_wconf 90' lang='lat' dir='ltr'><strong>immortalitate</strong></span> <span class='ocrx_word' id='word_1_642' title='bbox 3032 2692 3250 2747; x_wconf 89' lang='lat' dir='ltr'><strong>mortale</strong></span> <span class='ocrx_word' id='word_1_643' title='bbox 3279 2694 3321 2763; x_wconf 91' lang='lat' dir='ltr'><strong>(l</strong></span> <span class='ocrx_word' id='word_1_644' title='bbox 3344 2695 3462 2751; x_wconf 85' lang='lat' dir='ltr'><strong>Cor.</strong></span> <span class='ocrx_word' id='word_1_645' title='bbox 3481 2666 3594 2771; x_wconf 57' lang='grc' dir='ltr'><strong>έν),</strong></span> 
     </span>
    </p>
   </div>
   <div class='ocr_carea' id='block_1_88' title="bbox 1994 2762 3596 2851">
    <p class='ocr_par' dir='ltr' id='par_1_88' title="bbox 1994 2762 3596 2851">
     <span class='ocr_line' id='line_1_88' title="bbox 1994 2762 3596 2851; baseline 0.023 -37"><span class='ocrx_word' id='word_1_646' title='bbox 1994 2776 2103 2816; x_wconf 89' lang='lat' dir='ltr'><strong>non</strong></span> <span class='ocrx_word' id='word_1_647' title='bbox 2136 2762 2288 2820; x_wconf 84' lang='lat' dir='ltr'><strong>timet</strong></span> <span class='ocrx_word' id='word_1_648' title='bbox 2310 2768 2479 2823; x_wconf 90' lang='lat' dir='ltr'><strong>multa</strong></span> <span class='ocrx_word' id='word_1_649' title='bbox 2516 2771 2683 2827; x_wconf 89' lang='lat' dir='ltr'><strong>millia</strong></span> <span class='ocrx_word' id='word_1_650' title='bbox 2714 2779 2899 2847; x_wconf 90' lang='lat' dir='ltr'><strong>populi</strong></span> <span class='ocrx_word' id='word_1_651' title='bbox 2929 2762 3310 2843; x_wconf 87' lang='lat' dir='ltr'><strong>circumdantis</strong></span> <span class='ocrx_word' id='word_1_652' title='bbox 3357 2805 3435 2846; x_wconf 91' lang='lat' dir='ltr'><strong>se.</strong></span> <span class='ocrx_word' id='word_1_653' title='bbox 3470 2762 3596 2851; x_wconf 70' lang='lat' dir='ltr'><strong>Haec</strong></span> 
     </span>
    </p>
   </div>
   <div class='ocr_carea' id='block_1_89' title="bbox 1992 2854 3590 2958">
    <p class='ocr_par' dir='ltr' id='par_1_89' title="bbox 1992 2854 3590 2958">
     <span class='ocr_line' id='line_1_89' title="bbox 1992 2854 3590 2958; baseline 0.024 -53"><span class='ocrx_word' id='word_1_654' title='bbox 1992 2860 2076 2906; x_wconf 81' lang='lat' dir='ltr'><strong>est</strong></span> <span class='ocrx_word' id='word_1_655' title='bbox 2105 2854 2247 2910; x_wconf 89' lang='lat' dir='ltr'><strong>enim</strong></span> <span class='ocrx_word' id='word_1_656' title='bbox 2278 2859 2424 2915; x_wconf 83' lang='lat' dir='ltr'><strong>salus</strong></span> <span class='ocrx_word' id='word_1_657' title='bbox 2452 2861 2666 2920; x_wconf 91' lang='lat' dir='ltr'><strong>Domini</strong></span> <span class='ocrx_word' id='word_1_658' title='bbox 2687 2875 2743 2921; x_wconf 90' lang='lat' dir='ltr'><strong>et</strong></span> <span class='ocrx_word' id='word_1_659' title='bbox 2763 2884 2929 2941; x_wconf 88' lang='lat' dir='ltr'><strong>super</strong></span> <span class='ocrx_word' id='word_1_660' title='bbox 2956 2890 3058 2936; x_wconf 84' lang='lat' dir='ltr'><strong>nos</strong></span> <span class='ocrx_word' id='word_1_661' title='bbox 3083 2878 3175 2947; x_wconf 90' lang='lat' dir='ltr'><strong>qui</strong></span> <span class='ocrx_word' id='word_1_662' title='bbox 3205 2894 3390 2939; x_wconf 89' lang='lat' dir='ltr'><strong>sumus</strong></span> <span class='ocrx_word' id='word_1_663' title='bbox 3418 2900 3590 2958; x_wconf 90' lang='lat' dir='ltr'><strong>popu-</strong></span> 
     </span>
    </p>
   </div>
   <div class='ocr_carea' id='block_1_90' title="bbox 1994 2944 3588 3044">
    <p class='ocr_par' dir='ltr' id='par_1_90' title="bbox 1994 2944 3588 3044">
     <span class='ocr_line' id='line_1_90' title="bbox 1994 2944 3588 3044; baseline 0.024 -46"><span class='ocrx_word' id='word_1_664' title='bbox 1994 2944 2078 2999; x_wconf 92' lang='lat' dir='ltr'><strong>lus</strong></span> <span class='ocrx_word' id='word_1_665' title='bbox 2104 2945 2242 3015; x_wconf 89' lang='lat' dir='ltr'><strong>ejus.</strong></span> <span class='ocrx_word' id='word_1_666' title='bbox 2285 2948 2411 3031; x_wconf 43' lang='lat' dir='ltr'><strong>Haec</strong></span> <span class='ocrx_word' id='word_1_667' title='bbox 2439 2962 2525 3010; x_wconf 92' lang='lat' dir='ltr'><strong>est</strong></span> <span class='ocrx_word' id='word_1_668' title='bbox 2551 2956 2858 3020; x_wconf 88' lang='lat' dir='ltr'><strong>benedictio</strong></span> <span class='ocrx_word' id='word_1_669' title='bbox 2886 2963 3023 3037; x_wconf 89' lang='lat' dir='ltr'><strong>ejus,</strong></span> <span class='ocrx_word' id='word_1_670' title='bbox 3058 2944 3150 3042; x_wconf 80' lang='lat' dir='ltr'><strong>qui</strong></span> <span class='ocrx_word' id='word_1_671' title='bbox 3179 2944 3456 3044; x_wconf 46' lang='lat' dir='ltr'><strong>regnat&#39;iii</strong></span> <span class='ocrx_word' id='word_1_672' title='bbox 3486 2944 3588 3036; x_wconf 71' lang='lat' dir='ltr'><strong>sa:-</strong></span> 
     </span>
    </p>
   </div>
   <div class='ocr_carea' id='block_1_91' title="bbox 1993 3037 3373 3108">
    <p class='ocr_par' dir='ltr' id='par_1_91' title="bbox 1993 3037 3373 3108">
     <span class='ocr_line' id='line_1_91' title="bbox 1993 3037 3373 3108; baseline 0.016 -15"><span class='ocrx_word' id='word_1_673' title='bbox 1993 3037 2113 3095; x_wconf 92' lang='lat' dir='ltr'><strong>cula</strong></span> <span class='ocrx_word' id='word_1_674' title='bbox 2142 3044 2481 3102; x_wconf 68' lang='lat' dir='ltr'><strong>seculorum.</strong></span> <span class='ocrx_word' id='word_1_675' title='bbox 2522 3049 2711 3108; x_wconf 88' lang='lat' dir='ltr'><strong>Amen.</strong></span> <span class='ocrx_word' id='word_1_676' title='bbox 3075 3037 3092 3042; x_wconf 48' lang='grc'><strong><em>“</em></strong></span> <span class='ocrx_word' id='word_1_677' title='bbox 3242 3037 3268 3044; x_wconf 44' lang='grc'>⁷</span> <span class='ocrx_word' id='word_1_678' title='bbox 3370 3050 3373 3055; x_wconf 63' lang='grc'><em>’</em></span> 
     </span>
    </p>
   </div>
   <div class='ocr_carea' id='block_1_92' title="bbox 2513 3162 3014 3230">
    <p class='ocr_par' dir='ltr' id='par_1_92' title="bbox 2513 3162 3014 3230">
     <span class='ocr_line' id='line_1_92' title="bbox 2513 3162 3014 3230; baseline 0.02 -11"><span class='ocrx_word' id='word_1_679' title='bbox 2513 3188 2517 3191; x_wconf 93' lang='grc'><strong>·</strong></span> <span class='ocrx_word' id='word_1_680' title='bbox 2571 3162 2888 3227; x_wconf 84' lang='lat' dir='ltr'><strong>PSALMUS</strong></span> <span class='ocrx_word' id='word_1_681' title='bbox 2925 3174 3014 3230; x_wconf 87' lang='lat' dir='ltr'><strong>IV.</strong></span> 
     </span>
    </p>
   </div>
   <div class='ocr_carea' id='block_1_93' title="bbox 2201 3268 3369 3358">
    <p class='ocr_par' dir='ltr' id='par_1_93' title="bbox 2201 3268 3369 3358">
     <span class='ocr_line' id='line_1_93' title="bbox 2201 3268 3369 3358; baseline 0.026 -36"><span class='ocrx_word' id='word_1_682' title='bbox 2201 3268 2257 3324; x_wconf 92' lang='lat' dir='ltr'><strong>ln</strong></span> <span class='ocrx_word' id='word_1_683' title='bbox 2291 3269 2448 3327; x_wconf 88' lang='lat' dir='ltr'><strong>tinem</strong></span> <span class='ocrx_word' id='word_1_684' title='bbox 2475 3273 2528 3331; x_wconf 93' lang='lat' dir='ltr'><strong>in</strong></span> <span class='ocrx_word' id='word_1_685' title='bbox 2553 3281 2902 3351; x_wconf 87' lang='lat' dir='ltr'><strong>carminibus,</strong></span> <span class='ocrx_word' id='word_1_686' title='bbox 2925 3288 3164 3358; x_wconf 84' lang='lat' dir='ltr'><strong>psalmus</strong></span> <span class='ocrx_word' id='word_1_687' title='bbox 3185 3293 3369 3352; x_wconf 91' lang='lat' dir='ltr'><strong>David.</strong></span> 
     </span>
    </p>
   </div>
   <div class='ocr_carea' id='block_1_94' title="bbox 2064 3384 3586 3481">
    <p class='ocr_par' dir='ltr' id='par_1_94' title="bbox 2064 3384 3586 3481">
     <span class='ocr_line' id='line_1_94' title="bbox 2064 3384 3586 3481; baseline 0.023 -43"><span class='ocrx_word' id='word_1_688' title='bbox 2064 3384 2194 3441; x_wconf 76' lang='lat' dir='ltr'><strong>Cum</strong></span> <span class='ocrx_word' id='word_1_689' title='bbox 2213 3390 2506 3447; x_wconf 85' lang='lat' dir='ltr'><strong>inrocarem</strong></span> <span class='ocrx_word' id='word_1_690' title='bbox 2530 3398 2792 3454; x_wconf 70' lang='lat' dir='ltr'><strong>exaudiuit</strong></span> <span class='ocrx_word' id='word_1_691' title='bbox 2821 3418 2902 3456; x_wconf 89' lang='lat' dir='ltr'><strong>me</strong></span> <span class='ocrx_word' id='word_1_692' title='bbox 2934 3402 3073 3461; x_wconf 87' lang='lat' dir='ltr'><strong>Deus</strong></span> <span class='ocrx_word' id='word_1_693' title='bbox 3100 3408 3321 3479; x_wconf 72' lang='lat' dir='ltr'><strong>justitia&#39;</strong></span> <span class='ocrx_word' id='word_1_694' title='bbox 3351 3432 3497 3481; x_wconf 74' lang='lat' dir='ltr'><strong>metu,</strong></span> <span class='ocrx_word' id='word_1_695' title='bbox 3530 3420 3586 3471; x_wconf 88' lang='lat' dir='ltr'><strong>in</strong></span> 
     </span>
    </p>
   </div>
   <div class='ocr_carea' id='block_1_95' title="bbox 1993 3476 3587 3565">
    <p class='ocr_par' dir='ltr' id='par_1_95' title="bbox 1993 3476 3587 3565">
     <span class='ocr_line' id='line_1_95' title="bbox 1993 3476 3587 3565; baseline 0.023 -35"><span class='ocrx_word' id='word_1_696' title='bbox 1993 3476 2327 3537; x_wconf 88' lang='lat' dir='ltr'><strong>tribulatione</strong></span> <span class='ocrx_word' id='word_1_697' title='bbox 2352 3483 2588 3543; x_wconf 88' lang='lat' dir='ltr'><strong>dilatasti</strong></span> <span class='ocrx_word' id='word_1_698' title='bbox 2609 3492 2754 3546; x_wconf 84' lang='lat' dir='ltr'><strong>mihi.</strong></span> <span class='ocrx_word' id='word_1_699' title='bbox 2788 3493 3037 3553; x_wconf 74' lang='lat' dir='ltr'><strong>Miserere</strong></span> <span class='ocrx_word' id='word_1_700' title='bbox 3057 3476 3157 3555; x_wconf 79' lang='lat' dir='ltr'><strong>mei</strong></span> <span class='ocrx_word' id='word_1_701' title='bbox 3180 3515 3230 3557; x_wconf 88' lang='lat' dir='ltr'><strong>et</strong></span> <span class='ocrx_word' id='word_1_702' title='bbox 3249 3509 3439 3563; x_wconf 68' lang='lat' dir='ltr'><strong>exaudi</strong></span> <span class='ocrx_word' id='word_1_703' title='bbox 3467 3476 3587 3565; x_wconf 87' lang='lat' dir='ltr'><strong>ora-</strong></span> 
     </span>
    </p>
   </div>
   <div class='ocr_carea' id='block_1_96' title="bbox 1991 3568 3590 3664">
    <p class='ocr_par' dir='ltr' id='par_1_96' title="bbox 1991 3568 3590 3664">
     <span class='ocr_line' id='line_1_96' title="bbox 1991 3568 3590 3664; baseline 0.022 -44"><span class='ocrx_word' id='word_1_704' title='bbox 1991 3568 2183 3624; x_wconf 87' lang='lat' dir='ltr'><strong>tionem</strong></span> <span class='ocrx_word' id='word_1_705' title='bbox 2203 3588 2391 3628; x_wconf 87' lang='lat' dir='ltr'><strong>meam.</strong></span> <span class='ocrx_word' id='word_1_706' title='bbox 2421 3575 2547 3632; x_wconf 79' lang='lat' dir='ltr'><strong>Filii</strong></span> <span class='ocrx_word' id='word_1_707' title='bbox 2569 3580 2852 3647; x_wconf 75' lang='lat' dir='ltr'><strong>hominum,</strong></span> <span class='ocrx_word' id='word_1_708' title='bbox 2886 3602 3145 3661; x_wconf 81' lang='lat' dir='ltr'><strong>usqueqtm</strong></span> <span class='ocrx_word' id='word_1_709' title='bbox 3164 3597 3309 3664; x_wconf 74' lang='lat' dir='ltr'><strong>gravi</strong></span> <span class='ocrx_word' id='word_1_710' title='bbox 3329 3599 3502 3662; x_wconf 84' lang='lat' dir='ltr'><strong>corde,</strong></span> <span class='ocrx_word' id='word_1_711' title='bbox 3533 3610 3590 3655; x_wconf 87' lang='lat' dir='ltr'><strong>ut</strong></span> 
     </span>
    </p>
   </div>
   <div class='ocr_carea' id='block_1_97' title="bbox 1987 3661 3587 3742">
    <p class='ocr_par' dir='ltr' id='par_1_97' title="bbox 1987 3661 3587 3742">
     <span class='ocr_line' id='line_1_97' title="bbox 1987 3661 3587 3742; baseline 0.019 -31"><span class='ocrx_word' id='word_1_712' title='bbox 1987 3661 2111 3730; x_wconf 86' lang='lat' dir='ltr'><strong>quid</strong></span> <span class='ocrx_word' id='word_1_713' title='bbox 2160 3662 2377 3733; x_wconf 85' lang='lat' dir='ltr'><strong>diligitis</strong></span> <span class='ocrx_word' id='word_1_714' title='bbox 2425 3670 2725 3734; x_wconf 84' lang='lat' dir='ltr'><strong>vanitatem,</strong></span> <span class='ocrx_word' id='word_1_715' title='bbox 2777 3682 2826 3724; x_wconf 87' lang='lat' dir='ltr'><strong>et</strong></span> <span class='ocrx_word' id='word_1_716' title='bbox 2865 3678 3096 3742; x_wconf 77' lang='lat' dir='ltr'><strong>quwritis</strong></span> <span class='ocrx_word' id='word_1_717' title='bbox 3124 3661 3495 3738; x_wconf 73' lang='lat' dir='ltr'><strong>mendacimn?</strong></span> <span class='ocrx_word' id='word_1_718' title='bbox 3515 3686 3587 3741; x_wconf 73' lang='lat' dir='ltr'><strong>Et</strong></span> 
     </span>
    </p>
   </div>
   <div class='ocr_carea' id='block_1_98' title="bbox 1985 3753 3584 3843">
    <p class='ocr_par' dir='ltr' id='par_1_98' title="bbox 1985 3753 3584 3843">
     <span class='ocr_line' id='line_1_98' title="bbox 1985 3753 3584 3843; baseline 0.018 -38"><span class='ocrx_word' id='word_1_719' title='bbox 1985 3753 2168 3805; x_wconf 85' lang='lat' dir='ltr'><strong>scitote</strong></span> <span class='ocrx_word' id='word_1_720' title='bbox 2193 3756 2439 3823; x_wconf 88' lang='lat' dir='ltr'><strong>quoniam</strong></span> <span class='ocrx_word' id='word_1_721' title='bbox 2466 3758 2759 3827; x_wconf 72' lang='lat' dir='ltr'><strong>miri/ienuit</strong></span> <span class='ocrx_word' id='word_1_722' title='bbox 2790 3761 3042 3820; x_wconf 87' lang='lat' dir='ltr'><strong>Dominus</strong></span> <span class='ocrx_word' id='word_1_723' title='bbox 3070 3781 3304 3826; x_wconf 83' lang='lat' dir='ltr'><strong>sanctum</strong></span> <span class='ocrx_word' id='word_1_724' title='bbox 3334 3792 3501 3843; x_wconf 87' lang='lat' dir='ltr'><strong>suum,</strong></span> <span class='ocrx_word' id='word_1_725' title='bbox 3532 3790 3584 3833; x_wconf 79' lang='lat' dir='ltr'><strong>et</strong></span> 
     </span>
    </p>
   </div>
   <div class='ocr_carea' id='block_1_99' title="bbox 1988 3840 3585 3922">
    <p class='ocr_par' dir='ltr' id='par_1_99' title="bbox 1988 3840 3585 3922">
     <span class='ocr_line' id='line_1_99' title="bbox 1988 3840 3585 3922; baseline 0.018 -28"><span class='ocrx_word' id='word_1_726' title='bbox 1988 3840 2244 3896; x_wconf 88' lang='lat' dir='ltr'><strong>Dominus</strong></span> <span class='ocrx_word' id='word_1_727' title='bbox 2273 3844 2513 3899; x_wconf 70' lang='lat' dir='ltr'><strong>exaudiet</strong></span> <span class='ocrx_word' id='word_1_728' title='bbox 2550 3862 2631 3901; x_wconf 88' lang='lat' dir='ltr'><strong>me</strong></span> <span class='ocrx_word' id='word_1_729' title='bbox 2670 3864 2782 3903; x_wconf 88' lang='lat' dir='ltr'><strong>cum</strong></span> <span class='ocrx_word' id='word_1_730' title='bbox 2810 3852 3099 3911; x_wconf 82' lang='lat' dir='ltr'><strong>clamarem</strong></span> <span class='ocrx_word' id='word_1_731' title='bbox 3119 3858 3190 3910; x_wconf 90' lang='lat' dir='ltr'><strong>ad</strong></span> <span class='ocrx_word' id='word_1_732' title='bbox 3208 3877 3337 3915; x_wconf 90' lang='lat' dir='ltr'><strong>eum.</strong></span> <span class='ocrx_word' id='word_1_733' title='bbox 3388 3863 3585 3922; x_wconf 67' lang='lat' dir='ltr'><strong>Irasci-</strong></span> 
     </span>
    </p>
   </div>
   <div class='ocr_carea' id='block_1_100' title="bbox 1986 3935 3578 4025">
    <p class='ocr_par' dir='ltr' id='par_1_100' title="bbox 1986 3935 3578 4025">
     <span class='ocr_line' id='line_1_100' title="bbox 1986 3935 3578 4025; baseline 0.016 -36"><span class='ocrx_word' id='word_1_734' title='bbox 1986 3935 2115 3990; x_wconf 89' lang='lat' dir='ltr'><strong>mini</strong></span> <span class='ocrx_word' id='word_1_735' title='bbox 2141 3945 2193 3989; x_wconf 90' lang='lat' dir='ltr'><strong>et</strong></span> <span class='ocrx_word' id='word_1_736' title='bbox 2232 3935 2392 3991; x_wconf 89' lang='lat' dir='ltr'><strong>nolite</strong></span> <span class='ocrx_word' id='word_1_737' title='bbox 2420 3955 2652 4009; x_wconf 85' lang='lat' dir='ltr'><strong>peccare,</strong></span> <span class='ocrx_word' id='word_1_738' title='bbox 2682 3958 2796 4014; x_wconf 76' lang='lat' dir='ltr'><strong>qua:</strong></span> <span class='ocrx_word' id='word_1_739' title='bbox 2822 3943 2991 4001; x_wconf 88' lang='lat' dir='ltr'><strong>dicitis</strong></span> <span class='ocrx_word' id='word_1_740' title='bbox 3020 3948 3073 4001; x_wconf 91' lang='lat' dir='ltr'><strong>in</strong></span> <span class='ocrx_word' id='word_1_741' title='bbox 3105 3951 3344 4007; x_wconf 87' lang='lat' dir='ltr'><strong>cordibus</strong></span> <span class='ocrx_word' id='word_1_742' title='bbox 3380 3960 3578 4025; x_wconf 68' lang='lat' dir='ltr'><strong>t&#39;rstris,</strong></span> 
     </span>
    </p>
   </div>
   <div class='ocr_carea' id='block_1_101' title="bbox 1981 4026 3583 4117">
    <p class='ocr_par' dir='ltr' id='par_1_101' title="bbox 1981 4026 3583 4117">
     <span class='ocr_line' id='line_1_101' title="bbox 1981 4026 3583 4117; baseline 0.017 -39"><span class='ocrx_word' id='word_1_743' title='bbox 1981 4035 2033 4079; x_wconf 90' lang='lat' dir='ltr'><strong>et</strong></span> <span class='ocrx_word' id='word_1_744' title='bbox 2053 4028 2106 4080; x_wconf 90' lang='lat' dir='ltr'><strong>in</strong></span> <span class='ocrx_word' id='word_1_745' title='bbox 2128 4026 2376 4084; x_wconf 83' lang='lat' dir='ltr'><strong>cubilibus</strong></span> <span class='ocrx_word' id='word_1_746' title='bbox 2408 4033 2585 4086; x_wconf 70' lang='lat' dir='ltr'><strong>uestris</strong></span> <span class='ocrx_word' id='word_1_747' title='bbox 2605 4038 3025 4109; x_wconf 85' lang='lat' dir='ltr'><strong>compungimini.</strong></span> <span class='ocrx_word' id='word_1_748' title='bbox 3053 4041 3359 4115; x_wconf 70' lang='lat' dir='ltr'><strong>Sacri/ictuc</strong></span> <span class='ocrx_word' id='word_1_749' title='bbox 3374 4050 3583 4117; x_wconf 79' lang='lat' dir='ltr'><strong>sacri/i-</strong></span> 
     </span>
    </p>
   </div>
   <div class='ocr_carea' id='block_1_102' title="bbox 1983 4122 3579 4207">
    <p class='ocr_par' dir='ltr' id='par_1_102' title="bbox 1983 4122 3579 4207">
     <span class='ocr_line' id='line_1_102' title="bbox 1983 4122 3579 4207; baseline 0.016 -34"><span class='ocrx_word' id='word_1_750' title='bbox 1983 4122 2119 4174; x_wconf 88' lang='lat' dir='ltr'><strong>cium</strong></span> <span class='ocrx_word' id='word_1_751' title='bbox 2144 4123 2358 4188; x_wconf 72' lang='lat' dir='ltr'><strong>iustitia:</strong></span> <span class='ocrx_word' id='word_1_752' title='bbox 2378 4136 2428 4178; x_wconf 88' lang='lat' dir='ltr'><strong>et</strong></span> <span class='ocrx_word' id='word_1_753' title='bbox 2447 4137 2651 4195; x_wconf 85' lang='lat' dir='ltr'><strong>sperate</strong></span> <span class='ocrx_word' id='word_1_754' title='bbox 2671 4130 2724 4182; x_wconf 90' lang='lat' dir='ltr'><strong>in</strong></span> <span class='ocrx_word' id='word_1_755' title='bbox 2758 4128 2996 4200; x_wconf 88' lang='lat' dir='ltr'><strong>Domino,</strong></span> <span class='ocrx_word' id='word_1_756' title='bbox 3022 4136 3167 4191; x_wconf 89' lang='lat' dir='ltr'><strong>multi</strong></span> <span class='ocrx_word' id='word_1_757' title='bbox 3196 4139 3371 4194; x_wconf 71' lang='lat' dir='ltr'><strong>(licunt</strong></span> <span class='ocrx_word' id='word_1_758' title='bbox 3401 4160 3417 4194; x_wconf 90' lang='lat'><em>:</em></span> <span class='ocrx_word' id='word_1_759' title='bbox 3450 4143 3579 4207; x_wconf 76' lang='lat' dir='ltr'><strong>Quis</strong></span> 
     </span>
    </p>
   </div>
   <div class='ocr_carea' id='block_1_103' title="bbox 1982 4214 3577 4300">
    <p class='ocr_par' dir='ltr' id='par_1_103' title="bbox 1982 4214 3577 4300">
     <span class='ocr_line' id='line_1_103' title="bbox 1982 4214 3577 4300; baseline 0.018 -35"><span class='ocrx_word' id='word_1_760' title='bbox 1982 4214 2204 4268; x_wconf 87' lang='lat' dir='ltr'><strong>ostendit</strong></span> <span class='ocrx_word' id='word_1_761' title='bbox 2224 4215 2371 4270; x_wconf 90' lang='lat' dir='ltr'><strong>nobis</strong></span> <span class='ocrx_word' id='word_1_762' title='bbox 2396 4215 2529 4271; x_wconf 89' lang='lat' dir='ltr'><strong>bona</strong></span> <span class='ocrx_word' id='word_1_763' title='bbox 2546 4220 2571 4272; x_wconf 72' lang='grc' dir='ltr'><strong>ἴ)</strong></span> <span class='ocrx_word' id='word_1_764' title='bbox 2594 4221 2869 4293; x_wconf 86' lang='lat' dir='ltr'><strong>Signatum</strong></span> <span class='ocrx_word' id='word_1_765' title='bbox 2889 4238 2964 4280; x_wconf 88' lang='lat' dir='ltr'><strong>cst</strong></span> <span class='ocrx_word' id='word_1_766' title='bbox 2984 4245 3139 4300; x_wconf 82' lang='lat' dir='ltr'><strong>super</strong></span> <span class='ocrx_word' id='word_1_767' title='bbox 3158 4249 3250 4286; x_wconf 90' lang='lat' dir='ltr'><strong>nos</strong></span> <span class='ocrx_word' id='word_1_768' title='bbox 3274 4233 3440 4290; x_wconf 79' lang='lat' dir='ltr'><strong>lumen</strong></span> <span class='ocrx_word' id='word_1_769' title='bbox 3466 4239 3577 4293; x_wconf 86' lang='lat' dir='ltr'><strong>rul-</strong></span> 
     </span>
    </p>
   </div>
   <div class='ocr_carea' id='block_1_104' title="bbox 1982 4306 3576 4402">
    <p class='ocr_par' dir='ltr' id='par_1_104' title="bbox 1982 4306 3576 4402">
     <span class='ocr_line' id='line_1_104' title="bbox 1982 4306 3576 4402; baseline 0.018 -46"><span class='ocrx_word' id='word_1_770' title='bbox 1982 4315 2065 4359; x_wconf 86' lang='lat' dir='ltr'><strong>tus</strong></span> <span class='ocrx_word' id='word_1_771' title='bbox 2094 4308 2186 4372; x_wconf 81' lang='lat' dir='ltr'><strong>tui;</strong></span> <span class='ocrx_word' id='word_1_772' title='bbox 2221 4306 2443 4373; x_wconf 86' lang='lat' dir='ltr'><strong>Domine</strong></span> <span class='ocrx_word' id='word_1_773' title='bbox 2465 4352 2478 4377; x_wconf 93' lang='lat'><strong>,</strong></span> <span class='ocrx_word' id='word_1_774' title='bbox 2505 4311 2691 4368; x_wconf 87' lang='lat' dir='ltr'><strong>dedisti</strong></span> <span class='ocrx_word' id='word_1_775' title='bbox 2711 4315 2948 4372; x_wconf 80' lang='lat' dir='ltr'><strong>lwtitium</strong></span> <span class='ocrx_word' id='word_1_776' title='bbox 2977 4320 3027 4373; x_wconf 90' lang='lat' dir='ltr'><strong>in</strong></span> <span class='ocrx_word' id='word_1_777' title='bbox 3050 4322 3205 4377; x_wconf 83' lang='lat' dir='ltr'><strong>corde</strong></span> <span class='ocrx_word' id='word_1_778' title='bbox 3233 4343 3363 4381; x_wconf 85' lang='lat' dir='ltr'><strong>meo.</strong></span> <span class='ocrx_word' id='word_1_779' title='bbox 3396 4330 3433 4381; x_wconf 68' lang='grc' dir='ltr'><em>Α</em></span> <span class='ocrx_word' id='word_1_780' title='bbox 3460 4333 3576 4402; x_wconf 78' lang='lat' dir='ltr'><strong>[ru-</strong></span> 
     </span>
    </p>
   </div>
   <div class='ocr_carea' id='block_1_105' title="bbox 1979 4398 3578 4491">
    <p class='ocr_par' dir='ltr' id='par_1_105' title="bbox 1979 4398 3578 4491">
     <span class='ocr_line' id='line_1_105' title="bbox 1979 4398 3578 4491; baseline 0.018 -43"><span class='ocrx_word' id='word_1_781' title='bbox 1979 4405 2064 4449; x_wconf 85' lang='lat' dir='ltr'><strong>ctu</strong></span> <span class='ocrx_word' id='word_1_782' title='bbox 2086 4398 2351 4468; x_wconf 75' lang='lat' dir='ltr'><strong>frumenti,</strong></span> <span class='ocrx_word' id='word_1_783' title='bbox 2384 4402 2488 4455; x_wconf 81' lang='lat' dir='ltr'><strong>viul</strong></span> <span class='ocrx_word' id='word_1_784' title='bbox 2516 4411 2565 4456; x_wconf 92' lang='lat' dir='ltr'><strong>et</strong></span> <span class='ocrx_word' id='word_1_785' title='bbox 2585 4403 2682 4458; x_wconf 90' lang='lat' dir='ltr'><strong>olei</strong></span> <span class='ocrx_word' id='word_1_786' title='bbox 2713 4407 2814 4470; x_wconf 82' lang='lat' dir='ltr'><strong>sui,</strong></span> <span class='ocrx_word' id='word_1_787' title='bbox 2840 4410 3168 4481; x_wconf 82' lang='lat' dir='ltr'><strong>multiplicati</strong></span> <span class='ocrx_word' id='word_1_788' title='bbox 3188 4429 3327 4471; x_wconf 87' lang='lat' dir='ltr'><strong>sunt.</strong></span> <span class='ocrx_word' id='word_1_789' title='bbox 3354 4416 3417 4473; x_wconf 88' lang='lat' dir='ltr'><strong>In</strong></span> <span class='ocrx_word' id='word_1_790' title='bbox 3450 4398 3578 4491; x_wconf 80' lang='lat' dir='ltr'><strong>pace</strong></span> 
     </span>
    </p>
   </div>
   <div class='ocr_carea' id='block_1_106' title="bbox 1980 4489 3647 4577">
    <p class='ocr_par' dir='ltr' id='par_1_106' title="bbox 1980 4489 3647 4577">
     <span class='ocr_line' id='line_1_106' title="bbox 1980 4489 3647 4577; baseline 0.016 -36"><span class='ocrx_word' id='word_1_791' title='bbox 1980 4489 2034 4542; x_wconf 90' lang='lat' dir='ltr'><strong>in</strong></span> <span class='ocrx_word' id='word_1_792' title='bbox 2065 4489 2287 4560; x_wconf 86' lang='lat' dir='ltr'><strong>idipsum</strong></span> <span class='ocrx_word' id='word_1_793' title='bbox 2330 4492 2587 4548; x_wconf 89' lang='lat' dir='ltr'><strong>dormiam</strong></span> <span class='ocrx_word' id='word_1_794' title='bbox 2634 4506 2683 4550; x_wconf 88' lang='lat' dir='ltr'><strong>et</strong></span> <span class='ocrx_word' id='word_1_795' title='bbox 2712 4500 3046 4570; x_wconf 80' lang='lat' dir='ltr'><strong>requiescam.</strong></span> <span class='ocrx_word' id='word_1_796' title='bbox 3075 4500 3330 4568; x_wconf 76' lang='lat' dir='ltr'><strong>Quoniam</strong></span> <span class='ocrx_word' id='word_1_797' title='bbox 3363 4489 3580 4577; x_wconf 32' lang='lat' dir='ltr'><strong>tu,_Do-</strong></span> <span class='ocrx_word' id='word_1_798' title='bbox 3644 4560 3647 4563; x_wconf 98' lang='lat'><strong>.</strong></span> 
     </span>
    </p>
   </div>
   <div class='ocr_carea' id='block_1_107' title="bbox 1859 4581 3158 4658">
    <p class='ocr_par' dir='ltr' id='par_1_107' title="bbox 1859 4581 3158 4658">
     <span class='ocr_line' id='line_1_107' title="bbox 1859 4581 3158 4658; baseline 0.013 -27"><span class='ocrx_word' id='word_1_799' title='bbox 1859 4581 1876 4657; x_wconf 80' lang='lat'><strong>_&#39;</strong></span> <span class='ocrx_word' id='word_1_800' title='bbox 1902 4597 1954 4657; x_wconf 77' lang='grc' dir='ltr'><strong>υ</strong></span> <span class='ocrx_word' id='word_1_801' title='bbox 1980 4581 2137 4646; x_wconf 87' lang='lat' dir='ltr'><strong>mine,</strong></span> <span class='ocrx_word' id='word_1_802' title='bbox 2164 4582 2501 4654; x_wconf 84' lang='lat' dir='ltr'><strong>singulariter</strong></span> <span class='ocrx_word' id='word_1_803' title='bbox 2529 4586 2580 4640; x_wconf 90' lang='lat' dir='ltr'><strong>in</strong></span> <span class='ocrx_word' id='word_1_804' title='bbox 2606 4602 2697 4658; x_wconf 86' lang='lat' dir='ltr'><strong>spe</strong></span> <span class='ocrx_word' id='word_1_805' title='bbox 2725 4593 3042 4647; x_wconf 85' lang='lat' dir='ltr'><strong>constituisti</strong></span> <span class='ocrx_word' id='word_1_806' title='bbox 3062 4611 3158 4648; x_wconf 88' lang='lat' dir='ltr'><strong>me.</strong></span> 
     </span>
    </p>
   </div>
   <div class='ocr_carea' id='block_1_108' title="bbox 2565 4693 3003 4738">
    <p class='ocr_par' dir='ltr' id='par_1_108' title="bbox 2565 4693 3003 4738">
     <span class='ocr_line' id='line_1_108' title="bbox 2565 4693 3003 4738; baseline 0.014 -5"><span class='ocrx_word' id='word_1_807' title='bbox 2565 4693 3003 4738; x_wconf 74' lang='lat' dir='ltr'><strong>COIIIIEN‘I&#39;ABIUI.</strong></span> 
     </span>
    </p>
   </div>
   <div class='ocr_carea' id='block_1_109' title="bbox 2055 4789 3576 4881">
    <p class='ocr_par' dir='ltr' id='par_1_109' title="bbox 2055 4789 3576 4881">
     <span class='ocr_line' id='line_1_109' title="bbox 2055 4789 3576 4881; baseline 0.014 -37"><span class='ocrx_word' id='word_1_808' title='bbox 2055 4789 2263 4847; x_wconf 90' lang='lat' dir='ltr'><strong>Titulus</strong></span> <span class='ocrx_word' id='word_1_809' title='bbox 2301 4795 2479 4863; x_wconf 87' lang='lat' dir='ltr'><strong>quarti</strong></span> <span class='ocrx_word' id='word_1_810' title='bbox 2516 4795 2566 4850; x_wconf 89' lang='lat' dir='ltr'><strong>in</strong></span> <span class='ocrx_word' id='word_1_811' title='bbox 2611 4798 2965 4863; x_wconf 85' lang='lat' dir='ltr'><strong>carminibus,</strong></span> <span class='ocrx_word' id='word_1_812' title='bbox 2996 4801 3050 4856; x_wconf 85' lang='lat' dir='ltr'><strong>id</strong></span> <span class='ocrx_word' id='word_1_813' title='bbox 3080 4810 3186 4870; x_wconf 87' lang='lat' dir='ltr'><strong>est,</strong></span> <span class='ocrx_word' id='word_1_814' title='bbox 3225 4804 3277 4860; x_wconf 92' lang='lat' dir='ltr'><strong>in</strong></span> <span class='ocrx_word' id='word_1_815' title='bbox 3305 4811 3576 4881; x_wconf 87' lang='lat' dir='ltr'><strong>mysteriis</strong></span> 
     </span>
    </p>
   </div>
   <div class='ocr_carea' id='block_1_110' title="bbox 1950 4882 3575 4979">
    <p class='ocr_par' dir='ltr' id='par_1_110' title="bbox 1950 4882 3575 4979">
     <span class='ocr_line' id='line_1_110' title="bbox 1950 4882 3575 4979; baseline 0.014 -45"><span class='ocrx_word' id='word_1_816' title='bbox 1950 4898 1957 4901; x_wconf 75' lang='lat'>&#39;</span> <span class='ocrx_word' id='word_1_817' title='bbox 1983 4882 2218 4951; x_wconf 90' lang='lat' dir='ltr'><strong>ponitur.</strong></span> <span class='ocrx_word' id='word_1_818' title='bbox 2267 4882 2322 4938; x_wconf 91' lang='lat' dir='ltr'><strong>In</strong></span> <span class='ocrx_word' id='word_1_819' title='bbox 2367 4886 2562 4955; x_wconf 85' lang='lat' dir='ltr'><strong>quibus</strong></span> <span class='ocrx_word' id='word_1_820' title='bbox 2591 4887 2733 4945; x_wconf 87' lang='lat' dir='ltr'><strong>Deus</strong></span> <span class='ocrx_word' id='word_1_821' title='bbox 2768 4889 2990 4960; x_wconf 68' lang='lat' dir='ltr'><strong>justitizu</strong></span> <span class='ocrx_word' id='word_1_822' title='bbox 3019 4895 3296 4979; x_wconf 72' lang='lat' dir='ltr'><strong>exaudivit</strong></span> <span class='ocrx_word' id='word_1_823' title='bbox 3328 4899 3382 4955; x_wconf 93' lang='lat' dir='ltr'><strong>in</strong></span> <span class='ocrx_word' id='word_1_824' title='bbox 3411 4915 3575 4956; x_wconf 87' lang='lat' dir='ltr'><strong>cruce</strong></span> 
     </span>
    </p>
   </div>
   <div class='ocr_carea' id='block_1_111' title="bbox 1981 4975 3572 5057">
    <p class='ocr_par' dir='ltr' id='par_1_111' title="bbox 1981 4975 3572 5057">
     <span class='ocr_line' id='line_1_111' title="bbox 1981 4975 3572 5057; baseline 0.011 -28"><span class='ocrx_word' id='word_1_825' title='bbox 1981 4975 2218 5046; x_wconf 87' lang='lat' dir='ltr'><strong>positum</strong></span> <span class='ocrx_word' id='word_1_826' title='bbox 2247 4976 2439 5033; x_wconf 83' lang='lat' dir='ltr'><strong>Filium</strong></span> <span class='ocrx_word' id='word_1_827' title='bbox 2470 4995 2646 5049; x_wconf 90' lang='lat' dir='ltr'><strong>suum,</strong></span> <span class='ocrx_word' id='word_1_828' title='bbox 2687 4993 2876 5040; x_wconf 87' lang='lat' dir='ltr'><strong>contra</strong></span> <span class='ocrx_word' id='word_1_829' title='bbox 2904 4975 3380 5057; x_wconf 80' lang='lat' dir='ltr'><strong>quemirascentes</strong></span> <span class='ocrx_word' id='word_1_830' title='bbox 3399 4989 3572 5046; x_wconf 67' lang='lat' dir='ltr'><strong>Judzei</strong></span> 
     </span>
    </p>
   </div>
   <div class='ocr_carea' id='block_1_112' title="bbox 1983 5070 3572 5148">
    <p class='ocr_par' dir='ltr' id='par_1_112' title="bbox 1983 5070 3572 5148">
     <span class='ocr_line' id='line_1_112' title="bbox 1983 5070 3572 5148; baseline 0.01 -27"><span class='ocrx_word' id='word_1_831' title='bbox 1983 5074 2211 5136; x_wconf 87' lang='lat' dir='ltr'><strong>peccant</strong></span> <span class='ocrx_word' id='word_1_832' title='bbox 2258 5083 2428 5139; x_wconf 90' lang='lat' dir='ltr'><strong>usque</strong></span> <span class='ocrx_word' id='word_1_833' title='bbox 2468 5070 2649 5140; x_wconf 92' lang='lat' dir='ltr'><strong>hodie,</strong></span> <span class='ocrx_word' id='word_1_834' title='bbox 2682 5075 2775 5146; x_wconf 89' lang='lat' dir='ltr'><strong>qui</strong></span> <span class='ocrx_word' id='word_1_835' title='bbox 2803 5092 2911 5132; x_wconf 91' lang='lat' dir='ltr'><strong>non</strong></span> <span class='ocrx_word' id='word_1_836' title='bbox 2940 5087 3227 5147; x_wconf 84' lang='lat' dir='ltr'><strong>peccarent</strong></span> <span class='ocrx_word' id='word_1_837' title='bbox 3255 5079 3572 5148; x_wconf 82' lang='lat' dir='ltr'><strong>irascentes,</strong></span> 
     </span>
    </p>
   </div>
   <div class='ocr_carea' id='block_1_113' title="bbox 1982 5161 3575 5239">
    <p class='ocr_par' dir='ltr' id='par_1_113' title="bbox 1982 5161 3575 5239">
     <span class='ocr_line' id='line_1_113' title="bbox 1982 5161 3575 5239; baseline 0.009 -23"><span class='ocrx_word' id='word_1_838' title='bbox 1982 5161 2027 5216; x_wconf 89' lang='lat' dir='ltr'><strong>si</strong></span> <span class='ocrx_word' id='word_1_839' title='bbox 2056 5178 2185 5219; x_wconf 85' lang='lat' dir='ltr'><strong>vere</strong></span> <span class='ocrx_word' id='word_1_840' title='bbox 2226 5162 2322 5220; x_wconf 90' lang='lat' dir='ltr'><strong>Dei</strong></span> <span class='ocrx_word' id='word_1_841' title='bbox 2376 5182 2482 5221; x_wconf 86' lang='lat' dir='ltr'><strong>non</strong></span> <span class='ocrx_word' id='word_1_842' title='bbox 2530 5176 2674 5223; x_wconf 89' lang='lat' dir='ltr'><strong>esset</strong></span> <span class='ocrx_word' id='word_1_843' title='bbox 2704 5168 2742 5222; x_wconf 85' lang='lat' dir='ltr'><strong>F</strong></span> <span class='ocrx_word' id='word_1_844' title='bbox 2747 5169 2868 5223; x_wconf 90' lang='lat' dir='ltr'><strong>ilius</strong></span> <span class='ocrx_word' id='word_1_845' title='bbox 2896 5184 3056 5238; x_wconf 88' lang='lat' dir='ltr'><strong>quem</strong></span> <span class='ocrx_word' id='word_1_846' title='bbox 3110 5180 3386 5235; x_wconf 86' lang='lat' dir='ltr'><strong>negarent.</strong></span> <span class='ocrx_word' id='word_1_847' title='bbox 3418 5172 3575 5239; x_wconf 77' lang='lat' dir='ltr'><strong>Quod</strong></span> 
     </span>
    </p>
   </div>
   <div class='ocr_carea' id='block_1_114' title="bbox 1982 5239 3575 5334">
    <p class='ocr_par' dir='ltr' id='par_1_114' title="bbox 1982 5239 3575 5334">
     <span class='ocr_line' id='line_1_114' title="bbox 1982 5239 3575 5334; baseline 0.009 -25"><span class='ocrx_word' id='word_1_848' title='bbox 1982 5255 2060 5311; x_wconf 90' lang='lat' dir='ltr'><strong>eis</strong></span> <span class='ocrx_word' id='word_1_849' title='bbox 2074 5239 2410 5324; x_wconf 34' lang='lat' dir='ltr'><strong>ideo-evenit,</strong></span> <span class='ocrx_word' id='word_1_850' title='bbox 2424 5261 2548 5330; x_wconf 82' lang='lat' dir='ltr'><strong>quia</strong></span> <span class='ocrx_word' id='word_1_851' title='bbox 2573 5276 2678 5315; x_wconf 92' lang='lat' dir='ltr'><strong>non</strong></span> <span class='ocrx_word' id='word_1_852' title='bbox 2700 5261 3002 5315; x_wconf 76' lang='lat' dir='ltr'><strong>sacriﬁcant</strong></span> <span class='ocrx_word' id='word_1_853' title='bbox 3021 5259 3337 5318; x_wconf 75' lang='lat' dir='ltr'><strong>sacrificium</strong></span> <span class='ocrx_word' id='word_1_854' title='bbox 3351 5263 3575 5334; x_wconf 69' lang='lat' dir='ltr'><strong>justitia:</strong></span> 
     </span>
    </p>
   </div>
   <div class='ocr_carea' id='block_1_115' title="bbox 1979 5348 3574 5419">
    <p class='ocr_par' dir='ltr' id='par_1_115' title="bbox 1979 5348 3574 5419">
     <span class='ocr_line' id='line_1_115' title="bbox 1979 5348 3574 5419; baseline 0.009 -17"><span class='ocrx_word' id='word_1_855' title='bbox 1979 5348 2121 5403; x_wconf 90' lang='lat' dir='ltr'><strong>sicut</strong></span> <span class='ocrx_word' id='word_1_856' title='bbox 2150 5348 2320 5416; x_wconf 87' lang='lat' dir='ltr'><strong>Abel,</strong></span> <span class='ocrx_word' id='word_1_857' title='bbox 2351 5351 2444 5407; x_wconf 90' lang='lat' dir='ltr'><strong>sed</strong></span> <span class='ocrx_word' id='word_1_858' title='bbox 2486 5350 2774 5407; x_wconf 86' lang='lat' dir='ltr'><strong>sicutCain</strong></span> <span class='ocrx_word' id='word_1_859' title='bbox 2804 5350 2989 5404; x_wconf 90' lang='lat' dir='ltr'><strong>livoris</strong></span> <span class='ocrx_word' id='word_1_860' title='bbox 3010 5358 3174 5419; x_wconf 87' lang='lat' dir='ltr'><strong>atque</strong></span> <span class='ocrx_word' id='word_1_861' title='bbox 3199 5352 3427 5413; x_wconf 70' lang='lat' dir='ltr'><strong>invidiae.</strong></span> <span class='ocrx_word' id='word_1_862' title='bbox 3463 5358 3574 5416; x_wconf 84' lang='lat' dir='ltr'><strong>Nos</strong></span> 
     </span>
    </p>
   </div>
   <div class='ocr_carea' id='block_1_116' title="bbox 1980 5439 3599 5517">
    <p class='ocr_par' dir='ltr' id='par_1_116' title="bbox 1980 5439 3599 5517">
     <span class='ocr_line' id='line_1_116' title="bbox 1980 5439 3599 5517; baseline 0.011 -25"><span class='ocrx_word' id='word_1_863' title='bbox 1980 5446 2159 5493; x_wconf 89' lang='lat' dir='ltr'><strong>autem</strong></span> <span class='ocrx_word' id='word_1_864' title='bbox 2187 5442 2280 5510; x_wconf 92' lang='lat' dir='ltr'><strong>qui</strong></span> <span class='ocrx_word' id='word_1_865' title='bbox 2305 5441 2602 5502; x_wconf 87' lang='lat' dir='ltr'><strong>credimus,</strong></span> <span class='ocrx_word' id='word_1_866' title='bbox 2626 5441 2868 5496; x_wconf 83' lang='lat' dir='ltr'><strong>dicamus</strong></span> <span class='ocrx_word' id='word_1_867' title='bbox 2884 5439 3148 5499; x_wconf 89' lang='lat' dir='ltr'><strong>Domino:</strong></span> <span class='ocrx_word' id='word_1_868' title='bbox 3181 5444 3460 5517; x_wconf 79' lang='lat' dir='ltr'><strong>Signatum</strong></span> <span class='ocrx_word' id='word_1_869' title='bbox 3488 5462 3599 5509; x_wconf 77' lang='lat' dir='ltr'><strong>est</strong></span> 
     </span>
    </p>
   </div>
   <div class='ocr_carea' id='block_1_117' title="bbox 1982 5531 3573 5611">
    <p class='ocr_par' dir='ltr' id='par_1_117' title="bbox 1982 5531 3573 5611">
     <span class='ocr_line' id='line_1_117' title="bbox 1982 5531 3573 5611; baseline 0.009 -26"><span class='ocrx_word' id='word_1_870' title='bbox 1982 5546 2145 5602; x_wconf 89' lang='lat' dir='ltr'><strong>super</strong></span> <span class='ocrx_word' id='word_1_871' title='bbox 2172 5548 2271 5589; x_wconf 89' lang='lat' dir='ltr'><strong>nos</strong></span> <span class='ocrx_word' id='word_1_872' title='bbox 2295 5533 2469 5588; x_wconf 91' lang='lat' dir='ltr'><strong>lumen</strong></span> <span class='ocrx_word' id='word_1_873' title='bbox 2498 5531 2679 5585; x_wconf 89' lang='lat' dir='ltr'><strong>vultus</strong></span> <span class='ocrx_word' id='word_1_874' title='bbox 2706 5531 2801 5594; x_wconf 87' lang='lat' dir='ltr'><strong>tui,</strong></span> <span class='ocrx_word' id='word_1_875' title='bbox 2834 5531 3079 5592; x_wconf 90' lang='lat' dir='ltr'><strong>Domine.</strong></span> <span class='ocrx_word' id='word_1_876' title='bbox 3130 5536 3186 5593; x_wconf 92' lang='lat' dir='ltr'><strong>In</strong></span> <span class='ocrx_word' id='word_1_877' title='bbox 3231 5555 3341 5611; x_wconf 90' lang='lat' dir='ltr'><strong>quo</strong></span> <span class='ocrx_word' id='word_1_878' title='bbox 3370 5542 3573 5600; x_wconf 89' lang='lat' dir='ltr'><strong>lumine</strong></span> 
     </span>
    </p>
   </div>
   <div class='ocr_carea' id='block_1_118' title="bbox 1981 5620 3570 5703">
    <p class='ocr_par' dir='ltr' id='par_1_118' title="bbox 1981 5620 3570 5703">
     <span class='ocr_line' id='line_1_118' title="bbox 1981 5620 3570 5703; baseline 0.008 -26"><span class='ocrx_word' id='word_1_879' title='bbox 1981 5623 2105 5678; x_wconf 87' lang='lat' dir='ltr'><strong>data</strong></span> <span class='ocrx_word' id='word_1_880' title='bbox 2142 5633 2227 5680; x_wconf 88' lang='lat' dir='ltr'><strong>est</strong></span> <span class='ocrx_word' id='word_1_881' title='bbox 2256 5624 2436 5680; x_wconf 65' lang='lat' dir='ltr'><strong>laetitia</strong></span> <span class='ocrx_word' id='word_1_882' title='bbox 2464 5622 2516 5676; x_wconf 91' lang='lat' dir='ltr'><strong>in</strong></span> <span class='ocrx_word' id='word_1_883' title='bbox 2543 5620 2708 5677; x_wconf 88' lang='lat' dir='ltr'><strong>corde</strong></span> <span class='ocrx_word' id='word_1_884' title='bbox 2734 5632 2939 5691; x_wconf 85' lang='lat' dir='ltr'><strong>nostro,</strong></span> <span class='ocrx_word' id='word_1_885' title='bbox 2982 5629 3162 5686; x_wconf 87' lang='lat' dir='ltr'><strong>abillo</strong></span> <span class='ocrx_word' id='word_1_886' title='bbox 3202 5641 3443 5703; x_wconf 89' lang='lat' dir='ltr'><strong>tempore</strong></span> <span class='ocrx_word' id='word_1_887' title='bbox 3461 5649 3570 5703; x_wconf 90' lang='lat' dir='ltr'><strong>quo</strong></span> 
     </span>
    </p>
   </div>
   <div class='ocr_carea' id='block_1_119' title="bbox 1983 5716 3566 5793">
    <p class='ocr_par' dir='ltr' id='par_1_119' title="bbox 1983 5716 3566 5793">
     <span class='ocr_line' id='line_1_119' title="bbox 1983 5716 3566 5793; baseline 0.008 -25"><span class='ocrx_word' id='word_1_888' title='bbox 1983 5716 2287 5785; x_wconf 84' lang='lat' dir='ltr'><strong>accepimus</strong></span> <span class='ocrx_word' id='word_1_889' title='bbox 2309 5716 2630 5769; x_wconf 81' lang='lat' dir='ltr'><strong>frumentum</strong></span> <span class='ocrx_word' id='word_1_890' title='bbox 2657 5716 2709 5771; x_wconf 91' lang='lat' dir='ltr'><strong>in</strong></span> <span class='ocrx_word' id='word_1_891' title='bbox 2735 5732 2985 5788; x_wconf 86' lang='lat' dir='ltr'><strong>corpore,</strong></span> <span class='ocrx_word' id='word_1_892' title='bbox 3002 5723 3180 5778; x_wconf 86' lang='lat' dir='ltr'><strong>vinum</strong></span> <span class='ocrx_word' id='word_1_893' title='bbox 3202 5725 3255 5779; x_wconf 90' lang='lat' dir='ltr'><strong>in</strong></span> <span class='ocrx_word' id='word_1_894' title='bbox 3283 5726 3566 5793; x_wconf 78' lang='lat' dir='ltr'><strong>sanguine,</strong></span> 
     </span>
    </p>
   </div>
   <div class='ocr_carea' id='block_1_120' title="bbox 1985 5802 3599 5882">
    <p class='ocr_par' dir='ltr' id='par_1_120' title="bbox 1985 5802 3599 5882">
     <span class='ocr_line' id='line_1_120' title="bbox 1985 5802 3599 5882; baseline 0.009 -25"><span class='ocrx_word' id='word_1_895' title='bbox 1985 5802 2162 5858; x_wconf 83' lang='lat' dir='ltr'><strong>oleum</strong></span> <span class='ocrx_word' id='word_1_896' title='bbox 2214 5804 2263 5858; x_wconf 95' lang='lat' dir='ltr'><strong>in</strong></span> <span class='ocrx_word' id='word_1_897' title='bbox 2317 5804 2625 5861; x_wconf 83' lang='lat' dir='ltr'><strong>chrismate.</strong></span> <span class='ocrx_word' id='word_1_898' title='bbox 2684 5806 2978 5866; x_wconf 81' lang='lat' dir='ltr'><strong>Oll&#39;crcntes</strong></span> <span class='ocrx_word' id='word_1_899' title='bbox 3025 5818 3431 5882; x_wconf 75' lang='lat' dir='ltr'><strong>autem&#39;paccm</strong></span> <span class='ocrx_word' id='word_1_900' title='bbox 3467 5816 3599 5873; x_wconf 24' lang='lat' dir='ltr'><strong>ista,</strong></span> 
     </span>
    </p>
   </div>
   <div class='ocr_carea' id='block_1_121' title="bbox 3099 5903 3162 5966">
    <p class='ocr_par' dir='ltr' id='par_1_121' title="bbox 3099 5903 3162 5966">
     <span class='ocr_line' id='line_1_121' title="bbox 3099 5903 3162 5966; baseline 0.048 -3"><span class='ocrx_word' id='word_1_901' title='bbox 3099 5903 3162 5966; x_wconf 69' lang='lat'><strong>11</strong></span> 
     </span>
    </p>
   </div>
  </div>
