4246 6264
1951 303 2221 362 ARNOBII
2259 301 2562 360 JUNIORlS

2718 222 2835 239 0‘...-

3815 298 3928 355 5'52

622 442 985 518 percepimus,
1017 436 1142 505 quia
1173 435 1286 489 hanc
1333 426 1674 499 singulariter
1713 425 1767 479 in
1806 437 1902 494 spe
1937 437 1968 476 a
1993 421 2223 476 Domino
2329 421 2447 477 mit.
2486 420 2564 476 Tu
2620 435 2711 487 es,
2748 420 2957 493 inquit,
2990 420 3131 476 Deus
3174 433 3282 476 non
3330 417 3521 478 volens
3559 415 3923 486 iniquitatem.

630 513 924 593 constituta
969 531 1021 584 in
1061 525 1278 581 Christo
1305 522 1452 587 Jesu,
1477 519 1568 590 qui
1597 524 1789 588 regnat
1816 516 1870 570 in
1899 513 2090 570 Stecula
2121 527 2221 569 saa-

629 627 893 686 culorum.
922 621 1112 676 Amen.

1217 680 1537 740 PSALMUS
1574 677 1639 733 V.

627 786 688 847 in
708 789 871 845 tinem
891 796 990 858 pro
1003 796 1066 839 ea
1082 777 1582 903 quaebmrelgitasem
1602 772 1969 842 consequitur,
1989 768 2226 841 psalmus

1416 864 1467 903 νι
1509 888 1521 901 .

1416 864 1521 903 νια.

711 968 881 1025 Verba
900 982 1015 1023 mea
1033 964 1244 1020 auribus
1266 963 1489 1035 percipe,
1520 957 1756 1022 Domine,
1783 954 2014 1028 intellige
2032 953 2227 1009 clamo-

632 1079 741 1119 rem
780 1075 967 1116 meum.
1019 1055 1244 1112 Intende
1284 1055 1396 1109 voci
1441 1052 1696 1107 orationis
1724 1062 1868 1115 meae,
1895 1064 1986 1103 rex
2006 1064 2147 1101 meus
2179 1056 2230 1100 et

633 1153 775 1209 Deus
798 1164 959 1206 meus.
994 1147 1252 1214 Quoniam
1273 1146 1344 1200 ad
1374 1153 1420 1198 te
1439 1141 1617 1205 orabo,
1636 1140 1873 1207 Domine,
1897 1157 2050 1194 mane
2068 1154 2229 1193 exau-

637 1247 749 1299 dies
775 1256 947 1299 vocem
968 1256 1150 1295 meam.
1185 1235 1345 1291 Mane
1372 1236 1551 1290 astabb
1579 1244 1629 1289 et
1656 1230 1831 1289 videbo
1859 1235 2103 1307 quoniam
2124 1247 2229 1286 non

634 1338 773 1392 Deus
804 1335 975 1390 volens
994 1332 1321 1404 iniquitatem
1347 1339 1400 1382 tu
1419 1344 1495 1383 es.
1528 1324 1711 1398 Neque
1736 1322 1989 1379 habitabit
2000 1323 2159 1395 juxta
2182 1330 2229 1375 te

632 1431 914 1501 malignus,
939 1440 1100 1498 neque
1135 1422 1510 1496 permanebunt
1536 1422 1717 1494 injusti
1746 1428 1868 1473 ante
1895 1419 2070 1473 oculos
2095 1418 2225 1471 tuos.

636 1520 809 1576 Odisti
832 1530 1008 1575 Mnes
1032 1519 1120 1596 qui
1145 1524 1424 1589 operantur
1449 1514 1806 1585 iniquitatem,
1835 1511 2016 1584 perdes
2051 1526 2229 1565 omnes

635 1614 721 1684 qui
750 1611 1026 1683 loquuntur
1046 1608 1391 1663 mendacium.
1429 1604 1611 1659 Virum
1649 1604 1962 1675 sanguinum
1998 1610 2048 1657 et
2083 1600 2230 1656 dolo-

634 1690 749 1761 sum
769 1699 1148 1759 abominabitur
1185 1696 1460 1767 Dominus,
1501 1716 1596 1771 ego
1627 1705 1796 1752 autem
1825 1698 1878 1750 in
1901 1687 2231 1759 multitudine

2270 510 2276 515 ’
2327 512 2457 582 Quis
2482 514 2623 569 enim
2646 512 2855 569 dixerat
2883 529 3005 569 eum
3031 513 3170 568 velle
3191 511 3568 587 iniquitatem?
3594 508 3763 565 ιιι(ὶωί
3806 510 3925 567 sine

2326 595 2510 673 dubio,
2544 606 2636 675 qui
2665 621 2765 677 pro
2812 605 3067 678 operibus
3093 602 3480 660 misericordia:
3519 600 3809 658 Dominum
3837 601 3920 672 in-

2327 707 2611 769 crepantes
2629 697 2881 754 dicebant
2912 717 2924 752 :
2959 695 3085 753 Non
3114 707 3191 752 est
3216 698 3314 752 iste
3334 696 3488 750 homo
3509 712 3541 750 a
3563 693 3676 750 Deo
3701 695 3791 768 qui
3809 694 3924 765 sab-

2329 791 2504 847 batum
2538 809 2646 847 non
2692 790 2918 846 custodit
2962 791 3144 863 (Joan.
3171 790 3271 862 rx).
3301 789 3407 845 Iste
3435 795 3621 866 autem
3648 795 3705 842 et
3745 802 3775 841 a
3812 786 3921 843 Deo

2328 890 2430 947 est,
2461 890 2517 937 et
2554 883 2669 952 ipse
2697 889 2780 936 est
2818 881 2959 936 Deus
2987 881 3078 949 qui
3121 894 3228 934 non
3272 878 3390 933 vult
3411 878 3773 949 iniquitatem.
3805 876 3923 932 Non

2325 974 2595 1030 habitabit
2615 973 2769 1044 juxta
2799 989 2922 1029 eum
2943 972 3228 1042 malignus,
3271 971 3322 1027 id
3351 979 3454 1039 est,
3487 971 3721 1043 populus
3750 972 3926 1027 incre-

2322 1066 2509 1132 dulus,
2531 1074 2587 1121 et
2614 1081 2722 1121 non
2743 1065 3139 1135 permanebunt
3167 1073 3293 1118 ante
3320 1064 3507 1119 oculos
3535 1052 3672 1133 ejus.
3715 1062 3851 1118 Odio
3870 1064 3923 1117 ei

2330 1167 2458 1215 sunt
2477 1159 2570 1229 qui
2611 1167 2906 1230 operantur
2934 1156 3293 1228 iniquitatem,
3341 1164 3397 1212 et
3435 1164 3665 1227 pereunt
3701 1156 3793 1225 qui
3837 1156 3923 1211 lo-
4006 1178 4021 1229 ἱ

2329 1260 2564 1321 quuntur
2603 1250 2964 1306 mendacium.
2992 1246 3178 1304 Omnis
3225 1248 3368 1303 enim
3399 1248 3490 1318 qui
3518 1255 3676 1317 negat
3737 1246 3929 1302 Iesum
4007 1246 4021 1323 ξ

2330 1338 2529 1397 Filium
2556 1340 2670 1407 Dei,
2717 1340 2804 1396 hic
2844 1336 3075 1395 mendax
3108 1346 3210 1395 est.
3242 1334 3347 1405 Qui
3391 1344 3583 1392 autem
3607 1334 3925 1400 conﬁtetur,
4014 1327 4024 1362 ε

2328 1433 2499 1489 intrat
2521 1433 2574 1488 in
2603 1433 2823 1489 domum
2843 1431 2970 1498 Dei,
2986 1442 3041 1486 et
3069 1428 3262 1487 adorat
3282 1424 3349 1485 ad
3371 1428 3630 1500 templum
3655 1434 3925 1491 sanctum,

2328 1543 2440 1584 mn
2472 1527 2524 1581 in
2547 1525 2745 1597 lapide,
2778 1522 2874 1580 sed
2904 1526 2956 1580 in
2980 1524 3191 1596 Spiritu.
3215 1514 3371 1579 Hunc
3398 1522 3631 1578 deducet
3657 1516 3929 1577 Dominus

2328 1617 2386 1673 in
2406 1631 2501 1673 sua
2521 1616 2728 1687 iustitia
2754 1625 2979 1688 propter
3012 1615 3259 1671 inimicos
3280 1616 3296 1680 ,
3323 1620 3381 1671 ut
3407 1612 3604 1684 dirigat
3624 1613 3679 1668 in
3698 1620 3929 1684 conspe-

2328 1719 2422 1767 ctu
2466 1711 2582 1780 ejus
2622 1709 2764 1764 viam
2802 1720 2977 1764 suam.
3003 1707 3181 1775 Quare
3224 1714 3449 1779 propter
3485 1704 3771 1761 inimicos?
3799 1704 3927 1776 quia

640 1793 1015 1850 misericordia
1060 1796 1180 1847 tum.
1221 1786 1457 1845 Introibo
1486 1789 1543 1843 in
1572 1788 1780 1843 domum
1808 1796 1967 1852 tuam,
1996 1782 2225 1841 Μοναὺο

2329 1802 2536 1894 inimici
2550 1803 2778 1859 alteram
2804 1801 2944 1857 viam
2974 1798 3285 1866 o‘stendunt,
3309 1816 3422 1874 qua:
3442 1790 3582 1853 ducit
3601 1796 3672 1851 ad
3688 1802 3926 1862 mortem,

637 1888 708 1942 ad
738 1886 980 1958 templum
1000 1892 1235 1949 sanctum
1269 1890 1410 1944 tuum
1441 1883 1496 1936 in
1529 1881 1710 1936 timore
1739 1888 1843 1933 tuo.
1870 1877 2113 1943 Domine,
2137 1877 2230 1933 de-

639 1978 736 2032 duc
763 1993 844 2033 me
879 1979 934 2032 in
968 1977 1175 2049 justitia
1205 1982 1293 2029 tua
1314 1983 1523 2047 propter
1543 1973 1779 2028 inimicos
1801 1987 1959 2038 meos,
1985 1969 2153 2042 dirige
2176 1971 2233 2025 in

639 2078 909 2143 conspectu
939 2076 1022 2125 tuo
1052 2069 1187 2124 viam
1209 2083 1395 2123 meam.
1422 2063 1689 2130 Quoniam
1710 2081 1814 2119 non
1842 2071 1918 2118 est
1946 2065 1999 2117 in
2032 2079 2120 2117 ore
2144 2079 2233 2116 eo-

638 2168 752 2215 rum
774 2161 983 2225 veritas,
1026 2174 1116 2213 cor
1150 2174 1326 2211 eorum
1355 2171 1541 2211 vanum
1576 2165 1670 2209 est.
1704 2152 2010 2225 Sepulcrum
2050 2162 2232 2225 patens

638 2260 715 2308 est
742 2262 920 2324 guttur
957 2264 1154 2318 eorum,
1197 2249 1387 2322 linguis
1430 2250 1538 2304 suis
1579 2248 1756 2303 dolose
1783 2246 2027 2319 agebant,
2050 2247 2234 2318 judica

637 2345 777 2411 illos,
824 2342 985 2399 Deus.
1030 2341 1290 2397 Decidant
1319 2361 1352 2396 a
1395 2341 1795 2423 cogitationibus
1822 2342 1928 2395 suis
1956 2340 2234 2395 secundum

639 2434 1025 2489 multitudinem
1058 2435 1379 2505 impietatum
1399 2450 1597 2500 eorum,
1626 2433 1822 2505 expelle
1849 2450 1958 2498 eos,
1989 2434 2235 2506 quoniam

639 2529 973 2582 irritaverant
998 2522 1065 2589 te,
1091 2525 1332 2580 Domine.
1361 2522 1429 2580 Et
1451 2529 1690 2582 (tutentur
1717 2543 1892 2582 omnes
1917 2528 2003 2598 qui
2023 2535 2237 2597 sperant

638 2619 693 2671 in
724 2626 773 2671 te
796 2659 810 2683 ,
838 2618 894 2671 in
933 2625 1183 2671 teternum
1211 2616 1562 2684 exsultabant,
1593 2624 1642 2671 et
1672 2613 1926 2671 habitabis
1959 2618 2014 2671 in
2041 2618 2133 2671 eis.
2164 2615 2236 2671 Et

639 2708 999 2781 gloriabuntur
1017 2710 1073 2763 in
1097 2718 1143 2763 te
1164 2716 1340 2764 omnes
1368 2710 1456 2783 qui
1479 2707 1702 2783 diligunt
1720 2725 1908 2765 nomen
1938 2717 2097 2773 tuum,
2116 2725 2239 2782 quo-
2308 2760 2323 2780 ,

643 2802 787 2855 nium
809 2810 861 2855 tu
891 2800 1157 2856 benedices
1172 2801 1337 2872 justo,
1362 2797 1606 2866 Domine,
1628 2810 1686 2854 ut
1720 2809 1868 2857 scuto
1890 2800 2036 2857 bona:
2055 2799 2234 2856 volun-

642 2893 765 2946 tatis
788 2901 889 2947 tum
910 2894 1173 2948 coronasti
1195 2908 1309 2948 nos.
1426 2891 1435 2898 “
2130 2894 2135 2900 ”

1223 2996 1658 3042 COIIENTARIUI.

711 3094 895 3163 Quinti
922 3097 1115 3167 psalmi
1142 3098 1330 3153 titulus
1352 3098 1591 3153 ostendit
1618 3113 1737 3153 eam
1760 3112 1920 3168 quam
1945 3095 2231 3151 haeredita-

642 3196 751 3243 tem
780 3166 1130 3257 consequitur
1156 3186 1430 3253 Christus,
1464 3195 1519 3243 et
1546 3186 1685 3242 hanc
1711 3166 2077 3242 hacreditatem
2102 3201 2234 3241 con-
2260 3166 2303 3229 Ο

641 3279 767 3349 tulit
813 3277 1068 3333 Ecclesiae
1109 3292 1232 3333 cum
1260 3278 1467 3333 diceret
1485 3278 1746 3347 apostolis
1778 3294 1790 3329 :
1822 3276 2015 3331 Pacem
2066 3294 2233 3331 meam

644 3368 710 3422 do
758 3366 919 3433 vobis,
966 3383 1148 3439 pacem
1201 3384 1371 3422 meam
1416 3368 1652 3439 relinquo
1700 3366 1839 3422 vobis
1883 3366 2062 3438 (Joan.
2099 3368 2228 3437 xrv).

641 3456 795 3513 Hanc
840 3469 970 3527 ergo
1011 3451 1230 3528 paCem,
1259 3472 1420 3528 quam
1449 3457 1680 3513 diximus
1728 3459 1780 3513 in
1825 3458 2003 3528 quarti
2043 3458 2233 3535 psalmi

642 3550 749 3606 line
771 3551 1114 3621 singulariter
1143 3552 1322 3623 invspe
1350 3567 1383 3607 a
1410 3552 1641 3611 Domino
1683 3553 2053 3617 constitutam,
2097 3553 2237 3609 hanc

642 3643 695 3699 in
740 3644 1106 3701 hacreditatem
1154 3645 1339 3701 titulus
1378 3644 1559 3700 datam
1601 3643 1853 3701 Ecclesiae
1879 3652 2230 3715 protestatur.

642 3733 740 3789 Est
768 3737 906 3790 enim
944 3735 1222 3792 haereditas
1244 3737 1503 3791 successio
1540 3736 1594 3790 in
1635 3737 1932 3791 universum
1965 3735 2055 3806 jus
2097 3732 2237 3805 quod

643 3832 915 3903 defunctus
943 3831 1121 3886 habuit
1151 3840 1376 3904 tempore
1404 3832 1585 3886 mortis
1609 3829 1695 3905 (LV.
1729 3830 1776 3884 Η
1786 3831 2045 3895 wreditas,
2087 3829 2147 3898 ῙῙ.
2174 3827 2236 3881 de

642 3936 746 3976 rer.
779 3930 827 3976 et
857 3920 992 3975 verb.
1016 3920 1203 3992 sign.).
1238 3921 1387 3976 Unde
1417 3919 1635 3985 Paulus,
1661 3918 1723 3974 Si
1749 3920 1912 3973 simus
1942 3917 2073 3989 Filii
2114 3915 2232 3981 Dei,

642 4030 764 4084 ergo
784 4012 1047 4075 hteredes;
1089 4010 1321 4067 heredes
1345 4009 1553 4080 quidem
1582 4007 1700 4072 Dei,
1732 4007 2024 4062 coheredes
2066 4016 2236 4060 autem

642 4100 839 4155 Christi
855 4100 1031 4173 (Rom.
1053 4102 1185 4169 VIII).
1204 4098 1499 4152 Hmrcditas
1512 4095 1579 4151 de
1599 4104 1773 4151 morte
1798 4096 2037 4166 parentis
2058 4097 2234 4153 nasci-

642 4203 730 4248 tur
741 4192 879 4250 liliis.
896 4193 1006 4248 Nisi
1027 4188 1422 4247 euimeristus
1439 4197 1681 4245 mortuus
1701 4197 1863 4252 esset,
1883 4189 1996 4245 haec
2005 4190 2233 4246 mercdis
2266 4222 2272 4227 ι

641 4293 726 4339 tas
754 4299 860 4339 non
883 4283 1119 4355 patebat.
1152 4279 1275 4353 ipso
1295 4294 1425 4350 ergo
1445 4281 1710 4336 moriente
1735 4290 1880 4347 nata,
1912 4280 2028 4351 ipso
2048 4297 2234 4338 resur-

638 4383 801 4459 gente
813 4374 1129 4432 conﬁrmata
1139 4381 1241 4440 est,
1257 4374 1374 4443 ipso
1385 4372 1706 4429 ascendente
1716 4373 1768 4427 in
1781 4375 2238 4447 cmiis,permanet

639 4467 757 4523 hinc
776 4467 1059 4523 btereditas
1074 4468 1130 4522 in
1149 4474 1428 4521 aeternum.
1449 4465 1506 4520 in
1521 4466 1676 4522 titulo
1701 4468 1801 4523 tria
1815 4477 1960 4536 sunt,
1975 4470 2232 4533 moriens,

2336 1887 2392 1952 et
2439 1903 2664 1967 propter
2690 1896 2838 1966 ipsos
2865 1893 2955 1949 hic
2985 1892 3168 1964 dirigit
3201 1892 3483 1965 viamque:
3511 1888 3653 1943 ducit
3677 1887 3744 1943 ad
3771 1889 3930 1952 vitam

2338 1982 2554 2058 (Matth.
2580 1986 2695 2059 vn).
2730 1986 2810 2041 Ad
2830 2000 2993 2056 quam
3015 1982 3140 2040 dum
3168 1982 3512 2055 pervenerint
3536 1979 3854 2042 credentes,
3870 1978 3929 2032 in

2335 2085 2599 2134 aeternum
2628 2075 2974 2135 exsultabunt
2991 2118 3005 2142 ,
3031 2085 3086 2132 et
3105 2072 3427 2131 inbabitabit
3447 2074 3499 2127 iu
3519 2072 3616 2127 cis.
3637 2068 3931 2138 largioris-

2335 2171 2537 2226 buntur
2564 2184 2753 2226 omnes
2772 2152 2863 2240 qui
2893 2164 3120 2240 diligunt
3141 2179 3337 2223 nomen
3375 2163 3513 2235 ejus.
3556 2162 3634 2218 lbi
3665 2162 3810 2217 enim
3846 2168 3931 2215 est

2336 2262 2429 2332 qui
2456 2261 2727 2317 benedicit
2740 2259 2966 2330 justum,
2999 2266 3054 2315 et
3081 2266 3237 2315 scuto
3262 2257 3419 2313 bona:
3447 2254 3741 2311 voluntatis
3767 2242 3930 2307 coro?
4004 2300 4020 2310 .

2332 2354 2485 2409 navit
2511 2367 2652 2407 eum.
2686 2348 2807 2407 Uno
2836 2349 3139 2419 eodemque
3168 2346 3349 2405 ofﬁcio
3367 2390 3381 2415 ,
3406 2355 3463 2402 et
3491 2346 3560 2400 ab
3582 2343 3813 2400 inimicis
3832 2342 3930 2397 de-

2334 2445 2569 2502 fenderis
2596 2446 2724 2501 dum
2752 2444 3067 2511 credideris,
3098 2449 3156 2497 et
3194 2458 3223 2497 a
3254 2441 3488 2497 Domino
3510 2437 3809 2503 coronaris,
3828 2436 3932 2506 qui

2334 2547 2523 2608 regnat
2544 2540 2597 2594 in
2619 2538 2813 2595 saecula
2841 2534 3183 2595 steculorum.
3213 2534 3406 2594 Amen.

2884 2669 3224 2737 PSALMVUS
3265 2668 3353 2725 Vl.

2361 2786 2421 2842 ln
2441 2783 2602 2843 linem
2631 2787 2686 2840 in
2713 2785 3041 2843 carminibus
3065 2798 3168 2855 pro
3202 2791 3414 2848 octava,
3450 2781 3688 2865 psalmus
3711 2777 3916 2834 David.-

2412 2899 2647 2967 Domine,
2692 2917 2756 2955 ne
2780 2901 2837 2955 in
2882 2901 3058 2972 furore
3102 2908 3188 2953 tuo
3226 2914 3414 2970 arguas
3445 2913 3543 2963 me,
3575 2912 3738 2967 neque
3767 2895 3824 2950 in
3852 2888 3933 2950 ira

2336 3004 2426 3049 tua
2446 2995 2700 3067 corripias
2740 2995 2842 3048 ine.
2873 2992 3126 3047 Miserere
3158 2993 3275 3057 mei,
3306 2989 3539 3057 Domine,
3565 2990 3814 3062 quoniam
3846 2988 3933 3042 in.

2336 3090 2517 3162 ﬁrmus
2546 3107 2692 3157 sum;
2723 3107 2855 3144 sana
2894 3107 2994 3155 me,
3046 3088 3293 3154 Domine,
3343 3087 3586 3160 quoniam
3626 3081 3931 3139 conturbata

2335 3194 2456 3237 sunt
2485 3200 2601 3238 assa
2629 3200 2764 3237 mea.
2790 3180 2858 3236 Et
2880 3183 3055 3236 anima
3077 3196 3190 3235 mea
3222 3176 3426 3233 turbata
3451 3186 3526 3232 est
3552 3175 3721 3251 valde,
3744 3174 3835 3229 sed
3854 3183 3927 3239 tu,

2337 3275 2581 3341 Domine,
2605 3290 2880 3349 usquequo.
2926 3274 3247 3339 Convertere,
3295 3270 3538 3334 Damine,
3570 3276 3620 3323 et
3657 3269 3796 3340 eripe
3815 3267 3929 3320 ani-

2282 3399 2287 3403 η
2337 3385 2474 3422 mam
2491 3384 2676 3431 meam,
2698 3367 2893 3421 salvum
2915 3383 2997 3421 me
3016 3356 3328 3438 [acpropter
3348 3360 3751 3417 misericordiam
3768 3356 3925 3437 tuam.

2340 3457 2599 3525 Quoniam
2620 3477 2720 3514 non
2742 3470 2817 3514 est
2840 3462 2892 3514 in
2925 3469 3087 3513 morte
3106 3459 3189 3530 qui
3220 3473 3415 3511 memor
3433 3456 3502 3509 sit
3526 3455 3615 3519 tui,
3648 3453 3702 3507 in
3724 3446 3930 3523 inferno

2338 3564 2508 3608 autem
2537 3555 2648 3627 quis
2690 3551 3017 3624 confitebitur
3049 3551 3178 3606 tibi?
3203 3546 3461 3606 Laboravi
3502 3550 3554 3601 in
3576 3542 3943 3620 gemitu'meo,‘

2337 3645 2520 3699 lavabo
2548 3663 2639 3714 per
2661 3643 2892 3716 singulas
2920 3652 3093 3697 noctes
3115 3643 3299 3698 lectum
3321 3656 3507 3706 meum,
3532 3636 3773 3710 larrymis
3802 3634 3943 3691 meis-

2337 3744 2557 3791 stratum
2603 3753 2771 3828 ntettm
2820 3734 3017 3807 rigabo.
3069 3728 3322 3796 Turbatus
3364 3742 3443 3787 est
3474 3750 3504 3787 a
3533 3734 3706 3803 furore
3749 3734 3929 3783 oculus

2338 3845 2499 3897 meus,
2540 3814 2810 3883 inveteravi
2838 3831 2973 3882 inter
3011 3844 3185 3882 omnes
3210 3828 3444 3881 inimicos
3471 3840 3625 3881 meos.
3661 3814 3931 3876 Discedite

2338 3940 2369 3974 a
2396 3940 2476 3976 me
2504 3939 2679 3976 omnes
2700 3922 2782 3993 qui
2811 3921 3097 3992 operamini
3126 3921 3468 3991 iniquitatem,
3498 3916 3738 3989 quoniam
3762 3931 3930 3968 exau-

2339 4012 2463 4067 divit
2502 4013 2757 4067 Dominus
2779 4029 2957 4081 pacem
3001 4013 3150 4083 ﬂetus
3197 4013 3317 4066 mei.
3348 4010 3628 4064 Exaudivit
3670 4004 3928 4072 Dominus

2338 4105 2751 4177 deprecationem
2781 4123 2949 4162 meum
2968 4147 2980 4169 ,
3010 4104 3263 4161 Dominus
3290 4105 3578 4160 orationem
3616 4118 3785 4157 meam
3811 4095 3926 4155 sus?-

2337 4201 2490 4271 cepit.
2510 4196 2826 4253 Erubescant
2842 4208 2890 4253 et
2905 4199 3270 4252 conturbentur
3284 4183 3605 4253 velletitenter
3619 4209 3792 4250 omnes
3820 4192 3925 4246 ini—

2335 4295 2455 4349 mici
2483 4288 2609 4357 mei,
2634 4303 2994 4347 convertantur
3026 4301 3076 4345 et
3096 4288 3396 4346 erubescant
3420 4288 3568 4345 valde
3594 4278 3847 4344 velociter.
3942 4321 3950 4325 -

2910 4398 3349 4482 οοιιιεατηιίηι.

640 4557 942 4623 hereditas,
966 4565 1023 4611 et
1040 4556 1301 4612 baeredes.
1317 4556 1384 4612 Et
1400 4557 1452 4612 in
1469 4558 1646 4627 capite
1660 4559 1850 4628 psalmi
1880 4560 1980 4615 tria
2009 4568 2136 4616 sunt
2163 4560 2232 4615 ab

2407 4562 2615 4624 Titulus
2636 4575 2770 4623 sext:
2796 4564 2987 4636 psalmi
3010 4562 3341 4619 Dominicam
3358 4560 3501 4619 diem
3518 4556 3794 4630 exprimit,
3810 4558 3926 4631 ipsa

594 4678 599 4682 ο
639 4648 854 4705 bzerede
882 4650 1198 4721 composita,
1230 4650 1414 4716 verba,
1444 4650 1669 4718 clamor,
1700 4650 1894 4707 oratio.
1937 4652 2056 4723 Ipsa
2085 4654 2229 4708 enim

639 4739 804 4795 verba
817 4748 970 4810 rogat
980 4741 1198 4796 auribus
1213 4742 1433 4812 percipi,
1457 4743 1747 4799 clamorem
1762 4744 2008 4814 intelligi,
2024 4746 2227 4801 oratio-

639 4845 762 4885 nem
778 4828 967 4905 audiri.
982 4831 1101 4903 Ipsa
1117 4832 1265 4900 dicit,
1284 4830 1461 4890 Orabo
1476 4844 1546 4902 te,
1568 4834 1811 4902 Domine,
1830 4852 1988 4892 mane
2003 4838 2226 4904 scilicet,
2247 4880 2260 4889 .

548 4940 553 4943 ‘
638 4938 760 4977 cum
792 4921 1024 4994 abjecero
1054 4941 1212 4996 opera
1236 4923 1556 4979 tenebrarum
1575 4935 1625 4979 et
1656 4925 1874 4981 induero
1921 4943 2067 4981 arma
2102 4928 2229 4983 lucis

642 5015 820 5087 (Rom.
836 5017 972 5090 inn).
989 5016 1141 5074 Tunc
1169 5027 1225 5075 te
1250 5018 1417 5075 orabo
1439 5020 1590 5089 quasi
1608 5020 1660 5075 in
1678 5022 1941 5078 matutino
1962 5022 2156 5092 posita,
2175 5016 2227 5077 in

637 5122 745 5176 quo
759 5108 1126 5167 deﬁcientibus
1138 5110 1371 5166 tenebris
1380 5111 1511 5166 lucis
1522 5112 1850 5169 incrementa
1861 5125 2231 5170 concrescunt.

639 5194 796 5267 Mane
816 5204 1006 5259 astabo
1037 5203 1133 5258 tibi
1160 5212 1213 5259 et
1239 5203 1460 5273 videbo;
1477 5205 1603 5275 quid
1623 5206 1829 5262 videbis
1858 5215 2039 5262 tamen
2065 5224 2234 5279 prope

640 5294 694 5341 et
718 5303 874 5361 mane
899 5292 987 5348 dic
1012 5294 1204 5349 nobis?
1230 5293 1437 5351 Videbo
1459 5312 1617 5363 mane
1637 5298 1934 5368 apostolos,
1968 5298 2231 5367 fulgentes

641 5384 894 5452 angelos,
944 5388 1238 5455 gaudentes
1279 5386 1476 5446 Marias
1521 5389 1881 5451 resnrrexisse
1946 5392 2228 5449 Dominum

642 5475 971 5532 nuntiantes.
998 5478 1238 5535 Diximus
1253 5497 1431 5547 mane,
1463 5490 1815 5553 posteaquam
1842 5485 2078 5542 tenebrze
2098 5501 2227 5555 pec-

640 5578 885 5629 caturum
932 5573 1262 5638 transierint,
1299 5575 1560 5632 orandum
1586 5576 1891 5642 Dominum,
1917 5577 2149 5635 diximus
2172 5581 2227 5636 in

616 5665 759 5719 luce
790 5662 1051 5720 Dominici
1082 5662 1188 5718 diei
1227 5674 1596 5736 resurgentem
1637 5668 1943 5725 videndum.
1976 5668 2106 5736 Quis
2131 5687 2220 5726 au-

641 5762 750 5810 tem
779 5755 847 5812 sit
877 5756 977 5810 iste
1002 5754 1262 5811 Dominus
1290 5756 1562 5813 distinctio
1588 5759 1702 5829 ejus
1731 5761 2019 5817 voluntatis
2050 5763 2228 5833 expri-

2318 4671 2419 4718 oest
2447 4662 2589 4717 enim
2619 4669 2674 4717 et
2695 4656 2883 4715 Octava
2906 4657 3029 4712 dum
3060 4656 3290 4736 desinite,
3322 4662 3377 4710 et
3408 4652 3578 4726 prima
3614 4650 3739 4708 dum
3789 4651 3925 4707 inci-

2339 4756 2433 4827 pit.
2459 4755 2514 4808 ln
2536 4754 2727 4824 quinto
2748 4752 2891 4807 enim
2913 4765 3070 4805 mane
3094 4750 3205 4821 ipsa
3228 4750 3413 4820 incipit
3436 4749 3486 4802 in
3509 4747 3925 4813 resurrectione,

2339 4846 2391 4902 id
2420 4856 2519 4913 est,
2553 4846 2605 4900 in
2635 4842 3175 4917 baptismatis'nostri
3214 4831 3655 4906 consecratione;
3687 4837 3848 4893 modo
3875 4841 3926 4894 in

2336 4938 2666 5013 poenitentiae
2683 4935 3092 5007 recuperatione
3104 4942 3294 4988 octava
3316 4940 3418 5000 est,
3436 4920 3762 5004 septiformis
3784 4932 3932 4985 cutim

2334 5029 2574 5101 spiritus,
2617 5028 2703 5082 cui
2749 5025 3010 5082 satiSlilcit
3041 5032 3283 5080 octavus.
3328 5021 3451 5094 Agit
3478 5033 3609 5092 ergo
3636 5023 3926 5094 paenitens,

2338 5130 2396 5176 ut
2423 5136 2528 5175 non
2560 5121 2611 5174 in
2643 5119 2719 5175 ira
2750 5113 3021 5189 arguatur,
3053 5114 3147 5171 scd
3178 5114 3601 5171 misericordiam
3633 5110 3720 5168 hic
3750 5113 3801 5167 in
3827 5102 3929 5166 isto

2336 5224 2564 5285 corpore
2591 5213 2795 5285 positus
2823 5208 3288 5281 consequatur.~ln
3318 5202 3551 5265 inferno
3571 5206 3750 5262 autem
3794 5198 3930 5260 rbn-‘

2336 5304 2498 5361 fessio
2520 5305 2747 5360 fructum
2761 5303 2980 5373 penitus
3000 5318 3108 5357 non
3129 5300 3322 5367 habet;
3355 5298 3557 5376 idcirco
3587 5300 3793 5369 bic'qui
3813 5285 3929 5352 vult
3964 5318 3970 5321 ·

2334 5399 2513 5453 δειΝυε
2537 5396 2668 5461 tieri,
2698 5392 2907 5450 laberat
2935 5396 2987 5449 in
3018 5395 3217 5464 gemitu
3246 5410 3363 5459 suo,
3395 5384 3541 5449 lavat
3567 5409 3667 5465 per
3694 5386 3928 5462 singulas
3959 5380 3964 5384 ’

2336 5496 2522 5545 noctes
2577 5488 2794 5541 lectum.
2848 5482 3092 5549 Lectum,
3118 5485 3365 5555 inquam,
3396 5484 3449 5540 in
3473 5483 3723 5541 noctibus
3751 5468 3923 5549 lavat,

2331 5592 2492 5649 quem
2548 5579 2600 5632 in
2641 5579 2890 5633 noctibus
2934 5580 3308 5648 inquinaverat
3339 5596 3353 5635 :
3383 5587 3439 5634 et
3468 5592 3536 5633 ne
3556 5586 3775 5649 putares
3803 5568 3947 5629 cuni
3976 5588 3979 5595 '

2332 5687 2523 5741 aquam
2559 5671 2987 5744 qualemcunque
3021 5673 3238 5728 haurire
3266 5672 3408 5730 unde
3436 5688 3563 5728 eum
3588 5673 3805 5735 abluat,
3822 5667 3933 5723 Las-

2331 5764 2543 5830 crymis,
2564 5763 2753 5832 inquit,
2779 5778 2900 5817 cum
2932 5763 3137 5831 rigabo.
3173 5763 3390 5831 Quare?
3418 5765 3545 5835 quia
3574 5764 3820 5838 turbatus
3840 5768 3931 5816 est
