4246 6264
314 388 421 454 35'?

318 474 727 569 ueineu‘mum.
752 510 867 569 Non
895 507 1040 567 enim
1066 506 1255 568 omnes
1276 522 1542 581 pauperes
1566 492 1670 562 non
1692 490 1917 562 derelin-
1944 511 1991 567 Α

314 620 481 680 ques,
525 595 620 662 sed
664 622 770 662 non
809 602 1151 676 derelinques
1191 612 1494 675 quaerentes
1546 592 1618 679 te,
1662 589 1925 655 Dominef

310 696 632 755 'Psallanius
649 711 777 767 ergo
797 696 1025 753 Domino
1050 696 1142 767 qui
1168 694 1372 750 habitat
1394 694 1449 749 in
1480 690 1631 757 Sion,
1658 690 1707 746 id
1733 698 1834 752 est,
1859 689 1913 745 in

314 791 569 848 Ecclesia
608 785 1321 869 catholicisdelluitionibus
1358 786 1664 869 sublimata,
1704 785 1776 839 ibi
1818 798 1915 839 an-

315 886 636 963 nunti’emus
667 868 928 938 mirabilia
965 880 1103 953 ejus.
1140 878 1202 935 In
1229 894 1337 963 qua
1371 875 1663 961 requirens
1695 874 1915 944 sangui-

304 991 453 1033 nem
480 980 774 1049 martyrum
800 966 1029 1031 suorum»
1051 966 1293 1045 quotidie
1310 970 1569 1047 Dominus
1587 975 1919 1039 memoratur

313 1067 518 1132 nostri,
546 1068 651 1122 nec
676 1064 1014 1121 obliviscitur
1055 1055 1363 1141 orationem
1390 1060 1660 1132 pauperis,
1690 1057 1920 1114 dicentis

314 1160 445 1226 sibi,
463 1159 603 1215 Vide
622 1158 984 1214 humilitatem
1006 1170 1183 1213 meam
1212 1154 1281 1211 de
1307 1153 1600 1211 inimicitiis
1617 1144 1919 1207 daemonum

316 1256 527 1319 iratam,
550 1251 730 1307 exalta
752 1265 843 1307 me
870 1251 939 1307 de
958 1250 1132 1322 portis
1158 1248 1377 1315 mortis,
1396 1247 1594 1304 tollens
1620 1262 1717 1317 cor
1743 1230 1923 1313 meum

321 1359 358 1399 a
385 1340 841 1423 concupiscentiis
869 1342 1069 1409 carnis,
1092 1349 1154 1398 ut
1170 1326 1494 1397 aunttntiem
1524 1355 1714 1407 omnes
1740 1338 1925 1405 laudes

323 1440 445 1493 tuas
471 1436 528 1492 in
557 1432 731 1507 partis
776 1433 899 1491 illim
947 1433 1101 1501 Sion,
1135 1442 1195 1491 ut
1225 1434 1488 1490 essultem
1527 1432 1579 1487 iu
1607 1434 1780 1489 salute
1808 1441 1919 1490 tua.

325 1527 461 1585 Nam
488 1528 665 1586 inlisae
691 1538 822 1585 sunt
847 1536 1044 1600 gentes
1068 1527 1125 1584 in
1167 1528 1445 1601 interitum
1471 1541 1633 1598 quem
1660 1525 1921 1592 fecerunt,

328 1640 469 1696 opus
493 1616 750 1680 manuum
778 1640 1000 1680 suarum
1029 1622 1343 1690 adorantes,
1378 1621 1433 1677 hi
1461 1624 1844 1677 convertentur
1869 1618 1925 1674 iu

329 1715 617 1783 infernum,
659 1717 786 1787 quia
830 1716 1222 1772 obliviscuntur
1248 1714 1556 1779 Dominum,
1603 1713 1691 1785 qui
1732 1711 1923 1767 nonin

330 1798 493 1863 tinem
513 1802 859 1864 obliviscitur
877 1821 1189 1879 pauperem,
1219 1803 1378 1876 cujus
1396 1803 1657 1874 patientia
1687 1806 1795 1860 non
1822 1816 1923 1874 pe-

1287 386 1760 448 COIIIEN'I‘ARII
1796 384 1867 444 IN
1906 374 2233 444 PSALMOS.
2278 382 2467 442 PSAL.
2512 373 2598 441 XI.

3506 376 3613 436 588

2596 496 2912 557 PSALMUS

2434 618 2495 675 In
2532 595 2692 674 linem
2729 616 2969 689 psalmus
3006 582 3193 673 David.
3315 652 3321 661 ς

2092 752 2158 810 In
2198 753 2428 811 Domino
2456 752 2683 825 conﬁdo,
2708 749 2965 823 quomodo
2996 730 3172 807 dicitis
3212 740 3406 831 anima
3446 746 3574 833 suere
3594 767 3614 807 :

2010 844 2364 919 'Trausutigra
2404 846 2464 901 in
2511 854 2737 901 montem
2781 836 2933 901 sicut
2955 832 3155 930 passer.
3501 859 3620 930 eccs

2017 948 2313 1008 peccatores
2339 935 2674 993 intenderunt
2698 952 2895 1001 arcum
2919 922 3245 1006 paraverunt
3256 932 3475 1009 sagittas
3495 926 3617 993 suas

2017 1031 2075 1085 its
2094 1026 2360 1101 pharetra,
2390 1036 2451 1083 ut
2475 1029 2724 1101 sagittent
2760 1028 2816 1082 in
2844 1026 3063 1083 obscuro
3082 1018 3248 1093 rectos
3269 1027 3442 1085 corde.
3475 1018 3621 1094 Quo-

2021 1122 2166 1177 ttiaitt
2192 1136 2309 1195 qua:
2333 1121 2597 1194 ρει-[εὼιί
2634 1118 3033 1187 dem-uterum;
3056 1108 3229 1192 justus
3269 1118 3441 1175 auum
3493 1106 3621 1195 quid

2022 1214 2183 1287 fecit?
2212 1198 2469 1269 Doruinus
2493 1213 2546 1268 in
2581 1211 2770 1285 tetuplo
2788 1219 2969 1267 sancto
2990 1204 3109 1279 suo,
3137 1200 3387 1269 Dentium
3408 1198 3464 1269 in
3490 1206 3620 1270 ctelo

2019 1300 2167 1361 sedes
2194 1303 2326 1376 ejus.
2347 1298 2498 1359 Oculi
2517 1303 2631 1375 ejus
2647 1302 3008 1374 iu'pauperent
3035 1290 3336 1381 respiciunt,
3358 1302 3622 1375 palpebra

2022 1397 2137 1468 ejus
2173 1397 2499 1467 interrogant
2538 1392 2678 1466 filios
2711 1392 2997 1465 hominum.
3037 1380 3293 1473 Dominus
3329 1396 3622 1467 interroget

2017 1486 2217 1561 justum
2244 1495 2294 1541 et
2331 1486 2567 1558 impium,
2596 1485 2687 1558 qui
2727 1492 2896 1540 utens
2935 1485 3110 1557 diligit
3134 1471 3479 1560 iniquitatem,
3509 1484 3623 1561 odit

2025 1577 2255 1634 animatis
2287 1593 2455 1633 suam
2495 1575 2642 1633 Pluit
2671 1582 2824 1649 super
2846 1572 3421 1651 'peccatoreslaqueos;
3457 1576 3618 1657 ignis,

2024 1670 2243 1744 sulphur
2283 1680 2334 1725 et
2376 1671 2590 1742 spiritus
2636 1669 2982 1741 procellarum
3023 1658 3149 1742 pars
3194 1668 3375 1725 colicis
3412 1668 3619 1727 eorum.

2024 1757 2289 1826 Quorum
2319 1761 2495 1833 justus
2534 1757 2810 1827 Dominus,
2833 1766 2885 1815 et
2906 1759 3143 1843 justitias
3177 1750 3382 1828 dilexit,
3406 1756 3621 1841 quia.

332 1850 1922 1970 3;;auii'aigetiiiziszrnuuimea;
1953 1875 2004 1938 Β
2029 1859 2131 1907 cm
2158 1851 2285 1907 υίαιι
2311 1850 2478 1906 κιαι
2499 1851 2633 1970 ens;

339 1996 401 2042 ut
418 1996 675 2056 exsurgat
698 1987 959 2042 Dominus
976 1996 1159 2043 contra
1186 1985 1555 2049 fortitudinem
1581 1982 1837 2050 hominis,
1868 1991 1929 2041 ut

347 2070 553 2149 iudicet
578 2088 767 2149 gentes
795 2079 848 2134 in
874 2088 1163 2151 conspectu
1188 2094 1307 2134 suo.
1330 2077 1506 2137 Tollat
1525 2093 1620 2136 eas
1647 2077 1717 2134 ab
1746 2076 1925 2143 idolis,

322 2198 325 2201 -
348 2180 404 2226 et
423 2170 629 2226 statuat
647 2184 743 2226 eas
766 2171 821 2224 in
849 2168 1102 2225 Ecclesia.
1121 2168 1424 2227 Coustituat
1449 2170 1814 2242 legislatorem
1833 2186 1927 2228 su-

256 2302 261 2303 κ
347 2277 448 2334 per
485 2277 607 2329 eas,
652 2271 708 2317 et
754 2262 929 2319 sciant
968 2271 1152 2333 gentes
1194 2262 1318 2337 quia
1362 2262 1434 2320 dii
1478 2278 1588 2320 non
1628 2271 1757 2321 sunt
1791 2278 1930 2336 quos

342 2355 563 2419 colunt;
596 2353 707 2428 “sed
754 2355 928 2410 sciant
975 2355 1099 2426 quia
1142 2355 1387 2412 homines
1434 2364 1582 2413 sunt.
1628 2355 1798 2425 Quid,
1838 2358 1927 2415 in-

339 2437 476 2515 quit,
505 2443 746 2511 Domine,
772 2446 1038 2501 recessisti
1066 2446 1243 2516 longe,
1267 2449 1342 2503 ita
1363 2454 1426 2504 ut
1445 2447 1713 2519 despicias
1733 2464 1931 2520 oppor-

339 2536 593 2591 tunitates
614 2535 667 2591 in
690 2535 1054 2608 tribulatione.
1077 2536 1136 2593 In
1160 2552 1272 2608 quo
1288 2536 1418 2597 dum
1443 2539 1687 2610 superbit
1710 2538 1926 2611 impius,

338 2627 637 2682 incenditur
654 2617 878 2699 pauper.
898 2628 961 2701 In
985 2644 1314 2701 quocunque
1335 2629 1704 2701 enimjudicio
1726 2647 1932 2705 paupa'

338 2727 394 2774 et
423 2717 571 2774 dives
599 2717 836 2785 auditur,
864 2719 1032 2775 divite
1056 2721 1425 2793 superbiente,
1451 2736 1662 2794 pauper
1688 2723 1933 2781 incendi-

339 2818 441 2866 tur.
465 2808 664 2867 Omnes
682 2813 830 2868 enim
860 2812 1037 2883 ipsum
1066 2819 1319 2882 arguunt,
1340 2812 1493 2869 illum
1512 2821 1695 2871 autem
1713 2814 1936 2874 laudant

339 2894 505 2957 etiam
528 2909 875 2972 peccatorem
905 2902 958 2956 in
983 2901 1268 2977 desideriis
1285 2903 1479 2977 anima:
1504 2918 1635 2972 sum,
1651 2906 1817 2961 etiam
1841 2906 1938 2963 ini-

340 2986 449 3061 qua
492 2998 742 3059 agentem
779 2972 1123 3047 benedicunt.
1164 2990 1269 3065 llic
1306 3000 1391 3049 est
1716 2996 1937 3056 inritans

342 3072 653 3139 Dominum.
684 3081 821 3140 Cum
845 3086 989 3140 enim
1017 3100 1125 3141 non
1153 3080 1465 3148 salumnon
1492 3089 1732 3159 arguitur
1749 3089 1937 3161 iniqua

342 3166 531 3243 agens,
563 3173 658 3229 sed
680 3174 842 3231 etiam
869 3174 1223 3246 benedieitur,
1247 3176 1294 3232 si
1320 3178 1466 3249 quod
1492 3187 1674 3236 autem
1700 3180 1934 3238 interro-

2569 1962 2587 1980 ⁸
2603 1956 3044 2027 COIIEN‘I‘AIII'I.

2105 2080 2287 2137 Potuit
2311 2079 2422 2139 dici
2448 2078 2518 2137 ad
2544 2078 2736 2146 David,
2757 2087 2817 2135 ut
2844 2080 2900 2137 in
2930 2078 3150 2137 modum
3166 2080 3402 2152 passeris
3422 2082 3624 2139 montis

2031 2171 2417 2230 inaccessibilis
2445 2170 2708 2228 latebram
2732 2179 3001 2242 quaereret
3028 2179 3276 2245 tempore
3293 2187 3405 2244 quo
3426 2188 3623 2245 pecca-

2030 2270 2181 2321 tores
2198 2270 2389 2319 contra
2409 2276 2534 2319 eum
2554 2261 2851 2318 tendebaut
2875 2278 3052 2329 arcus.
3068 2263 3185 2320 sive
3207 2262 3359 2332 Saul,
3388 2264 3504 2322 sive
3522 2264 3625 2323 Ah-

2030 2354 2185 2412 salon
2209 2369 2341 2411 suus
2379 2354 2797 2411 innumerabiles
2826 2354 3046 2413 inimici.
3080 2355 3189 2415 Sed
3214 2356 3335 2415 hac
3357 2366 3419 2434 ᾳ
3439 2357 3626 2416 adno-

2032 2454 2201 2507 stram
2249 2444 2657 2511 aediﬁcationem
2707 2448 2986 2507 trahentes
3011 2488 3030 2515 .
3080 2447 3365 2509 audiamus
3399 2451 3628 2511 consilia

2031 2547 2376 2606 sanctorum;
2423 2546 2482 2594 et
2519 2553 2778 2597 ascensus
2820 2539 2877 2596 in
2915 2538 3082 2597 corde
3123 2549 3625 2612 aosuo'ponentes,

2033 2632 2325 2700 migremus
2371 2630 2427 2685 in
2448 2694 2451 2697 _
2472 2637 2718 2689 montem
2762 2644 2794 2685 a
2837 2629 3082 2692 convalle
3106 2630 3283 2695 ﬂetus.
3321 2646 3397 2690 ne
3430 2646 3535 2688 nos
3563 2632 3627 2690 in

2033 2720 2324 2793 campestri
2351 2719 2475 2780 loco
2500 2729 2718 2792 apertos
2746 2720 3019 2776 inveniant
3044 2721 3137 2794 qui
3173 2730 3500 2793 paraverunt
3534 2737 3628 2778 sa-

2034 2813 2196 2882 gittas
2215 2827 2342 2869 suas
2368 2812 2423 2868 iu
2448 2811 2704 2884 pharetra
2732 2818 2794 2869 ut
2814 2811 3072 2881 sagittem
3108 2813 3162 2869 in
3189 2814 3422 2870 obscuro
3450 2821 3629 2871 rectos

2035 2904 2220 2961 corde.
2249 2903 2548 2962 Obscurum
2588 2904 2678 2960 hic
2717 2919 2819 2976 pro
2856 2904 3071 2961 occulto
3106 2908 3306 2981 posuit.
3333 2905 3402 2964 lli
3446 2916 3630 2965 autem

2035 2998 2127 3070 qui
2154 2996 2437 3055 destruunt
2477 3004 2597 3069 quas
2620 2992 2851 3068 perfecit
2881 2996 3157 3066 Dominus,
3189 2999 3244 3056 hi
3274 3007 3401 3056 sunt
3425 3001 3519 3073 qui
3540 3017 3642 3057 saa

2035 3089 2237 3159 gittare
2255 3088 2477 3149 student
2500 3095 2683 3146 rectos
2706 3088 2899 3158 corde,
2924 3094 2981 3145 et
3006 3103 3110 3156 nos
3134 3105 3249 3162 pro-
3264 3089 3499 3161 peccatis
3527 3090 3632 3147 ista

2036 3182 2326 3254 patiamur,
2347 3181 2449 3252 qui
2467 3181 2646 3252 justus
2684 3188 2773 3239 est
2814 3195 2986 3254 quare
3029 3180 3302 3253 altligitur,
3339 3182 3633 3255 quijastus

341 3270 500 3335 gatus
520 3248 687 3347 fuerit
706 3265 996 3339 secundum
1016 3248 1410 3337 multitudinem
1431 3269 1526 3325 irie
1551 3284 1661 3327 suae
1688 3270 1932 3343 inquirit.
1959 3255 2009 3320 C
2039 3248 2142 3340 est,
2188 3288 2358 3344 quare
2372 3248 2666 3344 litigatur,
2713 3248 2885 3347 quas
2918 3248 3262 3348 ροτωιίιῖιττ
3287 3248 3633 3343 ’ρῐιίιίριείιιι

344 3353 461 3411 Non
489 3343 575 3412 est
614 3355 755 3411 Deus
782 3364 910 3412 ante
937 3357 1125 3414 oculos
1155 3357 1292 3430 ejus,
1321 3360 1581 3431 polluitur
1607 3361 1695 3417 via
1730 3362 1851 3431 ejus
1879 3362 1935 3418 in

346 3442 491 3505 ouini
523 3459 791 3522 tempore.
817 3447 1024 3507 Judicia
1050 3459 1139 3507 tua
1166 3468 1198 3507 a
1226 3453 1364 3509 facie
1388 3456 1507 3524 ejus
1533 3453 1851 3522 abscedunt,
1881 3463 1939 3510 et

348 3542 419 3595 ita
448 3541 700 3597 omnibtts
728 3542 957 3598 inimicis
983 3542 1095 3600 suis
1112 3542 1439 3612 dominatur,
1460 3552 1518 3601 ut
1538 3545 1683 3602 dicat
1704 3546 1758 3602 in
1773 3546 1940 3605 corde

348 3650 466 3698 suo,
495 3633 613 3690 Non
654 3635 914 3691 movehor
943 3636 995 3692 in
1031 3636 1386 3708 generatione
1414 3638 1532 3694 sine
1559 3638 1702 3694 malo
1735 3657 1748 3693 :
1783 3638 1940 3709 hujus

349 3744 412 3783 os
437 3726 901 3785 maledictionibus
919 3714 1157 3803 plenum,
1176 3729 1416 3801 nihilque
1435 3730 1688 3786 blandum
1712 3732 1935 3791 habens.

350 3822 538 3877 contra
578 3836 868 3894 pauperem
901 3821 953 3875 in
994 3820 1170 3891 lingua
1213 3820 1333 3891 ejus
1369 3819 1524 3876 labor
1556 3830 1665 3895 est,
1697 3822 1852 3887 sedet
1884 3824 1939 3881 iu

349 3912 559 3970 insidiis
578 3900 696 3967 cum
716 3910 973 3987 divitibus
993 3912 1131 3978 aliis,
1156 3912 1223 3967 ad
1243 3912 1375 3968 nihil
1397 3900 1542 3969 aliud
1566 3913 1667 3969 nisi
1698 3922 1757 3971 ut
1777 3914 1942 3971 inter-

351 3998 864 4058 fu-iattinuoceutetn
895 4022 907 4057 :
936 4003 1040 4059 hoc
1067 4019 1198 4059 sane
1225 4003 1353 4074 quia
1378 4003 1573 4060 divites
1595 4004 1647 4060 in
1677 3996 1777 4059 suo
1806 4020 1940 4060 con-

349 4092 475 4171 silio
506 4092 722 4158 faciunt,
755 4102 810 4147 ut
838 4093 889 4148 in
916 4094 1109 4163 laqueo
1138 4109 1236 4151 suo
1264 4095 1481 4169 capiant
1509 4095 1857 4161 innocentes;
1887 4102 1946 4151 et

351 4174 479 4238 ideo
512 4181 715 4252 jugiter
757 4179 1090 4241 clamandum
1119 4192 1224 4252 est,
1269 4184 1543 4256 Exsurge,
1596 4186 1845 4252 Domine,
1885 4194 1942 4242 et

352 4273 624 4330 exaltetur
652 4290 840 4330 manus
862 4285 972 4341 tua,
1011 4292 1080 4333 ne
1108 4263 1445 4337 obliviscaris
1473 4293 1767 4351 pauperem
1797 4280 1849 4334 in
1881 4278 1944 4335 ll.-

352 4372 498 4451 nem,
529 4376 588 4423 ut
615 4368 759 4439 quod
789 4368 1019 4425 irritabit
1049 4370 1243 4442 impius
1280 4370 1591 4436 Dominum,
1626 4370 1766 4429 dixit
1798 4372 1945 4431 enim

351 4459 406 4514 iu
437 4458 599 4514 corde
618 4476 718 4515 suo
744 4478 757 4514 :
783 4458 900 4515 Non
922 4463 1161 4534 requiret
1182 4462 1339 4529 Deus.
1367 4460 1460 4517 Ille
1487 4470 1668 4517 autem
1698 4462 1943 4534 requirit,

350 4557 409 4605 et
434 4548 740 4605 considerat
767 4550 968 4616 omnia,
1000 4549 1094 4606 sed
1133 4551 1403 4621 patienter
1439 4565 1604 4621 agens
1646 4560 1943 4622 exspectat,

350 4652 411 4700 ut
435 4641 611 4698 tradat
637 4634 733 4698 eos
756 4643 810 4699 in
831 4658 1025 4703 manus
1048 4659 1192 4710 suas,
1216 4653 1270 4700 et
1301 4643 1454 4699 tollat
1481 4660 1579 4700 eos
1604 4644 1671 4699 de
1699 4644 1945 4701 manibus
1973 4625 2023 4688 ί)

348 4730 698 4791 (1ςῐιιιιοηιιιιπ.⁴
726 4733 831 4806 Ipsi
866 4730 1020 4792 enim
1064 4735 1353 4790 derelictus
1393 4742 1477 4789 est
1522 4748 1743 4805 pauper,
1782 4747 1943 4803 quem

352 4816 497 4883 enim
526 4843 719 4885 omnes
746 4827 1067 4900 despiciunt,
1094 4827 1207 4884 Deo
1227 4842 1351 4884 eum
1382 4827 1498 4882 sine
1521 4826 1688 4881 dubio
1715 4824 1949 4881 derelin-
1988 4862 1994 4868 -

351 4926 542 4990 quunt,
575 4926 633 4973 et
671 4917 916 4990 orphano
952 4925 1162 4990 patrem
1204 4933 1313 4973 non
1349 4917 1571 4973 habenti
1607 4916 1723 4989 ipse
1764 4916 1949 4972 existit

352 4993 591 5080 adjutor.
631 5000 935 5069 Cooterens'
958 5006 1237 5081 brachium
1265 5008 1467 5069 diaboli
1493 5006 1587 5079 qui
1626 5021 1726 5079 per
1752 5004 1947 5065 Phari-

352 5112 495 5169 sieos
520 5101 765 5173 quaesivit
791 5108 1075 5173 peccatum
1104 5100 1343 5172 aliquod,
1383 5100 1525 5159 unde
1553 5106 1803 5168 argueret
1839 5098 1949 5156 Do-

354 5191 583 5257 minam,
625 5202 680 5248 et
722 5208 829 5252 non
878 5193 1103 5250 invenit.
1143 5193 1403 5252 Dominus
1438 5200 1620 5250 autem
1657 5201 1848 5263 regnat
1893 5193 1950 5249 in

353 5281 547 5336 smeula
577 5282 917 5349 saeculorum,
944 5292 1001 5339 et
1028 5270 1281 5354 peribunt
1304 5292 1494 5353 gentes
1517 5282 1586 5339 de
1618 5291 1764 5339 terra
1808 5282 1944 5354 ejus.

357 5369 693 5428 Desiderium
735 5374 880 5429 enim
919 5387 1219 5445 pauperum
1253 5374 1529 5431 exaudivit
1575 5374 1852 5442 Dominus,
1876 5357 1948 5432 ἐι

357 5463 618 5519 desideria
647 5464 828 5520 cordis
856 5480 1047 5521 eorum
1073 5465 1349 5522 exaudivit
1374 5465 1521 5521 auris
1547 5465 1683 5536 ejus,
1711 5473 1772 5521 ut
1804 5464 1950 5537 judio

352 5563 507 5610 cetur
550 5555 606 5611 in
649 5553 892 5611 Ecclesia
920 5555 1039 5626 ejus
1082 5555 1289 5628 pupillo
1317 5563 1373 5612 et
1418 5554 1626 5623 humili,
1655 5563 1712 5611 et
1739 5564 1800 5612 ut
1839 5571 1951 5613 non
2038 5556 2127 5624 ,αἱ

353 5652 595 5723 apponat
619 5643 785 5699 homo
810 5645 949 5701 ultra
975 5646 1322 5716 magniﬁcare
1347 5661 1408 5702 se
1426 5660 1590 5717 super
1614 5652 1834 5712 terram,
1853 5661 1952 5718 per

352 5734 529 5806 ipsum
572 5735 859 5794 Dominum
885 5734 1071 5794 Jesum
1096 5736 1390 5806 Christum,
1429 5738 1523 5809 qui
1548 5746 1740 5807 regnat
1768 5737 1824 5795 in
1851 5751 1952 5795 sie-

354 5827 477 5885 cula
502 5826 845 5897 saeculorum,
881 5828 1075 5886 Amen.

2037 3364 2165 3422 mali
2205 3364 2364 3421 fecit?
2386 3364 2576 3435 Agnus
2616 3366 2992 3425 immaculatus
3020 3366 3282 3425 Dominus
3319 3375 3422 3429 est,
3465 3381 3633 3436 quem

2041 3469 2137 3512 vos
2156 3463 2409 3527 putantes
2423 3456 2854 3530 qualemcunque
2867 3458 3140 3515 hominem
3157 3457 3393 3513 hominis
3402 3456 3634 3512 arbitrio
3670 3504 3677 3509 .

2039 3546 2351 3603 tradidistis.
2388 3545 2509 3617 Ipse
2535 3554 2718 3602 autem
2747 3548 2803 3603 in
2831 3547 3038 3618 ternplo
3075 3554 3268 3603 sancto
3293 3561 3413 3610 suo,
3444 3546 3496 3600 id
3524 3555 3632 3611 est,

2042 3639 2182 3696 Deus
2201 3641 2352 3694 estin
2379 3637 2586 3694 Christo
2605 3639 2855 3693 mundum
2873 3639 3164 3695 concilians
3185 3636 3286 3692 sibi
3307 3637 3374 3708 (II
3403 3634 3527 3691 Cor.
3554 3638 3633 3709 ν).

2040 3729 2100 3785 In
2129 3730 2247 3799 ipso
2292 3727 2495 3798 templo
2523 3736 2714 3784 sanum
2738 3736 2826 3784 est
2849 3727 2996 3798 quod
3033 3729 3104 3785 de
3142 3728 3484 3784 itu-iaculata
3515 3728 3637 3785 Vir-

2042 3820 2168 3890 gine
2195 3818 2513 3889 suscipiens,
2536 3817 2691 3887 sedet
2717 3817 2944 3880 iactelis
2968 3819 3040 3877 ad
3063 3817 3344 3877 dexteram
3366 3816 3558 3885 Patris,
3578 3826 3638 3875 et
3686 3876 3693 3883 ,

2042 3922 2128 3981 cst
2152 3912 2210 3967 iu
2228 3909 2541 3971 cudosedes
2564 3907 2701 3980 ejus.
2729 3908 2887 3969 Oculi
2912 3908 3033 3979 ejus
3062 3908 3116 3971 in
3144 3921 3439 3978 pauperem
3467 3908 3638 3979 respi-

2043 4005 2214 4070 ciunt,
2247 4015 2305 4061 ut
2332 4004 2629 4075 interroget
2650 4002 2854 4074 justum
2882 4009 2941 4058 et
2958 4002 3204 4074 impium,
3222 4010 3291 4057 et
3315 4002 3561 4073 quamvis
3578 4001 3639 4057 in

2046 4096 2153 4151 isto
2187 4095 2386 4152 saeculo
2426 4095 2655 4165 gloriam
2693 4095 2796 4153 sibi
2825 4093 3107 4151 vindicent
3133 4100 3466 4164 peccatores,
3507 4091 3640 4147 dum

2038 4189 2275 4259 “emperit
2298 4186 2570 4258 judicium
2614 4188 2844 4257 agitari,
2874 4188 3150 4245 habebunt
3192 4185 3356 4243 talem
3402 4185 3641 4256 pluviam

2048 4295 2212 4351 super
2236 4295 2317 4346 se,
2348 4280 2566 4351 qualem
2610 4277 3373 4350 Psalmographus-memorat,
3418 4279 3557 4349 ignis
3583 4287 3642 4335 et

2049 4370 2317 4441 sulphuris
2370 4379 2426 4425 et
2468 4370 2690 4441 spiritus
2726 4370 3082 4441 tempestatis.
3111 4367 3298 4425 Justus
3345 4371 3451 4425 erit
3494 4368 3643 4425 enim

2052 4461 2311 4518 Dominus
2337 4469 2466 4519 tunc
2501 4461 2595 4532 qui
2632 4476 2777 4516 nunc
2817 4460 2945 4532 pius
2987 4470 3093 4525 est,
3122 4468 3182 4516 et
3221 4460 3533 4531 equitatem
3561 4461 3644 4517 vi-

2049 4553 2223 4621 debit,
2248 4554 2342 4624 qui
2381 4568 2525 4609 nunc
2561 4552 2898 4623 iniquitatem
2933 4553 3183 4611 attendit.
3217 4551 3342 4609 Post
3381 4553 3643 4626 judicium

2048 4646 2195 4702 enim
2221 4645 2343 4716 ejus
2369 4661 2477 4702 non
2498 4646 2602 4701 erit
2624 4653 2907 4716 peccatum
2932 4659 3037 4700 nec
3057 4645 3405 4715 possibilitas,
3428 4662 3531 4705 nec
3548 4659 3645 4702 vo-

2050 4737 2229 4794 luntas
2245 4736 2417 4806 gloria
2440 4746 2663 4804 auersa,
2680 4737 2776 4817 qui
2794 4736 3056 4806 regnat'i'u
3084 4736 3281 4795 secula
3298 4738 3640 4801 seculorum.

2050 4828 2241 4886 Amen.
2927 4853 2930 4856 ~
3038 4860 3048 4869 τ
3228 4850 3231 4851 ν
3542 4836 3545 4841 '

2627 4937 2948 5000 PSALIIUS
2971 4938 3065 4997 XI.
3198 4940 3206 4947 ε
3394 5020 3401 5025 θ

2302 5052 2363 5109 lu
2398 5051 2829 5127 lineurpsalmus
2854 5053 3024 5127 David
3047 5068 3150 5125 pro
3177 5059 3387 5109 octava.
3458 5106 3477 5139 ,ἱ

2124 5186 2340 5243 Saluum
2371 5204 2454 5243 nte
2479 5188 2588 5261 (ac,
2627 5184 2883 5250 Domine,
2912 5183 3158 5256 quoniam
3183 5179 3372 5252 defecit
3409 5186 3646 5248 sanctus.

2053 5276 2297 5354 quoniam
2343 5271 2614 5336 mw
2657 5288 2778 5334 suist
2820 5276 3060 5331 eeritatcs
3104 5286 3143 5326 α
3177 5269 3307 5344 ﬁliis
3359 5270 3645 5331 hominum.

2065 5369 2216 5426 Vm
2243 5370 2399 5427 locuti
2423 5379 2553 5427 sunt
2572 5368 2918 5441 unusquisque
2944 5364 3015 5419 ad
3040 5363 3335 5436 posituram
3368 5370 3650 5430 saturnia.

2059 5463 2146 5519 hic
2172 5463 2354 5521 dolosa
2377 5465 2436 5519 in
2462 5460 2620 5519 corde
2634 5468 2691 5514 et
2713 5457 2869 5514 corde
2884 5456 3040 5512 locuti
3065 5462 3204 5512 sunt.
3239 5454 3518 5531 Disperdat
3545 5454 3649 5511 Do-

2052 5745 2232 5792 nostra
2259 5752 2293 5788 α
2318 5730 2464 5788 nobis
2491 5738 2629 5798 sunt,
2666 5731 2783 5804 quis
2809 5740 2984 5787 noster
3011 5728 3267 5786 Dominus
3286 5735 3365 5783 est
3384 5727 3410 5781 γ
3429 5723 3657 5794 Propter

2052 5827 2313 5882 iniseriam
2341 5825 2554 5897 inopum
2585 5831 2638 5879 et
2674 5824 2916 5897 gemitum
2953 5833 3270 5893 pauperum,
3300 5831 3443 5873 nunc
3462 5829 3650 5873 exsur-
