4246 6264
284 399 292 405 .
370 352 468 413 511

1341 341 1810 419 counsunnn'
1846 357 1917 413 lN
1955 354 2285 417 PSALMOS.
2330 354 2521 412 PSAL.
2565 354 2677 411 xv.

3554 346 3662 412 Si!

370 473 599 538 rnttcula,
643 468 693 528 et
735 444 977 547 operatur
1007 467 1293 548 justitiam.
1330 475 1431 540 Qui
1451 460 1675 547 loquitur
1694 475 1958 529 ueritatem
1988 474 2033 535 Α
2063 487 2231 525 meam
2269 470 2416 524 mihi.
2460 468 2634 524 Funes
2666 468 2963 523 reciderunt
2997 468 3125 523 mihi
3162 468 3218 523 in
3246 468 3546 540 prwclaris,
3579 479 3658 523 et-

369 569 425 624 ’.τι
447 567 606 621 corde
629 584 743 633 suo,
782 568 868 639 qui
895 584 997 623 non
1036 569 1141 640 egit
1179 568 1353 623 dolum
1390 570 1447 622 in
1486 568 1664 640 lingua
1692 583 1807 621 sua.
1852 564 1964 620 Nec

370 659 497 728 fecit
522 661 760 729 proximo
786 676 879 715 suo
915 660 1129 732 malum,
1180 670 1231 714 et
1275 660 1606 732 opprobrium
1633 675 1739 715 non
1768 660 1967 731 accepit

370 749 623 804 adversus
663 752 926 822 proximos
964 730 1103 807 sitos.
1146 752 1230 806 Ad
1254 730 1472 807 nihilum
1505 751 1779 806 deductum
1804 730 1963 805 estin

368 852 644 913 conspectu
686 844 797 916 ejus
843 845 1132 915 malignus,
1175 847 1410 899 timentes
1460 853 1630 900 autem
1681 843 1963 899 Dominum

365 935 649 1005 gt‘oriﬁcat.
704 932 803 999 Qui
842 937 991 1009 jurat
1035 939 1277 1008 proximo
1316 954 1409 991 suo
1433 945 1613 992 etnon
1636 937 1843 1007 decipit,
1876 936 1963 1007 qui

363 1029 639 1098 pecuniam
665 1044 813 1082 suam
841 1045 945 1083 non
972 1028 1114 1083 dedit
1143 1029 1213 1082 ad
1237 1045 1472 1095 usuram,
1502 1037 1552 1082 et
1568 1044 1784 1083 munera
1812 1043 1964 1098 super

363 1120 692 1173 innocentem
729 1137 833 1176 non
874 1122 1091 1190 accepit.
1155 1118 1256 1184 Qui
1287 1120 1412 1191 facit
1442 1120 1570 1185 hac,
1604 1137 1708 1174 non
1738 1135 1962 1174 commo-

362 1209 559 1265 vebitur
586 1214 641 1266 in
666 1220 940 1269 wternum.

945 1299 1388 1340 COIIENTAIIUI.

439 1391 631 1448 Omnis
670 1395 1052 1451 inmaculatus
1093 1396 1389 1465 ingreditur
1434 1395 1836 1451 tabernaculum
1858 1394 1965 1451 Do—

362 1484 531 1550 mini,
562 1494 620 1540 et
659 1486 732 1539 ibi
763 1486 1142 1542 immaculatus
1171 1484 1419 1543 eiiicitur.
1470 1484 1626 1541 Jesus
1663 1493 1840 1542 autem
1861 1485 1964 1539 im-

362 1576 669 1631 maculatus
714 1577 866 1633 solus
909 1578 1206 1646 virgineam
1254 1579 1432 1633 aulam
1469 1578 1756 1646 ingressus,
1787 1577 1964 1648 ipsum

364 1668 769 1725 tabernaculum
799 1685 828 1724 a
854 1669 1079 1725 maculis
1103 1671 1411 1725 carnalibus
1431 1669 1698 1734 liberavit,
1730 1678 1786 1724 et
1815 1668 1964 1725 dedit

365 1759 847 1817 sanctiﬁcationem
876 1762 1057 1833 potius
1094 1777 1254 1833 quam
1304 1761 1533 1831 accepit.
1577 1760 1844 1828 Quoniam
1872 1760 1962 1817 lex

2070 564 2208 620 enim
2229 562 2504 616 hereditas
2533 577 2648 615 mea
2670 560 2926 631 praclara
2947 569 3021 614 est
3045 560 3191 614 mihi.
3218 559 3525 615 Benedicam
3550 559 3660 616 Do-

2068 655 2266 708 minum
2288 654 2373 724 qui
2396 651 2570 706 tribuit
2596 651 2723 706 mihi
2740 650 3073 714 intellectum,
3100 652 3312 721 insuper
3338 660 3389 705 et
3405 668 3562 724 usque
3589 652 3660 705 ad

2070 755 2270 800 noctem
2296 746 2659 814 increpuerunt
2696 758 2778 796 me
2816 758 2964 796 renes
2991 742 3112 795 mei.
3173 740 3664 819 Proridebam_Do—

2068 839 2265 891 asinum
2290 837 2344 889 in
2363 844 2637 906 conspectu
2658 850 2770 888 meo
2788 849 3009 903 semper,
3040 834 3283 903 quoniam
3311 848 3344 886 a
3365 831 3561 887 dextris
3587 842 3664 886 est

2068 929 2195 983 mihi
2243 945 2308 982 ne
2355 943 2694 983 commoveor.
2754 926 2980 997 Propter
3031 926 3128 980 Itoc
3183 926 3414 981 laetatum
3460 935 3535 980 est
3576 942 3666 981 cor

2066 1036 2236 1074 meum
2281 1028 2333 1074 et
2370 1020 2648 1075 exsultauit
2689 1019 2869 1090 lingua
2893 1035 3036 1083 mea,
3067 1020 3278 1088 insuper
3316 1028 3366 1072 et
3403 1002 3662 1075 caroitncu

1996 1113 2009 1118 “
2065 1112 2346 1182 requiescet
2382 1112 2439 1167 in
2475 1127 2584 1182 spe.
2648 1107 2910 1175 Quoniam
2954 1126 3057 1165 non
3086 1107 3405 1181 derelinques
3433 1110 3661 1164 animum

2064 1216 2234 1255 meam
2255 1202 2309 1255 in
2338 1202 2578 1272 inferno,
2608 1216 2701 1255 nec
2730 1198 2878 1255 dabis
2906 1207 3145 1255 sanctum
3172 1208 3315 1281 tuum
3340 1201 3511 1255 ridere
3547 1217 3655 1254 cor-

2067 1294 2383 1363 ruptionem.
2429 1291 2603 1351 Notas
2631 1294 2801 1364 fecisti
2822 1293 2949 1347 mihi
2971 1294 3079 1346 vias
3107 1293 3240 1357 vitta,
3264 1291 3568 1363 adimplebis
3588 1310 3668 1347 me

2069 1382 2251 1440 laetitia
2293 1401 2408 1440 cum
2452 1384 2595 1439 uultu
2637 1394 2721 1441 tuo
2745 1424 2761 1450 ,
2811 1383 3177 1441 delectationes
3227 1386 3281 1439 in
3327 1384 3543 1441 dextera
3575 1395 3663 1439 tua

2065 1493 2225 1550 usque
2250 1478 2306 1533 in
2334 1478 2510 1549 ﬁnem.

2641 1563 3075 1603 COIIENTARIUI.

2138 1661 2185 1714 A
2212 1659 2657 1731 quinquagesimo
2702 1659 2893 1729 quinto
2940 1660 3149 1729 psalmo
3198 1674 3370 1730 usque
3409 1659 3475 1715 ad
3500 1660 3662 1732 quin-

2066 1750 2437 1821 quagesimum
2487 1766 2691 1807 nonum
2729 1765 2920 1806 omnes
2948 1749 3147 1806 habent
3185 1751 3326 1806 tituli
3353 1752 3662 1823 inscriptio-

370 1859 482 1907 tota
529 1851 588 1907 in
635 1844 884 1924 Decaltigi
940 1868 1147 1907 summa
1195 1850 1553 1917 concluditur,
1603 1852 1962 1924 decemplices
1992 1851 2040 1913 Β
2068 1856 2203 1905 "es:
2235 1839 2331 1897 Sed
2376 1856 2484 1897 ηοη
2514 1856 2695 1910 Ριιηε·
2756 1838 2861 1895 me
2902 1849 3080 1896 autem
3112 1841 3348 1912 Psalmus
3376 1843 3494 1901 801³
3521 1844 3664 1901 mu“

373 1939 491 2008 ejus
518 1941 575 1994 in
604 1942 707 1995 isto
729 1942 934 2011 psalmo
961 1941 1159 1997 formas
1183 1944 1477 2013 expressit,
1510 1943 1707 2013 quibus
1746 1958 1810 1998 ea
1859 1943 1961 1999 do-

380 2030 557 2085 cuisse
577 2045 696 2099 quae.
725 2028 911 2086 fecisse
931 2033 1205 2102 probatur.
1230 2032 1363 2088 Nam
1373 2027 1637 2104 'ingressu
1667 2049 1764 2089 suo
1789 2034 1964 2089 taber-

382 2119 636 2175 naculum
657 2136 686 2174 a
709 2122 927 2177 maculis
947 2124 1234 2177 ementium
1250 2133 1304 2178 et
1324 2124 1665 2180 vendentium
1690 2124 1958 2188 liberavit,

380 2218 435 2266 et
463 2220 719 2283 operatus
762 2221 843 2269 est
883 2206 1173 2282 justitiam,
1213 2216 1432 2271 salutem
1461 2218 1697 2274 hominis
1734 2217 1963 2273 sabbato

376 2300 526 2357 feriis
558 2303 944 2374 'praaponendo.
992 2305 1333 2375 Loquebatur
1364 2316 1543 2363 autem
1571 2309 1859 2364 veritatem
1904 2308 1961 2362 in

371 2393 537 2448 corde
558 2409 676 2461 suo,
707 2390 833 2449 nihil
854 2397 1110 2467 cogitans,
1130 2397 1231 2452 nisi
1250 2399 1580 2454 voluntatem
1603 2398 1796 2471 Patris.
1839 2399 1960 2454 Non

368 2483 479 2552 egit
505 2483 685 2539 dolum
733 2485 787 2539 in
838 2486 1013 2555 lingua
1064 2504 1182 2554 sua,
1227 2488 1491 2561 siquidem
1535 2506 1603 2545 ex
1634 2491 1812 2560 lingua
1840 2489 1960 2561 ejus

365 2576 541 2629 sermo
570 2588 832 2645 egressus,
864 2578 1018 2634 aecis
1041 2579 1222 2634 lumen
1242 2620 1258 2643 ,
1289 2581 1521 2636 salutem
1549 2582 1955 2651 aegrotantibus,

366 2671 420 2717 et
450 2664 610 2719 vitam
641 2668 869 2727 mortuis
894 2668 1230 2727 conferebat.
1272 2670 1632 2742 Opprobrium
1663 2689 1772 2727 non
1801 2689 1957 2729 acce-

363 2753 451 2839 pit,
482 2755 743 2813 adversus
788 2760 1094 2828 proximum
1140 2777 1320 2817 suum.
1373 2762 1651 2832 Siquidem
1680 2764 1841 2818 etiam
1867 2762 1962 2819 Ju-

360 2845 484 2901 dam
530 2851 722 2905 osculo
769 2852 1024 2921 suscepit.
1083 2852 1166 2907 Ad
1216 2854 1440 2908 nihilum
1478 2848 1740 2911 deductus
1785 2865 1867 2910 est
1906 2857 1959 2911 in

362 2947 661 3009 conspectu
709 2938 828 3010 ejus
873 2944 1139 3013 malignus
1162 2983 1178 3008 ,
1233 2946 1523 3015 prohibens
1551 2948 1734 3016 utique
1759 2949 1960 3004 bonum

366 3027 509 3111 fieri.
550 3029 827 3089 Timentes
847 3043 1026 3090 autem
1060 3036 1346 3092 Dominum
1376 3039 1446 3093 ita
1479 3041 1864 3109 magnificavit,
1899 3051 1958 3097 ut

364 3120 517 3176 daret
543 3124 619 3177 eis
647 3132 951 3195 potestatem
977 3128 1118 3198 filios
1150 3127 1249 3183 Dei
1275 3130 1393 3200 ﬁeri
1422 3130 1599 3201 (Joan.
1634 3133 1694 3203 ι).
1746 3131 1956 3190 Juravit

2067 1933 2421 2002 inscriptione
2449 1940 2804 2003 prmnotatur,
2834 1946 2941 2002 qua
2964 1932 3265 1988 ostenditur
3291 1933 3412 2005 plus
3440 1933 3508 1990 ad
3541 1952 3660 2006 my-

2065 2023 2259 2079 sticam
2283 2022 2689 2092 intelligentiam
2709 2037 2872 2093 quam
2893 2021 2960 2078 ad
2985 2023 3296 2079 historicam
3322 2024 3663 2093 decantatus,

2067 2114 2121 2169 in
2150 2129 2258 2183 quo
2294 2112 2625 2169 advertimus
2652 2113 2925 2170 hominem
2954 2112 3250 2187 perfectum
3278 2114 3462 2171 Jesum
3491 2116 3663 2171 Naza-

2066 2220 2256 2259 renum
2279 2203 2347 2258 ad
2366 2204 2671 2275 passionem
2694 2212 2932 2270 euntem,
2958 2204 3115 2275 hujus
3144 2206 3336 2277 psalmi
3358 2207 3663 2265 orationem

2066 2295 2359 2352 eii'undere.
2376 2296 2635 2364 Quamvis
2648 2297 2791 2353 enim
2810 2296 2948 2354 Deus
2960 2308 3093 2354 esset
3104 2299 3158 2354 in
3173 2297 3401 2366 Christo,
3416 2300 3664 2363 mundum

2065 2387 2409 2442 reconcilians
2420 2386 2521 2442 sibi
2538 2387 2605 2459 (Il
2635 2387 2754 2445 Cor.
2781 2388 2859 2459 v),
2880 2399 3057 2445 tamen
3073 2390 3515 2460 passibilitatibus
3536 2392 3665 2448 sub-

2061 2477 2311 2549 jaoebat,
2359 2487 2416 2534 et
2455 2478 2651 2536 timore
2697 2479 2841 2535 enim
2886 2488 2942 2536 et
2987 2478 3243 2537 mmstitia
3268 2482 3547 2552 agebatur.
3591 2481 3664 2539 Et

2066 2570 2189 2626 ideo
2218 2568 2500 2640 alloquens
2521 2570 2865 2626 Divinitatem
2886 2570 3097 2638 adorat,
3128 2571 3316 2628 dicens
3340 2591 3353 2626 :
3385 2573 3664 2629 Conserva

2064 2677 2172 2729 me,
2202 2662 2447 2729 Domine,
2474 2661 2729 2733 quoniam
2751 2664 2961 2734 speravi
2984 2665 3037 2719 in
3068 2673 3139 2731 te,
3172 2680 3279 2722 non
3308 2664 3373 2719 ad
3402 2678 3661 2735 arrogan-

2062 2755 2196 2810 tiam
2242 2753 2435 2811 ductus
2489 2770 2589 2826 pro
2642 2755 2984 2812 immaculata
3050 2757 3378 2813 conscientia
3428 2756 3663 2827 superbe

2064 2846 2217 2918 sapui
2241 2888 2257 2913 ,
2290 2845 2388 2901 sed
2410 2843 2522 2901 dixi
2550 2845 2808 2913 Domino,
2840 2846 2983 2904 Deus
3008 2862 3162 2903 meus
3190 2864 3250 2904 es
3282 2857 3359 2915 tu,
3389 2857 3444 2905 et
3470 2863 3663 2919 quam-

2063 2937 2146 2995 vis
2171 2937 2352 2993 omnia
2374 2953 2540 3011 opera
2569 2953 2710 3005 mea,
2741 2946 2796 2993 et
2823 2940 3196 3012 omniarverba
3225 2956 3366 3008 mea,
3398 2951 3453 2997 et
3481 2943 3664 3000 omnia

2063 3029 2301 3100 cogitata
2324 3044 2444 3087 mea
2464 3029 2605 3086 bona
2635 3030 2762 3097 sint,
2794 3039 2976 3087 tamen
3009 3043 3064 3088 tu
3089 3034 3181 3103 qui
3209 3051 3295 3090 me
3324 3035 3665 3107 assumpsisti

2060 3118 2331 3176 honorum
2372 3135 2619 3177 meorum
2659 3137 2767 3178 non
2798 3134 2944 3192 eges.
2987 3122 3105 3180 Non
3128 3126 3270 3181 enim
3300 3141 3400 3199 pro
3432 3127 3525 3182 Dei
3562 3145 3661 3185 ne-

362 3222 420 3269 et
450 3216 705 3285 proximo
733 3232 832 3273 suo
860 3226 913 3274 et
943 3235 1050 3275 non
1097 3221 1329 3293 decepit.
1390 3221 1528 3290 Quid
1551 3223 1791 3294 juravit?
1819 3226 1956 3282 Illud

2063 3209 2319 3265 cessitate
2363 3220 2671 3283 assumptus
2710 3220 2793 3268 est
2820 3212 2986 3270 homo
3004 3254 3019 3279 ,
3050 3215 3146 3271 sed
3171 3232 3271 3288 pro
3301 3218 3534 3275 hominis
3563 3236 3663 3275 ne-

361 3305 481 3359 sine
500 3304 667 3361 dubio
693 3307 840 3377 quod
883 3310 1157 3379 promisit,
1189 3311 1374 3369 dicens
1403 3332 1414 3366 :
1447 3313 1612 3369 Amen
1642 3315 1758 3371 dico
1786 3317 1952 3383 vobis,

359 3396 479 3467 quia
506 3398 555 3450 si
603 3400 900 3454 manseritis
921 3400 976 3454 in
999 3401 1317 3458 sermonibus
1339 3406 1487 3471 meis,
1510 3407 1626 3476 jam
1654 3422 1759 3461 non
1785 3408 1957 3463 dicam

360 3505 645 3545 vos-servos
671 3490 766 3545 sed
797 3493 993 3548 amicos
1028 3494 1208 3569 (Joan.
1242 3496 1354 3564 xv),
1381 3506 1437 3551 et
1464 3499 1644 3553 omnia
1670 3514 1794 3568 quae
1822 3516 1955 3570 pro-

360 3575 507 3632 misit
532 3579 843 3636 credentem
863 3582 916 3636 in
944 3596 1005 3638 se
1028 3585 1334 3653 proximum
1363 3602 1470 3641 non
1503 3587 1736 3659 decepit.
1780 3589 1953 3646 Pecu-

361 3671 504 3725 niam
531 3686 664 3728 vero
690 3688 845 3728 suam
874 3691 982 3731 non
1021 3676 1170 3731 dedit
1190 3677 1258 3733 ad
1287 3694 1525 3733 usuram.
1566 3678 1813 3737 Pecunia:
1836 3682 1956 3752 ejus

360 3761 586 3816 virtutes
630 3763 922 3819 sanitatum
965 3774 1153 3831 erant,
1197 3781 1319 3837 quis
1364 3783 1473 3824 non
1523 3770 1697 3825 solum
1739 3772 1855 3842 ipse
1885 3776 1982 3841 ab,

361 3851 475 3907 ullo
502 3853 634 3909 nihil
663 3856 935 3926 accipiens
961 3860 1206 3915 exercuit
1228 3901 1243 3926 ,
1288 3862 1383 3916 sed
1411 3869 1467 3917 et
1491 3863 1637 3934 ipsos
1662 3865 1955 3937 discipulos

358 3958 493 3998 suos
519 3944 697 4000 taliter
725 3946 1052 4016 informavit,
1076 3950 1202 4005 dum
1223 3951 1380 4008 daret
1400 3954 1482 4009 eis
1509 3965 1835 4025 potestatem
1865 3959 1958 4013 in-

359 4032 549 4088 ﬁrmos
593 4038 809 4093 curandi
848 4054 913 4095 ac
954 4049 1197 4097 mortuos
1240 4045 1532 4101 suscitandi
1557 4088 1572 4112 ,
1599 4046 1950 4120 diceretque:

358 4122 544 4179 Gratis
569 4129 854 4197 accepistis,
879 4131 1044 4201 gratis
1071 4131 1195 4187 date
1212 4132 1425 4206 (Matth.
1454 4135 1532 4205 χ).
1552 4137 1771 4194 Munera
1788 4130 1955 4211 super

358 4216 682 4289 innocentes
722 4235 827 4276 non
875 4222 1050 4277 solum
1100 4239 1206 4281 non
1252 4227 1494 4296 accepit,
1522 4229 1809 4299 sedetiam
1840 4232 1955 4302 ipse

353 4308 585 4378 seipsutn
626 4309 772 4365 dedit
798 4313 1198 4385 redemptionem
1226 4333 1320 4386 pro
1352 4317 1592 4373 omnibus
1614 4321 1663 4391 -(l
1699 4321 1831 4376 Tim.
1867 4324 1948 4395 ιι).

313 4418 330 4427 ·
354 4402 657 4481 Completis
687 4418 817 4474 ergo
847 4405 930 4460 his
966 4406 1153 4462 decem
1204 4408 1461 4463 virtutum
1493 4410 1733 4479 indiciis,
1764 4412 1816 4467 in
1848 4413 1953 4470 hoc

354 4494 426 4547 tle
456 4495 596 4549 cmlo
623 4504 678 4551 et
708 4496 1092 4569 perfectionem
1124 4499 1398 4571 impletam
1428 4498 1693 4571 ostendit,
1725 4514 1780 4561 et
1805 4506 1954 4579 adje-

2064 3301 2317 3356 cessitate
2364 3309 2644 3373 susceptus
2686 3312 2769 3360 est
2816 3304 2973 3363 Deus.
3037 3304 3140 3363 Hic
3166 3318 3347 3364 autem
3378 3310 3541 3365 homo
3570 3312 3664 3381 qui

2062 3399 2369 3463 assumptus
2402 3407 2433 3446 a
2461 3392 2574 3449 Deo
2604 3393 2746 3450 inter
2774 3412 2962 3452 onmes
2990 3409 3207 3456 sanctos
3238 3399 3539 3456 miriﬁeavit
3571 3417 3663 3455 vo-

2062 3480 2299 3557 luntates
2325 3502 2452 3543 suas
2474 3529 2490 3554 ,
2514 3488 2597 3561 ita
2629 3497 2685 3543 ut
2711 3491 2953 3546 omnium
2995 3492 3186 3545 merita
3219 3489 3270 3543 in
3302 3490 3664 3545 inmstimabili

2060 3575 2261 3633 virtute
2290 3578 2716 3645 transcenderet,
2749 3587 2805 3635 et
2828 3580 3031 3634 nullum
3059 3579 3161 3633 sibi
3190 3579 3404 3647 penitus
3431 3578 3664 3633 similem

2062 3669 2357 3733 inveniret,
2389 3676 2444 3723 et
2471 3669 2598 3723 licet
2627 3671 2994 3740 multiplicatae
3027 3677 3154 3724 sunt
3182 3669 3519 3723 inﬁrmitates
3563 3684 3661 3723 eo-

2027 3766 2032 3771 '
2060 3775 2199 3825 rum,
2229 3765 2414 3814 tamen
2444 3759 2695 3830 exemplo
2714 3759 2928 3815 Domini
2966 3760 3406 3815 acceleraverunt
3439 3758 3663 3815 tenden-

2063 3859 2147 3907 tes
2173 3850 2239 3905 ad
2266 3850 2500 3920 palmam
2518 3891 2533 3916 ,
2564 3864 2703 3919 quos
2730 3866 2761 3905 a
2790 3850 3052 3906 societate
3079 3849 3346 3904 malorum
3371 3864 3662 3920 segregans

2062 3942 2324 3999 Dominus
2348 3942 2516 3999 dicit:
2548 3941 2668 3998 Non
2694 3942 3037 4013 congregabo
3062 3942 3436 3998 conventicula
3467 3958 3660 3998 eorum

2060 4034 2131 4089 de
2158 4035 2543 4106 sanguinibus,
2584 4034 2638 4090 id
2681 4043 2784 4102 est,
2836 4035 3119 4091 credentes
3146 4035 3200 4090 in
3228 4050 3316 4091 me
3358 4034 3659 4104 segregabo

2063 4126 2133 4181 ab
2179 4128 2261 4183 eis
2302 4128 2396 4198 qui
2439 4129 2492 4182 in
2536 4126 2797 4184 effusione
2844 4127 3123 4197 sanguinis
3148 4126 3523 4184 delectantur:
3556 4142 3659 4183 nec

2062 4233 2274 4274 memor
2313 4234 2409 4275 ero
2436 4219 2715 4275 nominum
2744 4234 2933 4275 eorum
2963 4235 3065 4291 per
3092 4219 3229 4275 labia
3257 4234 3377 4275 mea
3397 4260 3412 4285 ,
3456 4232 3661 4289 negans

2060 4328 2161 4367 eos
2185 4327 2369 4367 coram
2396 4311 2559 4369 Patre
2585 4321 2643 4369 et
2662 4312 2889 4383 angelis.
2924 4313 3182 4370 Dominus
3210 4314 3351 4369 enim
3380 4328 3508 4383 pars
3537 4328 3660 4369 mea

2060 4412 2118 4460 et
2172 4404 2439 4474 passionis
2482 4419 2649 4473 mere,
2681 4405 2736 4461 id
2763 4412 2847 4461 est
2866 4446 2881 4472 ,
2913 4405 3097 4461 calicis
3124 4406 3251 4460 mei.
3283 4403 3341 4459 ln
3368 4418 3479 4475 quo
3505 4403 3663 4460 funes

2059 4496 2375 4555 ceciderunt
2399 4537 2415 4564 ,
2447 4497 2501 4553 id
2540 4508 2655 4567 est,
2712 4498 2882 4554 fortes
2908 4498 3251 4565 ceciderunt;
3278 4498 3407 4554 mihi
3436 4498 3492 4554 in
3521 4513 3663 4570 prae-

350 4591 428 4643 t-it
472 4589 658 4644 (licens
689 4607 702 4643 :
734 4590 837 4666 Qui
870 4592 1005 4647 facit
1025 4593 1158 4659 haec,
1192 4594 1245 4649 id
1273 4590 1388 4659 est,
1423 4597 1512 4666 qui
1547 4598 1688 4654 hunc
1716 4600 1954 4665 imitatus

2060 4593 2222 4649 claris
2244 4632 2259 4658 ,
2316 4593 2369 4648 in
2414 4594 2677 4663 apostolis
2715 4594 2835 4649 sine
2888 4592 3073 4651 dubio.
3134 4592 3345 4649 Etenim
3371 4593 3660 4650 bmreditas

351 4681 376 4732 f
392 4681 532 4744 ιρι-ἰν,
568 4697 674 4735 non
704 4684 1134 4741 commovebitur
1163 4686 1214 4740 in
1240 4690 1523 4742 aeternum.
1569 4688 1668 4759 ipsi
1699 4692 1867 4759 gloria
1895 4693 1950 4748 in

350 4768 545 4827 nvi-nia
580 4758 922 4831 seculorum.
956 4777 1145 4834 Amen.
1368 4778 1371 4783 ’

914 4910 1133 4967 PSALM
1145 4912 1229 4969 US
1278 4914 1394 4971 XV.

750 5024 913 5081 Tituli
945 5028 1223 5099 inscriptio
1245 5028 1346 5100 ipsi
1371 5027 1552 5086 David.

427 5136 688 5192 Conserva
717 5156 817 5205 me,
850 5139 1092 5207 Domine,
1120 5143 1368 5212 quoniam
1396 5143 1600 5213 speravi
1628 5144 1681 5196 in
1714 5152 1777 5195 te.
1826 5140 1954 5195 Dixi

354 5223 620 5283 Domino:
654 5227 791 5285 Deus
831 5248 971 5286 meus
992 5249 1045 5287 es
1073 5243 1145 5298 tu,
1186 5236 1427 5305 quoniam
1448 5232 1696 5289 bonorum
1723 5249 1952 5287 meorum

354 5336 457 5372 non
497 5338 636 5393 eges.
689 5318 898 5377 Sanctis
945 5327 1032 5397 qui
1070 5335 1191 5380 sunt
1227 5328 1280 5379 in
1324 5336 1459 5381 terra
1488 5324 1955 5397 ejus,miriﬁcaoit

354 5428 530 5466 omnes
553 5414 840 5469 voluntates
864 5432 1004 5471 meas
1031 5419 1082 5470 in
1113 5419 1204 5472 eis.
1248 5417 1607 5489 Multiplicata:
1647 5424 1769 5471 sunt
1794 5416 1950 5486 inﬁr~

354 5504 557 5557 mitalcs
591 5521 788 5571 eorum,
815 5517 989 5576 postea
1021 5507 1448 5561 acceleraverunt.
1483 5505 1607 5561 Non
1628 5503 1952 5579 congregabo

354 5596 713 5650 conventicula
741 5606 914 5651 eorum
934 5598 998 5651 de
1016 5598 1350 5668 sunguinibus
1368 5641 1382 5665 ,
1413 5615 1505 5653 nec
1522 5615 1721 5652 memor
1746 5613 1833 5652 ero
1853 5612 1954 5650 no-

355 5684 555 5738 minant
575 5704 755 5742 eorum
776 5701 866 5759 per
894 5690 1033 5743 labia
1057 5706 1191 5745 mea.
1214 5690 1462 5745 Dominus
1488 5707 1610 5762 pars
1634 5688 1958 5745 Increditatis

358 5791 518 5844 mea,
562 5790 613 5833 et
663 5783 839 5835 σπῆι-ξε
868 5786 963 5836 mei
984 5802 997 5844 ;
1040 5796 1089 5874 ιε(
1127 5802 1179 5837 es
1217 5786 1301 5854 qui
1330 5786 1564 5838 restitues
1600 5782 1955 5838 [nereditatem

2065 4701 2185 4742 mea
2216 4694 2325 4741 tam
2353 4686 2612 4756 praeclara
2636 4696 2719 4744 est
2740 4728 2754 4753 ,
2805 4694 2865 4741 ut
2902 4687 3002 4758 ipsi
3030 4687 3139 4744 sint
3179 4702 3351 4758 usque
3378 4687 3540 4744 hodie
3565 4688 3658 4743 lux

2064 4776 2227 4847 hujus
2252 4777 2439 4834 mundi
2469 4818 2484 4843 ,
2538 4779 2817 4855 inquibus
2862 4777 3201 4835 benedicitur
3244 4777 3387 4835 Deus
3409 4821 3423 4845 ,
3455 4780 3548 4849 qui
3589 4777 3662 4832 ad

2064 4868 2180 4923 inec
2232 4867 2420 4923 tribuit
2463 4868 2794 4925 intellectum
2817 4912 2833 4936 ,
2884 4885 2987 4926 nec
3024 4870 3200 4927 solum
3239 4884 3304 4925 ea
3333 4882 3452 4938 quae
3480 4866 3659 4922 lucida

2062 4968 2211 5027 sunt,
2236 4959 2401 5016 sedet
2424 4961 2513 5016 illa
2540 4975 2661 5032 quae
2681 4964 2893 5019 occulta
2921 4971 3063 5031 sunt,
3096 4979 3203 5019 non
3230 4977 3261 5016 a
3290 4961 3454 5016 corde
3473 4958 3566 5014 sed
3586 4958 3657 5014 ab

2065 5051 2196 5121 ipsis
2242 5052 2460 5107 renibus
2507 5054 2788 5110 erudiebat
2814 5093 2830 5118 ,
2879 5062 2941 5108 ut
2983 5052 3322 5124 providerem
3366 5048 3656 5104 Dominum
3751 5117 3759 5125 ι

2063 5142 2118 5198 in
2145 5153 2440 5215 conspectu
2490 5160 2615 5201 meo
2661 5160 2892 5215 semper.
2953 5142 3073 5211 ipse
3100 5147 3183 5195 est
3220 5138 3364 5193 enim
3394 5152 3425 5193 a
3451 5137 3657 5199 dextris

2062 5234 2200 5288 meis
2226 5250 2297 5289 ne
2324 5250 2689 5299 commovear,
2721 5242 2781 5290 ut
2803 5233 2909 5288 hoc
2934 5229 3081 5300 quod
3107 5237 3377 5300 peccatum
3397 5247 3504 5285 non
3533 5233 3653 5305 feci,

2061 5340 2157 5378 nec
2209 5324 2358 5380 dolus
2395 5327 2635 5380 inuentus
2674 5331 2752 5377 ast
2794 5325 2850 5377 in
2890 5335 2980 5375 ore
3003 5335 3150 5384 meo,
3195 5335 3305 5376 non
3333 5321 3658 5380 humanitati

2060 5414 2159 5471 sed
2187 5416 2460 5473 Divinitati
2490 5416 2772 5472 ascribam.
2816 5410 3048 5482 Propter
3074 5411 3179 5468 hoc
3218 5402 3544 5472 delectatum
3574 5424 3660 5472 est

2016 5556 2034 5571 ,
2062 5522 2159 5563 cor
2187 5522 2365 5564 meum
2390 5548 2404 5573 ,
2455 5515 2510 5561 et
2556 5502 2844 5559 exsultavit
2889 5502 3069 5573 lingua
3098 5518 3216 5559 mea
3236 5547 3251 5572 ,
3302 5515 3358 5562 et
3384 5506 3499 5576 ipsa
3529 5520 3658 5561 caro

2062 5612 2182 5652 mea
2211 5596 2504 5666 requiescit
2532 5594 2585 5647 in
2614 5606 2741 5662 spe,
2776 5594 3033 5665 quoniam
3071 5611 3103 5651 a
3136 5594 3342 5652 dextris
3382 5594 3518 5648 meis
3543 5593 3655 5647 Do-

2063 5689 2261 5752 minus,
2292 5695 2351 5740 ut
2381 5699 2487 5739 non
2515 5696 2883 5740 commovear.
2926 5685 2995 5742 Et
3022 5686 3147 5744 ideo
3169 5702 3278 5742 non
3307 5683 3655 5753 derelinquas

2066 5780 2120 5834 in
2152 5779 2360 5834 inferno
2397 5775 2632 5832 animam
2661 5789 2839 5835 meum
2863 5820 2879 5847 ,
2925 5795 3025 5835 nec
3049 5778 3206 5835 dabis
3232 5783 3475 5832 sanctum
3501 5782 3659 5835 suum
