4246 6264
376 345 513 439 sis

1342 376 1814 436 COMMENTARII
1852 354 2292 436 tu'rsscuos.
2334 364 2526 435 PSAL.
2570 378 2728 437 xvu.

3594 388 3700 446 διδ

408 472 439 547 a
469 494 604 566 facie
623 493 735 566 ejus
755 474 971 562 exarsit,
989 494 1237 548 carbones
1259 494 1489 548 succensi
1507 501 1627 546 sunt
1647 492 1710 546 ab
1733 511 1812 547 eo.
1841 490 2001 547 Incli-
2033 492 2079 551 Α
2107 490 2252 555 mihi,
2283 499 2332 544 et
2362 491 2538 545 subdis
2566 492 2785 563 populos
2822 490 2913 545 sub
2941 510 3041 558 me,
3069 491 3315 549 liberator
3342 513 3482 550 meus
3511 496 3575 551 tle
3598 498 3700 552 ini-

413 587 557 639 navit
582 584 767 651 ctelos,
798 597 849 640 et
872 585 1165 653 descendit,
1208 594 1257 639 et
1296 585 1467 656 caligo
1503 584 1595 639 sub
1623 582 1836 656 pedibus
1865 584 1998 657 ejus.

414 677 485 734 Et
515 680 748 735 ascendit
772 696 925 751 super
950 677 1204 733 Cherubin
1223 717 1238 741 ,
1283 687 1332 732 et
1361 676 1575 741 volavit;
1620 677 1809 731 volavit
1848 693 2004 747 super

405 789 609 843 pennas
646 781 926 829 ventorum.
954 769 1040 849 .Et
1079 772 1251 844 posuit
1274 768 1507 825 tenebras
1536 768 1808 825 latibulum
1830 787 1999 836 suum,

402 865 458 919 in
488 865 703 919 circuitu
729 865 840 937 ejus
879 862 1270 919 tabernaculum
1297 864 1442 936 ejus,
1472 861 1743 941 tenebrosa
1782 880 1918 936 aqua
1944 865 2002 918 in

401 952 622 1010 nubibus
663 956 819 1009 aeris.
867 953 993 1009 Prae
1023 954 1232 1028 fulgore
1273 956 1329 1008 in
1378 963 1651 1026 conspectu
1690 955 1801 1026 ejus
1843 954 2001 1011 nubes

402 1045 753 1111 transierunt,
791 1045 1016 1118 grando,
1049 1052 1098 1100 et
1127 1043 1380 1100 carbones
1406 1046 1564 1117 ignis.
1589 1043 1661 1099 Et
1681 1046 1908 1100 intonuit
1938 1045 2003 1100 de

400 1128 525 1192 coelo
554 1136 834 1204 Dominus,
857 1147 907 1193 et
929 1137 1230 1194 Altissimus
1250 1138 1392 1193 dedit
1414 1155 1587 1194 vocem
1608 1155 1775 1206 suam,
1800 1138 2001 1212 grando

400 1239 448 1283 et
486 1229 733 1285 carbones
762 1231 924 1303 ignis.
958 1228 1031 1283 Et
1057 1231 1200 1285 misit
1236 1231 1458 1302 sagittas
1494 1247 1617 1285 suas
1653 1240 1704 1285 et
1731 1230 2004 1303 dissipavit

399 1338 514 1385 eos;
546 1320 759 1394 fulgura
788 1321 1155 1395 multiplicauit
1173 1331 1223 1376 et
1249 1321 1571 1376 conturbavit
1596 1338 1703 1378 eos.
1734 1320 1807 1376 Et
1834 1339 2001 1395 appa-

399 1420 612 1465 ruerunt
640 1412 813 1484 fontes
842 1427 1098 1483 aquarum
1117 1452 1133 1477 ,
1174 1419 1225 1465 et
1252 1410 1476 1467 revelata
1504 1421 1624 1466 sunt
1660 1411 2001 1485 fundamenta

400 1502 537 1556 orbis
561 1513 837 1558 terrarum.
868 1502 946 1557 Ab
969 1504 1327 1575 increpatione
1346 1512 1456 1567 tua,
1480 1502 1721 1572 Domine,
1751 1505 1816 1559 ab
1836 1507 2002 1575 inspi-

402 1595 603 1650 ratione
622 1587 837 1666 spiritus
859 1596 955 1651 irte
975 1603 1098 1651 tum.
1128 1593 1278 1650 Misit
1300 1595 1365 1650 de
1382 1612 1582 1651 summa
1601 1605 1650 1651 et
1668 1598 1864 1669 accepit
1883 1616 1999 1663 me;

412 1694 458 1738 et
476 1686 756 1756 assumpsit
784 1704 866 1741 me
885 1686 951 1741 de
968 1688 1121 1758 aquis
1138 1687 1332 1743 multis.
1357 1686 1569 1759 Eripuit
1591 1706 1670 1744 ate
1688 1689 1753 1745 de
1772 1691 2000 1746 inimicis

403 1775 533 1830 meis
579 1777 908 1849 fortissimis,
939 1785 989 1832 et
1017 1776 1082 1832 ab
1111 1778 1193 1833 Itis
1217 1779 1306 1852 qui
1333 1779 1557 1834 oderunt
1597 1798 1712 1844 me;
1752 1783 1999 1853 quoniam

2107 581 2251 635 micis
2279 582 2407 636 meis
2434 583 2721 636 iracundis.
2757 579 2825 635 Et
2854 583 2918 636 ab
2947 584 3330 654 insurgentibus
3356 588 3411 640 in
3440 603 3520 641 me
3547 596 3699 642 erat-

2106 670 2242 725 tabis
2276 682 2391 737 me;
2431 688 2464 724 a
2492 672 2601 726 uiro
2627 672 2805 741 iniquo
2833 673 3019 743 eripies
3046 691 3144 727 me.
3170 671 3455 744 Propterea
3486 677 3702 749 conﬁte-

2105 760 2199 817 bor
2224 760 2316 816 tibi
2336 761 2391 817 in
2412 762 2733 828 nationibus,
2758 759 3001 830 Domine,
3024 773 3074 818 et
3102 767 3303 821 nomini
3333 778 3417 822 tuo
3445 769 3701 838 psalmum

2105 852 2297 908 dicam.
2320 851 2675 927 Magniﬁcam
2701 856 2897 911 salutes
2926 858 3061 930 regis
3089 859 3221 930 ejus,
3252 869 3303 915 et
3323 861 3520 934 faciens
3542 865 3699 917 mise-

2103 943 2388 1010 ricordiam
2415 944 2610 1001 cltristo
2639 962 2733 1001 suo
2771 945 2947 1002 David
2961 989 2976 1015 ,
3018 956 3069 1003 et
3097 953 3281 1007 semini
3308 953 3423 1026 ejus
3449 971 3608 1028 usque
3644 956 3699 1010 in

2102 1035 2371 1092 saculum.

2680 1123 3118 1169 COIIINTAIIUI.

2175 1217 2386 1276 Titulus
2430 1219 2519 1277 hic
2560 1220 2762 1278 indicat
2804 1223 3023 1295 quidem
3063 1225 3376 1293 historiam,
3418 1243 3580 1299 quam
3608 1230 3701 1302 qui

2103 1313 2296 1370 melius
2312 1328 2478 1384 quam
2497 1314 2551 1370 in
2572 1314 2781 1386 psalmo
2799 1317 3013 1374 canitur
3030 1318 3169 1375 scire
3197 1320 3429 1375 voluerit
3441 1364 3456 1387 ,
3495 1321 3705 1391 Regum

2102 1403 2381 1460 volumina
2410 1404 2638 1475 legendo
2654 1446 2671 1471 ,
2697 1408 2935 1479 reperiet
2960 1416 3018 1464 et
3043 1409 3277 1481 qualiter
3300 1412 3621 1482 pugnaverit
3648 1419 3705 1466 et

2105 1496 2312 1563 vicerit,
2343 1503 2401 1553 et
2426 1496 2661 1567 qualiter
2687 1513 2909 1555 suorum
2938 1499 3182 1556 omnium
3210 1501 3447 1558 evaserit
3467 1502 3704 1557 hostium

2103 1604 2313 1647 manus.
2346 1588 2598 1645 Nostrum
2623 1598 2805 1647 autem
2831 1591 2937 1647 hoc
2958 1601 3042 1649 est
3069 1596 3434 1665 propositum,
3467 1602 3555 1657 ut,
3589 1609 3704 1666 my-
3736 1664 3741 1671 ,

2103 1682 2236 1737 stica
2264 1682 2560 1738 moralibus
2586 1682 2976 1752 admiscentes,
3010 1694 3140 1742 tunc
3163 1687 3405 1744 dicamus
3434 1687 3662 1743 Domino
3686 1704 3700 1740 :

2106 1771 2333 1841 Diligam
2364 1781 2445 1840 te;
2490 1788 2612 1828 cum
2642 1774 2893 1831 omnibus
2920 1777 3197 1833 amoribus
3227 1778 3388 1834 tinem
3417 1778 3702 1849 quemdam

406 1869 688 1940 confortati
713 1876 832 1924 sunt
861 1886 1016 1940 super
1041 1888 1140 1926 me.
1172 1868 1551 1926 Prcevenerunt
1580 1890 1661 1927 me
1680 1873 1735 1927 in
1760 1873 1847 1928 die
1865 1873 2001 1946 afjli-
2029 1866 2080 1928 B
2105 1871 2161 1918 ει
2191 1863 2480 1919 lemma"!
2502 1872 2786 1934 Ροηεηωεν
2811 1864 2913 1936 ἰρεὶ
2932 1866 3179 1933 diCimus.
3204 1867 3431 1938 Dilisam
3456 1879 3527 1923 le.
3552 1867 3703 1925 Tunc

410 1959 599 2012 ctionis
624 1976 779 2025 mete;
810 1970 859 2013 et
881 1962 1047 2034 factus
1071 1971 1146 2016 est
1167 1960 1423 2018 Dominus
1450 1974 1714 2035 protector
1742 1982 1903 2020 nteus.
1931 1965 2002 2049 lit

418 2046 595 2101 eduxit
622 2066 701 2103 me
737 2050 791 2103 in
834 2050 1188 2117 latitudinem;
1237 2054 1433 2108 salvum
1462 2072 1543 2108 me
1570 2057 1693 2128 fecit
1711 2096 1726 2120 ,
1756 2046 2003 2128 quoniam

420 2138 577 2193 uoluit
596 2156 692 2193 me.
719 2138 786 2194 Et
825 2140 1068 2195 retribuet
1094 2143 1220 2197 mihi
1254 2142 1504 2200 Dominus
1536 2147 1819 2201 secundum
1838 2149 2001 2221 justi-

418 2230 545 2284 tiam
564 2249 761 2297 meam;
796 2241 846 2287 et
884 2234 1163 2289 secundum
1188 2236 1460 2307 puritatem
1483 2255 1730 2293 manuum
1771 2256 2004 2295 mearum
2032 2271 2048 2287 ο

414 2325 658 2380 retribuet
682 2326 829 2381 mihi.
866 2324 1004 2392 Quia
1031 2327 1279 2384 custodici
1316 2331 1425 2385 vias
1450 2318 1701 2400 Domini,
1730 2350 1822 2388 nec
1848 2335 2006 2405 impie

410 2416 550 2486 gessi
576 2433 609 2469 a
636 2415 748 2471 Deo
768 2434 899 2472 meo.
928 2415 1182 2482 Quoniam
1214 2420 1393 2475 omnia
1413 2421 1618 2494 judicia
1646 2424 1758 2495 ejus
1784 2426 1839 2480 in
1874 2442 2004 2482 cen-

406 2514 579 2578 spectu
619 2524 732 2562 meo
750 2550 764 2575 ,
794 2518 843 2563 et
864 2510 1102 2581 justitias
1145 2513 1259 2583 ejus
1290 2530 1395 2568 non
1425 2514 1591 2586 repuli
1629 2534 1661 2569 α
1684 2535 1784 2572 me.
1814 2516 1887 2571 Et
1914 2535 2004 2574 ero

405 2598 763 2654 immaculatus
783 2616 900 2655 cum
919 2619 997 2669 eo,
1020 2612 1069 2657 et
1089 2601 1369 2660 observabo
1390 2623 1472 2683 me
1490 2606 1557 2661 ab
1576 2609 1845 2681 iniquitate
1863 2628 1998 2666 mea.

406 2684 475 2740 Et
503 2687 750 2753 retribuet
775 2692 906 2745 mihi
933 2690 1192 2748 Dominus
1215 2695 1499 2750 secundum
1529 2699 1790 2768 justitiam
1813 2718 2000 2771 "team,

403 2784 454 2829 et
478 2778 764 2834 secundum
792 2783 1073 2852 puritatem
1101 2801 1353 2838 manuum
1381 2803 1611 2841 mearum
1650 2790 1704 2843 in
1733 2800 2005 2865 conspectu

404 2870 675 2924 oculorum
716 2872 850 2944 ejus.
882 2871 1011 2941 Cum
1056 2886 1240 2931 sancto
1268 2888 1478 2933 sanctus
1520 2882 1653 2946 eris,
1684 2891 1735 2936 et
1754 2900 1871 2938 cum
1897 2887 2005 2942 virs

408 2961 687 3017 innocente
713 2965 963 3020 innocens
990 2969 1128 3033 eris;
1162 2967 1229 3022 Et
1256 2985 1373 3025 cum
1398 2972 1558 3048 electo
1581 2973 1771 3030 electus
1794 2978 1929 3046 eris.
1955 2990 2008 3037 et

408 3071 529 3108 cum
557 3072 797 3126 perverso
822 3062 1148 3128 perveneris.
1184 3060 1441 3126 Quoniam
1467 3076 1518 3119 tu
1556 3069 1803 3138 populum
1830 3072 2003 3128 humi-

408 3145 511 3199 lem
552 3146 752 3201 salvum
792 3150 986 3220 facies,
1018 3162 1068 3205 et
1092 3153 1270 3209 oculos
1305 3156 1638 3228 superborum
1681 3161 2001 3222 Itumiliabis.

2106 1957 2252 2012 enim
2270 1972 2396 2012 vere
2414 1957 2583 2028 erepti
2604 1956 2673 2012 de
2693 1973 2854 2013 manu
2874 1960 3115 2015 omnium
3136 1960 3475 2016 inimicorum
3497 1969 3701 2016 nostra

2107 2063 2255 2113 rum,
2288 2047 2341 2103 id
2370 2055 2486 2113 est,
2517 2046 2585 2103 de
2621 2064 2785 2104 manu
2812 2050 3053 2105 omnium
3079 2051 3334 2106 vitiorum
3364 2063 3420 2107 et
3444 2050 3512 2107 de
3541 2066 3703 2107 manu

2107 2139 2256 2205 Saul,
2287 2138 2341 2195 id
2368 2147 2473 2206 est,
2496 2140 2565 2195 de
2592 2156 2756 2195 manu
2785 2142 3042 2213 principis
3068 2142 3227 2212 hujus
3247 2142 3451 2207 mundi,
3474 2142 3702 2198 dicimus

2106 2230 2241 2297 Deo,
2265 2229 2493 2299 Diligam
2514 2239 2587 2287 te.
2611 2230 3007 2301 lnterrogemus
3029 2244 3207 2290 tamen
3228 2233 3514 2290 Dominum
3542 2242 3597 2289 et
3624 2232 3701 2288 di-

2108 2339 2298 2379 camus
2337 2342 2349 2377 :
2401 2323 2535 2391 Quis
2562 2331 2646 2379 est
2690 2325 2784 2395 qui
2812 2324 2985 2395 diligit
3013 2327 3101 2382 te?
3147 2325 3515 2398 Respondebit
3560 2325 3703 2381 enim

2110 2415 2267 2470 nobis
2294 2428 2393 2486 per
2419 2415 2803 2484 evangelistam
2850 2432 3041 2483 suum,
3088 2427 3144 2473 et
3188 2419 3331 2475 dicet
3365 2437 3377 2472 :
3411 2416 3513 2484 Qui
3559 2418 3704 2474 audi:

2109 2506 2265 2563 verba
2292 2523 2429 2573 mea,
2459 2516 2510 2562 et
2537 2509 2667 2580 facit
2691 2524 2773 2580 ea,
2805 2509 2890 2563 ltic
2917 2519 2993 2564 est
3019 2510 3106 2582 qui
3135 2510 3306 2583 diligit
3333 2527 3415 2565 me
3445 2509 3623 2582 (Joan.
3655 2525 3703 2576 t,

2108 2597 2201 2669 4).
2231 2596 2351 2669 Ipse
2378 2597 2509 2654 dicit
2532 2616 2545 2651 :
2568 2596 2828 2654 Dominus
2856 2600 3252 2656 ﬁrmamentum
3278 2614 3482 2665 meum,
3512 2598 3564 2655 id
3591 2608 3702 2666 est,

2108 2689 2180 2747 de
2206 2705 2316 2761 quo
2346 2704 2456 2746 non
2482 2688 2691 2746 dubito.
2742 2688 2864 2762 ipse
2909 2692 3173 2761 refugium
3218 2706 3431 2758 meum,
3479 2691 3596 2763 ipse
3622 2700 3704 2747 est

2107 2782 2372 2839 liberator
2397 2796 2580 2849 meus,
2609 2781 2784 2852 ipsum
2813 2780 3038 2839 laudans
3064 2790 3121 2838 et
3147 2783 3323 2854 ipsum
3350 2781 3611 2838 invocans
3636 2781 3704 2838 ab

2109 2874 2346 2931 inimicis
2370 2872 2508 2929 meis
2535 2872 2715 2929 salvus
2739 2887 2857 2929 ero.
2903 2871 3146 2944 Denique
3189 2875 3460 2945 praterita
3507 2872 3702 2940 dicam,

2109 2974 2172 3022 ut
2198 2963 2377 3023 latura
2406 2979 2516 3022 non
2543 2964 2813 3033 dubitem,
2841 2963 2970 3021 dum
2997 2965 3475 3024 circumdedissent
3498 2963 3587 3023 me
3614 2980 3703 3036 ge-

2108 3057 2277 3113 mitus
2302 3057 2512 3125 mortis,
2535 3064 2592 3113 et
2620 3054 2955 3128 iniquitates,
2970 3066 3027 3114 et
3040 3056 3276 3125 dolores,
3293 3066 3350 3115 et
3374 3058 3569 3130 laquei,
3600 3058 3705 3115 cla:

2106 3148 2255 3208 mavi
2280 3148 2350 3204 ad
2375 3163 2501 3206 eum
2527 3148 2771 3207 credens.
2803 3148 2868 3206 Et
2894 3149 3167 3206 exaudivit
3191 3148 3260 3206 de
3289 3150 3490 3222 templo
3517 3159 3704 3207 sancto

410 3233 675 3300 Quoniam
704 3239 757 3293 tu
788 3240 1053 3297 illuminas
1076 3242 1339 3301 lucernam
1365 3266 1551 3315 meam,
1577 3249 1829 3320 Domine;
1853 3246 2004 3312 Deus
2026 3245 2079 3310 C
2108 3253 2211 3295 δυο
2238 3254 2430 3296 vocem
2456 3254 2632 3296 meam
2649 3282 2665 3309 9
2696 3249 2753 3297 ει
2778 3241 2987 3299 Clamor
3011 3230 3165 3299 πλέω
3193 3242 3437 3299 ίηιτοίνίί
3463 3242 3519 3299 in
3545 3256 3704 3298 “res

398 3326 567 3393 'nteus,
599 3330 836 3386 illumina
879 3332 1117 3389 tenebras
1156 3354 1318 3393 meas.
1349 3336 1609 3404 Quoniam
1638 3343 1692 3398 in
1731 3354 1783 3399 te
1807 3347 2007 3418 eripiar

404 3441 436 3475 a
460 3425 765 3490 tentatione,
797 3435 848 3479 et
869 3427 921 3481 in
951 3425 1062 3483 Deo
1090 3446 1202 3485 meo
1222 3434 1586 3505 transgrediar
1612 3453 1835 3492 murum.
1859 3436 2005 3495 Deus

403 3533 545 3570 meus
584 3518 856 3604 impolluta
886 3521 969 3576 via
995 3522 1140 3593 ejus,
1168 3526 1373 3595 eloquia
1403 3525 1617 3585 Domini
1656 3532 1777 3603 igne
1802 3534 2006 3588 exami-

404 3610 563 3675 nata;
592 3619 854 3679 protector
872 3622 951 3666 est
975 3616 1546 3688 ontniumsperantium
1565 3621 1620 3675 in
1641 3638 1712 3675 se.
1742 3618 2004 3686 Quoniam

291 3732 309 3744 .
403 3703 516 3769 quis
562 3700 700 3758 Deus
746 3715 937 3776 praeter
979 3705 1283 3773 Dominum,
1331 3721 1421 3765 aut
1465 3714 1579 3783 quis
1626 3712 1766 3770 Deus
1812 3727 2004 3787 prater

380 3791 569 3877 Deum
590 3799 860 3852 nostrum?
883 3795 1022 3854 Deus
1049 3801 1138 3872 qui
1161 3804 1441 3883 praaciuxit
1468 3822 1551 3860 me
1568 3808 1782 3873 virtute;
1819 3818 1871 3863 et
1905 3827 2003 3883 po-

405 3884 506 3937 suit
536 3884 923 3942 immaculatam
946 3891 1082 3944 viam
1103 3908 1292 3947 meam.
1322 3892 1425 3958 Qui
1446 3899 1666 3969 perfecit
1683 3899 1837 3971 pedes
1858 3917 2000 3957 meos

408 3985 652 4043 tanquam
680 3994 963 4046 cervorum,
993 3992 1042 4035 et
1069 3999 1223 4055 super
1254 3986 1462 4041 excelsa
1500 3996 1735 4044 statuens
1757 4007 1857 4045 me.
1897 3988 2002 4057 Qui

405 4066 555 4119 docet
581 4083 767 4122 manus
792 4087 935 4125 meas
962 4072 1035 4126 ad
1078 4074 1350 4144 prtelium;
1379 4086 1432 4132 et
1458 4079 1679 4149 posuisti
1722 4090 1782 4134 ut
1818 4098 2001 4137 arcum

402 4172 593 4212 aereum
634 4156 843 4214 brachia
870 4178 1003 4217 mea.
1035 4162 1105 4218 Et
1131 4165 1320 4221 dedisti
1347 4169 1477 4224 mini
1516 4174 1887 4241 protectionem
1907 4192 1998 4230 sa-

374 4249 523 4337 lutis
551 4260 683 4317 tua;
729 4262 781 4308 et
804 4255 1017 4311 dextera
1063 4267 1149 4312 tua
1188 4261 1413 4334 suscepit
1439 4277 1551 4329 me;
1604 4262 1670 4317 Et
1718 4265 1998 4338 disciplina

401 4355 487 4399 tua
515 4348 743 4402 corracit
764 4365 846 4403 me
867 4350 920 4406 in
949 4350 1127 4421 ﬁnem,
1156 4362 1207 4407 et
1234 4354 1514 4426 disciplina
1542 4366 1628 4411 tua
1654 4358 1771 4429 ipsa
1797 4376 1877 4414 me
1900 4362 1998 4415 do-

398 4437 546 4492 cebit.
592 4437 849 4507 Dilatasti
890 4459 1097 4513 gressus
1139 4461 1279 4500 meos
1319 4446 1497 4502 subtus
1525 4465 1637 4514 me;
1666 4459 1717 4503 et
1745 4468 1849 4507 non
1875 4462 1997 4507 sunt

398 4530 669 4602 inﬁrmata
697 4534 916 4604 uestigia
961 4552 1095 4590 mea.
1128 4535 1420 4609 Persequar
1464 4540 1707 4596 inimicos
1742 4560 1914 4610 meos,
1945 4556 1997 4599 et

2111 3333 2249 3403 ejus.
2281 3331 2347 3388 Et
2373 3349 2444 3391 ex
2469 3334 2577 3393 hoc
2603 3334 2726 3393 loco
2751 3334 2918 3393 futuri
2940 3336 3128 3406 judicii
3154 3336 3391 3408 qualitas
3429 3334 3718 3409 panditur,-

2106 3428 2265 3498 cujus
2290 3444 2392 3486 nos
2418 3436 2616 3498 terror,
2646 3430 2693 3487 si
2721 3430 3011 3498 credimus,
3040 3441 3254 3503 purgat.
3280 3431 3431 3488 Tunc
3457 3430 3602 3486 enim
3630 3429 3703 3488 ita

2108 3527 2251 3574 terra
2284 3529 2521 3577 tremore
2547 3524 2875 3588 concutitur,
2906 3530 2965 3576 ut
3009 3522 3126 3592 ipsa
3172 3522 3519 3578 fundamenta
3548 3536 3704 3575 mon-

2107 3611 2243 3667 tium
2271 3612 2677 3668 conturbentur.
2728 3611 3000 3667 lrascente
3043 3613 3188 3668 enim
3227 3613 3489 3679 Domino,
3539 3612 3702 3670 etiam

2078 3702 2246 3771 ignis
2273 3702 2387 3772 ipse
2415 3700 2667 3756 ardescit.
2705 3699 2772 3755 Ut
2799 3701 2944 3756 enim
2971 3702 3109 3771 ignis
3155 3717 3371 3757 omnem
3420 3702 3702 3757 materiam

2106 3810 2138 3849 a
2169 3792 2304 3849 facie
2330 3808 2427 3848 sua
2458 3792 2584 3848 facit
2623 3791 3011 3859 exardescere,
3058 3792 3133 3847 ita
3181 3792 3296 3863 ipse
3342 3793 3480 3863 ignis
3506 3808 3537 3847 a
3568 3793 3703 3850 facio

2106 3883 2203 3942 Dei
2229 3883 2564 3953 exardescet,
2595 3883 3085 3941 cum'inclinaverit
3112 3884 3296 3950 ctelos,
3328 3892 3383 3941 et
3408 3884 3702 3941 descende-

2105 3977 2205 4044 rit,
2238 3985 2294 4033 et
2320 3976 2546 4048 coeperit
2573 3991 2695 4033 esse
2735 3973 2909 4045 caligo
2953 3974 3055 4032 sub
3098 3974 3325 4047 pedibus
3369 3974 3506 4046 ejus.
3535 3973 3701 4045 Cujus

2104 4070 2259 4141 ejus?
2285 4071 2405 4127 sine
2430 4069 2595 4127 dubio
2622 4069 2741 4142 ejus
2785 4069 2877 4141 qui
2925 4067 3168 4126 ascendit
3213 4084 3378 4140 super
3401 4065 3696 4135 Cherubin,

2103 4148 2162 4220 ct
2188 4164 2392 4221 volavit
2418 4180 2581 4236 super
2607 4154 2812 4236 pennas
2840 4170 3122 4220 ventorum
3139 4204 3155 4231 ,
3185 4162 3387 4235 quique
3414 4159 3593 4233 posuit
3620 4167 3702 4216 te-

2105 4258 2301 4314 nebras
2319 4256 2599 4313 latibulum
2619 4271 2795 4312 suum.
2815 4254 3092 4311 Tenebras
3110 4255 3198 4311 hic
3217 4270 3316 4326 pro
3336 4252 3703 4310 invisibilitate
3720 4300 3734 4317 .

2101 4351 2316 4425 posuit;
2349 4351 2492 4409 unde
2518 4361 2576 4409 et
2601 4352 2847 4422 sequitur
2877 4369 2890 4406 :
2920 4349 2981 4406 In
3009 4349 3239 4407 circuitu
3283 4348 3402 4420 ejus
3444 4336 3700 4405 taberna-

2102 4447 2222 4502 cuia
2251 4444 2401 4517 ejus,
2434 4454 2492 4502 et
2517 4444 2808 4501 tenebrosa
2836 4458 2976 4516 aqua
3007 4443 3061 4499 in
3089 4442 3323 4499 nubibus
3359 4442 3521 4499 aeris.
3551 4440 3704 4498 Tunc

2105 4538 2209 4594 erit
2235 4535 2442 4613 grando
2469 4536 2629 4592 simul
2658 4543 2715 4591 et
2740 4535 3011 4592 carbones
3040 4534 3197 4607 ignis,
3219 4549 3342 4591 cum
3369 4534 3609 4603 tonuerit
3634 4532 3704 4591 de

395 4622 831 4694 comprehendam
861 4624 1009 4689 illos,
1035 4636 1083 4680 et
1106 4644 1211 4682 non
1240 4639 1511 4685 convertar
1531 4631 1694 4687 donec
1724 4633 1992 4705 deﬁciant.

2104 4629 2242 4685 caelo
2287 4627 2547 4684 Dominus
2592 4632 2648 4683 et
2695 4625 3001 4683 Altissimus
3044 4626 3255 4684 dederit
3281 4642 3470 4684 vocem
3498 4642 3653 4683 suam
3686 4645 3699 4681 :

394 4714 741 4787 Confringam
770 4715 910 4781 illos,
956 4733 1050 4771 nec
1098 4727 1340 4789 poterunt
1384 4729 1554 4786 stare;
1600 4722 1790 4777 cadent
1816 4726 1995 4779 subtus

393 4810 550 4879 pedes
570 4825 733 4880 meos.
752 4807 822 4863 Et
839 4811 1163 4882 prtecinzisti
1182 4828 1263 4866 me
1278 4814 1462 4870 virtute
1481 4814 1551 4868 ad
1571 4813 1787 4879 bellum;
1810 4826 1860 4871 et
1877 4834 1997 4890 sup-

391 4900 649 4968 plantasti
692 4904 1017 4975 insurgentes
1064 4904 1118 4963 in
1164 4920 1245 4959 me
1286 4904 1463 4961 subtus
1505 4923 1603 4961 me.
1636 4906 1731 4985 Et_
1755 4909 1996 4965 inimicos

393 5006 536 5045 nteos
563 4992 758 5047 dedisti
778 4994 905 5048 mihi
926 4994 1166 5060 dorsum;
1189 5005 1240 5051 et
1261 4996 1493 5051 odientes
1512 5014 1593 5052 nte
1611 4998 1988 5071 disperdidisti.

395 5080 784 5147 Clamarerunt,
808 5101 902 5140 nec
922 5096 1035 5141 erat
1052 5088 1140 5158 qui
1166 5087 1340 5143 salvos
1365 5090 1558 5161 faceret
1585 5090 1655 5145 ad
1678 5089 1992 5158 Dominum;

394 5191 490 5228 nec
535 5176 806 5243 exaudivit
850 5194 959 5232 eos.
1002 5175 1076 5231 Et
1116 5180 1464 5234 comminuam
1509 5196 1599 5235 eos
1643 5190 1702 5235 ut
1736 5182 1995 5253 puluerem

393 5276 519 5321 ante
546 5269 736 5339 faciem
771 5271 926 5337 renti,
953 5280 1011 5323 ut
1036 5269 1199 5324 lutum
1222 5271 1513 5342 platearum
1539 5270 1715 5328 delebo
1735 5289 1844 5329 eos.
1869 5271 1995 5329 Eri-

393 5359 506 5425 pies
546 5376 630 5413 me
656 5361 723 5413 de
761 5358 1260 5415 contradictionibus
1287 5362 1497 5437 populi;
1526 5365 1803 5419 constitues
1830 5379 1915 5418 me
1934 5364 1993 5418 in

396 5460 551 5521 caput
570 5454 822 5522 gentium.
845 5450 1074 5524 Populus
1095 5469 1243 5525 quem
1262 5470 1367 5508 non
1388 5457 1601 5527 cogndvi
1620 5456 1825 5512 servivit
1843 5457 1991 5524 mitti,

366 5592 371 5594 _
396 5557 447 5611 tu
477 5543 661 5597 auditu
689 5545 834 5599 auris
866 5543 1085 5600 obedivit
1121 5542 1269 5600 mihi.
1302 5543 1432 5600 Filii
1459 5547 1621 5603 alieni
1646 5550 1849 5604 mentiti
1871 5559 1996 5605 sunt

393 5631 550 5699 mihi,
580 5633 683 5704 ﬁlii
728 5634 890 5688 alieni
934 5636 1205 5690 inveterati
1241 5646 1390 5702 sunt,
1422 5647 1473 5692 et
1498 5637 1920 5695 claudicaverunt
1961 5657 1996 5696 ιι

394 5724 590 5778 semitis
610 5727 748 5780 suis.
790 5725 926 5782 Viuit
955 5726 1227 5793 Dominus,
1256 5738 1307 5782 et
1333 5728 1628 5785 benedictus
1654 5730 1796 5785 Deus
1827 5748 1990 5795 meus,

396 5827 445 5875 et
468 5818 730 5874 exaltetur
765 5818 898 5875 Deus
926 5820 1109 5875 salutis
1154 5838 1297 5877 mete.
1337 5821 1474 5876 Deus
1502 5825 1589 5896 qui
1617 5824 1712 5879 das
1741 5825 1994 5879 vindictas

2100 4721 2288 4775 mittet
2306 4719 2529 4793 sagittas
2556 4733 2699 4786 suas,
2723 4727 2783 4775 ut
2809 4718 3033 4790 dissipet
3059 4712 3177 4789 eos,
3201 4716 3258 4775 ut
3286 4719 3495 4789 fulgura
3523 4719 3705 4777 multi-

2098 4810 2280 4882 plicet,
2312 4817 2368 4865 et
2395 4809 2683 4866 conturbet
2709 4825 2825 4866 eos.
2858 4807 3009 4865 Tunc
3035 4812 3306 4882 parebunt
3333 4808 3509 4866 fontes
3536 4822 3705 4878 aqua-
3798 4859 3806 4868 .

2098 4916 2241 4966 rum,
2273 4908 2401 4956 tunc
2428 4900 2641 4972 parebit
2666 4909 2870 4972 quanta
2897 4900 2969 4956 sit
2995 4900 3165 4957 virtus
3191 4898 3552 4971 baptismatis,
3576 4905 3702 4952 tunc

2098 5008 2222 5050 cum
2250 4991 2636 5050 revelabuutur
2662 4994 3007 5052 fundamenta
3035 4994 3184 5051 orbis
3212 5001 3387 5047 terrae.
3416 4990 3500 5044 Ab
3528 4989 3703 5045 incre-

2102 5088 2325 5160 patione
2346 5085 2557 5145 Domini
2577 5096 2633 5147 et
2653 5104 2684 5145 a
2705 5089 3002 5162 spiratione
3021 5087 3241 5157 spiritus
3269 5084 3363 5136 irae
3391 5081 3527 5152 ejus.
3549 5079 3702 5137 Tunc

2103 5182 2249 5240 dicet
2274 5179 2550 5249 Ecclesia,
2581 5180 2726 5237 Misit
2765 5182 2834 5236 de
2870 5193 3082 5235 summo
3109 5185 3166 5232 et
3203 5173 3492 5246 assumpsit
3520 5187 3608 5228 me
3633 5170 3703 5228 de

2104 5273 2448 5332 multitudine
2462 5288 2743 5345 aquarum,
2760 5273 2919 5328 unius
2939 5269 3081 5325 enim
3105 5282 3256 5339 aqua:
3276 5260 3706 5324 sanctiﬁcatione

2102 5383 2193 5425 me
2219 5367 2392 5425 voluit
2419 5364 2746 5430 consecrari,
2776 5378 2875 5431 per
2901 5376 3063 5431 quam
3092 5360 3292 5432 eripuit
3318 5376 3407 5416 me
3435 5359 3503 5415 ab
3532 5359 3707 5415 initni~

2103 5461 2182 5517 cis
2209 5461 2347 5517 meis
2387 5457 2712 5522 fortissimis,
2744 5464 2799 5510 et
2820 5455 2887 5509 ab
2915 5454 2999 5510 bis
3025 5455 3119 5525 qui
3148 5454 3381 5512 oderunt
3418 5470 3533 5521 mc,
3564 5468 3704 5524 quo-

2102 5553 2250 5609 niam
2291 5549 2580 5610 conl‘ortati
2627 5556 2754 5603 sunt
2806 5564 2971 5619 super
3024 5565 3129 5605 me.
3181 5549 3563 5607 Prtcvenerunt
3616 5561 3705 5602 me

2101 5657 2336 5713 namque
2364 5642 2417 5695 in
2447 5639 2534 5695 die
2562 5637 2870 5697 alﬂictionis
2895 5658 3050 5706 mete,
3083 5652 3328 5713 tempore
3353 5656 3463 5710 quo
3490 5637 3702 5706 gladius

2099 5734 2272 5791 secuit
2326 5732 2413 5802 pia
2470 5729 2674 5787 viscera
2731 5734 2949 5800 matris,
2996 5741 3051 5788 et
3091 5733 3263 5787 factus
3317 5740 3399 5786 est
3447 5726 3752 5802 Dominus.

2100 5830 2386 5893 susceptor
2415 5837 2585 5877 meus.
2624 5821 2688 5878 Et
2716 5822 2969 5896 produxit
2999 5820 3087 5877 me
3115 5824 3182 5877 ab
3210 5820 3466 5891 angustiis
3493 5820 3545 5875 iu
3577 5818 3703 5876 lati-
