4246 6264
559 342 661 405 347

1892 330 2161 403 ARNOBU
2198 328 2501 415 JUNIORIS

3748 324 3857 418 sris

562 464 777 531 tudine,
809 457 1055 519 liberavit
1082 462 1223 517 enim
1252 457 1338 515 me
1360 460 1436 537 ab
1466 459 1695 515 inimicis
1721 450 1876 515 ‘meis
1919 456 2148 525 fortissi-
2179 458 2228 515 Α
2255 466 2488 533 nostros,
2520 466 2575 513 et
2594 450 3100 537 comprehendimus
3126 438 3239 529 eds,
3265 468 3459 528 etnon
3480 441 3854 537 convexi-tiatur

561 558 688 624 mis;
720 566 776 612 et
796 554 1044 611 retribuit
1067 555 1194 610 mihi
1217 553 1506 613 secundum
1526 551 1786 623 jUStitiam
1808 552 2003 619 meam,
2025 550 2147 624 quia

559 650 858 709 custodiam
888 648 999 704 vias
1020 647 1230 702 Domini
1262 662 1431 718 usque
1459 645 1527 700 ad
1554 656 1804 712 mortem,
1831 662 1929 713 nec
1958 648 2151 711 timens

558 743 790 814 gladium
837 742 1114 797 hominum
1164 742 1325 812 impie
1370 740 1508 811 gessi
1553 755 1583 797 a
1628 739 1743 794 Deo
1770 756 1913 797 meo.
1944 732 2151 821 Iudicia

557 834 701 903 enim
731 834 847 904 ejus
874 828 1088 907 semper
1113 844 1239 888 ante
1267 834 1453 891 oculos
1477 830 1669 903 habui,
1702 840 1758 888 et
1771 829 2007 903 justitias
2036 822 2152 903 ejus

558 940 667 984 non
686 925 857 997 repuli
878 941 909 980 a
922 940 1027 981 me.
1049 922 1203 981 Unde
1223 932 1279 981 et
1296 925 1529 997 populus
1543 931 1837 1001 martyrum
1853 922 1969 993 ejus
1985 925 2115 985 dicit
2134 943 2145 977 :

557 1016 666 1075 Ero
696 1018 1070 1075 imtnaculatus
1097 1035 1221 1074 eum
1258 1034 1345 1074 eo.
1379 1018 1514 1073 Cum
1534 1033 1602 1074 eo
1625 1018 1810 1088 utique
1836 1018 1929 1087 qui
1959 1017 2150 1085 intuta;

562 1110 773 1165 culatus
800 1110 854 1164 in
884 1125 1044 1165 cruce
1073 1124 1173 1180 pro.
1201 1108 1571 1181 iniquitatibus
1597 1108 1800 1164 nostris
1825 1124 2017 1179 passus
2044 1116 2146 1164 est.

564 1197 633 1255 Et
662 1200 960 1257 observabo
978 1215 1077 1277 me
1105 1200 1172 1255 ab
1214 1199 1496 1271 iniquitate
1515 1214 1636 1255 mea
1654 1239 1671 1267 ,
1691 1214 1855 1268 quam
1878 1199 2067 1271 utique
2093 1199 2147 1252 in

563 1292 823 1361 mantyrio
842 1291 1085 1365 deposui.
1106 1291 1258 1347 Tunc
1276 1290 1534 1349 retribuet
1550 1284 1685 1347 mihi
1696 1291 1955 1359 Dominus
1968 1307 2153 1359 secun-

558 1378 700 1455 dum,
734 1381 998 1454 justitiam
1053 1398 1266 1451 meam,
1323 1392 1379 1456 et
1430 1381 1725 1439 secundum
1786 1376 2153 1451 innocentiam

560 1493 733 1533 meam
752 1518 767 1543 ,
799 1468 855 1532 et
893 1476 1186 1551 secundum
1230 1476 1594 1541 innocentiam
1621 1492 1880 1533 manuum
1907 1492 2153 1539 mearum

559 1568 614 1624 in
642 1577 934 1645 conspectu
963 1568 1241 1624 oculorum
1287 1568 1421 1645 ejus.
1465 1567 1599 1625 Nam
1645 1566 1792 1639 quod
1836 1576 2147 1625 memorat:

558 1662 692 1718 Cum
722 1672 907 1719 sancto
937 1670 1155 1718 sanctus
1182 1663 1320 1729 eris,
1368 1678 1477 1725 non
1505 1662 1574 1719 ad
1603 1662 1732 1718 illud
1760 1663 1979 1734 respicit
2006 1648 2152 1735 quod
2186 1706 2195 1714 .

560 1754 753 1811 usitata
802 1754 957 1823 vulgo
1004 1754 1271 1810 sententia
1316 1754 1544 1811 dicimus
1578 1772 1590 1809 :
1619 1752 1757 1811 Cum
1802 1770 1912 1825 quo
1958 1755 2151 1826 aliquis

2253 551 2428 627 donec
2455 534 2725 611 deficiant.
2757 548 3051 623 Alliigimus
3071 570 3187 622 eos,
3212 562 3418 615 ut-ante
3442 570 3541 610 nos
3568 563 3715 610 stare
3738 534 3853 631 non

2252 636 2497 717 possint,
2549 645 2643 703 sed
2672 638 2867 705 cadaut
2893 647 2992 703 sub
3022 646 3250 717 pedibus
3295 646 3498 701 nostris
3519 687 3534 713 ,
3581 647 3626 701 si
3670 653 3853 702 tamen

2253 734 2526 808 prmcincti
2551 734 2812 797 fuerimus
2836 728 3035 797 virtute
3056 741 3124 795 ad
3150 741 3380 811 bellum;
3409 749 3538 797 tunc
3568 743 3852 817 insurgen-

2254 832 2336 886 tes
2362 847 2526 901 super
2553 848 2668 901 nos,
2699 840 2859 899 erunt
2887 834 3072 889 subter
3119 850 3235 889 nos.
3268 830 3338 888 Et
3363 834 3704 900 inimicorum
3753 851 3854 892 no-

2254 930 2486 976 strorum
2512 922 2673 979 dorsa
2702 924 3003 983 videbimus
3024 925 3368 999 fugientium,
3401 942 3506 982 non
3537 926 3701 987 facies
3726 921 3855 999 per-l

2254 1010 2594 1085 sequentium
2618 1057 2633 1080 ,
2680 1017 2755 1071 ita
2804 1025 2862 1071 ut
2907 1019 3333 1085 comminuamus
3362 1035 3458 1077 eos
3486 1027 3547 1077 ut
3572 1020 3850 1092 pulverem

2256 1114 2383 1161 ante
2414 1105 2603 1162 faciem
2634 1107 2808 1175 venti,
2840 1118 2895 1163 et
2923 1102 2997 1164 ut'
3030 1110 3198 1180 lutum
3246 1111 3546 1183 platearum
3574 1111 3853 1171 deleamus

2256 1213 2372 1253 eos.
2408 1195 2536 1254 Haec
2574 1198 2756 1253 omnia
2788 1200 2943 1256 nobis
2973 1217 3069 1271 per
3097 1201 3245 1259 illum
3273 1203 3521 1263 evenient
3550 1204 3850 1274 quiposuit

2256 1296 2318 1343 ut
2345 1305 2529 1345 arcum
2556 1307 2756 1346 (ereum
2786 1292 3006 1349 brachia
3038 1293 3090 1349 in
3120 1309 3301 1358 cruce,
3334 1295 3655 1367 etquotidie
3681 1296 3851 1350 inter-
3930 1287 3943 1339 ἶ

2256 1380 2423 1454 pellat
2450 1398 2548 1453 pro
2576 1384 2752 1439 nobis.
2784 1383 2902 1455 Ipse
2923 1385 3065 1439 enim
3096 1384 3227 1441 dicit
3256 1384 3323 1440 ad
3352 1385 3562 1459 Patrem
3593 1405 3604 1440 :
3637 1385 3853 1458 Eripies

2256 1488 2343 1527 me
2370 1472 2438 1528 de
2466 1474 2985 1532 contradictionibus
3014 1478 3198 1549 populi
3228 1479 3525 1554 increduli,
3558 1486 3612 1535 et
3639 1481 3846 1537 consti-

2255 1572 2376 1619 tues
2404 1581 2489 1620 me
2520 1566 2573 1620 in
2602 1577 2764 1637 caput
2783 1569 3041 1638 gentium.
3075 1568 3141 1623 Et
3165 1568 3361 1639 adjecit
3386 1588 3398 1622 :
3423 1569 3660 1642 Populus
3684 1586 3853 1651 queui

2254 1671 2362 1710 non
2393 1659 2619 1726 cognovi
2649 1658 2867 1714 servivit
2911 1660 3061 1717 mihi.
3113 1659 3251 1731 Magi
3298 1661 3668 1733 crediderunt,
3713 1678 3852 1733 quos
3936 1658 3939 1661 ’

2256 1742 2398 1800 Deus
2426 1763 2535 1801 non
2563 1746 2882 1816 dedignatur
2905 1763 3254 1818 cognoscere,
3286 1758 3341 1805 et
3366 1751 3470 1805 illis
3495 1753 3851 1813 servientibus

560 1840 817 1917 jungitur,
852 1846 972 1901 talis
1000 1847 1121 1902 erit.
1155 1845 1280 1903 llaec
1312 1848 1528 1916 quidem
1575 1848 1844 1929 sententia
1872 1864 2007 1905 vera
2045 1856 2148 1912 est,

2260 1834 2577 1891 et'munera
2608 1836 2959 1894 offerentibus
3002 1837 3174 1894 Judaei
3217 1841 3518 1910 ahnegant,
3566 1850 3622 1899 et
3650 1833 3704 1897 in
3731 1842 3874 1914 ejus,

561 1938 657 2012 sed
702 1954 807 1994 non
855 1939 1087 2010 pertinet
1134 1938 1203 1994 ad
1258 1940 1751 2010 interpretationem
1807 1941 2153 2010 praesentiunt

561 2045 842 2111 versuum;
875 2033 978 2087 hoc
1006 2032 1147 2086 enim
1180 2032 1233 2087 in
1263 2032 1384 2087 loco
1406 2047 1451 2087 st
1474 2032 1553 2101 vis
1581 2033 1797 2113 planum
1827 2033 2004 2089 facere
2031 2049 2155 2088 sen-

561 2139 680 2181 sum
709 2127 970 2188 canentis,
998 2125 1125 2181 illud
1146 2124 1212 2181 ad
1234 2125 1553 2189 memoriam
1581 2125 1860 2185 revocabis
1885 2125 2032 2195 quod
2059 2141 2156 2203 per

563 2210 882 2291 prophetam
929 2215 1186 2273 Dominus
1231 2216 1362 2272 dicit
1388 2216 1454 2275 ad
1485 2216 1744 2289 populum
1776 2235 1789 2269 :
1820 2215 1879 2272 Si
1908 2216 2153 2295 ambula-

564 2298 749 2365 veritis
795 2294 848 2365 in
899 2317 1193 2378 conspectu
1238 2323 1362 2364 meo
1408 2308 1575 2376 recti,
1624 2316 1681 2363 et
1728 2322 1829 2378 ego
1874 2308 2155 2381 vobiscum

564 2399 746 2458 rectus
774 2386 1043 2481 incedam;
1081 2402 1129 2456 si
1175 2415 1305 2456 vero
1351 2399 1754 2469 ambulaveritis
1797 2401 2068 2483 perversi,
2101 2407 2158 2456 et

564 2509 669 2577 ego
688 2490 1012 2571 vobiscum
1037 2491 1324 2568 perverSus
1372 2509 1485 2551 ero.
1543 2492 1650 2564 Ipsi
1695 2508 1826 2565 ergo
1874 2492 2158 2577 Psalmista

566 2576 822 2665 loquitur.
854 2586 986 2649 Cum
1017 2596 1207 2645 sancto
1248 2596 1467 2661 sanctus
1510 2588 1650 2654 eris,
1699 2602 1824 2642 cum
1870 2576 2159 2645 innocente

566 2674 844 2759 innocens,
877 2689 980 2753 etc.
1016 2679 1169 2741 Unde
1197 2688 1253 2735 et
1279 2678 1517 2749 adjecit:
1548 2678 1629 2734 Tu
1656 2678 1820 2744 enim,
1846 2677 2040 2746 inquit,
2062 2693 2160 2748 po-

568 2772 754 2843 pulum
780 2772 1037 2829 humilem
1065 2772 1269 2835 salvuin
1298 2769 1484 2837 facies,
1507 2778 1561 2826 et
1589 2770 1776 2830 oculos
1804 2771 2160 2840 superborum

569 2854 895 2937 humiliabis.
926 2857 1154 2933 Verum,
1202 2865 1329 2935 quia
1377 2864 1558 2934 posuit
1585 2862 1836 2921 tenebras
1880 2861 2162 2929 latibulum

570 2973 747 3023 suum,
768 2964 825 3012 et
844 2956 1026 3013 videre
1050 2957 1303 3028 mysteria
1330 2952 1725 3034 Scripturarum
1757 2953 1873 3023 eius
1903 2969 2010 3009 non
2039 2969 2165 3025 pos-

571 3064 786 3125 sumus,
818 3049 919 3122 ipsi
958 3050 1257 3115 clamamus
1304 3065 1427 3112 cum
1471 3036 1737 3121 propheta
1770 3066 1782 3102 :
1815 3046 2080 3115 Quoniam
2108 3057 2166 3105 tu

575 3128 842 3208 illuminas
888 3141 1164 3201 lucernam
1210 3158 1405 3211 meam,
1455 3141 1701 3201 Domine.
1749 3130 1900 3197 Sicut
1945 3142 2165 3210 lucerna

2257 1930 2722 2001 persecutionibus
2748 1941 3120 2003 perseverant.
3150 1932 3270 2001 Filii
3299 1935 3457 2010 alieni
3488 1937 3698 1997 mentiti
3725 1946 3867 2001 sunt,

2258 2018 2389 2072 mihi
2419 2012 2699 2075 dicentes:
2726 2017 2931 2076 Scimus
2971 2024 3093 2095 quia
3117 2040 3147 2076 a
3181 2022 3291 2078 Deo
3318 2025 3527 2091 venisti,
3557 2035 3607 2080 et
3634 2026 3689 2083 in
3718 2027 3849 2081 reri-

2261 2118 2366 2163 tate
2391 2110 2541 2165 doces
2574 2110 2788 2183 (Matth.
2820 2112 2984 2183 xxu);
3012 2106 3110 2170 Sed
3134 2115 3237 2169 ista
3277 2116 3439 2170 verba
3468 2129 3658 2173 eorum
3698 2125 3853 2187 erant

2258 2199 2418 2271 plena
2449 2200 2574 2255 dolo
2604 2201 2897 2271 mendacii,
2932 2202 2985 2259 in
3006 2220 3115 2276 quo
3138 2205 3423 2260 inveterati
3453 2214 3603 2271 sunt,
3628 2215 3678 2262 et
3701 2208 3853 2263 clau—

2210 2285 2228 2304 '
2260 2289 2575 2346 dicaverunt
2602 2309 2632 2346 a
2657 2289 2862 2348 semitis
2891 2294 3020 2359 suis,
3046 2295 3230 2365 utique
3255 2297 3306 2351 in
3328 2297 3521 2366 quibus
3541 2313 3635 2353 eos
3662 2297 3853 2353 docue-

2259 2392 2387 2438 rttnt
2429 2384 2706 2441 ambulare
2734 2384 3029 2458 prophetat.
3080 2386 3185 2442 Sed
3216 2389 3345 2443 vivit
3390 2387 3678 2455 Dominus,
3731 2374 3854 2445 licet

2262 2489 2384 2529 eum
2425 2476 2776 2543 cruciligatis,
2831 2486 2886 2532 et
2923 2479 3190 2548 sepultum
3231 2465 3498 2545 cernatis,
3546 2480 3634 2534 ille
3675 2490 3867 2555 tamen

2262 2576 2510 2638 resurget
2539 2574 2593 2624 et
2620 2570 2784 2635 vivit,
2817 2582 2872 2624 et
2893 2564 3216 2626 exaltabitur
3241 2570 3293 2625 in
3326 2560 3477 2627 emlis
3507 2555 3859 2627 Deusrsalutis

2265 2676 2417 2718 metu.
2451 2652 2581 2734 Ipse
2616 2662 2763 2718 dabit
2810 2664 3095 2723 vindictam
3144 2665 3284 2721 hanc
3330 2665 3584 2722 Ecclesite
3629 2681 3766 2730 sua),
3798 2672 3859 2719 ut

2266 2756 2460 2812 subdat
2487 2758 2715 2829 populos
2739 2758 2837 2813 sub
2867 2774 2951 2823 ea,
2977 2767 3031 2812 et
3054 2759 3123 2814 sit
3146 2759 3400 2817 liberator
3421 2759 3538 2828 ejus
3558 2775 3590 2814 a
3610 2760 3860 2829 gentibus

2266 2848 2565 2914 iracundis,
2599 2858 2652 2904 et
2683 2850 2750 2904 ab
2780 2850 3178 2921 insurgentibus
3205 2867 3368 2922 super
3395 2868 3543 2918 eam,
3574 2858 3628 2906 et
3656 2850 3872 2922 exultet.

2268 2954 2388 2994 eam
2417 2938 2571 3011 super
2610 2924 2837 3012 petram,
2884 2949 2942 2995 ut
2984 2954 3148 3012 porta:
3174 2944 3368 3015 inferni
3414 2949 3516 2997 no'n
3546 2942 3864 3013 prmaleant

2271 3033 2514 3087 adversus
2541 3051 2655 3088 eam
2699 3035 2717 3104 (
2734 3031 2922 3088 Matth.
2967 3033 3109 3105 XVI).
3140 3032 3205 3088 Et
3235 3016 3276 3089 a'
3297 3036 3412 3091 viro
3457 3036 3640 3107 iniquo
3669 3036 3863 3105 eripiet

2271 3132 2410 3189 eam,
2444 3125 2495 3179 id
2524 3134 2624 3190 est,
2652 3142 2681 3179 a
2711 3142 2880 3197 pravo
2905 3125 3145 3182 doctore.
3178 3126 3471 3198 Propterea
3500 3126 3792 3187 confitetur
3810 3129 3862 3183 ei

574 3233 819 3304 corporis
845 3233 1052 3300 οομιηε,
1084 3233 1158 3289 ita
1187 3210 1407 3290 lucerna
1433 3233 1625 3291 animm
1652 3248 1805 3288 mens
1833 3240 1944 3297 εει,
1978 3232 2029 3287 in
2059 3246 2165 3301 qua
2194 3209 2241 3280 C
2272 3219 2324 3272 in
2354 3219 2586 3288 populis,
2617 3227 2672 3273 et
2692 3217 2957 3289 psalmum
2987 3218 3117 3273 dicit
3146 3219 3350 3274 nomini
3372 3218 3505 3290 ejus,
3530 3218 3631 3296 Qui
3646 3220 3862 3289 magni-

577 3316 681 3399 nisi
727 3323 908 3380 oleum
941 3324 1126 3393 gratim
1172 3338 1281 3380 sua:
1325 3322 1570 3381 Christus
1620 3322 1906 3385 infuderit,
1955 3321 2169 3395 penitus

579 3418 762 3493 lumen
808 3416 1009 3473 habere
1053 3431 1160 3473 non
1206 3415 1423 3489 poterit.
1474 3414 1777 3477 Lucernam
1829 3427 1961 3483 ergo
2014 3429 2164 3473 suain

580 3513 780 3575 clamat
810 3510 1081 3593 propheta
1112 3508 1398 3579 illuminari
1424 3524 1456 3565 a
1481 3508 1712 3569 Domino
1730 3551 1745 3576 ,
1775 3524 1895 3579 qua:
1922 3509 1969 3565 si
2008 3524 2166 3566 acce-

581 3604 725 3679 perit
750 3602 965 3677 lucendi
991 3601 1272 3673 materiam
1289 3641 1306 3666 ,
1356 3599 1597 3667 ostendit
1626 3598 1809 3659 foveas
1838 3601 1892 3656 in
1918 3616 2054 3671 quas
2081 3600 2166 3655 in-

581 3685 726 3763 eauti
744 3686 934 3763 ruunt,
957 3702 1015 3765 et
1033 3694 1257 3764 laqueos
1277 3694 1330 3753 in
1352 3693 1587 3765 tenebris
1606 3693 1828 3767 positos.
1854 3692 1911 3749 ln
1934 3693 2171 3750 tenebris

580 3778 728 3859 enim
755 3787 858 3845 nisi
886 3787 1066 3844 lumen
1085 3786 1333 3849 habuerit
1353 3786 1651 3851 ambulans,
1676 3793 1769 3843 aut
1790 3784 2169 3845 olfendiculum

583 3881 837 3960 incurrit,
880 3887 975 3936 aut
1010 3880 1287 3945 incursum
1327 3880 1542 3951 penitus
1568 3894 1677 3941 non
1708 3879 1914 3945 evadit;
1946 3879 2089 3934 unde
2117 3887 2174 3934 et

582 3973 848 4045 propheta
873 3972 894 4027 :'
910 3969 1044 4031 Cum
1075 3970 1478 4037 illuminaveris,
1505 3970 1695 4039 inquit,
1719 3969 1971 4023 tenebras
1998 3984 2165 4041 meas,

586 4065 660 4127 ita
686 4064 903 4123 demum
931 4063 1131 4133 eripiar
1157 4076 1187 4115 a
1216 4060 1548 4125 tentatione,
1594 4068 1649 4114 et
1693 4059 1749 4115 in
1795 4065 1849 4113 te
1897 4058 2011 4115 Deo
2051 4075 2170 4124 meo

584 4154 948 4228 transgrediar
976 4169 1187 4221 muros,
1229 4152 1370 4213 sicut
1414 4144 1643 4209 Samson
1671 4151 1867 4208 clausis
1895 4160 2170 4224 portarunt

523 4309 537 4329 ι
581 4234 760 4324 ianuis
793 4246 937 4316 intra
979 4258 1165 4311 muros
1193 4242 1408 4298 clausos
1448 4258 1547 4315 per
1589 4242 1844 4301 virtutem
1871 4243 1969 4299 Dei
1999 4253 2173 4301 trans-

584 4332 802 4411 gressus
828 4344 914 4400 est
939 4345 1141 4392 muros.
1164 4332 1610 4403 ,Trausgredimnr
1629 4342 1684 4389 et
1705 4348 1803 4397 nos
1825 4351 2026 4401 muros,
2050 4351 2172 4393 cum

2270 3307 2396 3364 ﬂeat
2419 3309 2654 3365 salutare
2678 3310 2820 3379 regis
2848 3309 2983 3379 ejus,
3007 3319 3061 3364 et
3095 3310 3252 3367 faciet
3277 3311 3696 3366 misericordiam
3722 3311 3864 3367 chri-

2270 3408 2355 3455 sto
2384 3418 2482 3455 suo
2510 3400 2709 3467 David,
2740 3419 2863 3459 cum
2893 3400 2958 3457 ex
2988 3404 3194 3459 semine
3238 3404 3355 3474 ejus
3394 3404 3592 3460 excitat
3641 3419 3861 3474 regnum

2272 3492 2673 3565 quo‘dimperet
2703 3495 2753 3551 in
2786 3492 3349 3575 smculasaeeulorum.
3385 3496 3571 3552 Anien.
3708 3496 3713 3501 ’

2748 3678 2749 3681 η
2803 3649 3028 3705 PSALM
3038 3649 3121 3706 US
3159 3649 3340 3706 XVIII.

2690 3762 2746 3818 In
2778 3754 2939 3819 linem
2968 3765 3205 3835 psalmus
3232 3764 3418 3820 David.

2296 3920 2297 3923 η
2346 3878 2467 3931 (Σωιὶ
2494 3887 2745 3931 enarrant
2772 3878 2992 3949 gloriam
3033 3877 3149 3944 Dei,
3195 3887 3246 3932 et
3284 3895 3439 3949 opera
3468 3891 3710 3931 manuum
3747 3876 3859 3946 ejus
3912 3896 3915 3899 ·

2273 3971 2548 4039 annuntiat
2573 3971 2975 4040 ﬁrmamentum.
3008 3971 3133 4027 Dies
3162 3973 3263 4027 diei
3307 3980 3503 4027 eructat
3538 3971 3741 4025 verbum
3761 3978 3864 4034 ,λεί

2273 4078 2378 4118 nos:
2419 4063 2557 4127 nocti
2596 4064 2797 4119 indicat
2823 4046 3113 4142 scientiam.
3142 4063 3263 4119 Non
3305 4073 3424 4120 sunt
3452 4063 3668 4136 loquela:
3705 4079 3864 4133 neque

2273 4143 2562 4217 sermones,
2612 4171 2828 4227 quorum
2879 4173 2983 4211 non
3030 4156 3311 4211 audiuntur
3356 4173 3499 4212 rores
3548 4172 3745 4216 eorum.
3796 4152 3864 4216 In

2273 4262 2473 4301 euntem
2514 4256 2701 4300 terram
2742 4249 2897 4303 exivit
2934 4265 3090 4304 sonus
3127 4264 3322 4317 eorum,
3364 4258 3413 4302 et
3456 4248 3511 4301 in
3552 4247 3685 4311 lines
3727 4244 3863 4299 orbis

2275 4344 2424 4389 terra:
2448 4322 2596 4390 rerba
2619 4354 2813 4391 eorum.
2840 4336 2906 4391 In
2931 4338 3037 4393 sole
3064 4340 3233 4410 posuit
3264 4337 3650 4393 tabernaculum
3689 4341 3860 4403 stium,

584 4427 654 4504 de
681 4430 789 4485 isto
835 4443 1066 4499 corpore
1109 4423 1403 4491 cacantes,
1453 4440 1549 4481 eos
1594 4425 1814 4494 quinos
1841 4415 2174 4481 circumdant
2273 4418 2468 4499 et‘ipse
2510 4438 2752 4501 tanquam
2791 4448 3006 4502 sponsus
3053 4431 3332 4502 procedens
3372 4431 3434 4486 de
3485 4431 3713 4495 thalamo
3744 4415 3863 4496 suo,

583 4518 881 4593 evadimus,
927 4517 987 4572 In
1031 4515 1144 4575 Deo
1191 4523 1371 4582 autem
1406 4515 1733 4584 mitti-alnus,
1763 4518 1808 4573 si
1837 4518 2171 4589 impollutam

2277 4512 2573 4575 Ea‘sultavit
2598 4530 2651 4573 ut
2672 4523 2819 4593 gigas
2841 4522 2911 4576 ad
2930 4530 3237 4597 currendum
3263 4524 3397 4577 viam
3418 4540 3588 4586 suam,
3602 4540 3642 4589 fa
3666 4537 3865 4576 summa

585 4610 726 4688 viain
755 4608 878 4687 vita;
895 4615 1102 4685 nostra!
1129 4604 1596 4683 ambulaverimus.
1643 4608 1777 4676 Quia
1823 4610 1937 4681 ipsa
1978 4620 2061 4666 est
2086 4610 2173 4666 via
2278 4610 2401 4665 caelo
2431 4613 2652 4682 egressio
2673 4612 2802 4683 ejus.
2838 4610 2906 4665 Et
2933 4592 3172 4668 occursus
3199 4614 3311 4684 ejus
3339 4629 3501 4686 usque
3523 4612 3593 4681 ad
3613 4628 3866 4666 sumntum

585 4682 719 4775 ,ν
745 4699 798 4761 in
959 4682 1357 4766 ambulantibus
1379 4707 1659 4771 protector
1681 4709 1763 4757 est
1791 4703 2029 4763 omnium
2052 4719 2173 4775 spe-

580 4793 833 4863 rantium
857 4793 911 4851 in
955 4785 1035 4865 se.
1082 4790 1202 4864 Ipse
1246 4793 1389 4853 enim
1427 4808 1523 4867 eos
1549 4794 1828 4865 praecingit
1857 4796 2084 4864 virtute,
2118 4804 2173 4852 et

576 4887 714 4963 facit.
728 4886 1124 4951 immaculatam
1143 4885 1286 4957 viam
1306 4901 1493 4957 eorum
1514 4896 1571 4951 ut
1593 4886 1797 4958 fugiant
1820 4890 1973 4959 quasi
2001 4891 2166 4967 cervi.

581 4982 720 5068 Quid
748 4981 988 5054 fugiant?
1015 4979 1145 5036 Sine
1170 4978 1334 5052 dubio
1354 4994 1515 5051 omne
1532 4981 1759 5055 facinus.
1782 4981 1953 5057 Omne
1970 4984 2171 5059 quippe

2278 4696 2415 4777 ejus,
2432 4722 2522 4759 nec
2540 4715 2614 4761 est
2630 4710 2715 4780 qui
2731 4724 2785 4761 se
2810 4705 3094 4761 abscondat
3120 4724 3151 4763 a
3177 4706 3350 4762 calore
3364 4707 3495 4778 ejus.
3525 4703 3631 4769 Lex
3654 4696 3866 4760 Domini

2276 4786 2610 4867 immaculata
2656 4807 2952 4853 convertens
3000 4801 3230 4864 animus,
3281 4798 3624 4853 testimonium
3657 4795 3867 4853 Domini

2277 4872 2432 4967 ﬁdele
2456 4889 2765 4967 saliietttiam
2806 4897 3063 4967 pra'stans
3105 4891 3351 4960 parvulis.
3383 4886 3610 4943 Justitia:
3656 4885 3891 4940 Domini.

2277 4965 2799 5059 recumjtttiﬁcantcs
2822 4965 3012 5047 corda;
3038 4991 3348 5055 prtrceptum
3374 4980 3589 5039 Domini
3619 4977 3864 5041 lucidum,

582 5066 863 5155 peccatum
892 5089 962 5149 ex
990 5071 1296 5145 abjectione
1326 5073 1596 5143 vitiorum.
1628 5075 1802 5147 Super
1828 5077 2040 5147 excelsa
2069 5077 2185 5155 vir-q
2276 5060 2578 5155 illuminant:
2607 5076 2802 5133 oculos.
2837 5076 3012 5133 Timor
3038 5074 3252 5149 Domini
3303 5084 3531 5143 sanctus,
3562 5087 3866 5145 permanens

786 5163 1095 5231 ascenderit,
1117 5163 1162 5227 si
1186 5173 1364 5237 tamen
1393 5165 1508 5237 ipse
1527 5166 1721 5243 doceat
1747 5183 1938 5225 manus
1956 5152 2185 5229 nostras.
2273 5166 2327 5220 in
2359 5151 2601 5237 swculum
2624 5166 2833 5244 surculi;
2855 5165 3070 5237 judicia.
3090 5162 3303 5240 Domini
3329 5180 3466 5235 vera,
3494 5163 3787 5235 justiﬁcata
3814 5161 3881 5225 in

498 5274 517 5281 “
582 5256 641 5315 in
668 5246 883 5339 prmlio,
915 5259 1042 5335 quia
1064 5257 1183 5325 sine
1211 5258 1598 5326 rebellantibus
1625 5259 1693 5315 ad
1720 5260 1984 5333 refugium
2015 5277 2170 5323 mon-
2275 5261 2565 5337 seinetipsu,
2594 5258 2981 5335 Desiderabilia
3012 5275 3165 5330 super
3209 5274 3392 5311 aurum
3420 5265 3475 5310 et
3499 5254 3724 5326 lapidem
3752 5269 3869 5324 pre-

585 5346 725 5421 tium,
746 5342 855 5402 non
881 5342 1122 5419 venitur;
1152 5358 1206 5404 et
1234 5359 1401 5423 ponat
1428 5358 1487 5419 ut
1514 5365 1697 5407 arcum
1725 5366 1927 5411 meum
1953 5353 2171 5412 brachia
2202 5416 2203 5419 η
2281 5346 2464 5425 tiosmn
2493 5351 2739 5425 multum,
2760 5359 2809 5403 et
2831 5350 3062 5403 dulciora
3082 5366 3234 5420 super
3255 5348 3355 5405 mel
3374 5358 3422 5402 et
3445 5350 3634 5424 (animi.
3666 5343 3869 5398 Etenim

584 5432 802 5505 nostra,
833 5444 894 5490 ut
922 5428 983 5511 in
1004 5434 1249 5495 oratione
1278 5457 1385 5497 non
1430 5441 1714 5505 deficiant,
1763 5442 2020 5511 quoniam
2047 5444 2174 5513 dunt

583 5532 711 5603 sunt
740 5538 963 5603 extensa
990 5530 1228 5609 ineruce
1259 5535 1515 5593 Amalech
1538 5536 1784 5593 vincitur.
1816 5535 1875 5592 Si
1901 5552 2028 5606 ergo
2054 5522 2169 5615 ipse

582 5625 664 5687 eis
682 5617 897 5705 dederit
925 5622 1292 5698 fortitudinem
1315 5636 1375 5683 ut
1401 5630 1554 5699 quasi
1583 5645 1739 5687 arcus
1764 5646 1939 5705 aereus
1964 5630 2018 5687 in
2048 5646 2169 5693 ora-

584 5714 822 5791 tionibus
844 5724 1211 5791 perseverent,
1240 5733 1349 5773 non
1378 5719 1551 5775 solum
1581 5737 1680 5777 nos
1707 5721 2024 5791 ell‘ugientes
2052 5738 2171 5785 eva-

584 5806 761 5863 dimus
789 5817 1205 5879 persequentes,
1253 5808 1348 5865 sed
1375 5825 1475 5867 nos
1511 5813 1884 5881 persequimur
1927 5814 2173 5871 inimicos

2279 5461 2450 5501 servus
2481 5454 2594 5501 tuus
2614 5428 2858 5517 custodit:
2871 5459 2931 5512 ea
2950 5483 2965 5507 ,
2997 5443 3048 5497 in
3089 5442 3437 5501 custodiendis
3467 5441 3574 5495 illis
3604 5435 3871 5495 retributio

2277 5535 2458 5591 multa.
2492 5534 2696 5591 Delicta
2726 5536 2838 5609 quis
2865 5533 3143 5604 intelligit?
3171 5534 3233 5589 ab
3264 5532 3476 5589 occultis
3515 5531 3642 5585 meis
3677 5526 3871 5582 munda

2276 5644 2387 5691 me,
2416 5608 2468 5681 et
2505 5613 2570 5681 ab
2598 5628 2782 5681 alienis
2811 5644 2965 5699 parce
2991 5644 3141 5683 servo.
3163 5637 3268 5695 tuo.
3317 5626 3377 5680 Si
3408 5626 3507 5680 mei
3548 5642 3654 5679 non
3683 5622 3870 5694 fuerint

2279 5718 2550 5785 dominati,
2576 5728 2696 5772 tunc
2715 5718 3074 5783 inmaculatus
3095 5735 3203 5783 cro,
3221 5728 3269 5775 et
3297 5704 3615 5787 cinttiidabor
3634 5734 3665 5769 α
3687 5713 3868 5769 delicto

2280 5813 2527 5868 maxime.
2562 5810 2631 5866 Et
2658 5820 2807 5870 erunt
2831 5821 2883 5869 ut
2904 5811 3257 5881 complaceant
3286 5809 3487 5882 eloquia
3528 5811 3632 5865 oris
3681 5805 3777 5861 mei
3817 5812 3867 5858 et
