4246 6264
461 457 587 517 349.

1380 444 1843 515 COMMENTAilll
1879 459 1945 513 1N
1985 456 2312 513 PSALMOS.
2356 457 2545 514 PSAL.
2588 458 2725 514 xxx.

3597 462 3702 520 350

454 560 725 629 meditatio
753 574 920 628 cordis
944 574 1043 628 mei
1069 575 1122 626 iu
1148 582 1419 645 conspectu
1460 581 1542 627 tuo
1564 588 1778 643 semper.
1806 570 2026 627 Domine
2053 574 2101 632 Α
2130 570 2224 624 Dei
2254 570 2533 625 retributio
2562 578 2671 624 tam
2700 571 2864 626 multa
2904 571 3008 638 sit,
3055 579 3112 626 ut
3140 588 3241 626 non
3288 574 3390 627 sint
3435 573 3702 646 condigna

455 664 673 735 adiutor
688 680 847 730 ms,
877 674 926 719 et
952 664 1238 737 redeanptor
1263 679 1423 719 naeus.

1027 813 1438 854 COIIENTARIUI
1447 839 1458 851 .

468 960 472 964 -
520 932 891 998 Sieutterreni
930 940 1286 989 narraverunt
1329 931 1552 997 gloriam
1599 929 1903 995 hominum,
1949 928 2021 982 ita

444 1024 693 1083 emissus
719 1031 970 1086 enat-rant
1006 1022 1233 1092 gloriam
1273 1022 1387 1081 Dei.
1418 1018 1508 1075 Sic
1542 1028 1719 1077 antem
1748 1017 2022 1089 proprium

440 1113 629 1179 locum.
662 1113 1029 1182 relinquentes
1072 1111 1215 1179 magi
1262 1110 1428 1167 stella:
1474 1108 1689 1173 indicio,
1734 1109 2024 1163 narrabant

331 1234 335 1239 ~
440 1206 543 1276 ipsi
567 1204 794 1275 gloriam
822 1204 945 1261 Dei.
968 1202 1075 1259 Sed
1103 1211 1158 1258 et
1191 1202 1311 1259 acii
1341 1201 1462 1256 facti
1490 1210 1613 1255 sunt
1657 1200 1885 1270 apostoli
1923 1198 2020 1253 ha-

438 1296 629 1369 bentes
649 1296 705 1353 in
726 1309 790 1351 se
805 1293 988 1349 Solem
1012 1292 1261 1362 justitim,
1285 1300 1341 1346 et
1365 1292 1556 1345 merita
1579 1292 1632 1344 in
1653 1289 1867 1344 modum
1895 1289 2021 1344 stel-

438 1385 740 1456 lartnn‘pro
764 1383 1022 1439 varietate
1043 1381 1258 1437 diverso
1277 1380 1561 1453 Splendore
1584 1379 1864 1435 radiantia.
1890 1377 2021 1448 Ipsis

435 1490 565 1547 ergo
582 1475 938 1535 narrantibus
979 1474 1205 1543 gloriam
1250 1471 1374 1539 Dei,
1417 1487 1579 1542 opera
1625 1486 1876 1525 manuum
1924 1468 2021 1524 Dei

434 1566 823 1637 mnum:
834 1566 1094 1621 doctrinm
1114 1580 1301 1621 eorum
1324 1565 1717 1621 ﬁrmamentum
1736 1581 1749 1618 :
1767 1564 1880 1617 sive
1892 1563 2019 1632 quia

436 1673 588 1721 crux,
607 1672 727 1728 qua:
750 1657 1149 1713 ﬁrmamentum
1169 1664 1254 1712 est
1271 1664 1555 1720 aeternum,
1580 1670 1743 1729 apere
1763 1670 2019 1709 manuum

435 1750 552 1821 eius
580 1749 922 1823 triumphavit
948 1757 1006 1817 et
1030 1748 1186 1814 vicit;
1215 1749 1329 1803 sive
1356 1748 1483 1818 quia
1513 1748 1838 1803 aurabantur
1865 1745 2014 1799 inﬁr-

410 1842 509 1898 'mi
545 1849 604 1897 et
636 1841 1028 1901 suscitabantur
1052 1839 1272 1905 mortui,
1297 1854 1465 1909 opera
1495 1853 1750 1892 manuum
1777 1836 1893 1905 ejus
1920 1853 2016 1890 an-

2129 664 2393 733 passiones
2421 663 2572 732 hujus
2600 664 2838 733 temporis
2864 663 2933 716 ad
2962 665 3186 736 futuram
3216 663 3455 734 gloriam,
3481 680 3594 734 qua
3621 681 3701 717 re-

2127 752 2377 826 velabitur
2395 754 2451 806 in
2478 754 2624 807 nobis
2647 752 2821 823 (Rom.
2844 754 2985 822 vni);
3015 754 3060 808 si
3080 762 3262 806 tamen
3279 753 3464 822 lapsus
3488 761 3701 807 nostros

2126 843 2402 899 et'delicta
2448 853 2630 899 nostra
2661 843 2958 912 intelligere
3000 842 3337 907 studeamus,
3357 841 3501 911 quod
3527 842 3701 910 arguit

2126 931 2406 988 Psalmista
2428 975 2442 999 ,
2477 935 2686 988 nullum
2726 934 2860 988 velle
2898 934 3193 1001 intelligere
3231 932 3425 988 delicta
3447 947 3563 987 sua.
3597 931 3699 987 Ar-

2124 1025 2334 1093 guendo
2374 1025 2514 1080 enim
2555 1042 2662 1080 non
2705 1024 2949 1093 negando
2975 1025 3209 1080 cantavit
3238 1024 3420 1079 dicens
3452 1041 3465 1077 :
3498 1023 3697 1079 Delicta

2122 1119 2244 1187 quis
2271 1118 2550 1187 intelligit?
2574 1118 2722 1173 Sicut
2762 1119 2814 1171 in
2842 1118 3135 1173 centesimo
3177 1126 3331 1172 sexto
3369 1114 3497 1171 dicit
3526 1133 3540 1169 :
3570 1116 3699 1182 Quis

2122 1210 2336 1277 sapiens
2362 1208 2475 1263 haec
2502 1207 2782 1274 intelligit?
2809 1214 2863 1261 et
2888 1206 2978 1261 hic
3005 1206 3078 1260 ita
3105 1223 3118 1259 :
3142 1204 3342 1261 Delicta
3364 1206 3485 1275 quis
3504 1204 3698 1261 intelli-

2121 1299 2230 1367 git?
2257 1297 2410 1367 Saepe
2437 1298 2578 1352 enim
2609 1297 2964 1359 temeritatem
2988 1294 3341 1350 constantiam
3369 1294 3611 1360 dicimus,
3641 1304 3698 1349 et

2120 1387 2371 1455 injuriam
2416 1386 2712 1442 libertatem
2762 1400 3045 1449 vocamus,
3091 1383 3321 1449 fatuitati
3344 1384 3698 1454 simplicitatis

2122 1495 2317 1535 nomen
2348 1479 2700 1547 imponimus,
2743 1484 2799 1530 et
2827 1475 3189 1532 adulationem
3215 1475 3533 1535 charitatem
3561 1475 3699 1531 inter

2119 1571 2405 1638 gerrimam
2434 1568 2781 1637 appellamus.
2811 1566 2892 1620 Ad
2925 1568 3039 1621 hinc
3064 1566 3131 1622 da
3159 1574 3489 1632 scrutantem
3520 1565 3698 1620 cordis

2121 1662 2353 1723 oculum,
2373 1657 2633 1726 intelliget
2653 1656 2783 1722 ista;
2806 1664 2861 1711 et
2882 1656 3081 1712 idcirco
3102 1656 3298 1711 clamat
3317 1655 3408 1725 qui
3429 1655 3694 1724 intelligit:

2120 1749 2202 1805 Ab
2223 1749 2449 1806 occultis
2477 1749 2611 1803 meis
2639 1745 2834 1801 munda
2864 1761 2979 1812 me,
3004 1746 3228 1801 Domine
3245 1786 3259 1810 ,
3285 1746 3409 1815 quia
3439 1746 3551 1816 ipsa
3579 1762 3697 1817 qua:

2116 1843 2175 1897 in
2203 1857 2290 1896 me
2314 1848 2500 1896 sancta
2528 1847 2782 1910 putantur
2806 1838 2980 1893 reatui
3002 1838 3307 1908 subjacent;
3336 1848 3392 1894 et
3417 1839 3483 1894 ab
3511 1840 3700 1897 alienis

442 1932 648 1985 nuntiat
674 1928 1082 1984 ﬁrmamentum.
1110 1927 1244 1983 Cum
1272 1928 1390 1984 dies
1416 1929 1737 1997 loquebatur
1756 1926 1825 1983 ad
1848 1927 2010 1990 diem,
2043 1931 2092 1993 Β
2119 1934 2373 2005 peccatis,
2404 1932 2597 2003 quibus
2626 1929 2891 1997 adulando
2918 1928 3157 1984 lomitem
3176 1930 3507 1994 exhibemus,
3539 1944 3701 2000 parce

448 2029 503 2077 et
520 2036 628 2075 nox
648 2021 963 2089 loquebatur
990 2006 1058 2076 ad
1072 2020 1314 2084 noctem,
1336 2020 1466 2090 quia
1484 2020 1564 2075 sic
1586 2019 1653 2074 de
1676 2018 1763 2073 die
1791 2019 1846 2072 in
1873 2017 2015 2073 diem

451 2111 593 2179 ibat,
621 2113 678 2167 et
704 2124 811 2168 nos
857 2112 1169 2183 loquebatur
1206 2112 1273 2169 ad
1309 2121 1523 2168 noctem
1558 2113 1813 2176 verbum,
1854 2118 1911 2166 et
1951 2110 2021 2166 de

452 2203 932 2260 noctemnoctem
952 2244 968 2271 ,
999 2212 1059 2258 ut
1091 2203 1211 2273 ejus
1246 2204 1465 2259 scientia
1499 2204 1843 2274 panderetur.
1894 2201 2019 2257 llaec

449 2294 774 2365 simpliciter.
792 2292 1053 2353 Caeterum
1072 2292 1197 2361 diei,
1219 2293 1333 2349 dies
1352 2293 1524 2350 Patris
1541 2293 1710 2349 Filius
1729 2304 1832 2357 est,
1860 2292 2022 2349 Pater

445 2400 573 2453 ergo
600 2385 862 2445 eruetavit
880 2382 1141 2449 Verbum,
1173 2383 1316 2454 quod
1347 2385 1570 2441 verbum
1617 2384 1917 2440 involutum
1966 2384 2018 2438 in

440 2487 598 2535 nocte
625 2476 831 2532 ventris
852 2475 1104 2545 virginei,
1124 2476 1369 2532 involuto
1401 2477 1454 2531 in
1486 2485 1645 2533 nocte
1673 2477 1874 2531 ventris
1912 2484 2023 2530 ste.

439 2554 548 2623 ritis
572 2564 849 2625 Busabeni
886 2566 1246 2625 suiindicavit
1285 2567 1589 2625 scientiam.
1630 2564 1757 2624 meo
1792 2565 2023 2636 apostoli

437 2658 806 2728 puellis-antes,
828 2675 953 2717 .non
981 2658 1081 2712 fuit
1108 2659 1347 2726 loquela,
1374 2673 1551 2726 neque
1574 2671 1752 2715 Sermo
1795 2674 2022 2726 quorum

324 2791 332 2800 .
437 2765 555 2808 non.
586 2747 897 2807 audirentur
941 2764 1105 2806 voces
1145 2747 1379 2815 eorum,
1431 2749 1504 2803 ita
1553 2758 1612 2803 ut
1657 2749 2021 2806 imiversaruni

438 2839 691 2908 gentium
722 2840 979 2909 loquaces
1020 2839 1265 2897 dicerent
1317 2838 1383 2893 de
1423 2839 1501 2897 eis
1543 2857 1555 2890 :
1602 2836 1793 2892 Nonne
1834 2840 1888 2893 hi
1930 2839 2025 2893 viri

444 2928 651 2985 Galilazi
676 2939 824 3009 sunt.
868 2939 918 2987 et
942 2931 1213 3003 quomodo
1252 2930 1598 3002 unusquisque
1623 2930 1809 3001 lingua
1849 2941 2037 2993 nostra,

337 3041 341 3045 ·
447 3020 732 3081 audivimus
752 3036 838 3073 eos
858 3020 1117 3091 loquentes
1138 3020 1401 3091 magnalia
1420 3018 1521 3073 Dei
1541 3020 1675 3091 (Act.
1699 3019 1765 3090 ιι)
1781 3022 1806 3076 ?
1824 3018 2024 3083 Horum

443 3119 627 3170 autem
645 3127 823 3173 sonus
852 3110 905 3164 in
936 3126 1150 3169 omnem
1178 3118 1375 3167 terram
1403 3123 1718 3180 progressus
1745 3118 1852 3177 est,
1884 3119 1939 3165 et
1969 3112 2023 3165 in

443 3202 578 3258 ﬁnes
607 3202 839 3261 universi
869 3201 1201 3261 orbisverba
1249 3218 1439 3261 eorum
1464 3210 1844 3271 penetrarunt,
1893 3209 2026 3255 tem-
2080 3218 2085 3223 '

2119 2040 2277 2080 servo
2300 2032 2422 2089 tuo;
2452 2023 2577 2091 quia
2599 2021 2645 2077 si
2671 2022 2723 2076 in
2752 2035 2839 2077 me
2859 2035 2957 2091 per
2977 2019 3338 2076 adulationem
3369 2036 3475 2076 non
3504 2019 3699 2075 fuerint

2121 2114 2415 2180 dominati,
2461 2122 2587 2168 tunc
2632 2112 3002 2168 inmaculatus
3028 2128 3154 2177 ero,
3187 2118 3241 2167 et
3281 2110 3507 2177 mundus
3533 2126 3629 2167 ero
3668 2126 3699 2167 a

2121 2205 2321 2259 delicto
2343 2203 2578 2257 maximo
2591 2189 2610 2268 ’;
2642 2202 2858 2270 quando
2873 2198 3062 2258 autem
3083 2202 3200 2260 sine
3226 2200 3532 2256 adulatione
3553 2201 3698 2266 loeti-

2122 2292 2405 2358 tus'fuero,
2436 2301 2566 2349 tunc
2594 2295 2688 2348 tibi
2718 2293 3003 2363 placebunt
3028 2293 3241 2362 eloquia
3274 2293 3382 2347 oris
3403 2292 3529 2366 mei.
3553 2291 3699 2349 Tune

2124 2388 2227 2441 erit
2254 2385 2531 2440 meditatio
2577 2380 2754 2439 cordis
2801 2384 2905 2439 mei
2936 2385 2987 2438 in
3030 2391 3318 2457 conspectu
3347 2392 3440 2457 tuo
3467 2397 3715 2453 semper._
3817 2396 3829 2408 '

2124 2478 2267 2533 Nihil
2296 2478 2438 2532 enim
2467 2478 2668 2544 cogitat
2695 2477 2785 2546 qui
2830 2492 2936 2531 non
2966 2476 3231 2534 adulatur.
3265 2476 3365 2531 nisi
3390 2476 3513 2537 hoc,
3556 2474 3702 2545 quod

2126 2586 2233 2624 non
2266 2570 2465 2643 timeat
2493 2566 2673 2623 videre
2712 2567 2899 2643 Deum,
2930 2576 2985 2622 et
3012 2568 3133 2623 ideo
3180 2568 3280 2643 ipsi
3326 2567 3436 2621 Deo
3482 2581 3700 2640 securus

2127 2663 2378 2733 loquitur,
2398 2670 2451 2716 et
2471 2660 2755 2731 placebunt
2778 2659 2825 2714 ei
2848 2660 3059 2729 eloquia
3080 2659 3214 2727 ejus,
3234 2657 3505 2732 meditatio
3525 2656 3706 2712 cordis

2126 2754 2242 2822 ejus
2289 2754 2340 2807 in
2387 2758 2675 2821 conspectu
2729 2750 2819 2804 Del
2862 2758 2963 2804 est.
3009 2748 3076 2802 Et
3122 2749 3244 2803 huic
3283 2747 3448 2801 dicit:
3481 2745 3703 2814 Adjutor

2126 2862 2309 2910 mens,
2340 2853 2394 2899 et
2420 2842 2725 2913 redemptor
2752 2856 2937 2906 meus,
2962 2841 3053 2909 qui
3085 2848 3269 2909 regnat
3309 2841 3360 2893 ἰ.)
3391 2838 3584 2893 siccnla
3607 2852 3703 2891 sa:-

2127 2936 2403 2993 culorum.~:
2424 2933 2611 2992 Amen.

2677 2997 2989 3055 PSALHUS
3025 2998 3163 3054 XIX.

2548 3095 2606 3150 ln
2636 3093 2794 3150 tinem
2822 3094 3058 3165 psalmus
3085 3079 3282 3150 David.

2199 3208 2465 3263 Exondiat
2495 3219 2541 3263 te
2567 3206 2816 3264 Dominus
2856 3209 2910 3262 in
2939 3206 3022 3261 die
3069 3191 3430 3271 tribulationis,
3474 3212 3706 3277 protegat

443 3306 731 3362 pureque
770 3290 1035 3353 Dominus
1083 3291 1134 3357 in
1180 3292 1348 3347 solem
1396 3291 1577 3371 posuit
1621 3290 2022 3345 tabenmculum
2047 3287 2099 3354 C
2128 3309 2179 3363 te
2198 3314 2377 3352 nomen
2410 3296 2505 3352 Dei
2531 3296 2712 3353 Iacob.
2755 3297 2931 3352 Mittat
2959 3294 3049 3351 tibi
3078 3297 3331 3355 auxilium
3361 3296 3422 3350 de
3449 3305 3629 3351 sancto
3658 3303 3705 3349 et

442 3398 615 3443 suum.
640 3382 703 3445 In
727 3382 919 3450 solem,
948 3399 1058 3447 non
1084 3383 1250 3447 istum
1278 3383 1370 3454 qui
1408 3383 1762 3438 ministerium
1786 3382 2024 3438 divinum

444 3491 741 3539 exercens,
763 3475 1016 3533 horarum
1062 3488 1342 3539 mensuras
1385 3474 1484 3529 sub
1527 3481 1676 3529 certa
1726 3482 2026 3547 temporum

446 3580 629 3625 norma
651 3565 932 3631 discurrit;
960 3563 1057 3621 sed
1077 3566 1244 3627 solem
1266 3564 1505 3634 justitim,
1528 3565 1640 3634 qni,
1666 3564 1718 3619 in
1742 3563 2027 3634 splendore

449 3658 572 3716 vita:
598 3664 813 3713 teterme
834 3656 1073 3724 virgineo
1101 3656 1275 3719 editus
1303 3656 1441 3719 alvo,
1467 3646 1644 3721 lumen
1668 3671 1852 3710 verum
1876 3670 2025 3709 men-

447 3746 587 3802 tibus
614 3745 758 3805 fulsit
775 3786 791 3811 ,
822 3755 881 3800 et
904 3754 987 3801 est
1013 3759 1258 3813 egressus
1284 3744 1351 3800 de
1390 3744 1592 3814 virgine
1630 3745 1770 3800 sicut
1796 3760 2026 3815 sponsus

447 3836 515 3897 de
542 3837 798 3899 thalamo.
854 3825 1265 3893 liiciexsultavit
1307 3846 1364 3891 ut
1402 3838 1550 3908 gigas
1594 3835 1660 3890 ad
1708 3835 2026 3891 currendum

450 3926 619 3993 viam,
665 3927 1037 3993 immaculatus
1078 3927 1257 3997 utique
1303 3927 1593 3982 ambulavit
1620 3927 1673 3980 in
1699 3927 1786 3980 via
1824 3926 1880 3979 in
1909 3925 2027 3994 lege

452 4014 695 4073 Domini:
720 4031 748 4071 a
771 4031 978 4072 summo
1002 4016 1140 4077 caelo
1165 4017 1398 4086 egressio
1425 4015 1560 4085 ejus.
1585 4015 1701 4071 Non
1728 4031 1796 4070 ex
1822 4015 2027 4070 semine

453 4106 574 4176 viri,
595 4106 690 4163 sed
714 4122 779 4177 es
807 4123 900 4177 ore
924 4107 1097 4179 Patris
1123 4107 1213 4180 qui
1242 4115 1326 4162 est
1353 4108 1405 4161 in
1432 4123 1640 4162 summo
1662 4107 1942 4171 cmlorum,
1971 4113 2026 4159 et

451 4212 711 4270 occursus,
727 4198 852 4271 ejus
866 4211 1043 4271 usque
1079 4197 1146 4251 ad
1172 4186 1436 4253 summum
1464 4198 1598 4268 ejus.
1629 4196 1745 4252 Non
1776 4196 1919 4250 enim
1958 4197 2026 4251 de

448 4278 669 4365 Oriente
690 4288 747 4363 in
773 4287 1139 4355 Occidentem,
1168 4296 1260 4343 aut
1282 4288 1433 4357 quasi
1462 4288 1529 4343 de
1564 4288 1672 4342 alto
1693 4287 1759 4342 ad
1775 4288 1902 4351 ima,
1930 4287 2025 4341 sed

448 4383 513 4453 de
524 4398 733 4438 summo
750 4383 802 4437 in
817 4398 1099 4455 summum,
1116 4381 1182 4437 de
1200 4381 1308 4437 alto
1332 4382 1385 4436 in
1414 4381 1577 4437 altum
1592 4388 1645 4434 et
1664 4380 1732 4433 de
1752 4380 1949 4434 virtute
1970 4379 2025 4435 in

452 4476 728 4543 virtutem;
760 4483 921 4545 atque
950 4491 979 4530 a
1007 4489 1217 4529 summo
1244 4473 1310 4528 ad
1347 4489 1638 4538 summum,
1670 4489 1777 4527 non
1804 4473 1909 4527 erit
1933 4474 2025 4542 qui

451 4580 510 4621 se
538 4565 829 4621 abscondat
857 4581 887 4620 a
916 4565 1095 4621 calore
1132 4565 1267 4635 ejus.
1296 4563 1449 4619 Nulla
1487 4564 1629 4619 enim
1666 4576 1796 4633 gens
1836 4565 1942 4619 erit
1968 4564 2024 4619 in

2128 3391 2189 3444 de
2220 3390 2349 3444 Sion
2379 3399 2579 3443 tueatur
2609 3399 2672 3443 te.
2705 3388 2909 3445 Memor
2936 3391 3003 3443 sit
3030 3391 3197 3445 omnis
3241 3388 3487 3460 sacriﬁcii
3526 3388 3616 3451 tui,
3656 3396 3705 3443 et

2128 3468 2481 3535 holocaustum
2513 3491 2651 3535 tuum
2698 3483 2886 3552 pingue
2919 3482 3033 3551 ﬁat.
3070 3480 3282 3536 Tribuat
3313 3480 3400 3534 tibi
3429 3478 3705 3532 secundum

2127 3589 2215 3626 cor
2255 3582 2413 3637 tuum,
2444 3581 2492 3625 et
2520 3587 2667 3626 omne
2693 3573 2963 3624 consilium
2992 3581 3131 3625 tuum
3171 3571 3456 3639 confirmet.
3482 3566 3704 3622 Lit-tabi-

2126 3680 2241 3716 mur
2267 3665 2321 3715 in
2350 3663 2567 3714 salutari
2600 3672 2701 3724 tuo,
2734 3670 2783 3713 et
2808 3663 2860 3714 in
2890 3662 3096 3714 nomine
3144 3658 3351 3721 Domini
3401 3657 3493 3711 Dei
3540 3658 3704 3711 nostri

2117 3748 2589 3820 magniﬁcabimur.
2643 3747 2868 3818 Impleat
2917 3748 3162 3802 Dominus
3217 3754 3399 3801 omnes‘
3436 3746 3704 3816 petitiones

2112 3850 2263 3904 tuas,
2314 3855 2450 3892 nunc
2496 3840 2707 3909 cognovi
2754 3838 2997 3910 quoniam
3041 3837 3236 3891 salvum
3286 3837 3406 3907 fecit
3451 3834 3705 3888 Dominus

2114 3931 2385 3987 Christum
2430 3947 2593 3985 suum.
2625 3928 2884 3983 Exaudiet
2909 3928 3055 3982 illum
3084 3928 3147 3981 de
3174 3926 3299 3981 ctelo
3320 3932 3498 3979 sancto
3527 3940 3619 3979 suo
3646 3927 3702 3980 in

2114 4023 2471 4095 'potentatibus
2517 4026 2656 4077 salus
2692 4021 2921 4075 dexteris
2948 4019 3077 4090 ejus.
3113 4017 3186 4072 Hi
3209 4018 3265 4071 in
3293 4016 3546 4080 curribus,
3573 4026 3622 4068 et
3649 4016 3703 4073 hi

2118 4115 2182 4167 'in
2211 4116 2371 4185 equis,
2401 4130 2497 4175 nos
2516 4122 2682 4167 autem
2711 4114 2765 4166 in
2786 4112 2998 4165 nomine
3021 4108 3229 4165 Domini
3257 4107 3354 4163 Dei
3379 4108 3542 4163 nostri
3567 4109 3706 4162 inro-

2111 4204 2373 4257 cdbimus.
2426 4203 2535 4275 Ipsi
2579 4202 2789 4274 obligati
2835 4211 2955 4257 sunt
2995 4211 3044 4255 et
3070 4200 3380 4267 ceciderunt,
3411 4215 3507 4254 nos
3533 4208 3703 4254 autent

2115 4281 2443 4350 surreximus
2463 4305 2512 4349 et
2529 4297 2682 4350 erecti
2708 4291 2904 4349 sumus.
2928 4292 3372 4359 Domine,saluum
3400 4294 3486 4367 [ac
3514 4307 3705 4363 regem,

2091 4368 2178 4442 ςἐι
2202 4387 2391 4442 exaudi
2420 4403 2513 4442 nos
2538 4386 2592 4441 in
2620 4387 2702 4441 die
2728 4402 2828 4459 qua
2851 4386 3254 4441 invocaverimus
3283 4394 3347 4439 te.

2693 4537 3128 4580 COIIBNTLMUI.

450 4619 553 4713 hoc
578 4619 772 4725 saeculo
802 4657 867 4712 ad
890 4619 1042 4727 cujus
1071 4619 1315 4712 notitiam
1336 4642 1450 4723 non
1477 4619 1703 4725 attingth
1726 4656 1875 4711 calor
1902 4653 2025 4710 ﬁdei
2044 4619 2125 4725 .D‘
2194 4655 2408 4721 Christo
2435 4658 2582 4713 eunti
2606 4657 2684 4724 ad
2711 4673 2923 4741 crucem
2951 4657 3081 4742 dicit
3120 4656 3359 4714 Ecclesia
3390 4677 3405 4712 :
3446 4656 3707 4715 Exaudiat

447 4747 790 4825 Christiana,
818 4750 871 4805 in
900 4762 1003 4819 qua
1039 4758 1122 4805 est
1150 4750 1235 4803 lex
1265 4748 1472 4804 Domini
1514 4748 2019 4818 irreprehensihilis,

448 4850 769 4910 convertens
790 4840 1016 4907 animas,
1039 4840 1268 4896 invitans
1286 4839 1352 4894 ab
1374 4854 1557 4895 errore
1578 4838 1643 4893 ad
1669 4840 1773 4895 iter
1794 4848 2021 4902 rectum,

450 4948 479 4997 a
504 4931 786 5005 mendacio
809 4930 875 4997 ad
905 4932 1185 5005 veritatem
1220 4948 1232 4983 :
1262 4930 1334 4985 ibi
1360 4936 1485 4985 sunt
1508 4929 1727 4999 jnstitize
1756 4930 2026 4985 lietitican-

451 5034 530 5095 tcs
569 5024 750 5098 corda.
785 5022 937 5096 Quod
975 5023 1117 5098 enim
1163 5031 1271 5097 tam
1306 5022 1503 5093 justum
1548 5022 1797 5091 gaudium
1826 5021 2021 5087 cordis,

451 5132 607 5185 quam
652 5116 854 5187 hocin
899 5131 1007 5186 quo
1030 5115 1283 5191 juhemur
1323 5114 1501 5170 omnia
1530 5128 1649 5183 qua:
1697 5114 1939 5167 volumus
1966 5121 2026 5166 ut

450 5204 642 5261 faciant
672 5206 826 5276 nobis
852 5205 1119 5277 homines,
1150 5204 1335 5259 eadem
1365 5220 1464 5260 nos
1492 5203 1744 5259 faciams
1771 5203 1883 5257 eis?
1910 5201 2026 5257 lloc

456 5303 778 5367 [incoeptum
808 5292 914 5350 tam
944 5294 1175 5369 lucidum
1201 5303 1280 5359 est
1298 5334 1312 5358 ,
1343 5303 1403 5350 ut
1429 5295 1590 5348 etiam
1619 5308 1878 5349 (meorum
1908 5293 2027 5346 illu-

450 5386 616 5457 niinet
646 5388 867 5461 oculos,
891 5389 938 5443 si
967 5394 1148 5442 tamen
1177 5388 1336 5443 timor
1360 5385 1571 5441 Domini
1623 5387 1674 5441 in
1716 5386 1870 5440 nobis
1896 5399 2023 5454 per-

451 5486 661 5548 manet,
698 5494 799 5549 per
825 5493 985 5548 quem
1012 5478 1411 5551 consideremus
1445 5478 1642 5550 judicia
1681 5476 1773 5532 Dei
1814 5485 1869 5531 et
1897 5492 2023 5532 vera

450 5566 736 5638 iustiﬁcata
784 5569 835 5639 in
884 5571 1215 5646 semetipsa,
1242 5568 1307 5622 Et
1348 5567 1713 5627 desideremus
1756 5583 1820 5623 ea
1864 5580 2026 5636 super

446 5673 637 5735 aurum
661 5670 716 5716 et
736 5660 964 5737 lapidem
991 5661 1304 5737 pretiosum,
1328 5667 1382 5715 et
1400 5659 1636 5715 dulciora
1658 5660 1812 5713 nobis
1833 5658 2027 5712 fuerint

453 5742 616 5823 super
645 5751 751 5804 mel
780 5759 835 5811 et
862 5751 1041 5831 favum
1064 5770 1076 5804 :
1101 5751 1348 5821 quoniam
1370 5752 1461 5821 qui
1483 5766 1670 5805 servus
1689 5758 1772 5821 est
1793 5749 2025 5831 Domini,

456 5822 687 5897 custodit
716 5856 806 5909 ea,
837 5821 1085 5899 ct-credit
1120 5841 1263 5911 quod
1291 5843 1341 5897 in
1370 5842 1609 5898 custodia
1638 5821 2027 5911 precept'orum

2128 4756 2183 4801 te
2211 4746 2465 4801 Dominus
2492 4747 2547 4802 in
2573 4746 2660 4811 die
2678 4734 3054 4802 tribulationis.
3084 4745 3298 4802 Homini
3327 4748 3510 4817 utique
3536 4748 3707 4817 quise

2130 4838 2322 4894 obtulit
2367 4839 2790 4908 redemptionem
2824 4854 2922 4909 pro
2973 4839 3242 4895 omnibus.
3302 4824 3727 4900 ilolocaustum,~

2130 4930 2320 5000 inquit,
2352 4936 2501 4983 tuum
2523 4930 2716 5001 pingue
2754 4929 2862 4992 ﬁat,
2893 4928 3038 5000 quod
3066 4931 3118 4994 in
3149 4929 3302 4984 altari
3330 4928 3503 4983 crucis
3521 4925 3701 4989 oil‘ets,

2130 5027 2187 5075 et
2214 5020 2286 5074 ita
2313 5034 2473 5075 omne
2498 5020 2779 5075 consilium
2809 5030 2954 5079 tuum
2984 5018 3283 5079 conﬁrmet,
3305 5024 3362 5070 ut
3382 5017 3621 5070 laetemur
3648 5014 3704 5068 in

2128 5102 2350 5168 salutari
2378 5120 2490 5179 tuo,
2523 5113 2650 5168 etin
2679 5113 2895 5168 nomine
2915 5110 3126 5165 Domini
3155 5107 3249 5162 Dei
3277 5104 3445 5159 nostri
3489 5104 3704 5159 invoce-

2127 5220 2246 5261 mus
2290 5212 2363 5271 te,
2409 5219 2532 5260 eum
2579 5202 2933 5258 rosuri-exeris
2972 5215 3004 5253 a
3030 5197 3255 5252 mortuis
3284 5214 3295 5247 :
3328 5195 3533 5251 salvum
3560 5194 3704 5251 enim

2127 5296 2255 5351 facit
2276 5295 2535 5351 Dominus
2559 5292 2829 5348 Christum
2858 5304 3034 5354 suum,
3065 5294 3122 5342 et
3150 5287 3223 5341 ita
3251 5276 3355 5343 erit
3382 5286 3436 5342 in
3466 5293 3706 5357 potenta-

2127 5389 2269 5444 tibus
2313 5387 2457 5442 salus
2483 5384 2720 5440 dextera:
2747 5380 2879 5451 ejus,
2904 5386 2964 5432 ut
2990 5395 3019 5432 a
3046 5377 3249 5434 dextris
3293 5379 3404 5436 suis
3442 5379 3704 5434 latronem
3726 5364 3729 5369 ’

2128 5479 2194 5534 ad
2222 5477 2529 5549 paradisum
2558 5474 2736 5529 ducat.
2767 5471 2869 5525 Alii
2898 5467 3172 5527 conﬁdunt
3200 5472 3252 5527 in
3308 5471 3569 5533 curribus,
3614 5467 3703 5524 alii

2128 5572 2181 5626 in
2208 5570 2380 5639 equis,
2411 5581 2510 5621 nos
2540 5573 2718 5619 autem
2771 5564 2821 5617 in
2872 5564 3088 5619 nomine
3136 5564 3346 5620 Domini
3393 5562 3488 5615 Dei
3535 5558 3702 5613 nostri

2123 5650 2599 5727 magniﬁcabimur,
2622 5660 2678 5707 et
2705 5652 2808 5707 illis
2850 5652 3183 5717 cadentibus,
3216 5668 3317 5709 nos
3343 5652 3699 5714 recursantis,

2124 5750 2248 5817 quia
2271 5760 2366 5801 rex
2396 5751 2583 5798 noster
2600 5743 2782 5798 salvus
2806 5742 2976 5799 factus
2992 5753 3095 5809 est,
3126 5753 3184 5800 et
3211 5752 3494 5808 resurgens
3512 5753 3543 5791 a
3564 5752 3700 5791 mor.

2125 5840 2229 5893 tuis
2253 5834 2493 5891 ascendit
2520 5836 2575 5890 in
2603 5835 2787 5899 corios,
2818 5820 2874 5888 et
2921 5833 3113 5889 sedens
3161 5832 3231 5889 ad
3275 5831 3551 5887 dexteram
3598 5825 3694 5883 Dei
