4246 6264
564 407 662 464 351

1870 404 2138 503 ΑΒΝΟΒΙΙ
2178 411 2250 467 ,1ιὶ
2262 410 2478 468 NIORIS

3654 407 3858 463 ,552

564 522 760 588 Patris,
814 520 1030 576 exaudit
1071 534 1171 574 nos
1202 512 1275 574 'in
1303 520 1393 574 die
1416 536 1519 591 qua
1547 516 1974 578 invocaverimus
2004 539 2146 589 eum,
2181 530 2229 587 Λ
2260 527 2416 579 rieut.
2451 523 2581 578 Nam
2612 539 2707 580 eos
2749 521 3031 579 i‘ruclillcat
3086 516 3141 578 in
3188 517 3603 577 resurrectionis
3656 519 3852 585 fnictu,
3952 536 3959 598 ',

565 613 663 683 ipsi
690 612 857 681 gloria
886 613 937 665 in
965 611 1159 665 srccnla
1189 609 1524 666 s‘ceiilorum.
1559 612 1747 667 Amen.

1119 720 1433 779 PSALMUS
1472 720 1589 778 XX.

954 879 965 889 ο
991 813 1049 869 1η
1077 813 1237 871 linem
1263 816 1502 888 psalmus
1530 816 1720 872 David.
2094 863 2129 897 ,Ι

639 904 877 971 Domine,
908 909 963 961 in
994 909 1176 962 virtute
1204 915 1292 963 tua
1320 909 1582 964 lwtabitur
1608 926 1721 972 rex,
1753 921 1802 965 ct
1829 927 1983 983 super
2011 911 2153 967 salu-

564 1007 676 1051 tare
705 1006 844 1051 tuum
886 999 1170 1055 exsultabit
1216 1002 1554 1056 vehementer.
1608 1000 1935 1058 Desiderium
1982 1006 2153 1061 cordis

562 1090 675 1157 ejus
703 1088 926 1144 tribuisti
953 1092 1019 1156 ei,
1051 1101 1101 1146 et
1128 1092 1390 1147 voluntate
1418 1090 1669 1147 labiorum
1696 1093 1811 1165 ejus
1854 1110 1958 1149 non
2007 1090 2155 1167 frau-

563 1180 699 1235 dasti
718 1197 851 1235 eum.
887 1179 1147 1246 Quoniam
1172 1184 1463 1254 praevenisti
1489 1200 1605 1239 eum
1631 1185 1688 1238 in
1717 1183 2155 1242 benedictionibus

562 1271 871 1339 dulcedinis,
927 1273 1146 1343 posuisti
1184 1274 1240 1328 in
1280 1274 1451 1343 capite
1474 1275 1590 1347 ejus
1615 1290 1861 1330 coronam
1889 1274 2157 1347 de'lapide

562 1363 803 1434 pretioso.
841 1361 1013 1418 Unam
1041 1365 1187 1437 petiit
1212 1381 1245 1418 a
1276 1372 1340 1431 te,
1375 1363 1600 1421 tribuisti
1626 1368 1674 1422 ei
1701 1376 1752 1421 et
1780 1358 2155 1439 longitudinem

562 1454 760 1508 dierum
805 1456 860 1509 in
905 1444 1151 1511 secutum
1178 1465 1227 1511 et
1255 1457 1308 1512 in
1337 1459 1582 1513 steculum
1610 1460 1807 1515 saeculi.
1850 1459 2050 1533 Magna
2078 1471 2156 1516 est

562 1546 730 1617 gloria
774 1549 888 1619 ejus
933 1550 987 1603 in
1033 1551 1253 1604 salutari
1300 1558 1387 1605 tuo
1416 1566 1435 1605 :
1465 1552 1688 1623 gloriam
1715 1562 1766 1607 et
1793 1571 2037 1628 magnum
2064 1556 2158 1611 de-

562 1655 731 1694 corem
766 1643 999 1713 impones
1039 1660 1191 1716 super
1218 1660 1352 1698 eum.
1389 1642 1652 1709 Quoniam
1680 1645 1830 1702 dabis
1849 1664 1964 1702 eum
1982 1649 2037 1702 in
2067 1647 2154 1703 be-

562 1731 902 1787 nedictionem
950 1734 1004 1788 in
1051 1736 1294 1790 sarculum
1347 1735 1546 1803 saeculi,
1602 1737 1899 1809 lwtiﬁcabis
1944 1756 2059 1795 eum
2096 1742 2153 1797 in

562 1820 755 1891 gaudio
778 1838 891 1875 cum
913 1823 1050 1877 vultu
1080 1834 1184 1880 tuo.
1213 1821 1473 1890 Quoniam
1500 1844 1594 1882 rea:
1619 1838 1796 1900 sperat
1819 1831 1875 1885 in
1904 1828 2153 1898 Domino,

2255 630 2393 686 quos
2421 610 2713 673 seminatos
2740 615 2947 687 accepit
2976 616 3031 671 in
3052 614 3230 681 obitu;
3263 628 3387 669 nam
3415 626 3646 683 corpora
3669 617 3858 666 nostra
3951 612 3961 627 ‘

2253 708 2507 763 seminari
2528 708 2821 780 Apostolus
2857 708 3072 780 probat,
3103 721 3228 763 cum
3257 704 3392 762 dicit
3418 723 3431 758 :
3465 703 3771 760 Seminatur
3796 703 3855 758 in

2253 801 2805 874 corruptione,‘surgit
2826 801 2883 855 in
2909 799 3351 871 incorruptionem
3381 794 3427 869 (l
3454 794 3576 851 Cor.
3607 793 3735 865 x‘v);
3756 792 3854 850 sed

2254 891 2310 946 bi
2329 891 2421 962 qui
2448 892 2723 948 declinant
2750 890 2805 946 in
2832 888 3049 947 Christo
3075 889 3239 957 mala,
3269 888 3408 945 sicut
3427 888 3559 944 tunc
3583 885 3773 952 tudzi,
3795 892 3855 943 et

2255 990 2443 1036 contra
2472 996 2596 1038 eum
2624 979 2994 1053 perversitatis
3032 995 3144 1036 sua:
3189 979 3430 1049 cogitant
3452 977 3761 1044 consilium,
3792 978 3850 1034 in

2253 1073 2343 1129 die
2378 1074 2467 1130 illa
2513 1083 2785 1147 ponentur
2833 1074 2887 1130 in
2915 1073 3100 1140 dorso,
3132 1080 3187 1129 et
3221 1072 3274 1128 in
3304 1071 3544 1143 reliquiis
3569 1071 3685 1127 suis
3707 1080 3851 1141 prae

2255 1175 2413 1237 parat
2442 1166 2648 1222 vultum
2678 1166 2914 1223 illorum.
2947 1166 3064 1223 Hoc
3084 1174 3169 1223 est
3190 1180 3297 1223 non
3326 1166 3381 1221 in
3408 1165 3585 1238 prima
3614 1163 3851 1220 anasta'sl

2256 1267 2541 1329 resurgunt
2562 1276 2685 1317 cum
2710 1260 2930 1327 sanctis,
2954 1258 3051 1315 sed
3077 1259 3223 1331 quod
3247 1257 3521 1315 residuum
3545 1257 3644 1314 fuit
3662 1273 3848 1315 resur-

2256 1351 2483 1407 rectioni
2533 1352 2741 1423 primm,
2798 1352 2852 1409 in
2900 1367 2969 1408 eo
3005 1351 3331 1424 praeparabit
3376 1349 3579 1406 vultum
3608 1349 3844 1406 illontm.

2258 1439 2409 1498 Tunc
2422 1442 2607 1499 laudes
2616 1443 2846 1500 Domino
2860 1442 2989 1501 Iesu
3001 1443 3235 1510 Christo,
3250 1441 3538 1500 ob‘erentes
3551 1443 3604 1498 in
3619 1442 3845 1516 hymno,

2256 1543 2314 1590 et
2340 1535 2441 1591 ista
2470 1536 2634 1592 verba
2676 1536 3031 1604 cantabimus,
3065 1545 3124 1593 ut
3165 1535 3408 1593 dicamus
3436 1536 3524 1592 ei:
3568 1532 3842 1603 Exaltare,

2256 1623 2503 1693 Domine,
2538 1626 2592 1682 in
2615 1625 2811 1683 virtute
2841 1635 2951 1683 tua.
2978 1625 3096 1682 tam
3124 1643 3229 1683 non
3261 1626 3314 1682 in
3340 1640 3573 1698 persona
3597 1625 3740 1681 servi
3762 1624 3849 1681 la-

2256 1714 2483 1771 tibulum
2513 1724 2618 1773 tua:
2652 1718 2870 1775 virtutis
2897 1719 3210 1787 obumbras,
3240 1717 3337 1774 sed
3364 1719 3606 1774 exaltare
3642 1716 3697 1774 in
3736 1717 3850 1773 vir-

2259 1815 2374 1862 tute
2403 1820 2514 1875 tua,
2548 1818 2603 1865 et
2624 1811 2859 1866 sentiant
2888 1819 2941 1867 te
2969 1810 3223 1879 ultorem,
3245 1811 3338 1884 qui
3368 1817 3611 1866 nostrum
3639 1818 3694 1866 te

563 1921 610 1963 et
633 1913 685 1965 in
735 1910 1092 1969 misericordia
1139 1915 1390 1971 Altissimi
1418 1934 1524 1973 non
1551 1895 1964 1976 contmovebitur.
2000 1895 2155 1978 Inve;
2184 1895 2232 1958 Β
2258 1898 2389 1993 flere
2412 1901 2657 1993 dubium
2684 1902 3045 1973 εδινθιθτθῖηῖ
3079 1904 3172 1961 tibi
3202 1903 3371 1973 Βιοτίθ
3393 1904 3447 1960 in
3473 1904 3668 1961 mu"
3688 1916 3850 1993 ω

564 2004 740 2056 niatnr
766 2020 951 2059 manus
983 2015 1068 2060 tua
1097 2007 1332 2064 omnibus
1376 2010 1602 2066 inimicis
1633 2012 1755 2079 tuis,
1802 2012 2019 2069 dextera
2066 2025 2157 2070 tua

565 2096 791 2149 inveniat
825 2113 1001 2152 omnes
1045 2100 1133 2171 qui
1176 2110 1222 2154 te
1240 2101 1476 2159 oderunt.
1502 2101 1676 2159 Pones
1701 2120 1792 2159 eos
1809 2115 1867 2160 ut
1893 2103 2155 2163 clibanum

566 2187 701 2255 ignis
730 2187 783 2241 in
816 2196 1042 2259 tempore
1067 2190 1233 2245 vultus
1269 2193 1376 2258 tui;
1407 2192 1663 2249 Dominus
1689 2195 1744 2249 in
1790 2197 1873 2251 ira
1902 2213 1998 2253 sua
2025 2215 2154 2254 con-

567 2276 792 2332 turbabit
808 2296 915 2345 eos,
946 2291 998 2335 et
1024 2281 1286 2359 deporabit
1308 2300 1395 2340 eos
1424 2287 1581 2357 ignis.
1613 2285 1867 2344 Fructum
1894 2307 2071 2349 eorum
2089 2294 2157 2348 de

449 2388 462 2401 -
567 2380 705 2425 terra
731 2373 932 2443 perdes,
963 2383 1015 2429 et
1042 2390 1215 2431 semen
1260 2394 1436 2433 eorum
1462 2396 1495 2433 a
1522 2380 1651 2450 ﬁliis
1688 2382 1973 2439 hominum.
2020 2385 2158 2450 Quo-

566 2464 709 2517 niam
749 2464 1134 2522 declinaverunt
1159 2469 1215 2524 in
1263 2479 1312 2523 te
1345 2471 1506 2534 mala,
1535 2474 1909 2545 .cogitaverunt
1934 2477 2154 2533 consilia

565 2570 681 2626 qua:
705 2572 810 2610 non
837 2566 1114 2628 potuerunt
1138 2558 1389 2615 stabilire.
1423 2559 1684 2627 Quoniam
1712 2580 1873 2635 pones
1915 2584 2003 2623 eos
2031 2568 2156 2623 dor-

566 2665 699 2713 sum,
719 2650 775 2703 in
796 2650 1027 2722 reliquiis
1047 2653 1148 2707 tuis
1167 2654 1488 2726 praparabis
1510 2658 1700 2712 mltum
1728 2674 1922 2713 eorum.
1952 2657 2152 2716 Exsul-

566 2749 694 2806 tare,
723 2738 964 2806 Domine,
993 2743 1049 2798 in
1075 2745 1258 2800 virtuts
1303 2752 1413 2813 tua,
1443 2746 1770 2804 cantabimus
1795 2759 1848 2804 et
1872 2751 2154 2822 psallemus

566 2830 772 2885 virtutes
803 2841 937 2887 luas.

1137 2920 1577 2966 COIIBN‘I'ARIUI.

639 2989 838 3059 negem
867 2992 974 3049 hoc
1017 2994 1073 3050 in
1120 2996 1242 3053 loco
1282 2998 1556 3056 hominem
1575 2999 1873 3070 perlectum
1894 3003 2152 3074 appellat,

567 3096 674 3136 non
692 3081 758 3135 in
786 3082 984 3138 virtute
1011 3100 1127 3152 sua,
1157 3088 1255 3143 sed
1288 3089 1346 3144 in
1382 3090 1584 3146 virtute
1611 3092 1730 3160 ejus
1747 3092 2031 3161 laetantem
2058 3095 2154 3164 qui

565 3186 688 3227 eum
715 3174 1021 3244 assumpsit,
1049 3177 1142 3246 qui
1168 3177 1493 3236 desiderium
1513 3181 1694 3238 condis
1711 3181 1828 3253 ejus
1863 3185 2050 3240 tribuit
2076 3185 2148 3252 ei,

2261 1991 2456 2047 lorum.
2490 1992 2681 2050 Amen.

2802 2064 3119 2123 PSALIUS
3155 2065 3296 2122 XXI.

2258 2153 2317 2209 In
2355 2154 2516 2211 linem
2554 2155 2791 2228 psalmus
2828 2156 2992 2213 David
3034 2173 3136 2229 pro
3183 2159 3527 2252 susceptione
3559 2159 3843 2215 matutina.

2331 2263 2469 2321 Deus
2517 2265 2656 2322 Dens
2702 2282 2866 2333 meus,
2921 2271 3118 2340 respice
3144 2271 3198 2325 in
3228 2287 3338 2335 me;
3367 2286 3527 2348 quare
3550 2286 3633 2325 me
3660 2270 3849 2326 dereli-

2258 2359 2451 2431 quitti.’
2477 2356 2629 2429 longe
2654 2376 2687 2412 a
2716 2359 2883 2414 salute
2929 2376 3043 2415 mea
3071 2360 3222 2416 verba
3269 2361 3572 2417 delictorum
3597 2371 3844 2417 meorum.

2258 2449 2402 2505 Deus
2428 2468 2588 2515 meus,
2627 2451 2861 2530 clamabo
2907 2466 2999 2524 per
3045 2453 3201 2518 diem,
3250 2462 3432 2510 etnon
3472 2455 3754 2521 exaudies;
3798 2464 3850 2523 et

2256 2552 2425 2610 nocte,
2453 2553 2503 2597 ct
2523 2559 2626 2598 non
2647 2543 2717 2597 ad
2736 2544 3090 2613 insipientiam
3110 2545 3256 2599 mihi.
3282 2543 3358 2599 Tu
3387 2534 3559 2600 autem
3581 2547 3638 2601 in
3667 2554 3851 2601 sancto

2259 2634 2485 2701 habitas,
2516 2634 2630 2690 laus
2662 2634 2852 2691 Israel.
2884 2634 2949 2691 In
2981 2645 3028 2690 te
3055 2647 3388 2709 speraverunt
3435 2647 3608 2709 patres
3649 2638 3849 2703 nostri;

2256 2736 2609 2797 speravemnt,
2632 2738 2683 2782 et
2702 2718 2934 2783 liberasti
2947 2744 3053 2783 eos.
3080 2727 3161 2781 Ad
3183 2737 3230 2782 te
3256 2729 3624 2797 domaverunt,
3652 2738 3703 2784 et
3721 2728 3851 2783 salvi

2258 2819 2386 2891 facti
2404 2828 2559 2885 sunt;
2579 2820 2633 2873 in
2665 2828 2713 2874 te
2744 2827 3100 2891 speraverant,
3129 2830 3180 2873 et
3205 2834 3310 2873 non
3336 2830 3459 2874 sunt
3485 2820 3708 2892 confusi.
3736 2816 3851 2892 Ego

2257 2922 2429 2965 autem
2457 2928 2569 2965 sum
2597 2911 2781 2966 vermis
2808 2919 2859 2965 et
2884 2927 2989 2964 non
3018 2909 3189 2977 homo,
3220 2910 3553 2982 opprobrium
3583 2911 3848 2966 hominum

2257 3012 2309 3057 et
2345 3000 2565 3074 abjectio
2617 3001 2798 3071 plebis.
2851 2998 3043 3057 Omnes
3069 3001 3295 3057 videntes
3320 3019 3401 3057 me
3421 3002 3709 3057 deriserunt
3734 3019 3849 3068 me;

2256 3094 2415 3150 locuti
2442 3104 2562 3149 sunt
2588 3094 2760 3160 labiis,
2783 3104 2833 3149 et
2860 3104 3124 3150 moverunt
3161 3105 3335 3165 caput.
3368 3093 3611 3169 Speravit
3654 3096 3709 3151 in
3741 3093 3850 3151 Do-

2258 3185 2422 3251 mino,
2451 3185 2643 3257 eripiat
2668 3202 2818 3251 eum;
2867 3184 3063 3240 salvum
3092 3186 3255 3258 faciat
3282 3201 3417 3252 eum,
3471 3187 3718 3258 quoniam
3744 3187 3852 3241 vult

565 3270 620 3317 et
642 3263 918 3322 voluntate
945 3267 1210 3324 labiornm
1229 3271 1347 3340 ejus
1374 3289 1481 3329 non
1523 3272 1785 3330 fraudavit
1812 3292 1937 3332 eum
1969 3294 1983 3331 :
2015 3292 2154 3348 prie-
2177 3274 2227 3339 C
2256 3292 2392 3330 eum.
2436 3272 2697 3340 Quoniam
2743 3288 2794 3330 tu
2822 3292 2876 3331 es
2922 3277 3012 3349 qui
3028 3277 3303 3331 extruxisti
3320 3292 3402 3330 me
3430 3277 3494 3330 de
3512 3285 3702 3343 ventre,
3732 3293 3850 3346 spes

564 3358 727 3414 venit
756 3359 900 3414 enim
955 3375 1079 3416 eum
1125 3361 1179 3417 in
1199 3364 1575 3423 benedictione
1594 3366 1909 3425 dulcedinis.
1938 3371 2155 3426 Amanti

564 3450 708 3504 enim
738 3460 1000 3523 prmcepta
1030 3451 1166 3523 ejus,
1216 3453 1389 3511 dulcis
1427 3466 1531 3523 est,
1562 3458 1714 3529 isque
1742 3460 1970 3531 imperat
2015 3462 2156 3519 sicut

562 3543 808 3613 superius
858 3543 993 3600 dixit
1022 3564 1035 3599 :
1069 3545 1239 3617 Super
1283 3549 1386 3603 mel
1428 3559 1481 3604 et
1507 3552 1681 3622 favum
1708 3554 1789 3607 ori
1834 3554 2149 3627 meo.(Psal.

562 3635 732 3702 xvui).
785 3633 1099 3692 Benedictio
1134 3651 1267 3706 ergo
1296 3637 1616 3700 .dulcedinis
1656 3651 1743 3698 est
1775 3658 1975 3716 corpus
1992 3645 2148 3715 ejus:

562 3725 796 3790 (iustate,
825 3727 919 3793 ait,
941 3737 993 3784 et
1013 3729 1179 3785 videte
1202 3747 1360 3803 quam
1386 3734 1558 3788 suavis
1584 3743 1665 3789 est
1689 3733 1946 3791 Dominus
1976 3737 2148 3810 (Psal.

561 3819 772 3887 sunt).
803 3816 918 3872 Hoc
964 3828 1146 3874 autem
1182 3820 1326 3890 quod
1352 3822 1504 3890 dicit,
1536 3821 1770 3882 Posuisti
1801 3843 1963 3899 super
1989 3839 2152 3900 caput

562 3908 680 3978 ejus
704 3925 984 3979 coronam,
1016 3914 1256 3971 imitator
1296 3914 1496 3972 Christi
1545 3917 1742 3976 Paulus
1772 3922 1889 3977 hoc
1917 3924 2151 3993 appellat

560 4001 804 4073 gaudium
831 4018 982 4077 suum
998 4011 1053 4058 et
1081 4021 1328 4061 coronam
1347 4022 1496 4061 suam
1527 4007 1751 4081 (Philip.
1785 4011 1881 4079 tv),
1912 4012 2005 4081 qui
2031 4012 2151 4081 ejus

559 4093 763 4147 monita
792 4093 1272 4163 amplectebantur.
1304 4094 1440 4162 Quia
1470 4099 1702 4166 apostoli
1743 4099 1797 4154 in
1823 4100 1940 4170 ejus
1978 4101 2146 4169 gloria
2184 4143 2189 4148 .

558 4183 943 4251 gloriabantur,
974 4185 1043 4240 de
1070 4187 1153 4242 his
1179 4186 1379 4243 dicitur
1409 4205 1421 4242 :
1453 4186 1671 4265 Corona
1699 4191 1949 4262 imposita
1980 4193 2037 4256 in
2062 4209 2148 4249 ca-

557 4275 671 4348 pite
698 4276 929 4345 Domini,
963 4278 1102 4335 facta
1131 4295 1199 4336 ex
1228 4280 1406 4351 lapide
1429 4283 1689 4353 pretioso,
1720 4285 1860 4341 sicut
1886 4285 2146 4344 Ezechie-

558 4364 623 4421 lis
642 4368 945 4440 prophetia,
975 4379 1032 4426 et
1058 4370 1283 4429 Joannis
1307 4374 1657 4447 Apocalypsis
1688 4376 1942 4448 loquitur.
1974 4380 2147 4438 Unam

558 4461 750 4531 petiit:
777 4462 845 4517 de
872 4473 1150 4534 assumpto
1174 4466 1394 4521 homine
1421 4468 1561 4535 agit;
1582 4469 1750 4525 vitam
1779 4471 2174 4549 enim‘positus.

559 4555 611 4608 in
642 4561 814 4607 morte
841 4556 1096 4626 suscepit,
1126 4564 1181 4611 et
1201 4556 1589 4625 longitudinem
1612 4560 1818 4617 dierum
1845 4579 1951 4620 non
1976 4580 2147 4635 usque

2254 3378 2369 3423 mea
2398 3367 2464 3423 ab
2491 3367 2731 3425 uberibus
2758 3371 2943 3445 matris
2969 3386 3117 3437 mete,
3147 3372 3205 3425 in
3251 3380 3297 3425 te
3338 3371 3599 3443 projectus
3644 3386 3757 3424 smn
3783 3386 3851 3424 ea:

2252 3469 2418 3515 utero.
2461 3459 2541 3515 De
2564 3470 2740 3516 ventre
2784 3462 2971 3517 matris
2996 3478 3127 3517 mea:
3154 3460 3296 3517 Deus
3323 3477 3469 3516 meus
3501 3477 3556 3515 es
3586 3469 3658 3525 tu,
3682 3456 3759 3514 ne
3775 3460 3852 3514 di.

2251 3552 2496 3606 scesseris
2520 3568 2553 3606 a
2580 3568 2681 3607 me.
2716 3548 2978 3616 Quoniam
3009 3552 3277 3609 tribulatio
3319 3552 3561 3623 proxima
3587 3560 3687 3619 est,
3717 3569 3848 3624 quo-

2253 3642 2397 3695 niam
2424 3657 2530 3697 non
2581 3642 2774 3714 estqui
2818 3640 3043 3714 adjuvet.
3082 3639 3542 3719 Circumdederunt
3578 3657 3661 3695 me
3704 3641 3851 3696 vituli

2252 3733 2421 3800 multi,
2472 3735 2608 3788 tauri
2647 3734 2862 3807 pingues
2891 3732 3201 3788 obsederunt
3225 3750 3324 3788 me.
3353 3734 3677 3805 Aperuerunt
3694 3750 3850 3804 super

2252 3840 2413 3878 meos
2438 3841 2605 3887 suum,
2655 3826 2792 3879 sicut
2833 3825 2913 3880 leo
2941 3826 3151 3898 rapiens
3180 3835 3230 3880 et
3257 3827 3487 3898 rugiens.
3534 3825 3682 3881 Sicut
3708 3842 3844 3897 aqua

2251 3915 2449 3983 elusus
2476 3931 2611 3981 sum,
2640 3924 2691 3969 et
2719 3915 2959 3986 dispersa
2978 3925 3098 3971 sant
3114 3917 3290 3971 omnia
3317 3931 3440 3971 ossa
3459 3933 3593 3971 mea.
3622 3913 3846 3969 Factum

2250 4013 2330 4060 est
2348 4021 2439 4060 cor
2462 4021 2634 4061 meum
2656 4015 2901 4079 tanquam
2922 4023 3040 4062 cera
3068 4007 3356 4080 liquescens
3374 4008 3430 4062 in
3458 4007 3632 4062 medio
3652 4008 3848 4061 ventris

2249 4098 2556 4152 Aruit
2584 4108 2828 4172 tanquam
2858 4109 3005 4171 testa.
3036 4101 3199 4155 virtus
3227 4116 3362 4167 mea,
3406 4110 3456 4155 et
3503 4101 3687 4173 lingua
3731 4116 3850 4155 mea

2249 4190 2473 4247 adhaesit
2500 4190 2734 4263 faucibus
2754 4193 2902 4258 meis,
2924 4202 2975 4247 et
3001 4194 3058 4248 in
3085 4193 3344 4263 pulverem
3372 4193 3558 4248 mortis
3585 4192 3850 4247 deduxisti

2251 4296 2351 4337 me.
2386 4280 2646 4347 Quoniam
2673 4285 3126 4341 circumdederunt
3153 4302 3235 4341 me
3286 4302 3441 4340 canes
3468 4286 3639 4351 multi,
3670 4286 3846 4357 consi-

2250 4378 2378 4432 lium
2404 4377 2810 4450 malignantium
2829 4379 3030 4434 obsedit
3046 4392 3146 4433 me.
3173 4377 3443 4433 Foderqu
3469 4394 3660 4433 manus
3703 4394 3861 4433 meas.

2248 4477 2299 4522 et
2349 4468 2507 4539 pedes
2543 4482 2705 4535 meos,
2754 4470 3153 4525 dinumerarunt
3191 4470 3367 4526 omnia
3395 4486 3517 4525 ossa
3562 4487 3698 4525 mea.
3733 4468 3848 4539 Ipsi

2214 4602 2217 4603 ν
2250 4574 2368 4613 vero
2396 4558 2850 4614 consideraverunt
2866 4570 2916 4614 et
2943 4561 3283 4632 inspexerunt
3304 4575 3406 4625 me,
3434 4559 3720 4615 diviserunt
3748 4559 3848 4613 sibi

556 4643 624 4698 ad
652 4651 1004 4710 senectutem,
1037 4645 1131 4702 sed
1179 4648 1234 4703 in
1274 4648 1528 4706 saeculum
1550 4652 1748 4708 saeculi.
1783 4652 1972 4725 Magna
2001 4658 2146 4712 enim
2170 4640 2227 4705 D
2248 4649 2549 4705 vestimenta
2568 4666 2705 4715 mea.
2726 4660 2779 4706 et
2802 4662 2958 4724 super
2975 4660 3163 4706 vestem
3189 4667 3358 4707 manu
3369 4652 3843 4707 ηιίεενκηηονιισοηο

553 4736 725 4805 gloria
755 4735 891 4805 ejus.
918 4735 975 4792 ln
1000 4752 1111 4809 quo
1141 4754 1334 4809 magna
1362 4743 1481 4797 est?
1510 4757 1618 4799 non
1646 4744 1698 4799 in
1727 4747 2034 4815 arrogantia
2062 4747 2147 4805 Di-
2181 4764 2185 4771 ·

555 4830 810 4896 vinitatis,
841 4830 938 4887 sed
967 4831 1019 4887 in
1040 4832 1213 4889 salute
1235 4834 1601 4902 humanitatis,
1634 4845 1691 4893 et
1710 4837 1833 4895 ideo
1846 4838 2072 4907 gloriam
2088 4849 2145 4896 et

553 4938 805 4991 magnum
828 4924 1080 4980 decorem
1108 4926 1354 4996 impones
1380 4942 1543 5000 super
1567 4944 1713 4997 eum,
1753 4938 1809 4986 et
1835 4931 1989 4988 dabis
2017 4946 2141 4988 eum

551 5017 604 5071 in
635 5016 1009 5074 benedictione
1034 5025 1259 5086 eterna,
1288 5020 1414 5091 quia
1445 5022 1524 5078 sic
1542 5023 1780 5093 speravit
1808 5025 1862 5079 in
1890 5024 2139 5091 Domino,

549 5109 677 5163 etin
706 5108 1073 5166 misericordia
1102 5108 1219 5180 ejus
1239 5120 1542 5168 commotus
1565 5129 1674 5169 non
1701 5118 1803 5179 est;
1832 5123 1889 5169 ut
1934 5129 2036 5184 pro
2062 5130 2145 5170 sa-

547 5200 661 5252 lute
699 5203 914 5266 generis
959 5203 1179 5258 humani
1219 5194 1384 5259 etiam
1412 5205 1649 5276 seipsum
1697 5205 1987 5261 sacriﬁcari
2017 5221 2143 5277 per-

548 5289 806 5342 mitteret.
830 5291 930 5345 »Ex
978 5294 1084 5350 hoc
1110 5295 1232 5351 loco
1259 5292 1422 5351 Pater
1448 5293 1517 5349 ad
1545 5293 1737 5351 Filium
1766 5295 2022 5364 loquitur,
2054 5298 2141 5354 ln-

547 5375 798 5431 veniatur
824 5393 1015 5437 manus
1040 5393 1131 5438 tua
1158 5386 1413 5442 omnibus
1463 5385 1692 5441 inimicis
1719 5386 1828 5441 tuis
1846 5426 1862 5449 ,
1912 5386 2136 5443 dextera

548 5477 639 5521 tua
665 5466 754 5521 illa
782 5482 903 5536 qtue
919 5470 972 5523 in
990 5486 1152 5529 cruce
1176 5477 1360 5533 clavos
1387 5477 1618 5548 accepit,
1642 5477 1756 5548 ipsa
1780 5477 2023 5532 inveniat
2042 5492 2139 5533 eos

547 5560 641 5631 (Ιηί
667 5566 723 5614 ιε
746 5558 994 5627 “enim.
1015 5578 1162 5633 Pone
1205 5582 1301 5639 eos
1331 5578 1391 5623 ut
1415 5569 1688 5626 clibanum
1719 5570 1875 5639 ignis,
1908 5570 1962 5624 in
2000 5577 2139 5625 tem-

548 5666 683 5723 pore
707 5651 888 5707 vultus
917 5652 1012 5706 tui.
1046 5652 1197 5710 Tunc
1237 5636 1297 5710 in
1336 5658 1414 5713 ira
1443 5668 1535 5715 tua
1582 5636 1932 5717 conturbahis
1959 5676 2056 5716 eos
2080 5668 2139 5716 et

542 5742 828 5799 devorabit
853 5756 950 5799 eos
994 5743 1151 5811 ignis.
1205 5743 1398 5802 Jodicii
1427 5750 1570 5803 enim
1611 5750 1730 5807 dies
1744 5751 1877 5808 dum
1903 5750 2133 5815 venerit,

545 5834 750 5891 {ructus
771 5849 958 5891 eorum
993 5835 1087 5907 qui
1116 5835 1372 5892 increduli
1400 5851 1769 5908 perseverant,
1802 5859 1834 5898 a
1864 5852 2006 5901 terra
2035 5856 2135 5915 pe-

2252 4740 2329 4797 Tu
2354 4750 2549 4807 mitem,
2588 4741 2829 4808 Domine,
2861 4760 2929 4799 ne
2953 4744 3274 4815 elongareris
3317 4743 3573 4798 auxilium
3622 4752 3764 4797 tuum
3806 4759 3843 4796 η

2247 4851 2348 4900 me,
2393 4834 2464 4887 ad
2509 4833 2865 4907 defensionem
2888 4851 3058 4890 meam
3078 4836 3337 4905 conspice.
3369 4832 3513 4889 Erue
3538 4851 3571 4888 α
3617 4836 3841 4906 framea,

2247 4927 2411 4993 Deus,
2436 4927 2666 4981 animum
2694 4943 2884 4994 meam,
2916 4936 2967 4982 et
2986 4928 3052 4981 de
3071 4943 3230 4982 manu
3249 4927 3398 4982 canis
3423 4926 3631 4985 unicam
3651 4942 3841 4981 meam.

2247 5015 2409 5074 Salva
2437 5036 2521 5074 me
2542 5035 2608 5073 ea:
2636 5036 2727 5074 ore
2753 5020 2919 5076 leonis
2945 5029 2995 5075 et
3022 5037 3055 5074 a
3073 5020 3319 5076 cornibus
3337 5020 3665 5075 unicornium
3681 5018 3848 5072 humi-

2244 5112 2446 5167 litatem
2472 5127 2664 5166 meam.
2696 5109 2945 5166 Narrabo
2972 5127 3161 5166 nomen
3211 5121 3353 5166 tuum
3393 5111 3645 5182 fratribus
3674 5110 3842 5176 meis,

2244 5202 2302 5256 in
2350 5200 2520 5256 medio
2547 5199 2799 5257 Ecclesia:
2842 5202 3068 5256 laudabo
3099 5212 3163 5257 te.
3196 5200 3302 5266 Qui
3324 5202 3513 5256 timetis
3538 5199 3842 5267 Dominum,

2208 5310 2216 5317 ·
2245 5292 2457 5347 laudate
2482 5308 2618 5358 eum,
2666 5294 2961 5347 universum
3000 5308 3171 5347 semen
3198 5290 3361 5347 Jacob
3382 5291 3675 5363 gloriﬁcate
3700 5307 3838 5344 eum.

2247 5382 2450 5437 Timent
2470 5399 2589 5437 eum
2619 5398 2772 5437 omne
2795 5397 2967 5451 senten
3000 5381 3190 5447 Israel,
3222 5383 3469 5454 quoniam
3496 5398 3603 5435 non
3627 5381 3839 5452 sprevit,

2242 5491 2405 5547 neque
2448 5474 2685 5543 despeait
2729 5473 3150 5543 deprecationem
3189 5475 3453 5546 pauperis.
3511 5470 3625 5526 Nec
3659 5473 3843 5527 avertit

2243 5565 2432 5637 faciem
2456 5579 2607 5617 suam
2634 5580 2669 5616 a
2694 5579 2795 5625 me,
2826 5573 2875 5616 et
2896 5579 3013 5617 cum
3029 5564 3311 5627 clamarem
3340 5563 3412 5617 ad
3437 5580 3551 5617 eum
3576 5562 3844 5617 exraudirit

2242 5673 2341 5711 me.
2373 5655 2526 5725 Apud
2555 5664 2604 5709 te
2648 5654 2765 5709 laus
2791 5672 2905 5710 mea
2934 5656 2990 5710 in
3034 5656 3253 5710 ecclesia
3293 5673 3487 5727 magna
3508 5672 3527 5708 :
3568 5664 3685 5709 vota
3724 5669 3839 5707 mea

2240 5748 2457 5803 reddam
2500 5749 2556 5803 in
2597 5757 2871 5818 conspectu
2899 5749 3189 5804 timentium
3217 5767 3354 5805 eum.
3387 5748 3561 5804 Edent
3586 5762 3840 5820 pauperes

2236 5848 2292 5895 et
2316 5839 2706 5905 saturabuntur,
2731 5847 2781 5893 et
2803 5838 3091 5894 laudabunt
3123 5838 3399 5894 Dominum
3440 5841 3531 5913 qui
3570 5838 3835 5907 requirunt
