4246 6264
370 314 481 371 555

1268 299 1741 361 COMMENTARII
1778 299 1849 355 IN
1888 296 2219 354 I’SALMOS.
2264 296 2454 354 I‘S.\L.
2502 299 2660 357 XXII.

3566 302 3696 367 55"

369 429 517 496 etim;
550 428 719 483 virent
745 442 909 483 corna
928 438 1105 481 eorum
1130 422 1187 475 in
1205 418 1453 475 saeculum
1485 415 1683 471 saeculi.
1741 412 1974 477 Remitti-
1999 422 2057 481 Α
2079 421 2140 467 ut
2173 411 2399 473 adorent
2459 413 2511 467 in
2562 424 2856 487 cotispectn
2895 417 3034 488 ejus,
3061 434 3169 475 non
3198 421 3313 477 sola
3342 422 3546 491 Judtea,
3577 424 3674 482 sed

371 533 601 591 metitur,
633 529 685 576 et
709 525 1072 592 convertentur
1099 513 1169 570 ad
1196 511 1502 576 Dominum,
1532 510 1789 585 universis
1837 507 1969 577 fines

289 602 304 697 ξ
374 612 653 681 ιειτίεηει
678 608 972 682 adorabunt
991 609 1047 663 in
1075 613 1353 679 conspectu
1375 604 1497 690 ejus
1525 602 1782 663 universa:
1808 602 1970 675 {anti-

373 706 464 771 liae
489 695 738 778 gentium.
762 701 1025 771 Quoniam
1059 698 1277 755 Domini
1300 705 1377 752 est
1395 710 1630 768 regnum,
1656 703 1708 749 et
1734 693 1845 763 ipse
1868 692 1969 747 do-

372 796 660 865 minabitur
701 794 952 870 gentium.
1009 789 1462 847 landucauerunt
1520 795 1572 841 et
1621 783 1971 839 adornarunt

374 905 558 947 omnes
568 887 789 960 pingues
812 895 965 941 teme
984 899 1004 938 :
1033 884 1092 938 in
1118 888 1400 954 conspectu
1419 879 1535 952 ejus
1561 876 1750 932 cadent
1791 890 1970 932 omnes

372 981 463 1053 qui
490 978 802 1046 tkscendunt
833 977 890 1031 in
918 985 1134 1031 terrain.
1166 971 1239 1027 Et
1268 973 1449 1027 anima
1476 986 1593 1025 mea
1618 969 1697 1024 illi
1722 967 1873 1032 vivet,
1918 974 1972 1022 et

371 1088 548 1131 tanta
566 1087 736 1127 melius
760 1069 947 1126 serviet
972 1067 1098 1140 ipsi.
1124 1063 1533 1131 Annnntiabitur
1550 1062 1779 1118 Domino
1810 1076 1973 1133 gene-

372 1166 509 1231 ratio
536 1171 774 1230 ventura,
803 1170 855 1217 et
882 1151 1271 1218 annnntiabunt
1291 1156 1405 1211 caeli
1426 1156 1687 1227 justitiam
1722 1150 1836 1226 ejus
1870 1162 1969 1223 po-

372 1256 495 1330 pulo
521 1257 612 1329 qui
639 1263 907 1323 nascetur,
937 1268 1090 1327 quem
1112 1252 1238 1323 {erit
1266 1249 1543 1305 Dominus.

950 1400 1390 1446 COIIEN'I'AUUI.

446 1526 505 1583 in
530 1526 790 1598 passione
816 1538 915 1580 sua
936 1522 1151 1596 positus
1165 1520 1425 1578 Dominus
1446 1516 1755 1590 explanavit
1780 1515 1972 1588 psalmi

372 1618 534 1689 hujus
579 1616 858 1690 mysteria.
908 1614 1045 1672 Nam
1092 1611 1372 1670 Hebraicis
1427 1608 1605 1666 verbis
1648 1606 1973 1663 versiculum

372 1712 605 1784 primum
651 1710 806 1766 istius
833 1707 1029 1780 psalmi
1053 1705 1385 1778 exprimens,
1415 1710 1611 1758 uetera
1634 1713 1756 1770 qua:
1777 1712 1974 1769 seque-

2072 519 2264 560 omnes
2287 504 2476 575 patria:
2498 506 2763 575 gentium,
2786 511 3041 579 quoniam
3071 511 3283 569 Domini
3310 523 3395 571 est
3419 529 3667 585 regnum,

2071 604 2127 653 et
2157 597 2272 668 ipse
2297 597 2664 654 dominabitur
2692 600 2952 667 gentium.
2994 600 3136 659 Ecce
3174 603 3361 661 schola
3388 606 3585 663 Christi
3613 608 3666 665 in

2073 689 2403 760 pauperibus
2428 688 2707 762 discipulis
2730 692 3027 761 celebrata,
3074 711 3219 751 nunc
3244 696 3429 753 schola
3474 696 3664 756 Phari-

2069 793 2301 834 saeorum
2330 780 2603 849 exsurgite
2628 789 2685 836 et
2710 780 2889 838 videte
2917 784 3329 854 mauducantes,
3354 796 3413 844 et
3437 790 3667 847 mandu-

2068 880 2255 928 cantes
2279 871 2359 927 illi
2375 870 2839 931 manducaverunt
2864 883 2922 932 et
2948 878 3175 935 saturati
3206 888 3351 947 sunt,
3383 890 3440 938 et
3481 882 3667 939 lauda-

2080 988 2272 1039 verunt
2306 981 2591 1037 Dominum
2623 979 2961 1049 requirentes
2988 993 3129 1034 eum.
3177 977 3267 1033 lsti
3296 985 3474 1034 autem
3501 994 3655 1034 man-

2085 1072 2449 1134 ducaverunt,
2490 1078 2547 1126 et
2572 1066 2934 1125 adoraverunt
2954 1083 3145 1124 omnes
3170 1067 3362 1123 divites
3389 1075 3563 1124 terrae.
3592 1066 3661 1124 Et

2089 1161 2213 1218 ideo
2251 1162 2306 1217 in
2330 1166 2623 1231 conspectu
2645 1157 2742 1215 Dei
2768 1158 2961 1214 cadent
2995 1173 3182 1214 omnes
3207 1158 3300 1229 qui
3330 1158 3663 1231 descendunt

2090 1253 2146 1311 in
2173 1260 2392 1309 terram.
2444 1251 2741 1308 Descensus
2786 1249 2927 1305 enim
2968 1256 3215 1305 terrenus
3254 1249 3556 1305 hominibus
3582 1251 3662 1305 la-

2089 1343 2343 1408 mulatur,
2390 1350 2573 1397 nostra
2622 1348 2801 1396 autem
2842 1339 3018 1394 anima
3062 1339 3175 1394 Deo
3214 1338 3440 1404 serviat,
3479 1347 3534 1393 et
3562 1340 3661 1409 ipsi

2089 1436 2253 1492 vivat.
2293 1434 2486 1491 Semen
2514 1449 2644 1491 vero
2683 1441 2925 1488 nostrum
2954 1432 3055 1503 ipsi
3088 1430 3285 1488 serviat
3313 1431 3366 1486 in
3403 1432 3666 1488 castiﬁca-

2092 1527 2241 1583 tione
2269 1523 2613 1581 continentia:
2630 1562 2645 1587 ,
2686 1530 2747 1577 ut
2785 1522 3159 1578 aununtiemus
3186 1520 3414 1576 Domino
3439 1534 3665 1588 genera-

2096 1616 2297 1672 tionem
2327 1621 2626 1678 venturam,
2650 1611 2702 1667 id
2724 1618 2827 1677 est,
2859 1610 3091 1666 futuram
3118 1596 3667 1680 sanctorum’gloriam

2096 1708 2419 1777 cogitemus.
2450 1704 2517 1759 Et
2537 1704 2913 1759 annuntiemus
2925 1702 3187 1772 justitiam
3216 1702 3309 1757 Dei
3339 1702 3587 1757 fratribus
3608 1722 3670 1756 ac

371 1803 571 1860 bantur
582 1801 849 1873 exposuit.
867 1798 1001 1856 Nam
1021 1797 1097 1855 ibi
1121 1796 1353 1866 legimus
1376 1792 1618 1849 ὐὶοοιιιεε
1637 1788 1966 1855 Pharisaeos:
2000 1798 2050 1861 Β
2094 1800 2239 1856 illius
2265 1794 2454 1863 aetate,
2480 1805 2537 1853 et
2562 1797 2707 1853 omni
2730 1796 2930 1867 populo
2946 1795 3039 1865 qui
3068 1804 3335 1861 nascetur,
3365 1811 3523 1866 quem
3547 1794 3578 1849 τι
3597 1796 3669 1849 cit

372 1895 630 1972 Speravit
647 1895 702 1950 in
728 1892 979 1969 Domino,
1001 1889 1200 1963 eripiat
1220 1902 1374 1953 eum;
1405 1886 1616 1943 salvum
1644 1882 1807 1939 faciat
1823 1897 1970 1948 eum,

374 1988 636 2060 quoniam
659 1985 774 2041 vult
799 1999 942 2040 eum.
971 1982 1031 2039 In
1060 1982 1176 2054 ipsa
1211 1978 1466 2051 passione
1504 1972 1976 2031 circumdederunt

380 2094 510 2135 eum
561 2076 718 2133 vituli
770 2075 956 2140 nmlti,
1002 2074 1059 2130 id
1107 2081 1210 2139 est,
1237 2070 1423 2144 populi
1448 2068 1779 2126 Judaaorum.
1808 2065 1976 2122 Tauri

385 2170 615 2242 pingues
639 2165 967 2225 obsederunt
990 2179 1135 2229 eum,
1165 2163 1221 2219 id
1247 2170 1349 2227 est,
1398 2160 1674 2233 principes
1718 2156 1977 2214 sacerdo-

387 2270 524 2333 tum.
584 2259 922 2332 Aperuerunt
974 2271 1136 2327 super
1179 2270 1300 2311 eum
1352 2269 1414 2310 os
1458 2268 1636 2319 suum,
1682 2251 1971 2308 dicentes:

383 2352 795 2428 Blaspltemaoit.
819 2348 996 2425 (Matt.
1049 2364 1194 2425 xxix,
1243 2344 1352 2419 65).
1397 2346 1673 2403 Dederunt
1698 2344 1976 2402 fremitum

380 2445 526 2512 sicut
549 2444 640 2501 leo
660 2442 878 2516 rapiens
898 2449 970 2517 et
994 2439 1228 2510 rugiens.
1274 2437 1604 2496 Damnabilis
1623 2437 1713 2494 ille
1739 2436 1977 2507 Caiphas

378 2534 630 2610 princeps
680 2531 1020 2589 sacerdotum
1070 2530 1146 2586 ita
1198 2527 1436 2596 fremuit,
1485 2537 1546 2584 ut
1570 2536 1628 2585 et
1652 2527 1975 2583 vestimenta

377 2641 475 2683 sua
503 2624 789 2681 scinderet.
819 2620 970 2680 Sicut
997 2637 1138 2692 aqua
1165 2621 1336 2683 eil'usa
1365 2629 1493 2677 sunt
1514 2635 1636 2676 ossa
1663 2618 1799 2688 ejus.
1827 2618 1978 2675 Bene

376 2717 560 2788 posuit
586 2718 805 2786 aquati),
833 2715 960 2785 quia
992 2714 1127 2770 nihil
1178 2712 1332 2769 novit
1368 2726 1568 2784 corpus
1609 2710 1830 2774 Christi,
1871 2708 1978 2765 nisi

376 2818 599 2881 peccata
624 2808 831 2864 lavare.
860 2807 1088 2863 Factum
1117 2812 1201 2861 est
1246 2821 1345 2861 cor
1369 2819 1549 2860 meum
1576 2803 1718 2859 sicut
1754 2816 1880 2859 cera
1907 2800 1976 2856 li-

374 2916 647 2973 quescens
692 2902 751 2957 in
788 2897 969 2956 medio
1020 2897 1227 2953 ventris
1276 2896 1406 2954 mei.
1446 2894 1582 2951 Cera
1620 2894 1771 2973 dum,
1801 2893 1978 2949 soluta

368 2984 544 3052 luerit
584 2994 654 3049 ab
681 2993 828 3063 igne,
870 3007 982 3065 non
1007 2990 1170 3063 perit,
1197 3002 1256 3047 ut
1290 2997 1502 3047 canora:
1527 2988 1736 3059 species
1758 2987 1828 3045 ab
1855 2987 1979 3057 igne

375 3088 559 3155 semel
578 3088 812 3143 incensa:
835 3086 891 3141 in
920 3085 1156 3141 cinerem
1182 3083 1533 3152 rediguntur;
1559 3097 1685 3139 cera
1708 3096 1838 3138 vero
1850 3095 1974 3137 cum

2100 1889 2357 1944 Dominus
2382 1886 2523 1943 Deus
2568 1893 2770 1951 noster,
2807 1884 2901 1954 qui
2936 1892 3121 1953 regnat
3148 1885 3201 1939 in
3229 1885 3418 1940 secula
3446 1884 3669 1938 sarculu-

2099 1995 2240 2036 rum.
2266 1978 2454 2034 Amen.

2634 2062 2949 2121 PSALDIUS
2977 2062 3137 2119 XXII.

2659 2154 2903 2209 Psahnus
2930 2140 3127 2209 David.

2176 2287 2428 2352 Dominus
2456 2285 2583 2353 rqlt
2610 2296 2722 2347 me,
2753 2289 2802 2337 et
2828 2282 2959 2337 nihil
2992 2282 3116 2337 mihi
3145 2284 3335 2346 deerit;
3364 2290 3417 2337 tu
3440 2286 3550 2338 loro
3577 2301 3671 2350 mt-

2100 2390 2238 2431 sctue
2264 2372 2335 2429 ibi
2370 2389 2449 2427 me
2486 2372 2771 2427 collocavit.
2816 2371 2984 2444 Super
3022 2390 3208 2447 aquam
3235 2375 3522 2446 refectionis
3545 2376 3673 2430 edu-

2103 2469 2240 2522 cavit
2265 2483 2374 2531 me,
2422 2466 2650 2521 animum
2676 2480 2838 2520 meam
2865 2468 3129 2520 convertit.
3170 2464 3396 2523 Deduxit
3422 2485 3502 2522 nte
3523 2484 3673 2540 super

2104 2558 2316 2613 sanitas
2335 2556 2557 2627 justitia:
2582 2565 2792 2626 propter
2820 2573 3005 2612 nomen
3040 2574 3205 2612 suum.
3261 2555 3400 2612 Nam
3425 2569 3474 2612 et
3492 2560 3537 2612 si
3565 2576 3674 2612 an»

2107 2647 2346 2702 bulavero
2387 2645 2441 2700 in
2483 2645 2649 2701 medio
2692 2645 2892 2701 umbrte
2928 2646 3133 2711 mortis,
3171 2661 3274 2700 non
3304 2645 3484 2709 timebo
3514 2650 3673 2712 mala,

2105 2738 2347 2810 quoniam
2378 2746 2429 2790 tu
2457 2752 2655 2791 nierum
2681 2752 2753 2791 es.
2787 2735 2949 2807 Virga
2978 2744 3067 2790 tua
3088 2744 3140 2790 et
3165 2733 3373 2790 baculus
3395 2738 3677 2808 tuushipsa

2105 2844 2186 2883 nte
2213 2827 2480 2883 consulatu
2507 2834 2646 2880 sunt.
2675 2825 2890 2880 Parasti
2915 2827 2971 2879 in
2993 2835 3263 2896 conspectu
3285 2842 3396 2880 meo
3423 2841 3674 2894 mensam,
3779 2854 3788 2862 -

2107 2920 2350 2975 adversus
2395 2936 2483 2973 eos
2516 2919 2603 2989 qui
2641 2916 2886 2991 tribulant
2929 2933 3028 2972 me.
3078 2917 3421 2990 lmpingnasti
3464 2920 3518 2973 in
3563 2920 3675 2975 oleo

2106 3019 2261 3079 caput
2292 3026 2481 3074 meum,
2504 3017 2553 3065 et
2584 3008 2724 3063 entia:
2753 3024 2895 3063 ineas
2923 3008 3183 3063 inebrians
3208 3024 3363 3080 quam
3398 3011 3675 3079 praeclarus

2102 3110 2196 3155 est.
2224 3099 2664 3157 Etmsisericordia
2683 3108 2774 3155 tua
2799 3099 3124 3181 “mouetur
3143 3113 3242 3162 nte,
3256 3100 3487 3157 omnibus
3502 3101 3677 3157 diebus

377 3180 592 3246 msen't.
625 3168 714 3235 τὸδ’
719 3179 824 3235 hoc
851 3176 992 3247 redit
1016 3175 1160 3248 sound
1187 3174 1307 3245 fuit-
1334 3173 1522 3245 Sciens
1544 3186 1676 3244 erso
1700 3187 1760 3229 se
1796 3172 1977 3244 Perire
2001 3178 2051 3243 C
2104 3192 2222 3255 vita
2256 3207 2400 3247 πιθα.
2458 3191 2532 3253 Et
2556 3200 2613 3247 ut
2638 3192 2914 3249 inhabitant
2942 3168 2997 3248 in
3023 3176 3174 3252 domo
3202 3193 3445 3264 Domini,
3474 3196 3528 3250 in
3558 3194 3674 3251 lon-

376 3292 488 3332 non
515 3288 680 3346 posse
708 3291 726 3328 :
768 3272 927 3329 Sicut
957 3286 1107 3338 cera,
1146 3269 1338 3339 inquit,
1384 3266 1727 3350 liquefactum
1776 3274 1863 3323 est
1914 3267 1970 3323 in

378 3367 558 3425 medio
583 3366 785 3422 ventris
810 3364 939 3421 mei.
971 3363 1126 3433 Aruit
1151 3362 1301 3423 velut
1327 3368 1467 3431 testa
1494 3360 1664 3417 virtus
1690 3374 1830 3415 mea.
1853 3358 1975 3416 Non

379 3459 530 3524 dixit,
556 3457 807 3515 Fractum
833 3463 921 3513 est
948 3455 1092 3523 velut
1114 3461 1271 3517 testa,
1300 3468 1426 3509 nam
1446 3452 1587 3509 sicut
1602 3451 1836 3508 fractura
1857 3449 1977 3520 ejus

380 3548 789 3609 irremediahilis
809 3556 913 3614 est,
938 3548 1249 3614 itacoctura
1278 3544 1561 3602 laudabilis
1588 3544 1876 3601 invenitur.
1905 3542 1976 3599 Et

381 3644 505 3702 ideo
530 3650 735 3714 quanto
762 3641 884 3712 plus
909 3639 1116 3697 aruerit
1151 3636 1299 3708 ﬁguli
1327 3652 1482 3708 opus,
1517 3645 1668 3692 tanto
1701 3636 1895 3693 melior
1918 3643 1977 3692 et

382 3736 607 3795 solidior
656 3733 946 3792 invenitur.
994 3730 1150 3796 Aruit
1195 3744 1327 3799 ergo
1356 3729 1411 3784 in
1439 3730 1564 3798 igne
1591 3724 1973 3796 tribulationis,

380 3830 533 3887 velut
560 3836 716 3894 testa,
750 3826 922 3882 virtus
946 3838 1089 3881 mea.
1119 3821 1190 3876 Et
1237 3821 1418 3891 lingua
1458 3834 1580 3883 mea
1605 3819 1831 3876 adhaesit
1855 3817 1976 3883 lau-

380 3922 539 3979 cibus
557 3919 713 3977 meis.
744 3917 955 3976 Taceas
985 3916 1147 3986 quasi
1164 3928 1292 3971 reus
1318 3913 1579 3983 inclinato.
1606 3912 1787 3985 capite
1811 3912 1979 3978 falsos

382 4024 559 4072 testes
581 4015 641 4069 in
667 4018 960 4084 conspectu
983 4008 1183 4079 iudicis
1219 4023 1332 4064 non
1382 4007 1733 4078 reponebam,
1787 4006 1881 4075 qui
1923 4005 1977 4063 in

382 4109 665 4183 pulverem
693 4105 882 4160 mortis
908 4103 1249 4161 deduxerunt
1271 4116 1379 4160 me.
1409 4100 1480 4158 Et
1503 4098 1982 4159 circumdederunt

382 4217 476 4259 ine
504 4199 665 4272 quasi
687 4213 850 4255 canes
872 4196 1048 4262 multi,
1078 4203 1134 4253 et
1162 4196 1237 4251 ita
1286 4194 1340 4251 in
1368 4194 1601 4252 concilio
1620 4192 1982 4262 malignitatis

378 4310 495 4352 sua:
543 4291 874 4349 obsederunt
924 4304 1030 4356 me,
1082 4296 1146 4344 ut
1197 4287 1444 4344 luderent
1493 4300 1690 4343 manus
1724 4300 1876 4343 meas
1923 4293 1984 4343 et

379 4388 567 4462 pedes,
616 4395 673 4442 et
715 4381 1324 4440 dhimnerarent-omnia
1349 4395 1473 4436 ossa
1502 4393 1643 4437 mea.
1676 4377 1783 4448 Ipsi
1810 4378 1979 4434 etiam

379 4483 792 4541 considerarent
816 4486 873 4536 et
898 4479 1282 4550 conspicerent
1316 4492 1423 4541 me,
1455 4491 1521 4531 ac
1558 4472 1847 4529 dividerent
1878 4471 1978 4550 sibi

2110 3282 2341 3354 gitudine
2365 3282 2583 3339 dierum.

2130 3428 2131 3433 η
2514 3372 2517 3375 ’
2675 3393 3107 3453 οριιεκτηιυη.

2109 3525 2112 3529 ἢ
2175 3462 2277 3530 Qui
2307 3463 2361 3518 in
2396 3467 2656 3534 vigesimo
2686 3469 2861 3536 primo
2896 3471 3101 3540 psalmo
3141 3471 3419 3526 habuimus
3455 3470 3672 3527 tribula-

2107 3554 2306 3611 tionem
2336 3556 2627 3625 passionis,
2662 3556 2714 3611 in
2743 3559 3000 3626 vigesimo
3033 3561 3272 3616 secundo
3306 3561 3512 3630 psalmo
3542 3563 3673 3618 laeti-

2105 3646 2237 3700 tiam
2262 3646 2671 3701 resurrectionis
2706 3648 3065 3716 accipiamus:
3096 3657 3155 3703 ut
3181 3652 3305 3719 quia
3335 3651 3405 3705 ibi
3444 3653 3673 3707 semina-

2100 3737 2277 3790 vimus
2296 3736 2567 3807 lacrymas
2591 3735 2855 3805 patientis
2872 3737 3108 3802 Domini,
3140 3740 3229 3795 hic
3256 3748 3515 3796 metamus
3539 3756 3670 3809 gau-

2103 3825 2190 3881 dia
2218 3826 2562 3894 resurgentis.
2614 3824 2803 3880 Dicant
2833 3828 2925 3895 qui
2966 3828 3184 3882 volunt:
3225 3831 3393 3900 Roget
3426 3847 3510 3888 me
3544 3844 3674 3901 ager

2108 3931 2298 3987 meus,
2347 3923 2406 3971 et
2435 3916 2569 3972 nihil
2604 3915 2736 3971 mihi
2772 3917 2963 3974 deerit.
3008 3917 3158 3974 Dicat
3185 3921 3357 3976 alius:
3388 3921 3557 3992 Reget
3583 3941 3670 3984 me

2110 4008 2402 4078 negotiatio
2426 4023 2577 4074 mea,
2609 4015 2705 4064 aut
2729 4007 2917 4065 militia
2946 4023 3063 4065 mea
3080 4051 3095 4076 ,
3122 4018 3218 4065 aut
3244 4010 3500 4067 industria
3526 4028 3666 4080 mea,

2111 4106 2204 4157 aut
2227 4114 2315 4155 ars
2340 4113 2488 4164 mea,
2530 4105 2624 4154 aut
2654 4098 2846 4155 litterte
2879 4114 3038 4165 mete,
3087 4106 3143 4155 et
3169 4100 3299 4155 nihil
3324 4101 3454 4158 mihi
3480 4102 3670 4159 deerit.

2105 4187 2215 4245 Nos
2230 4188 2471 4247 dicamus
2487 4204 2610 4244 eum
2631 4187 2889 4254 Ecclesia,
2909 4189 3164 4246 Dominus
3179 4187 3317 4259 regit
3336 4208 3441 4257 me,
3466 4200 3523 4248 et
3542 4193 3673 4250 nihil

2107 4281 2237 4338 mibi
2262 4280 2455 4338 deerit.
2502 4279 2618 4336 Vox
2653 4294 2783 4350 ergo
2823 4280 2924 4336 ista
2951 4282 3341 4338 contemnentis
3367 4290 3477 4350 est,
3507 4284 3551 4341 si
3580 4283 3678 4341 ha-

2107 4371 2265 4435 beat;
2295 4378 2388 4426 aut
2426 4372 2629 4427 habere
2668 4371 2927 4436 nolentis,
2967 4372 3012 4426 si
3039 4387 3148 4427 non
3177 4373 3386 4429 habeat.
3429 4374 3675 4446 Alioquin

2109 4460 2369 4516 metitur
2393 4461 2445 4517 in
2478 4461 2747 4528 carmine,
2794 4462 2886 4533 qui
2924 4461 3068 4518 aliud
3103 4470 3328 4534 exoptat
3353 4464 3407 4520 in
3436 4473 3581 4521 voto.
3618 4465 3676 4523 Si

380 4577 683 4632 vestimenta
710 4590 848 4640 mea,
867 4582 918 4628 et
935 4540 1476 4645 superaesme
1500 4566 1763 4622 mitterent
1785 4540 1977 4621 sortem
2003 4563 2055 4625 D
2084 4560 2087 4561 ⁷
2111 4551 2255 4607 enim
2289 4550 2467 4610 διικιίο
2499 4552 2637 4645 allii.
2668 4560 2736 4645 lli
2770 4567 2892 4608 eum
2919 4569 3248 4626 (immane
3275 4565 3485 4614 terrena
3515 4573 3677 4629 opera

379 4669 566 4742 (Iona.
599 4667 734 4738 xix).
768 4665 963 4722 Nescio
991 4679 1117 4720 cum
1144 4678 1252 4733 qua
1282 4660 1446 4717 animi
1472 4658 1912 4732 prtesumptione,
1943 4674 1979 4714 η

376 4753 782 4819 sceleratissimi
822 4757 1017 4823 Judaei,
1065 4755 1387 4812 Psalterium
1436 4754 1491 4809 in
1536 4753 1736 4809 vestris
1787 4752 1981 4809 canitis

376 4852 689 4927 synagogis.
719 4850 1096 4915 Considei-ate,
1124 4847 1331 4912 miseri,
1380 4846 1662 4902 buncesse
1690 4834 1977 4902 Dominum

377 4961 541 5017 quem
562 4944 823 5015 negastis,
849 4951 907 5000 et
931 4943 1017 4998 vel
1045 4940 1204 4997 tarde
1230 4928 1482 5009 timentes
1506 4937 1813 4993 Dominum.
1839 4935 1980 4992 Lauo

378 5039 506 5095 date
531 5052 679 5103 eum,
710 5036 1025 5092 universum
1051 5047 1236 5089 senien
1256 5030 1445 5096 Jacob,
1467 5026 1804 5100 magniﬁcate
1829 5042 1976 5084 eum.

382 5130 592 5187 Timete
637 5140 782 5193 eum,
830 5126 1143 5183 universum
1194 5138 1383 5179 semen
1436 5120 1623 5177 lsrael.
1679 5118 1796 5176 Non
1834 5119 1981 5175 enim

381 5221 591 5293 spernit
617 5232 838 5291 precem
866 5226 1127 5283 vestram,
1158 5216 1211 5271 in
1242 5223 1475 5278 tantum,
1506 5220 1566 5268 ut
1611 5211 1665 5267 in
1692 5227 1857 5269 cruce
1886 5227 1984 5283 po-

382 5314 517 5370 situs
538 5298 644 5384 pro
670 5309 1111 5379 cruciﬁgentibus
1134 5313 1274 5374 oret,
1305 5314 1367 5361 ut
1403 5306 1473 5362 sit
1514 5304 1632 5360 laus
1651 5304 1770 5375 ejus
1803 5304 1859 5358 in
1886 5317 1981 5359 ec-

383 5406 547 5463 clesia
575 5417 792 5474 magna,
822 5411 880 5459 et
905 5410 1033 5459 vota
1059 5415 1157 5458 sua
1206 5398 1397 5456 reddat
1430 5412 1618 5455 coram
1668 5396 1983 5453 timentibus

383 5512 527 5556 eum.
557 5496 700 5553 Dtnn
726 5495 892 5553 edent
909 5509 1109 5566 corpus
1133 5493 1253 5563 ejus
1280 5506 1545 5564 pauperes
1574 5491 1766 5561 spiritu
1793 5498 1855 5544 ut
1901 5504 1984 5543 sa-

382 5590 607 5656 tientur,
663 5597 721 5645 et
771 5587 897 5644 lacti
925 5585 1138 5649 divites,
1186 5586 1239 5641 in
1279 5581 1385 5639 title
1413 5581 1635 5637 laudent
1672 5580 1979 5643 Dominum,

380 5682 727 5753 requirentes
754 5694 898 5746 eum,
930 5685 987 5734 et
1016 5679 1156 5733 vivat
1187 5692 1284 5732 cor
1310 5690 1501 5731 eorum
1532 5672 1892 5729 inaetermun.
1918 5670 2001 5725 Et.

380 5788 484 5848 per
502 5789 607 5834 eos
618 5780 1006 5833 convertantur
1021 5769 1087 5828 ad
1102 5769 1391 5829 Dominum
1403 5767 1641 5827 universi
1655 5766 1788 5825 lines
1803 5774 1979 5830 terrai,

2075 4704 2079 4709 ,
2114 4649 2305 4712 regant
2326 4684 2343 4709 ,
2374 4656 2481 4697 non
2509 4643 2639 4697 satis
2665 4642 2872 4711 integre
2909 4644 3067 4710 dicit,
3115 4646 3373 4704 Dominus
3408 4650 3544 4718 regit
3571 4664 3677 4705 me.

2116 4728 2479 4788 Perfectorum
2503 4745 2632 4801 ergo
2661 4733 2761 4788 ista
2787 4747 2894 4788 vos
2921 4742 3023 4800 est,
3044 4750 3205 4804 quam
3226 4736 3463 4795 Ecclesia
3490 4741 3558 4796 de
3577 4741 3679 4797 Do-

2114 4825 2246 4878 mini
2290 4837 2542 4893 passione
2587 4822 2860 4894 suscepit,
2884 4822 2941 4880 in
2988 4824 3107 4882 loco
3153 4841 3367 4897 pascuae
3398 4831 3683 4895 collocata,

2078 4943 2242 5001 super
2264 4943 2461 5000 aquam
2493 4930 2802 4987 relectiouis
2826 4929 3074 4987 elacata.
3113 4928 3211 4987 libi
3252 4926 3395 4985 claim
3436 4925 3676 4979 atunulnt

2080 5025 2221 5091 fons,
2251 5037 2316 5080 ac
2336 5022 2498 5093 largis
2520 5024 2737 5095 proﬂuit
2758 5025 2931 5091 venis,
2966 5025 3036 5081 ibi
3060 5023 3319 5083 viri-luas.
3348 5019 3417 5074 ibi
3444 5016 3671 5072 antu-ni-

2081 5126 2183 5182 las,
2214 5115 2289 5172 ibi
2316 5115 2557 5176 refectio.
2610 5115 2735 5174 llaec
2757 5126 2936 5173 autem
2966 5115 3106 5175 mihi.
3124 5111 3399 5174 evenient,
3431 5107 3553 5178 quia
3575 5120 3665 5179 per

2083 5209 2387 5279 passionem
2402 5223 2554 5265 suam
2575 5209 2810 5265 animam
2835 5221 3009 5262 meam
3029 5202 3316 5261 convertit.
3345 5199 3571 5275 Dccluxit
3589 5212 3669 5257 nn

2081 5315 2244 5372 super
2288 5302 2511 5358 semitas
2555 5300 2798 5370 iustitiae,
2850 5306 3073 5367 propter
3101 5309 3296 5351 nomen
3327 5310 3505 5351 suum.
3537 5293 3672 5352 Nam

2081 5401 2139 5450 et
2164 5394 2209 5449 si
2257 5394 2527 5450 ambulem
2585 5393 2639 5447 in
2695 5388 2874 5445 medio
2922 5376 3362 5452 tnnhrte'mortis,
3410 5387 3521 5458 jam
3568 5402 3677 5443 non

2087 5487 2288 5542 timebo
2316 5488 2477 5548 mala,
2508 5484 2766 5553 quoniam
2788 5487 2844 5535 tu
2879 5494 3088 5534 mecum
3110 5495 3188 5545 es,
3218 5480 3312 5549 qui
3352 5481 3544 5536 mortis
3576 5479 3680 5535 im-

2088 5578 2296 5648 perium
2311 5575 2624 5646 subjngasti.
2651 5571 2787 5639 Quid
2806 5586 2947 5627 iiunc
2976 5572 3173 5628 habeat
3193 5572 3334 5629 intra
3354 5588 3412 5628 se
3441 5570 3681 5625 Ecclesia

2091 5673 2387 5730 videmnus.
2424 5667 2599 5722 liabet
2623 5666 2830 5735 virgam
2861 5666 3003 5721 unde
3050 5666 3286 5721 minatur
3324 5659 3676 5731 deliiupwnti.

2095 5763 2265 5819 Habet
2320 5758 2568 5816 baculum
2619 5756 2761 5815 unde
2816 5757 3100 5814 subveniat
3152 5753 3449 5827 innitenti.
3511 5747 3680 5806 liabet
