  <div class='ocr_page' id='page_1' title='image "/cluster/home/n/w/nwhite01/storage/ocr_20150623/53/hvd.32044073505232/185.png"; bbox 0 0 4246 6264; ppageno 0'>
   <div class='ocr_carea' id='block_1_1' title="bbox 585 290 693 346">
    <p class='ocr_par' dir='ltr' id='par_1_1' title="bbox 585 290 693 346">
     <span class='ocr_line' id='line_1_1' title="bbox 585 290 693 346; baseline -0.009 0"><span class='ocrx_word' id='word_1_1' title='bbox 585 290 693 346; x_wconf 78' lang='grc'><strong>559</strong></span> 
     </span>
    </p>
   </div>
   <div class='ocr_carea' id='block_1_2' title="bbox 1915 294 2528 352">
    <p class='ocr_par' dir='ltr' id='par_1_2' title="bbox 1915 294 2528 352">
     <span class='ocr_line' id='line_1_2' title="bbox 1915 294 2528 352; baseline 0.005 -4"><span class='ocrx_word' id='word_1_2' title='bbox 1915 294 2183 352; x_wconf 62' lang='grc' dir='ltr'>,ιιιΝΟΒιι</span> <span class='ocrx_word' id='word_1_3' title='bbox 2223 297 2528 352; x_wconf 65' lang='grc' dir='ltr'><strong>ΝΞΝΙΟΙὶΙδ</strong></span> 
     </span>
    </p>
   </div>
   <div class='ocr_carea' id='block_1_3' title="bbox 3781 311 3897 372">
    <p class='ocr_par' dir='ltr' id='par_1_3' title="bbox 3781 311 3897 372">
     <span class='ocr_line' id='line_1_3' title="bbox 3781 311 3897 372; baseline 0.034 -4"><span class='ocrx_word' id='word_1_4' title='bbox 3781 311 3897 372; x_wconf 76' lang='grc'><strong>560</strong></span> 
     </span>
    </p>
   </div>
   <div class='ocr_carea' id='block_1_4' title="bbox 585 387 3889 488">
    <p class='ocr_par' dir='ltr' id='par_1_4' title="bbox 585 387 3889 488">
     <span class='ocr_line' id='line_1_4' title="bbox 585 387 3889 488; baseline 0.009 -29"><span class='ocrx_word' id='word_1_5' title='bbox 585 415 700 472; x_wconf 87' lang='lat' dir='ltr'><strong>ret;</strong></span> <span class='ocrx_word' id='word_1_6' title='bbox 731 422 876 462; x_wconf 89' lang='lat' dir='ltr'><strong>nunc</strong></span> <span class='ocrx_word' id='word_1_7' title='bbox 909 406 1024 476; x_wconf 91' lang='lat' dir='ltr'><strong>ipso</strong></span> <span class='ocrx_word' id='word_1_8' title='bbox 1047 387 1380 460; x_wconf 84' lang='lat' dir='ltr'><strong>illuminante</strong></span> <span class='ocrx_word' id='word_1_9' title='bbox 1410 405 1560 471; x_wconf 87' lang='lat' dir='ltr'><strong>mihi,</strong></span> <span class='ocrx_word' id='word_1_10' title='bbox 1592 414 1647 461; x_wconf 87' lang='lat' dir='ltr'><strong>et</strong></span> <span class='ocrx_word' id='word_1_11' title='bbox 1678 407 1899 477; x_wconf 82' lang='lat' dir='ltr'><strong>fugante</strong></span> <span class='ocrx_word' id='word_1_12' title='bbox 1927 426 1957 464; x_wconf 88' lang='lat' dir='ltr'><strong>a</strong></span> <span class='ocrx_word' id='word_1_13' title='bbox 1987 427 2072 466; x_wconf 90' lang='lat' dir='ltr'><strong>me</strong></span> <span class='ocrx_word' id='word_1_14' title='bbox 2102 421 2185 466; x_wconf 88' lang='lat' dir='ltr'><strong>te-</strong></span> <span class='ocrx_word' id='word_1_15' title='bbox 2213 414 2260 475; x_wconf 79' lang='grc' dir='ltr'>Α</span> <span class='ocrx_word' id='word_1_16' title='bbox 2291 429 2354 466; x_wconf 90' lang='lat' dir='ltr'><strong>ne</strong></span> <span class='ocrx_word' id='word_1_17' title='bbox 2381 413 2591 483; x_wconf 83' lang='lat' dir='ltr'><strong><em>quando</em></strong></span> <span class='ocrx_word' id='word_1_18' title='bbox 2613 424 2787 470; x_wconf 83' lang='lat' dir='ltr'><strong>taceas</strong></span> <span class='ocrx_word' id='word_1_19' title='bbox 2818 435 2849 469; x_wconf 93' lang='lat' dir='ltr'><strong>a</strong></span> <span class='ocrx_word' id='word_1_20' title='bbox 2879 434 2986 480; x_wconf 88' lang='lat' dir='ltr'><strong>me,</strong></span> <span class='ocrx_word' id='word_1_21' title='bbox 3018 428 3067 472; x_wconf 90' lang='lat' dir='ltr'><strong>et</strong></span> <span class='ocrx_word' id='word_1_22' title='bbox 3097 421 3429 478; x_wconf 84' lang='lat' dir='ltr'><strong>assimilabor</strong></span> <span class='ocrx_word' id='word_1_23' title='bbox 3457 423 3889 488; x_wconf 79' lang='lat' dir='ltr'><strong>descendentibus</strong></span> 
     </span>
    </p>
   </div>
   <div class='ocr_carea' id='block_1_5' title="bbox 586 495 2186 574">
    <p class='ocr_par' dir='ltr' id='par_1_5' title="bbox 586 495 2186 574">
     <span class='ocr_line' id='line_1_5' title="bbox 586 495 2186 574; baseline 0.003 -21"><span class='ocrx_word' id='word_1_24' title='bbox 586 498 801 562; x_wconf 89' lang='lat' dir='ltr'><strong>nebras,</strong></span> <span class='ocrx_word' id='word_1_25' title='bbox 824 512 924 566; x_wconf 91' lang='lat' dir='ltr'><strong>ego</strong></span> <span class='ocrx_word' id='word_1_26' title='bbox 945 511 1105 566; x_wconf 87' lang='lat' dir='ltr'><strong>quem</strong></span> <span class='ocrx_word' id='word_1_27' title='bbox 1127 495 1372 552; x_wconf 87' lang='lat' dir='ltr'><strong>timebo?</strong></span> <span class='ocrx_word' id='word_1_28' title='bbox 1402 496 1494 552; x_wconf 90' lang='lat' dir='ltr'><strong>illo</strong></span> <span class='ocrx_word' id='word_1_29' title='bbox 1523 495 1846 554; x_wconf 89' lang='lat' dir='ltr'><strong>defendente</strong></span> <span class='ocrx_word' id='word_1_30' title='bbox 1878 517 1982 565; x_wconf 89' lang='lat' dir='ltr'><strong>me,</strong></span> <span class='ocrx_word' id='word_1_31' title='bbox 2016 517 2045 556; x_wconf 91' lang='lat' dir='ltr'><strong>a</strong></span> <span class='ocrx_word' id='word_1_32' title='bbox 2076 519 2186 574; x_wconf 89' lang='lat' dir='ltr'><strong>quo</strong></span> 
     </span>
    </p>
   </div>
   <div class='ocr_carea' id='block_1_6' title="bbox 587 585 2189 660">
    <p class='ocr_par' dir='ltr' id='par_1_6' title="bbox 587 585 2189 660">
     <span class='ocr_line' id='line_1_6' title="bbox 587 585 2189 660; baseline 0.003 -15"><span class='ocrx_word' id='word_1_33' title='bbox 587 589 903 660; x_wconf 85' lang='lat' dir='ltr'><strong>trepidabo?</strong></span> <span class='ocrx_word' id='word_1_34' title='bbox 924 587 1086 642; x_wconf 85' lang='lat' dir='ltr'><strong>etiam</strong></span> <span class='ocrx_word' id='word_1_35' title='bbox 1135 585 1179 643; x_wconf 89' lang='lat' dir='ltr'><strong>si</strong></span> <span class='ocrx_word' id='word_1_36' title='bbox 1207 587 1514 656; x_wconf 76' lang='lat' dir='ltr'><strong>proximent</strong></span> <span class='ocrx_word' id='word_1_37' title='bbox 1543 589 1672 643; x_wconf 86' lang='lat' dir='ltr'><strong>mihi</strong></span> <span class='ocrx_word' id='word_1_38' title='bbox 1702 605 1734 644; x_wconf 91' lang='lat' dir='ltr'><strong>a</strong></span> <span class='ocrx_word' id='word_1_39' title='bbox 1773 590 1901 646; x_wconf 87' lang='lat' dir='ltr'><strong>Saul</strong></span> <span class='ocrx_word' id='word_1_40' title='bbox 1929 593 2096 660; x_wconf 85' lang='lat' dir='ltr'><strong>missi,</strong></span> <span class='ocrx_word' id='word_1_41' title='bbox 2130 603 2189 650; x_wconf 90' lang='lat' dir='ltr'><strong>ut</strong></span> 
     </span>
    </p>
   </div>
   <div class='ocr_carea' id='block_1_7' title="bbox 588 677 2183 749">
    <p class='ocr_par' dir='ltr' id='par_1_7' title="bbox 588 677 2183 749">
     <span class='ocr_line' id='line_1_7' title="bbox 588 677 2183 749; baseline 0.003 -13"><span class='ocrx_word' id='word_1_42' title='bbox 588 681 756 736; x_wconf 89' lang='lat' dir='ltr'><strong>edant</strong></span> <span class='ocrx_word' id='word_1_43' title='bbox 777 694 968 734; x_wconf 87' lang='lat' dir='ltr'><strong>carnes</strong></span> <span class='ocrx_word' id='word_1_44' title='bbox 997 693 1165 743; x_wconf 87' lang='lat' dir='ltr'><strong>meas,</strong></span> <span class='ocrx_word' id='word_1_45' title='bbox 1209 677 1300 748; x_wconf 87' lang='lat' dir='ltr'><strong>qui</strong></span> <span class='ocrx_word' id='word_1_46' title='bbox 1325 678 1584 734; x_wconf 76' lang='lat' dir='ltr'><strong>tribulam</strong></span> <span class='ocrx_word' id='word_1_47' title='bbox 1622 697 1728 745; x_wconf 88' lang='lat' dir='ltr'><strong>me,</strong></span> <span class='ocrx_word' id='word_1_48' title='bbox 1753 691 1808 736; x_wconf 89' lang='lat' dir='ltr'><strong>et</strong></span> <span class='ocrx_word' id='word_1_49' title='bbox 1833 683 2032 746; x_wconf 87' lang='lat' dir='ltr'><strong>inimici</strong></span> <span class='ocrx_word' id='word_1_50' title='bbox 2061 685 2183 749; x_wconf 89' lang='lat' dir='ltr'><strong>mei,</strong></span> 
     </span>
    </p>
   </div>
   <div class='ocr_carea' id='block_1_8' title="bbox 587 768 2185 844">
    <p class='ocr_par' dir='ltr' id='par_1_8' title="bbox 587 768 2185 844">
     <span class='ocr_line' id='line_1_8' title="bbox 587 768 2185 844; baseline 0.001 -16"><span class='ocrx_word' id='word_1_51' title='bbox 587 771 687 842; x_wconf 86' lang='lat' dir='ltr'><strong>ipsi</strong></span> <span class='ocrx_word' id='word_1_52' title='bbox 731 768 984 824; x_wconf 84' lang='lat' dir='ltr'><strong>infirmati</strong></span> <span class='ocrx_word' id='word_1_53' title='bbox 1035 776 1161 823; x_wconf 89' lang='lat' dir='ltr'><strong>sunt</strong></span> <span class='ocrx_word' id='word_1_54' title='bbox 1205 777 1260 823; x_wconf 91' lang='lat' dir='ltr'><strong>et</strong></span> <span class='ocrx_word' id='word_1_55' title='bbox 1287 769 1615 826; x_wconf 90' lang='lat' dir='ltr'><strong>ceciderunt.</strong></span> <span class='ocrx_word' id='word_1_56' title='bbox 1643 771 1700 826; x_wconf 90' lang='lat' dir='ltr'><strong>Si</strong></span> <span class='ocrx_word' id='word_1_57' title='bbox 1740 773 1902 828; x_wconf 89' lang='lat' dir='ltr'><strong>etiam</strong></span> <span class='ocrx_word' id='word_1_58' title='bbox 1946 775 2185 844; x_wconf 60' lang='lat' dir='ltr'><strong>praelium</strong></span> 
     </span>
    </p>
   </div>
   <div class='ocr_carea' id='block_1_9' title="bbox 587 856 2184 930">
    <p class='ocr_par' dir='ltr' id='par_1_9' title="bbox 587 856 2184 930">
     <span class='ocr_line' id='line_1_9' title="bbox 587 856 2184 930; baseline 0.003 -12"><span class='ocrx_word' id='word_1_59' title='bbox 587 868 840 930; x_wconf 76' lang='lat' dir='ltr'><strong>exsurgat</strong></span> <span class='ocrx_word' id='word_1_60' title='bbox 879 861 1161 916; x_wconf 85' lang='lat' dir='ltr'><strong>adversum</strong></span> <span class='ocrx_word' id='word_1_61' title='bbox 1190 856 1297 926; x_wconf 87' lang='lat' dir='ltr'><strong>me,</strong></span> <span class='ocrx_word' id='word_1_62' title='bbox 1333 875 1434 930; x_wconf 89' lang='lat' dir='ltr'><strong>ego</strong></span> <span class='ocrx_word' id='word_1_63' title='bbox 1465 862 1516 915; x_wconf 89' lang='lat' dir='ltr'><strong>in</strong></span> <span class='ocrx_word' id='word_1_64' title='bbox 1548 862 1936 922; x_wconf 90' lang='lat' dir='ltr'><strong>illuminatione</strong></span> <span class='ocrx_word' id='word_1_65' title='bbox 1975 866 2184 922; x_wconf 89' lang='lat' dir='ltr'><strong>Domini</strong></span> 
     </span>
    </p>
   </div>
   <div class='ocr_carea' id='block_1_10' title="bbox 588 949 2186 1027">
    <p class='ocr_par' dir='ltr' id='par_1_10' title="bbox 588 949 2186 1027">
     <span class='ocr_line' id='line_1_10' title="bbox 588 949 2186 1027; baseline 0.001 -14"><span class='ocrx_word' id='word_1_66' title='bbox 588 955 839 1027; x_wconf 50' lang='lat' dir='ltr'><strong>sperabo.</strong></span> <span class='ocrx_word' id='word_1_67' title='bbox 872 952 1047 1009; x_wconf 89' lang='lat' dir='ltr'><strong>Unum</strong></span> <span class='ocrx_word' id='word_1_68' title='bbox 1095 955 1197 1009; x_wconf 93' lang='lat' dir='ltr'><strong>hoc</strong></span> <span class='ocrx_word' id='word_1_69' title='bbox 1225 954 1334 1009; x_wconf 89' lang='lat' dir='ltr'><strong>est&#39;</strong></span> <span class='ocrx_word' id='word_1_70' title='bbox 1350 954 1497 1024; x_wconf 90' lang='lat' dir='ltr'><strong>quod</strong></span> <span class='ocrx_word' id='word_1_71' title='bbox 1535 949 1752 1026; x_wconf 74' lang='lat' dir='ltr'><strong>po&#39;stulo</strong></span> <span class='ocrx_word' id='word_1_72' title='bbox 1800 957 2107 1024; x_wconf 91' lang='lat' dir='ltr'><strong>Dominum,</strong></span> <span class='ocrx_word' id='word_1_73' title='bbox 2130 968 2186 1015; x_wconf 88' lang='lat' dir='ltr'><strong>et</strong></span> 
     </span>
    </p>
   </div>
   <div class='ocr_carea' id='block_1_11' title="bbox 589 1046 2185 1119">
    <p class='ocr_par' dir='ltr' id='par_1_11' title="bbox 589 1046 2185 1119">
     <span class='ocr_line' id='line_1_11' title="bbox 589 1046 2185 1119; baseline 0.004 -14"><span class='ocrx_word' id='word_1_74' title='bbox 589 1049 692 1105; x_wconf 86' lang='lat' dir='ltr'><strong>hoc</strong></span> <span class='ocrx_word' id='word_1_75' title='bbox 721 1047 958 1117; x_wconf 84' lang='lat' dir='ltr'><strong>requiro,</strong></span> <span class='ocrx_word' id='word_1_76' title='bbox 989 1055 1048 1101; x_wconf 90' lang='lat' dir='ltr'><strong>ut</strong></span> <span class='ocrx_word' id='word_1_77' title='bbox 1077 1046 1285 1103; x_wconf 88' lang='lat' dir='ltr'><strong>videam</strong></span> <span class='ocrx_word' id='word_1_78' title='bbox 1315 1047 1444 1118; x_wconf 90' lang='lat' dir='ltr'><strong>quid</strong></span> <span class='ocrx_word' id='word_1_79' title='bbox 1472 1048 1700 1119; x_wconf 77' lang='lat' dir='ltr'><strong>‘placeat</strong></span> <span class='ocrx_word' id='word_1_80' title='bbox 1729 1049 1976 1118; x_wconf 89' lang='lat' dir='ltr'><strong>Domino,</strong></span> <span class='ocrx_word' id='word_1_81' title='bbox 2017 1053 2185 1110; x_wconf 87' lang='lat' dir='ltr'><strong>sciam</strong></span> 
     </span>
    </p>
   </div>
   <div class='ocr_carea' id='block_1_12' title="bbox 589 1136 2188 1214">
    <p class='ocr_par' dir='ltr' id='par_1_12' title="bbox 589 1136 2188 1214">
     <span class='ocr_line' id='line_1_12' title="bbox 589 1136 2188 1214; baseline 0.004 -20"><span class='ocrx_word' id='word_1_82' title='bbox 589 1136 922 1194; x_wconf 84' lang='lat' dir='ltr'><strong>voluntatem</strong></span> <span class='ocrx_word' id='word_1_83' title='bbox 945 1139 1081 1209; x_wconf 86' lang='lat' dir='ltr'><strong>ejus,</strong></span> <span class='ocrx_word' id='word_1_84' title='bbox 1112 1147 1166 1194; x_wconf 93' lang='lat' dir='ltr'><strong>et</strong></span> <span class='ocrx_word' id='word_1_85' title='bbox 1188 1138 1399 1195; x_wconf 90' lang='lat' dir='ltr'><strong>videam</strong></span> <span class='ocrx_word' id='word_1_86' title='bbox 1429 1142 1640 1212; x_wconf 78' lang='lat' dir='ltr'><strong>protegi</strong></span> <span class='ocrx_word' id='word_1_87' title='bbox 1669 1144 1926 1213; x_wconf 89' lang='lat' dir='ltr'><strong>templum</strong></span> <span class='ocrx_word' id='word_1_88' title='bbox 1961 1144 2095 1214; x_wconf 86' lang='lat' dir='ltr'><strong>ejus,</strong></span> <span class='ocrx_word' id='word_1_89' title='bbox 2127 1154 2188 1201; x_wconf 89' lang='lat' dir='ltr'><strong>ut</strong></span> 
     </span>
    </p>
   </div>
   <div class='ocr_carea' id='block_1_13' title="bbox 590 1229 2186 1300">
    <p class='ocr_par' dir='ltr' id='par_1_13' title="bbox 590 1229 2186 1300">
     <span class='ocr_line' id='line_1_13' title="bbox 590 1229 2186 1300; baseline 0.008 -20"><span class='ocrx_word' id='word_1_90' title='bbox 590 1231 680 1300; x_wconf 87' lang='lat' dir='ltr'><strong>qui</strong></span> <span class='ocrx_word' id='word_1_91' title='bbox 701 1230 768 1284; x_wconf 88' lang='lat' dir='ltr'><strong>ad</strong></span> <span class='ocrx_word' id='word_1_92' title='bbox 797 1246 919 1286; x_wconf 87' lang='lat' dir='ltr'><strong>eum</strong></span> <span class='ocrx_word' id='word_1_93' title='bbox 949 1229 1268 1299; x_wconf 82' lang='lat' dir='ltr'><strong>confugerit,</strong></span> <span class='ocrx_word' id='word_1_94' title='bbox 1301 1230 1620 1298; x_wconf 74' lang='lat' dir='ltr'><strong>honoratur,</strong></span> <span class='ocrx_word' id='word_1_95' title='bbox 1643 1241 1698 1287; x_wconf 90' lang='lat' dir='ltr'><strong>et</strong></span> <span class='ocrx_word' id='word_1_96' title='bbox 1725 1233 1792 1288; x_wconf 92' lang='lat' dir='ltr'><strong>ab</strong></span> <span class='ocrx_word' id='word_1_97' title='bbox 1815 1235 2049 1291; x_wconf 89' lang='lat' dir='ltr'><strong>hostium</strong></span> <span class='ocrx_word' id='word_1_98' title='bbox 2079 1253 2186 1292; x_wconf 89' lang='lat' dir='ltr'><strong>ma-</strong></span> 
     </span>
    </p>
   </div>
   <div class='ocr_carea' id='block_1_14' title="bbox 591 1319 2182 1391">
    <p class='ocr_par' dir='ltr' id='par_1_14' title="bbox 591 1319 2182 1391">
     <span class='ocr_line' id='line_1_14' title="bbox 591 1319 2182 1391; baseline 0.005 -16"><span class='ocrx_word' id='word_1_99' title='bbox 591 1321 748 1376; x_wconf 90' lang='lat' dir='ltr'><strong>nibus</strong></span> <span class='ocrx_word' id='word_1_100' title='bbox 777 1337 884 1375; x_wconf 93' lang='lat' dir='ltr'><strong>non</strong></span> <span class='ocrx_word' id='word_1_101' title='bbox 907 1319 1078 1390; x_wconf 85' lang='lat' dir='ltr'><strong>possit</strong></span> <span class='ocrx_word' id='word_1_102' title='bbox 1109 1320 1231 1375; x_wconf 91' lang='lat' dir='ltr'><strong>inde</strong></span> <span class='ocrx_word' id='word_1_103' title='bbox 1259 1320 1427 1391; x_wconf 90' lang='lat' dir='ltr'><strong>eripi:</strong></span> <span class='ocrx_word' id='word_1_104' title='bbox 1464 1329 1666 1376; x_wconf 88' lang='lat' dir='ltr'><strong>tantam</strong></span> <span class='ocrx_word' id='word_1_105' title='bbox 1697 1327 2056 1381; x_wconf 84' lang='lat' dir='ltr'><strong>reverentiam</strong></span> <span class='ocrx_word' id='word_1_106' title='bbox 2085 1328 2182 1383; x_wconf 88' lang='lat' dir='ltr'><strong>ha-</strong></span> 
     </span>
    </p>
   </div>
   <div class='ocr_carea' id='block_1_15' title="bbox 590 1411 2182 1486">
    <p class='ocr_par' dir='ltr' id='par_1_15' title="bbox 590 1411 2182 1486">
     <span class='ocr_line' id='line_1_15' title="bbox 590 1411 2182 1486; baseline 0.004 -17"><span class='ocrx_word' id='word_1_107' title='bbox 590 1415 716 1469; x_wconf 89' lang='lat' dir='ltr'><strong>beat</strong></span> <span class='ocrx_word' id='word_1_108' title='bbox 761 1411 998 1469; x_wconf 79' lang='lat' dir='ltr'><strong>Ecclesia</strong></span> <span class='ocrx_word' id='word_1_109' title='bbox 1035 1412 1151 1479; x_wconf 88' lang='lat' dir='ltr'><strong>Dei,</strong></span> <span class='ocrx_word' id='word_1_110' title='bbox 1184 1421 1244 1468; x_wconf 91' lang='lat' dir='ltr'><strong>ut</strong></span> <span class='ocrx_word' id='word_1_111' title='bbox 1271 1413 1433 1468; x_wconf 90' lang='lat' dir='ltr'><strong>etiam</strong></span> <span class='ocrx_word' id='word_1_112' title='bbox 1462 1415 1531 1469; x_wconf 87' lang='lat' dir='ltr'><strong>ab</strong></span> <span class='ocrx_word' id='word_1_113' title='bbox 1577 1415 1821 1472; x_wconf 85' lang='lat' dir='ltr'><strong>hostibus</strong></span> <span class='ocrx_word' id='word_1_114' title='bbox 1864 1417 2182 1486; x_wconf 89' lang='lat' dir='ltr'><strong>honoretur,</strong></span> 
     </span>
    </p>
   </div>
   <div class='ocr_carea' id='block_1_16' title="bbox 593 1504 2182 1578">
    <p class='ocr_par' dir='ltr' id='par_1_16' title="bbox 593 1504 2182 1578">
     <span class='ocr_line' id='line_1_16' title="bbox 593 1504 2182 1578; baseline 0.005 -18"><span class='ocrx_word' id='word_1_115' title='bbox 593 1513 652 1560; x_wconf 91' lang='lat' dir='ltr'><strong>ut</strong></span> <span class='ocrx_word' id='word_1_116' title='bbox 679 1504 934 1561; x_wconf 85' lang='lat' dir='ltr'><strong>abscondi</strong></span> <span class='ocrx_word' id='word_1_117' title='bbox 964 1505 1165 1576; x_wconf 88' lang='lat' dir='ltr'><strong>possim</strong></span> <span class='ocrx_word' id='word_1_118' title='bbox 1194 1506 1249 1560; x_wconf 91' lang='lat' dir='ltr'><strong>in</strong></span> <span class='ocrx_word' id='word_1_119' title='bbox 1288 1507 1632 1563; x_wconf 88' lang='lat' dir='ltr'><strong>tabernaculo</strong></span> <span class='ocrx_word' id='word_1_120' title='bbox 1655 1508 1770 1578; x_wconf 88' lang='lat' dir='ltr'><strong>ejus</strong></span> <span class='ocrx_word' id='word_1_121' title='bbox 1798 1510 1851 1564; x_wconf 91' lang='lat' dir='ltr'><strong>in</strong></span> <span class='ocrx_word' id='word_1_122' title='bbox 1884 1509 1971 1565; x_wconf 89' lang='lat' dir='ltr'><strong>die</strong></span> <span class='ocrx_word' id='word_1_123' title='bbox 2010 1513 2182 1569; x_wconf 86' lang='lat' dir='ltr'><strong>malo-</strong></span> 
     </span>
    </p>
   </div>
   <div class='ocr_carea' id='block_1_17' title="bbox 592 1597 2182 1669">
    <p class='ocr_par' dir='ltr' id='par_1_17' title="bbox 592 1597 2182 1669">
     <span class='ocr_line' id='line_1_17' title="bbox 592 1597 2182 1669; baseline 0.005 -19"><span class='ocrx_word' id='word_1_124' title='bbox 592 1612 732 1660; x_wconf 86' lang='lat' dir='ltr'><strong>rum,</strong></span> <span class='ocrx_word' id='word_1_125' title='bbox 758 1604 814 1650; x_wconf 88' lang='lat' dir='ltr'><strong>et</strong></span> <span class='ocrx_word' id='word_1_126' title='bbox 837 1611 1002 1666; x_wconf 90' lang='lat' dir='ltr'><strong>super</strong></span> <span class='ocrx_word' id='word_1_127' title='bbox 1022 1603 1232 1667; x_wconf 87' lang='lat' dir='ltr'><strong>petram</strong></span> <span class='ocrx_word' id='word_1_128' title='bbox 1255 1597 1542 1663; x_wconf 84' lang='lat' dir='ltr'><strong>exaltetnr,</strong></span> <span class='ocrx_word' id='word_1_129' title='bbox 1587 1605 1645 1652; x_wconf 90' lang='lat' dir='ltr'><strong>ut</strong></span> <span class='ocrx_word' id='word_1_130' title='bbox 1675 1608 1844 1669; x_wconf 73' lang='lat' dir='ltr'><strong>portm</strong></span> <span class='ocrx_word' id='word_1_131' title='bbox 1885 1600 2041 1657; x_wconf 90' lang='lat' dir='ltr'><strong>inferi</strong></span> <span class='ocrx_word' id='word_1_132' title='bbox 2075 1619 2182 1660; x_wconf 92' lang='lat' dir='ltr'><strong>non</strong></span> 
     </span>
    </p>
   </div>
   <div class='ocr_carea' id='block_1_18' title="bbox 581 1672 2184 1764">
    <p class='ocr_par' dir='ltr' id='par_1_18' title="bbox 581 1672 2184 1764">
     <span class='ocr_line' id='line_1_18' title="bbox 581 1672 2184 1764; baseline 0.007 -23"><span class='ocrx_word' id='word_1_133' title='bbox 581 1672 917 1760; x_wconf 54' lang='lat' dir='ltr'><strong>praevaleant</strong></span> <span class='ocrx_word' id='word_1_134' title='bbox 943 1688 1012 1752; x_wconf 90' lang='lat' dir='ltr'><strong>ei,</strong></span> <span class='ocrx_word' id='word_1_135' title='bbox 1043 1695 1103 1742; x_wconf 92' lang='grc' dir='ltr'><strong>ιιι</strong></span> <span class='ocrx_word' id='word_1_136' title='bbox 1131 1689 1399 1744; x_wconf 82' lang='lat' dir='ltr'><strong>exaltetur</strong></span> <span class='ocrx_word' id='word_1_137' title='bbox 1427 1699 1590 1761; x_wconf 90' lang='lat' dir='ltr'><strong>caput</strong></span> <span class='ocrx_word' id='word_1_138' title='bbox 1616 1690 1733 1760; x_wconf 88' lang='lat' dir='ltr'><strong>ejus</strong></span> <span class='ocrx_word' id='word_1_139' title='bbox 1756 1708 1918 1764; x_wconf 88' lang='lat' dir='ltr'><strong>super</strong></span> <span class='ocrx_word' id='word_1_140' title='bbox 1937 1695 2184 1752; x_wconf 90' lang='lat' dir='ltr'><strong>inimicos</strong></span> 
     </span>
    </p>
   </div>
   <div class='ocr_carea' id='block_1_19' title="bbox 2290 503 3885 589">
    <p class='ocr_par' dir='ltr' id='par_1_19' title="bbox 2290 503 3885 589">
     <span class='ocr_line' id='line_1_19' title="bbox 2290 503 3885 589; baseline 0.014 -34"><span class='ocrx_word' id='word_1_141' title='bbox 2290 503 2346 556; x_wconf 89' lang='lat' dir='ltr'><strong>in</strong></span> <span class='ocrx_word' id='word_1_142' title='bbox 2373 503 2563 558; x_wconf 88' lang='lat' dir='ltr'><strong>lacum.</strong></span> <span class='ocrx_word' id='word_1_143' title='bbox 2592 503 2824 572; x_wconf 70' lang='lat' dir='ltr'><strong>Exaudi,</strong></span> <span class='ocrx_word' id='word_1_144' title='bbox 2853 506 3097 574; x_wconf 83' lang='lat' dir='ltr'><strong>Domine,</strong></span> <span class='ocrx_word' id='word_1_145' title='bbox 3127 527 3299 566; x_wconf 81' lang='lat' dir='ltr'><strong>vocem</strong></span> <span class='ocrx_word' id='word_1_146' title='bbox 3327 513 3710 584; x_wconf 75' lang='lat' dir='ltr'><strong>deprecationis</strong></span> <span class='ocrx_word' id='word_1_147' title='bbox 3737 535 3885 589; x_wconf 76' lang='lat' dir='ltr'><strong>mete,</strong></span> 
     </span>
    </p>
   </div>
   <div class='ocr_carea' id='block_1_20' title="bbox 2291 592 3885 680">
    <p class='ocr_par' dir='ltr' id='par_1_20' title="bbox 2291 592 3885 680">
     <span class='ocr_line' id='line_1_20' title="bbox 2291 592 3885 680; baseline 0.013 -34"><span class='ocrx_word' id='word_1_148' title='bbox 2291 592 2413 646; x_wconf 87' lang='lat' dir='ltr'><strong>dum</strong></span> <span class='ocrx_word' id='word_1_149' title='bbox 2437 611 2529 649; x_wconf 88' lang='lat' dir='ltr'><strong>oro</strong></span> <span class='ocrx_word' id='word_1_150' title='bbox 2555 596 2626 649; x_wconf 89' lang='lat' dir='ltr'><strong>ad</strong></span> <span class='ocrx_word' id='word_1_151' title='bbox 2657 605 2725 664; x_wconf 90' lang='lat' dir='ltr'><strong>te,</strong></span> <span class='ocrx_word' id='word_1_152' title='bbox 2757 597 2881 651; x_wconf 87' lang='lat' dir='ltr'><strong>dum</strong></span> <span class='ocrx_word' id='word_1_153' title='bbox 2909 600 3104 654; x_wconf 73' lang='lat' dir='ltr'><strong>extollo</strong></span> <span class='ocrx_word' id='word_1_154' title='bbox 3133 618 3316 656; x_wconf 83' lang='lat' dir='ltr'><strong>manus</strong></span> <span class='ocrx_word' id='word_1_155' title='bbox 3346 620 3510 671; x_wconf 83' lang='lat' dir='ltr'><strong>meas,</strong></span> <span class='ocrx_word' id='word_1_156' title='bbox 3542 607 3613 660; x_wconf 84' lang='lat' dir='ltr'><strong>ad</strong></span> <span class='ocrx_word' id='word_1_157' title='bbox 3642 615 3885 680; x_wconf 86' lang='lat' dir='ltr'><strong>templum</strong></span> 
     </span>
    </p>
   </div>
   <div class='ocr_carea' id='block_1_21' title="bbox 2288 686 3885 767">
    <p class='ocr_par' dir='ltr' id='par_1_21' title="bbox 2288 686 3885 767">
     <span class='ocr_line' id='line_1_21' title="bbox 2288 686 3885 767; baseline 0.013 -30"><span class='ocrx_word' id='word_1_158' title='bbox 2288 695 2526 740; x_wconf 84' lang='lat' dir='ltr'><strong>sanctum</strong></span> <span class='ocrx_word' id='word_1_159' title='bbox 2557 696 2717 741; x_wconf 87' lang='lat' dir='ltr'><strong>tuum.</strong></span> <span class='ocrx_word' id='word_1_160' title='bbox 2750 686 2836 743; x_wconf 87' lang='lat' dir='ltr'><strong>Ne</strong></span> <span class='ocrx_word' id='word_1_161' title='bbox 2853 689 3012 743; x_wconf 85' lang='lat' dir='ltr'><strong>simul</strong></span> <span class='ocrx_word' id='word_1_162' title='bbox 3039 693 3218 746; x_wconf 77' lang='lat' dir='ltr'><strong>tradas</strong></span> <span class='ocrx_word' id='word_1_163' title='bbox 3243 710 3324 747; x_wconf 89' lang='lat' dir='ltr'><strong>me</strong></span> <span class='ocrx_word' id='word_1_164' title='bbox 3357 711 3477 750; x_wconf 88' lang='lat' dir='ltr'><strong>cum</strong></span> <span class='ocrx_word' id='word_1_165' title='bbox 3502 701 3885 767; x_wconf 76' lang='lat' dir='ltr'><strong>peccatoribus,</strong></span> 
     </span>
    </p>
   </div>
   <div class='ocr_carea' id='block_1_22' title="bbox 2288 777 3885 854">
    <p class='ocr_par' dir='ltr' id='par_1_22' title="bbox 2288 777 3885 854">
     <span class='ocr_line' id='line_1_22' title="bbox 2288 777 3885 854; baseline 0.012 -27"><span class='ocrx_word' id='word_1_166' title='bbox 2288 784 2338 828; x_wconf 89' lang='lat' dir='ltr'><strong>et</strong></span> <span class='ocrx_word' id='word_1_167' title='bbox 2362 791 2478 828; x_wconf 85' lang='lat' dir='ltr'><strong>cum</strong></span> <span class='ocrx_word' id='word_1_168' title='bbox 2501 777 2837 846; x_wconf 78' lang='lat' dir='ltr'><strong>operantibus</strong></span> <span class='ocrx_word' id='word_1_169' title='bbox 2864 780 3192 851; x_wconf 80' lang='lat' dir='ltr'><strong>iniquitatem</strong></span> <span class='ocrx_word' id='word_1_170' title='bbox 3214 799 3278 836; x_wconf 92' lang='lat' dir='ltr'><strong>ne</strong></span> <span class='ocrx_word' id='word_1_171' title='bbox 3303 785 3493 854; x_wconf 83' lang='lat' dir='ltr'><strong>perdas</strong></span> <span class='ocrx_word' id='word_1_172' title='bbox 3521 804 3622 842; x_wconf 86' lang='lat' dir='ltr'><strong>me.</strong></span> <span class='ocrx_word' id='word_1_173' title='bbox 3667 787 3772 854; x_wconf 92' lang='lat' dir='ltr'><strong>Qui</strong></span> <span class='ocrx_word' id='word_1_174' title='bbox 3810 793 3885 846; x_wconf 87' lang='lat' dir='ltr'><strong>lo-</strong></span> 
     </span>
    </p>
   </div>
   <div class='ocr_carea' id='block_1_23' title="bbox 2287 872 3885 941">
    <p class='ocr_par' dir='ltr' id='par_1_23' title="bbox 2287 872 3885 941">
     <span class='ocr_line' id='line_1_23' title="bbox 2287 872 3885 941; baseline 0.011 -23"><span class='ocrx_word' id='word_1_175' title='bbox 2287 876 2514 933; x_wconf 83' lang='lat' dir='ltr'><strong>quuntur</strong></span> <span class='ocrx_word' id='word_1_176' title='bbox 2542 884 2723 936; x_wconf 86' lang='lat' dir='ltr'><strong>pacem</strong></span> <span class='ocrx_word' id='word_1_177' title='bbox 2744 885 2860 923; x_wconf 79' lang='lat' dir='ltr'><strong>cum</strong></span> <span class='ocrx_word' id='word_1_178' title='bbox 2887 872 3128 941; x_wconf 73' lang='lat' dir='ltr'><strong>proximo</strong></span> <span class='ocrx_word' id='word_1_179' title='bbox 3153 890 3266 940; x_wconf 90' lang='lat' dir='ltr'><strong>suo,</strong></span> <span class='ocrx_word' id='word_1_180' title='bbox 3290 875 3434 929; x_wconf 80' lang='lat' dir='ltr'><strong>mala</strong></span> <span class='ocrx_word' id='word_1_181' title='bbox 3473 887 3648 932; x_wconf 85' lang='lat' dir='ltr'><strong>autem</strong></span> <span class='ocrx_word' id='word_1_182' title='bbox 3677 881 3732 934; x_wconf 90' lang='lat' dir='ltr'><strong>in</strong></span> <span class='ocrx_word' id='word_1_183' title='bbox 3767 897 3885 937; x_wconf 75' lang='lat' dir='ltr'><strong>cer-</strong></span> 
     </span>
    </p>
   </div>
   <div class='ocr_carea' id='block_1_24' title="bbox 2289 954 3886 1035">
    <p class='ocr_par' dir='ltr' id='par_1_24' title="bbox 2289 954 3886 1035">
     <span class='ocr_line' id='line_1_24' title="bbox 2289 954 3886 1035; baseline 0.013 -28"><span class='ocrx_word' id='word_1_184' title='bbox 2289 954 2436 1010; x_wconf 88' lang='lat' dir='ltr'><strong>dibus</strong></span> <span class='ocrx_word' id='word_1_185' title='bbox 2459 974 2657 1012; x_wconf 87' lang='lat' dir='ltr'><strong>eorum.</strong></span> <span class='ocrx_word' id='word_1_186' title='bbox 2683 958 2770 1013; x_wconf 91' lang='lat' dir='ltr'><strong>Da</strong></span> <span class='ocrx_word' id='word_1_187' title='bbox 2799 960 2908 1014; x_wconf 82' lang='lat' dir='ltr'><strong>illis</strong></span> <span class='ocrx_word' id='word_1_188' title='bbox 2931 963 3212 1017; x_wconf 88' lang='lat' dir='ltr'><strong>secundum</strong></span> <span class='ocrx_word' id='word_1_189' title='bbox 3231 981 3389 1035; x_wconf 84' lang='lat' dir='ltr'><strong>opera</strong></span> <span class='ocrx_word' id='word_1_190' title='bbox 3407 983 3606 1035; x_wconf 73' lang='lat' dir='ltr'><strong>eorum,</strong></span> <span class='ocrx_word' id='word_1_191' title='bbox 3628 981 3680 1025; x_wconf 89' lang='lat' dir='ltr'><strong>et</strong></span> <span class='ocrx_word' id='word_1_192' title='bbox 3705 989 3886 1028; x_wconf 81' lang='lat' dir='ltr'><strong>secun-</strong></span> 
     </span>
    </p>
   </div>
   <div class='ocr_carea' id='block_1_25' title="bbox 2287 1045 3886 1124">
    <p class='ocr_par' dir='ltr' id='par_1_25' title="bbox 2287 1045 3886 1124">
     <span class='ocr_line' id='line_1_25' title="bbox 2287 1045 3886 1124; baseline 0.013 -26"><span class='ocrx_word' id='word_1_193' title='bbox 2287 1045 2410 1100; x_wconf 87' lang='lat' dir='ltr'><strong>dum</strong></span> <span class='ocrx_word' id='word_1_194' title='bbox 2463 1048 2747 1118; x_wconf 80' lang='lat' dir='ltr'><strong>nequitiam</strong></span> <span class='ocrx_word' id='word_1_195' title='bbox 2796 1050 3220 1106; x_wconf 85' lang='lat' dir='ltr'><strong>adinventionum</strong></span> <span class='ocrx_word' id='word_1_196' title='bbox 3274 1056 3527 1124; x_wconf 86' lang='lat' dir='ltr'><strong>ipsorum.</strong></span> <span class='ocrx_word' id='word_1_197' title='bbox 3588 1059 3886 1120; x_wconf 84' lang='lat' dir='ltr'><strong>Secundum</strong></span> 
     </span>
    </p>
   </div>
   <div class='ocr_carea' id='block_1_26' title="bbox 2286 1142 3885 1213">
    <p class='ocr_par' dir='ltr' id='par_1_26' title="bbox 2286 1142 3885 1213">
     <span class='ocr_line' id='line_1_26' title="bbox 2286 1142 3885 1213; baseline 0.014 -23"><span class='ocrx_word' id='word_1_198' title='bbox 2286 1154 2445 1207; x_wconf 85' lang='lat' dir='ltr'><strong>opera</strong></span> <span class='ocrx_word' id='word_1_199' title='bbox 2473 1155 2724 1194; x_wconf 76' lang='lat' dir='ltr'><strong>manuum</strong></span> <span class='ocrx_word' id='word_1_200' title='bbox 2743 1158 2921 1196; x_wconf 89' lang='lat' dir='ltr'><strong>eorum</strong></span> <span class='ocrx_word' id='word_1_201' title='bbox 2952 1142 3118 1198; x_wconf 81' lang='lat' dir='ltr'><strong>tribue</strong></span> <span class='ocrx_word' id='word_1_202' title='bbox 3143 1145 3268 1213; x_wconf 86' lang='lat' dir='ltr'><strong>illis,</strong></span> <span class='ocrx_word' id='word_1_203' title='bbox 3294 1147 3453 1202; x_wconf 82' lang='lat' dir='ltr'><strong>redde</strong></span> <span class='ocrx_word' id='word_1_204' title='bbox 3497 1153 3885 1211; x_wconf 80' lang='lat' dir='ltr'><strong>retributionem</strong></span> 
     </span>
    </p>
   </div>
   <div class='ocr_carea' id='block_1_27' title="bbox 2285 1229 3884 1312">
    <p class='ocr_par' dir='ltr' id='par_1_27' title="bbox 2285 1229 3884 1312">
     <span class='ocr_line' id='line_1_27' title="bbox 2285 1229 3884 1312; baseline 0.013 -32"><span class='ocrx_word' id='word_1_205' title='bbox 2285 1244 2465 1282; x_wconf 88' lang='lat' dir='ltr'><strong>eorum</strong></span> <span class='ocrx_word' id='word_1_206' title='bbox 2493 1230 2641 1300; x_wconf 88' lang='lat' dir='ltr'><strong>ipsis.</strong></span> <span class='ocrx_word' id='word_1_207' title='bbox 2666 1229 2929 1296; x_wconf 89' lang='lat' dir='ltr'><strong>Quoniam</strong></span> <span class='ocrx_word' id='word_1_208' title='bbox 2951 1251 3056 1289; x_wconf 91' lang='lat' dir='ltr'><strong>non</strong></span> <span class='ocrx_word' id='word_1_209' title='bbox 3081 1236 3448 1306; x_wconf 72' lang='lat' dir='ltr'><strong>intellexerunt</strong></span> <span class='ocrx_word' id='word_1_210' title='bbox 3467 1259 3628 1310; x_wconf 88' lang='lat' dir='ltr'><strong>opera</strong></span> <span class='ocrx_word' id='word_1_211' title='bbox 3649 1243 3884 1312; x_wconf 86' lang='lat' dir='ltr'><strong>Domini,</strong></span> 
     </span>
    </p>
   </div>
   <div class='ocr_carea' id='block_1_28' title="bbox 2286 1319 3882 1396">
    <p class='ocr_par' dir='ltr' id='par_1_28' title="bbox 2286 1319 3882 1396">
     <span class='ocr_line' id='line_1_28' title="bbox 2286 1319 3882 1396; baseline 0.014 -26"><span class='ocrx_word' id='word_1_212' title='bbox 2286 1328 2337 1371; x_wconf 90' lang='lat' dir='ltr'><strong>et</strong></span> <span class='ocrx_word' id='word_1_213' title='bbox 2364 1319 2418 1372; x_wconf 91' lang='lat' dir='ltr'><strong>in</strong></span> <span class='ocrx_word' id='word_1_214' title='bbox 2440 1336 2598 1389; x_wconf 87' lang='lat' dir='ltr'><strong>opera</strong></span> <span class='ocrx_word' id='word_1_215' title='bbox 2626 1338 2874 1376; x_wconf 89' lang='lat' dir='ltr'><strong>manuum</strong></span> <span class='ocrx_word' id='word_1_216' title='bbox 2898 1341 3078 1379; x_wconf 87' lang='lat' dir='ltr'><strong>eorum</strong></span> <span class='ocrx_word' id='word_1_217' title='bbox 3103 1326 3338 1382; x_wconf 87' lang='lat' dir='ltr'><strong>destrues</strong></span> <span class='ocrx_word' id='word_1_218' title='bbox 3361 1329 3482 1384; x_wconf 88' lang='lat' dir='ltr'><strong>illos</strong></span> <span class='ocrx_word' id='word_1_219' title='bbox 3500 1371 3514 1396; x_wconf 92' lang='lat'><strong>,</strong></span> <span class='ocrx_word' id='word_1_220' title='bbox 3546 1342 3596 1386; x_wconf 91' lang='lat' dir='ltr'><strong>et</strong></span> <span class='ocrx_word' id='word_1_221' title='bbox 3625 1350 3728 1389; x_wconf 87' lang='lat' dir='ltr'><strong>non</strong></span> <span class='ocrx_word' id='word_1_222' title='bbox 3752 1336 3882 1392; x_wconf 72' lang='lat' dir='ltr'><strong>edi~</strong></span> 
     </span>
    </p>
   </div>
   <div class='ocr_carea' id='block_1_29' title="bbox 2287 1395 3881 1493">
    <p class='ocr_par' dir='ltr' id='par_1_29' title="bbox 2287 1395 3881 1493">
     <span class='ocr_line' id='line_1_29' title="bbox 2287 1395 3881 1493; baseline 0.014 -30"><span class='ocrx_word' id='word_1_223' title='bbox 2287 1395 2470 1481; x_wconf 73' lang='lat' dir='ltr'><strong>ﬁcabis</strong></span> <span class='ocrx_word' id='word_1_224' title='bbox 2499 1430 2606 1468; x_wconf 88' lang='lat' dir='ltr'><strong>eos.</strong></span> <span class='ocrx_word' id='word_1_225' title='bbox 2645 1409 2951 1472; x_wconf 75' lang='lat' dir='ltr'><strong>Benedictus</strong></span> <span class='ocrx_word' id='word_1_226' title='bbox 2999 1417 3285 1486; x_wconf 85' lang='lat' dir='ltr'><strong>Dominus,</strong></span> <span class='ocrx_word' id='word_1_227' title='bbox 3325 1424 3572 1493; x_wconf 85' lang='lat' dir='ltr'><strong>quoniam</strong></span> <span class='ocrx_word' id='word_1_228' title='bbox 3618 1430 3881 1485; x_wconf 73' lang='lat' dir='ltr'><strong>exaudiuit</strong></span> 
     </span>
    </p>
   </div>
   <div class='ocr_carea' id='block_1_30' title="bbox 2286 1504 3879 1585">
    <p class='ocr_par' dir='ltr' id='par_1_30' title="bbox 2286 1504 3879 1585">
     <span class='ocr_line' id='line_1_30' title="bbox 2286 1504 3879 1585; baseline 0.012 -30"><span class='ocrx_word' id='word_1_229' title='bbox 2286 1517 2459 1557; x_wconf 76' lang='lat' dir='ltr'><strong>vocent</strong></span> <span class='ocrx_word' id='word_1_230' title='bbox 2485 1504 2866 1573; x_wconf 85' lang='lat' dir='ltr'><strong>deprecationis</strong></span> <span class='ocrx_word' id='word_1_231' title='bbox 2903 1524 3051 1566; x_wconf 78' lang='lat' dir='ltr'><strong>mea’.</strong></span> <span class='ocrx_word' id='word_1_232' title='bbox 3094 1509 3353 1566; x_wconf 87' lang='lat' dir='ltr'><strong>Dominus</strong></span> <span class='ocrx_word' id='word_1_233' title='bbox 3379 1513 3591 1585; x_wconf 85' lang='lat' dir='ltr'><strong>adjutor</strong></span> <span class='ocrx_word' id='word_1_234' title='bbox 3631 1534 3801 1583; x_wconf 89' lang='lat' dir='ltr'><strong>meus,</strong></span> <span class='ocrx_word' id='word_1_235' title='bbox 3834 1531 3879 1573; x_wconf 83' lang='lat' dir='ltr'><strong>et</strong></span> 
     </span>
    </p>
   </div>
   <div class='ocr_carea' id='block_1_31' title="bbox 2288 1600 3881 1682">
    <p class='ocr_par' dir='ltr' id='par_1_31' title="bbox 2288 1600 3881 1682">
     <span class='ocr_line' id='line_1_31' title="bbox 2288 1600 3881 1682; baseline 0.01 -35"><span class='ocrx_word' id='word_1_236' title='bbox 2288 1603 2551 1664; x_wconf 86' lang='lat' dir='ltr'><strong>protector</strong></span> <span class='ocrx_word' id='word_1_237' title='bbox 2570 1613 2734 1662; x_wconf 86' lang='lat' dir='ltr'><strong>meus,</strong></span> <span class='ocrx_word' id='word_1_238' title='bbox 2761 1607 2812 1652; x_wconf 88' lang='lat' dir='ltr'><strong>et</strong></span> <span class='ocrx_word' id='word_1_239' title='bbox 2853 1600 2907 1652; x_wconf 90' lang='lat' dir='ltr'><strong>in</strong></span> <span class='ocrx_word' id='word_1_240' title='bbox 2937 1600 3050 1671; x_wconf 90' lang='lat' dir='ltr'><strong>ipso</strong></span> <span class='ocrx_word' id='word_1_241' title='bbox 3071 1604 3298 1672; x_wconf 73' lang='lat' dir='ltr'><strong>speravit</strong></span> <span class='ocrx_word' id='word_1_242' title='bbox 3327 1620 3419 1669; x_wconf 67' lang='lat' dir='ltr'><strong>cor</strong></span> <span class='ocrx_word' id='word_1_243' title='bbox 3445 1621 3634 1672; x_wconf 78' lang='lat' dir='ltr'><strong>meum,</strong></span> <span class='ocrx_word' id='word_1_244' title='bbox 3657 1618 3706 1661; x_wconf 87' lang='lat' dir='ltr'><strong>et</strong></span> <span class='ocrx_word' id='word_1_245' title='bbox 3729 1612 3881 1682; x_wconf 78' lang='lat' dir='ltr'><strong>adju-</strong></span> 
     </span>
    </p>
   </div>
   <div class='ocr_carea' id='block_1_32' title="bbox 2285 1687 3882 1761">
    <p class='ocr_par' dir='ltr' id='par_1_32' title="bbox 2285 1687 3882 1761">
     <span class='ocr_line' id='line_1_32' title="bbox 2285 1687 3882 1761; baseline 0.011 -20"><span class='ocrx_word' id='word_1_246' title='bbox 2285 1697 2366 1743; x_wconf 86' lang='lat' dir='ltr'><strong>tus</strong></span> <span class='ocrx_word' id='word_1_247' title='bbox 2400 1705 2535 1742; x_wconf 86' lang='lat' dir='ltr'><strong>sum.</strong></span> <span class='ocrx_word' id='word_1_248' title='bbox 2570 1687 2636 1742; x_wconf 84' lang='lat' dir='ltr'><strong>Et</strong></span> <span class='ocrx_word' id='word_1_249' title='bbox 2676 1692 2913 1760; x_wconf 81' lang='lat' dir='ltr'><strong>reﬂoruit</strong></span> <span class='ocrx_word' id='word_1_250' title='bbox 2962 1710 3086 1748; x_wconf 87' lang='lat' dir='ltr'><strong>caro</strong></span> <span class='ocrx_word' id='word_1_251' title='bbox 3113 1712 3248 1761; x_wconf 87' lang='lat' dir='ltr'><strong>mea,</strong></span> <span class='ocrx_word' id='word_1_252' title='bbox 3291 1705 3340 1750; x_wconf 89' lang='lat' dir='ltr'><strong>et</strong></span> <span class='ocrx_word' id='word_1_253' title='bbox 3369 1716 3433 1752; x_wconf 74' lang='lat' dir='ltr'><strong>ea;</strong></span> <span class='ocrx_word' id='word_1_254' title='bbox 3481 1702 3742 1756; x_wconf 84' lang='lat' dir='ltr'><strong>roluntate</strong></span> <span class='ocrx_word' id='word_1_255' title='bbox 3769 1719 3882 1759; x_wconf 77' lang='lat' dir='ltr'><strong>met</strong></span> 
     </span>
    </p>
   </div>
   <div class='ocr_carea' id='block_1_33' title="bbox 591 1779 2186 1863">
    <p class='ocr_par' dir='ltr' id='par_1_33' title="bbox 591 1779 2186 1857">
     <span class='ocr_line' id='line_1_33' title="bbox 591 1779 2186 1857; baseline 0.006 -23"><span class='ocrx_word' id='word_1_256' title='bbox 591 1779 726 1850; x_wconf 86' lang='lat' dir='ltr'><strong>ejus,</strong></span> <span class='ocrx_word' id='word_1_257' title='bbox 757 1787 812 1835; x_wconf 93' lang='lat' dir='ltr'><strong>et</strong></span> <span class='ocrx_word' id='word_1_258' title='bbox 831 1779 1153 1835; x_wconf 90' lang='lat' dir='ltr'><strong>circumeam</strong></span> <span class='ocrx_word' id='word_1_259' title='bbox 1183 1789 1238 1834; x_wconf 86' lang='lat' dir='ltr'><strong>et</strong></span> <span class='ocrx_word' id='word_1_260' title='bbox 1277 1781 1547 1836; x_wconf 91' lang='lat' dir='ltr'><strong>immolem</strong></span> <span class='ocrx_word' id='word_1_261' title='bbox 1602 1783 1653 1836; x_wconf 94' lang='lat' dir='ltr'><strong>in</strong></span> <span class='ocrx_word' id='word_1_262' title='bbox 1697 1783 2043 1842; x_wconf 68' lang='lat' dir='ltr'><strong>tabernaculo</strong></span> <span class='ocrx_word' id='word_1_263' title='bbox 2071 1787 2186 1857; x_wconf 86' lang='lat' dir='ltr'><strong>ejus</strong></span> 
     </span>
    </p>
   </div>
   <div class='ocr_carea' id='block_1_34' title="bbox 2285 1779 3881 1863">
    <p class='ocr_par' dir='ltr' id='par_1_34' title="bbox 2292 1779 3881 1863">
     <span class='ocr_line' id='line_1_34' title="bbox 2292 1779 3881 1863; baseline 0.01 -29"><span class='ocrx_word' id='word_1_264' title='bbox 2292 1779 2578 1856; x_wconf 70' lang='lat' dir='ltr'><strong>confitebor</strong></span> <span class='ocrx_word' id='word_1_265' title='bbox 2605 1783 2674 1843; x_wconf 88' lang='lat' dir='ltr'><strong>ei,</strong></span> <span class='ocrx_word' id='word_1_266' title='bbox 2701 1780 2955 1837; x_wconf 87' lang='lat' dir='ltr'><strong>Dominus</strong></span> <span class='ocrx_word' id='word_1_267' title='bbox 2981 1786 3232 1855; x_wconf 80' lang='lat' dir='ltr'><strong>fortitudo</strong></span> <span class='ocrx_word' id='word_1_268' title='bbox 3268 1788 3428 1856; x_wconf 86' lang='lat' dir='ltr'><strong>plebis</strong></span> <span class='ocrx_word' id='word_1_269' title='bbox 3468 1807 3597 1855; x_wconf 68' lang='lat' dir='ltr'><strong>sure,</strong></span> <span class='ocrx_word' id='word_1_270' title='bbox 3627 1802 3677 1847; x_wconf 87' lang='lat' dir='ltr'><strong>et</strong></span> <span class='ocrx_word' id='word_1_271' title='bbox 3711 1805 3881 1863; x_wconf 78' lang='lat' dir='ltr'><strong>prote-</strong></span> 
     </span>
    </p>
   </div>
   <div class='ocr_carea' id='block_1_35' title="bbox 591 1871 2177 1949">
    <p class='ocr_par' dir='ltr' id='par_1_35' title="bbox 591 1871 2177 1949">
     <span class='ocr_line' id='line_1_35' title="bbox 591 1871 2177 1949; baseline 0.005 -20"><span class='ocrx_word' id='word_1_272' title='bbox 591 1873 822 1929; x_wconf 90' lang='lat' dir='ltr'><strong>hostiam</strong></span> <span class='ocrx_word' id='word_1_273' title='bbox 848 1871 1205 1941; x_wconf 90' lang='lat' dir='ltr'><strong>jnbilationis,</strong></span> <span class='ocrx_word' id='word_1_274' title='bbox 1236 1882 1293 1929; x_wconf 91' lang='lat' dir='ltr'><strong>et</strong></span> <span class='ocrx_word' id='word_1_275' title='bbox 1312 1883 1525 1932; x_wconf 87' lang='lat' dir='ltr'><strong>cantem</strong></span> <span class='ocrx_word' id='word_1_276' title='bbox 1550 1877 1602 1930; x_wconf 93' lang='lat' dir='ltr'><strong>in</strong></span> <span class='ocrx_word' id='word_1_277' title='bbox 1632 1891 1717 1943; x_wconf 87' lang='lat' dir='ltr'><strong>ea,</strong></span> <span class='ocrx_word' id='word_1_278' title='bbox 1749 1887 1805 1933; x_wconf 89' lang='lat' dir='ltr'><strong>et</strong></span> <span class='ocrx_word' id='word_1_279' title='bbox 1825 1879 2048 1949; x_wconf 88' lang='lat' dir='ltr'><strong>psallam</strong></span> <span class='ocrx_word' id='word_1_280' title='bbox 2078 1881 2177 1937; x_wconf 79' lang='grc' dir='ltr'><strong>Ι)οο</strong></span> 
     </span>
    </p>
   </div>
   <div class='ocr_carea' id='block_1_36' title="bbox 592 1963 2186 2036">
    <p class='ocr_par' dir='ltr' id='par_1_36' title="bbox 592 1963 2186 2036">
     <span class='ocr_line' id='line_1_36' title="bbox 592 1963 2186 2036; baseline 0.006 -17"><span class='ocrx_word' id='word_1_281' title='bbox 592 1965 761 2030; x_wconf 86' lang='lat' dir='ltr'><strong>mino,</strong></span> <span class='ocrx_word' id='word_1_282' title='bbox 787 1972 842 2019; x_wconf 90' lang='lat' dir='ltr'><strong>et</strong></span> <span class='ocrx_word' id='word_1_283' title='bbox 870 1964 1099 2020; x_wconf 81' lang='lat' dir='ltr'><strong>fundens</strong></span> <span class='ocrx_word' id='word_1_284' title='bbox 1122 1965 1174 2020; x_wconf 91' lang='lat' dir='ltr'><strong>in</strong></span> <span class='ocrx_word' id='word_1_285' title='bbox 1217 1980 1279 2020; x_wconf 88' lang='lat' dir='ltr'><strong>ea</strong></span> <span class='ocrx_word' id='word_1_286' title='bbox 1309 1963 1516 2036; x_wconf 85' lang='lat' dir='ltr'><strong>preces,</strong></span> <span class='ocrx_word' id='word_1_287' title='bbox 1549 1983 1769 2023; x_wconf 88' lang='lat' dir='ltr'><strong>securus</strong></span> <span class='ocrx_word' id='word_1_288' title='bbox 1796 1969 1972 2026; x_wconf 90' lang='lat' dir='ltr'><strong>dicam</strong></span> <span class='ocrx_word' id='word_1_289' title='bbox 2002 1972 2186 2028; x_wconf 88' lang='lat' dir='ltr'><strong>Domi-</strong></span> 
     </span>
    </p>
   </div>
   <div class='ocr_carea' id='block_1_37' title="bbox 593 2055 2187 2120">
    <p class='ocr_par' dir='ltr' id='par_1_37' title="bbox 593 2055 2187 2120">
     <span class='ocr_line' id='line_1_37' title="bbox 593 2055 2187 2120; baseline 0.006 -9"><span class='ocrx_word' id='word_1_290' title='bbox 593 2072 666 2112; x_wconf 93' lang='lat' dir='ltr'><strong>no</strong></span> <span class='ocrx_word' id='word_1_291' title='bbox 699 2074 712 2110; x_wconf 90' lang='lat'><strong>:</strong></span> <span class='ocrx_word' id='word_1_292' title='bbox 745 2055 1000 2110; x_wconf 85' lang='lat' dir='ltr'><strong>Miserere</strong></span> <span class='ocrx_word' id='word_1_293' title='bbox 1047 2056 1177 2118; x_wconf 82' lang='lat' dir='ltr'><strong>mei.</strong></span> <span class='ocrx_word' id='word_1_294' title='bbox 1209 2065 1264 2111; x_wconf 91' lang='lat' dir='ltr'><strong>et</strong></span> <span class='ocrx_word' id='word_1_295' title='bbox 1303 2057 1497 2112; x_wconf 83' lang='lat' dir='ltr'><strong>exaudi</strong></span> <span class='ocrx_word' id='word_1_296' title='bbox 1547 2073 1653 2114; x_wconf 88' lang='lat' dir='ltr'><strong>me.</strong></span> <span class='ocrx_word' id='word_1_297' title='bbox 1687 2058 1743 2114; x_wconf 92' lang='lat' dir='ltr'><strong>Si</strong></span> <span class='ocrx_word' id='word_1_298' title='bbox 1793 2068 1972 2116; x_wconf 88' lang='lat' dir='ltr'><strong>tamen</strong></span> <span class='ocrx_word' id='word_1_299' title='bbox 2004 2062 2101 2118; x_wconf 90' lang='lat' dir='ltr'><strong>Dei</strong></span> <span class='ocrx_word' id='word_1_300' title='bbox 2127 2081 2187 2120; x_wconf 88' lang='lat' dir='ltr'><strong>sc</strong></span> 
     </span>
    </p>
   </div>
   <div class='ocr_carea' id='block_1_38' title="bbox 590 2145 2182 2213">
    <p class='ocr_par' dir='ltr' id='par_1_38' title="bbox 590 2145 2182 2213">
     <span class='ocr_line' id='line_1_38' title="bbox 590 2145 2182 2213; baseline 0.004 -12"><span class='ocrx_word' id='word_1_301' title='bbox 590 2153 887 2201; x_wconf 87' lang='lat' dir='ltr'><strong>amatorem</strong></span> <span class='ocrx_word' id='word_1_302' title='bbox 936 2145 1256 2213; x_wconf 89' lang='lat' dir='ltr'><strong>ostendens,</strong></span> <span class='ocrx_word' id='word_1_303' title='bbox 1301 2147 1553 2203; x_wconf 88' lang='lat' dir='ltr'><strong>invisibili</strong></span> <span class='ocrx_word' id='word_1_304' title='bbox 1591 2149 1929 2207; x_wconf 84' lang='lat' dir='ltr'><strong>invisibiliter</strong></span> <span class='ocrx_word' id='word_1_305' title='bbox 1966 2153 2182 2209; x_wconf 88' lang='lat' dir='ltr'><strong>clamet.</strong></span> 
     </span>
    </p>
   </div>
   <div class='ocr_carea' id='block_1_39' title="bbox 593 2235 2182 2312">
    <p class='ocr_par' dir='ltr' id='par_1_39' title="bbox 593 2235 2182 2312">
     <span class='ocr_line' id='line_1_39' title="bbox 593 2235 2182 2312; baseline 0.005 -18"><span class='ocrx_word' id='word_1_306' title='bbox 593 2240 746 2295; x_wconf 90' lang='lat' dir='ltr'><strong>Sicut</strong></span> <span class='ocrx_word' id='word_1_307' title='bbox 759 2239 971 2311; x_wconf 81' lang='lat' dir='ltr'><strong>Moyses</strong></span> <span class='ocrx_word' id='word_1_308' title='bbox 987 2255 1102 2306; x_wconf 89' lang='lat' dir='ltr'><strong>ore,</strong></span> <span class='ocrx_word' id='word_1_309' title='bbox 1128 2241 1322 2310; x_wconf 89' lang='lat' dir='ltr'><strong>inquit,</strong></span> <span class='ocrx_word' id='word_1_310' title='bbox 1344 2235 1573 2307; x_wconf 68' lang='lat' dir='ltr'><strong>tacebat,</strong></span> <span class='ocrx_word' id='word_1_311' title='bbox 1598 2242 1693 2298; x_wconf 87' lang='lat' dir='ltr'><strong>sed</strong></span> <span class='ocrx_word' id='word_1_312' title='bbox 1713 2243 1875 2300; x_wconf 89' lang='lat' dir='ltr'><strong>corde</strong></span> <span class='ocrx_word' id='word_1_313' title='bbox 1895 2245 2182 2312; x_wconf 87' lang='lat' dir='ltr'><strong>clamabat,</strong></span> 
     </span>
    </p>
   </div>
   <div class='ocr_carea' id='block_1_40' title="bbox 509 2311 2186 2405">
    <p class='ocr_par' dir='ltr' id='par_1_40' title="bbox 509 2311 2186 2405">
     <span class='ocr_line' id='line_1_40' title="bbox 509 2311 2186 2405; baseline 0.004 -20"><span class='ocrx_word' id='word_1_314' title='bbox 509 2311 516 2346; x_wconf 49' lang='grc' dir='ltr'><em>ί</em></span> <span class='ocrx_word' id='word_1_315' title='bbox 590 2331 734 2387; x_wconf 88' lang='lat' dir='ltr'><strong>unde</strong></span> <span class='ocrx_word' id='word_1_316' title='bbox 763 2332 839 2385; x_wconf 87' lang='lat' dir='ltr'><strong>ait</strong></span> <span class='ocrx_word' id='word_1_317' title='bbox 885 2332 1144 2387; x_wconf 88' lang='lat' dir='ltr'><strong>Dominus</strong></span> <span class='ocrx_word' id='word_1_318' title='bbox 1168 2333 1236 2388; x_wconf 87' lang='lat' dir='ltr'><strong>ad</strong></span> <span class='ocrx_word' id='word_1_319' title='bbox 1264 2348 1386 2390; x_wconf 89' lang='lat' dir='ltr'><strong>eum</strong></span> <span class='ocrx_word' id='word_1_320' title='bbox 1414 2352 1426 2386; x_wconf 93' lang='lat'><strong>:</strong></span> <span class='ocrx_word' id='word_1_321' title='bbox 1458 2331 1616 2400; x_wconf 85' lang='lat' dir='ltr'><strong>Quid,</strong></span> <span class='ocrx_word' id='word_1_322' title='bbox 1667 2336 1858 2405; x_wconf 75' lang='lat' dir='ltr'><strong>inquit,</strong></span> <span class='ocrx_word' id='word_1_323' title='bbox 1891 2337 2087 2392; x_wconf 85' lang='lat' dir='ltr'><strong>clamas</strong></span> <span class='ocrx_word' id='word_1_324' title='bbox 2117 2311 2186 2392; x_wconf 88' lang='lat' dir='ltr'><strong>ad</strong></span> 
     </span>
    </p>
   </div>
   <div class='ocr_carea' id='block_1_41' title="bbox 593 2422 2185 2496">
    <p class='ocr_par' dir='ltr' id='par_1_41' title="bbox 593 2422 2185 2496">
     <span class='ocr_line' id='line_1_41' title="bbox 593 2422 2185 2496; baseline 0.006 -19"><span class='ocrx_word' id='word_1_325' title='bbox 593 2440 673 2478; x_wconf 89' lang='lat' dir='ltr'><strong>me</strong></span> <span class='ocrx_word' id='word_1_326' title='bbox 704 2422 903 2494; x_wconf 74' lang='lat' dir='ltr'><strong>(Exod.</strong></span> <span class='ocrx_word' id='word_1_327' title='bbox 936 2424 1084 2494; x_wconf 67' lang='lat' dir='ltr'><strong>xxv)?</strong></span> <span class='ocrx_word' id='word_1_328' title='bbox 1106 2425 1186 2479; x_wconf 93' lang='lat' dir='ltr'><strong>sic</strong></span> <span class='ocrx_word' id='word_1_329' title='bbox 1213 2433 1268 2480; x_wconf 90' lang='lat' dir='ltr'><strong>et</strong></span> <span class='ocrx_word' id='word_1_330' title='bbox 1308 2425 1360 2480; x_wconf 91' lang='lat' dir='ltr'><strong>in</strong></span> <span class='ocrx_word' id='word_1_331' title='bbox 1390 2426 1494 2482; x_wconf 86' lang='lat' dir='ltr'><strong>isto</strong></span> <span class='ocrx_word' id='word_1_332' title='bbox 1521 2427 1644 2484; x_wconf 93' lang='lat' dir='ltr'><strong>loco</strong></span> <span class='ocrx_word' id='word_1_333' title='bbox 1671 2436 1883 2484; x_wconf 84' lang='lat' dir='ltr'><strong>amator</strong></span> <span class='ocrx_word' id='word_1_334' title='bbox 1920 2429 2047 2496; x_wconf 92' lang='lat' dir='ltr'><strong>Dei,</strong></span> <span class='ocrx_word' id='word_1_335' title='bbox 2077 2447 2185 2488; x_wconf 91' lang='lat' dir='ltr'><strong>non</strong></span> 
     </span>
    </p>
   </div>
   <div class='ocr_carea' id='block_1_42' title="bbox 589 2516 2185 2590">
    <p class='ocr_par' dir='ltr' id='par_1_42' title="bbox 589 2516 2185 2590">
     <span class='ocr_line' id='line_1_42' title="bbox 589 2516 2185 2590; baseline 0.006 -21"><span class='ocrx_word' id='word_1_336' title='bbox 589 2530 841 2586; x_wconf 69' lang='lat' dir='ltr'><strong>qumrens</strong></span> <span class='ocrx_word' id='word_1_337' title='bbox 896 2516 1061 2572; x_wconf 89' lang='lat' dir='ltr'><strong>ullam</strong></span> <span class='ocrx_word' id='word_1_338' title='bbox 1107 2517 1294 2573; x_wconf 90' lang='lat' dir='ltr'><strong>mundi</strong></span> <span class='ocrx_word' id='word_1_339' title='bbox 1345 2519 1601 2590; x_wconf 87' lang='lat' dir='ltr'><strong>speciem,</strong></span> <span class='ocrx_word' id='word_1_340' title='bbox 1632 2522 1726 2577; x_wconf 88' lang='lat' dir='ltr'><strong>sed</strong></span> <span class='ocrx_word' id='word_1_341' title='bbox 1775 2522 1946 2578; x_wconf 90' lang='lat' dir='ltr'><strong>solam</strong></span> <span class='ocrx_word' id='word_1_342' title='bbox 1986 2522 2185 2579; x_wconf 84' lang='lat' dir='ltr'><strong>Christi</strong></span> 
     </span>
    </p>
   </div>
   <div class='ocr_carea' id='block_1_43' title="bbox 486 2606 2187 2684">
    <p class='ocr_par' dir='ltr' id='par_1_43' title="bbox 486 2606 2187 2684">
     <span class='ocr_line' id='line_1_43' title="bbox 486 2606 2187 2684; baseline 0.008 -23"><span class='ocrx_word' id='word_1_343' title='bbox 486 2657 504 2672; x_wconf 48' lang='grc' dir='ltr'><em>ρ</em></span> <span class='ocrx_word' id='word_1_344' title='bbox 587 2606 1041 2680; x_wconf 89' lang='lat' dir='ltr'><strong>pulchritudinem</strong></span> <span class='ocrx_word' id='word_1_345' title='bbox 1063 2611 1470 2680; x_wconf 88' lang='lat' dir='ltr'><strong>concupiscens,</strong></span> <span class='ocrx_word' id='word_1_346' title='bbox 1499 2626 1563 2667; x_wconf 89' lang='lat' dir='ltr'><strong>ea</strong></span> <span class='ocrx_word' id='word_1_347' title='bbox 1582 2613 1746 2670; x_wconf 89' lang='lat' dir='ltr'><strong>verba</strong></span> <span class='ocrx_word' id='word_1_348' title='bbox 1774 2629 1895 2684; x_wconf 71' lang='lat' dir='ltr'><strong>qua:</strong></span> <span class='ocrx_word' id='word_1_349' title='bbox 1916 2625 2187 2673; x_wconf 90' lang='lat' dir='ltr'><strong>amatores</strong></span> 
     </span>
    </p>
   </div>
   <div class='ocr_carea' id='block_1_44' title="bbox 587 2698 2185 2778">
    <p class='ocr_par' dir='ltr' id='par_1_44' title="bbox 587 2698 2185 2778">
     <span class='ocr_line' id='line_1_44' title="bbox 587 2698 2185 2778; baseline 0.006 -22"><span class='ocrx_word' id='word_1_350' title='bbox 587 2698 768 2762; x_wconf 86' lang='lat' dir='ltr'><strong>solent</strong></span> <span class='ocrx_word' id='word_1_351' title='bbox 795 2699 875 2755; x_wconf 91' lang='lat' dir='ltr'><strong>eis</strong></span> <span class='ocrx_word' id='word_1_352' title='bbox 901 2715 1038 2770; x_wconf 89' lang='lat' dir='ltr'><strong>quos</strong></span> <span class='ocrx_word' id='word_1_353' title='bbox 1065 2701 1294 2771; x_wconf 86' lang='lat' dir='ltr'><strong>diligunt</strong></span> <span class='ocrx_word' id='word_1_354' title='bbox 1317 2703 1496 2760; x_wconf 88' lang='lat' dir='ltr'><strong>dicere</strong></span> <span class='ocrx_word' id='word_1_355' title='bbox 1519 2707 1857 2763; x_wconf 88' lang='lat' dir='ltr'><strong>sermonibus</strong></span> <span class='ocrx_word' id='word_1_356' title='bbox 1877 2708 2087 2778; x_wconf 74' lang='lat' dir='ltr'><strong>linguae,</strong></span> <span class='ocrx_word' id='word_1_357' title='bbox 2113 2711 2185 2767; x_wconf 83' lang='lat' dir='ltr'><strong>ita</strong></span> 
     </span>
    </p>
   </div>
   <div class='ocr_carea' id='block_1_45' title="bbox 591 2789 2186 2862">
    <p class='ocr_par' dir='ltr' id='par_1_45' title="bbox 591 2789 2186 2862">
     <span class='ocr_line' id='line_1_45' title="bbox 591 2789 2186 2862; baseline 0.009 -18"><span class='ocrx_word' id='word_1_358' title='bbox 591 2789 695 2845; x_wconf 89' lang='lat' dir='ltr'><strong>iste</strong></span> <span class='ocrx_word' id='word_1_359' title='bbox 723 2792 1062 2848; x_wconf 87' lang='lat' dir='ltr'><strong>sermonibus</strong></span> <span class='ocrx_word' id='word_1_360' title='bbox 1090 2793 1358 2850; x_wconf 78' lang='lat' dir='ltr'><strong>exclamat</strong></span> <span class='ocrx_word' id='word_1_361' title='bbox 1407 2796 1605 2862; x_wconf 82' lang='lat' dir='ltr'><strong>cordis,</strong></span> <span class='ocrx_word' id='word_1_362' title='bbox 1637 2799 1825 2854; x_wconf 86' lang='lat' dir='ltr'><strong>dicens</strong></span> <span class='ocrx_word' id='word_1_363' title='bbox 1858 2818 1870 2853; x_wconf 88' lang='lat'><strong>:</strong></span> <span class='ocrx_word' id='word_1_364' title='bbox 1905 2800 2023 2856; x_wconf 88' lang='lat' dir='ltr'><strong>Tibi</strong></span> <span class='ocrx_word' id='word_1_365' title='bbox 2049 2802 2186 2858; x_wconf 81' lang='lat' dir='ltr'><strong>dixit</strong></span> 
     </span>
    </p>
   </div>
   <div class='ocr_carea' id='block_1_46' title="bbox 590 2884 2186 2955">
    <p class='ocr_par' dir='ltr' id='par_1_46' title="bbox 590 2884 2186 2955">
     <span class='ocr_line' id='line_1_46' title="bbox 590 2884 2186 2955; baseline 0.009 -19"><span class='ocrx_word' id='word_1_366' title='bbox 590 2897 688 2936; x_wconf 91' lang='lat' dir='ltr'><strong>cor</strong></span> <span class='ocrx_word' id='word_1_367' title='bbox 713 2896 912 2947; x_wconf 88' lang='lat' dir='ltr'><strong>meum,</strong></span> <span class='ocrx_word' id='word_1_368' title='bbox 933 2884 1157 2953; x_wconf 77' lang='lat' dir='ltr'><strong>quaesivi</strong></span> <span class='ocrx_word' id='word_1_369' title='bbox 1181 2885 1386 2941; x_wconf 88' lang='lat' dir='ltr'><strong>vultum</strong></span> <span class='ocrx_word' id='word_1_370' title='bbox 1416 2895 1587 2955; x_wconf 92' lang='lat' dir='ltr'><strong>tuum,</strong></span> <span class='ocrx_word' id='word_1_371' title='bbox 1617 2905 1725 2945; x_wconf 91' lang='lat' dir='ltr'><strong>non</strong></span> <span class='ocrx_word' id='word_1_372' title='bbox 1755 2900 1968 2948; x_wconf 86' lang='lat' dir='ltr'><strong>avertas</strong></span> <span class='ocrx_word' id='word_1_373' title='bbox 1995 2891 2186 2950; x_wconf 87' lang='lat' dir='ltr'><strong>faciem</strong></span> 
     </span>
    </p>
   </div>
   <div class='ocr_carea' id='block_1_47' title="bbox 589 2961 2184 3056">
    <p class='ocr_par' dir='ltr' id='par_1_47' title="bbox 589 2961 2184 3056">
     <span class='ocr_line' id='line_1_47' title="bbox 589 2961 2184 3056; baseline 0.009 -28"><span class='ocrx_word' id='word_1_374' title='bbox 589 2961 798 3030; x_wconf 51' lang='lat' dir='ltr'><strong>tuam‘a</strong></span> <span class='ocrx_word' id='word_1_375' title='bbox 825 2992 933 3043; x_wconf 89' lang='lat' dir='ltr'><strong>me,</strong></span> <span class='ocrx_word' id='word_1_376' title='bbox 961 2992 1029 3032; x_wconf 93' lang='lat' dir='ltr'><strong>ne</strong></span> <span class='ocrx_word' id='word_1_377' title='bbox 1048 2978 1288 3037; x_wconf 89' lang='lat' dir='ltr'><strong>declines</strong></span> <span class='ocrx_word' id='word_1_378' title='bbox 1316 2981 1372 3037; x_wconf 93' lang='lat' dir='ltr'><strong>in</strong></span> <span class='ocrx_word' id='word_1_379' title='bbox 1397 2983 1475 3037; x_wconf 87' lang='lat' dir='ltr'><strong>ira</strong></span> <span class='ocrx_word' id='word_1_380' title='bbox 1505 2999 1536 3038; x_wconf 88' lang='lat' dir='ltr'><strong>a</strong></span> <span class='ocrx_word' id='word_1_381' title='bbox 1566 3000 1724 3040; x_wconf 89' lang='lat' dir='ltr'><strong>servo</strong></span> <span class='ocrx_word' id='word_1_382' title='bbox 1754 2994 1868 3042; x_wconf 89' lang='lat' dir='ltr'><strong>tuo.</strong></span> <span class='ocrx_word' id='word_1_383' title='bbox 1911 2985 2012 3056; x_wconf 85' lang='lat' dir='ltr'><strong>Egi</strong></span> <span class='ocrx_word' id='word_1_384' title='bbox 2039 2988 2184 3045; x_wconf 88' lang='lat' dir='ltr'><strong>enim</strong></span> 
     </span>
    </p>
   </div>
   <div class='ocr_carea' id='block_1_48' title="bbox 588 3067 2184 3150">
    <p class='ocr_par' dir='ltr' id='par_1_48' title="bbox 588 3067 2184 3150">
     <span class='ocr_line' id='line_1_48' title="bbox 588 3067 2184 3150; baseline 0.011 -31"><span class='ocrx_word' id='word_1_385' title='bbox 588 3067 717 3121; x_wconf 89' lang='lat' dir='ltr'><strong>talia</strong></span> <span class='ocrx_word' id='word_1_386' title='bbox 744 3068 939 3138; x_wconf 89' lang='lat' dir='ltr'><strong>quibus</strong></span> <span class='ocrx_word' id='word_1_387' title='bbox 958 3067 1105 3138; x_wconf 87' lang='lat' dir='ltr'><strong>juste</strong></span> <span class='ocrx_word' id='word_1_388' title='bbox 1155 3072 1322 3129; x_wconf 89' lang='lat' dir='ltr'><strong>iratus</strong></span> <span class='ocrx_word' id='word_1_389' title='bbox 1358 3090 1386 3130; x_wconf 89' lang='lat' dir='ltr'><strong>a</strong></span> <span class='ocrx_word' id='word_1_390' title='bbox 1415 3089 1534 3131; x_wconf 90' lang='lat' dir='ltr'><strong>mea</strong></span> <span class='ocrx_word' id='word_1_391' title='bbox 1564 3080 1999 3150; x_wconf 82' lang='lat' dir='ltr'><strong>concupiscentia</strong></span> <span class='ocrx_word' id='word_1_392' title='bbox 2028 3095 2184 3136; x_wconf 90' lang='lat' dir='ltr'><strong>aver-</strong></span> 
     </span>
    </p>
   </div>
   <div class='ocr_carea' id='block_1_49' title="bbox 587 3157 2256 3243">
    <p class='ocr_par' dir='ltr' id='par_1_49' title="bbox 587 3157 2256 3243">
     <span class='ocr_line' id='line_1_49' title="bbox 587 3157 2256 3243; baseline 0.01 -32"><span class='ocrx_word' id='word_1_393' title='bbox 587 3157 737 3224; x_wconf 86' lang='lat' dir='ltr'><strong>taris,</strong></span> <span class='ocrx_word' id='word_1_394' title='bbox 767 3159 862 3214; x_wconf 90' lang='lat' dir='ltr'><strong>scd</strong></span> <span class='ocrx_word' id='word_1_395' title='bbox 889 3161 1044 3229; x_wconf 83' lang='lat' dir='ltr'><strong>quasi</strong></span> <span class='ocrx_word' id='word_1_396' title='bbox 1071 3162 1378 3243; x_wconf 85' lang='lat' dir='ltr'><strong>misericors</strong></span> <span class='ocrx_word' id='word_1_397' title='bbox 1405 3175 1462 3221; x_wconf 92' lang='lat' dir='ltr'><strong>et</strong></span> <span class='ocrx_word' id='word_1_398' title='bbox 1507 3167 1724 3237; x_wconf 87' lang='lat' dir='ltr'><strong>adjutor</strong></span> <span class='ocrx_word' id='word_1_399' title='bbox 1751 3186 1902 3226; x_wconf 88' lang='lat' dir='ltr'><strong>meus</strong></span> <span class='ocrx_word' id='word_1_400' title='bbox 1925 3187 1986 3226; x_wconf 88' lang='lat' dir='ltr'><strong>es</strong></span> <span class='ocrx_word' id='word_1_401' title='bbox 2005 3180 2081 3238; x_wconf 87' lang='lat' dir='ltr'><strong>tu,</strong></span> <span class='ocrx_word' id='word_1_402' title='bbox 2115 3187 2184 3227; x_wconf 88' lang='lat' dir='ltr'><strong>ne</strong></span> <span class='ocrx_word' id='word_1_403' title='bbox 2209 3163 2256 3227; x_wconf 85' lang='lat' dir='ltr'><strong><em>C</em></strong></span> 
     </span>
    </p>
   </div>
   <div class='ocr_carea' id='block_1_50' title="bbox 587 3247 2183 3325">
    <p class='ocr_par' dir='ltr' id='par_1_50' title="bbox 587 3247 2183 3325">
     <span class='ocr_line' id='line_1_50' title="bbox 587 3247 2183 3325; baseline 0.011 -23"><span class='ocrx_word' id='word_1_404' title='bbox 587 3247 930 3320; x_wconf 83' lang='lat' dir='ltr'><strong>derelinquas</strong></span> <span class='ocrx_word' id='word_1_405' title='bbox 957 3266 1065 3317; x_wconf 86' lang='lat' dir='ltr'><strong>me,</strong></span> <span class='ocrx_word' id='word_1_406' title='bbox 1118 3269 1295 3324; x_wconf 89' lang='lat' dir='ltr'><strong>neque</strong></span> <span class='ocrx_word' id='word_1_407' title='bbox 1321 3254 1587 3325; x_wconf 88' lang='lat' dir='ltr'><strong>despicias</strong></span> <span class='ocrx_word' id='word_1_408' title='bbox 1629 3275 1735 3322; x_wconf 91' lang='lat' dir='ltr'><strong>me,</strong></span> <span class='ocrx_word' id='word_1_409' title='bbox 1769 3260 1910 3316; x_wconf 90' lang='lat' dir='ltr'><strong>Deus</strong></span> <span class='ocrx_word' id='word_1_410' title='bbox 1934 3263 2183 3320; x_wconf 89' lang='lat' dir='ltr'><strong>salutaris</strong></span> 
     </span>
    </p>
   </div>
   <div class='ocr_carea' id='block_1_51' title="bbox 588 3338 2182 3413">
    <p class='ocr_par' dir='ltr' id='par_1_51' title="bbox 588 3338 2182 3413">
     <span class='ocr_line' id='line_1_51' title="bbox 588 3338 2182 3413; baseline 0.011 -21"><span class='ocrx_word' id='word_1_411' title='bbox 588 3353 758 3394; x_wconf 89' lang='lat' dir='ltr'><strong>meus.</strong></span> <span class='ocrx_word' id='word_1_412' title='bbox 795 3338 926 3395; x_wconf 82' lang='lat' dir='ltr'><strong>Vide</strong></span> <span class='ocrx_word' id='word_1_413' title='bbox 977 3349 1157 3397; x_wconf 85' lang='lat' dir='ltr'><strong>autem</strong></span> <span class='ocrx_word' id='word_1_414' title='bbox 1185 3345 1400 3413; x_wconf 88' lang='lat' dir='ltr'><strong>qualem</strong></span> <span class='ocrx_word' id='word_1_415' title='bbox 1431 3361 1671 3402; x_wconf 89' lang='lat' dir='ltr'><strong>amorem</strong></span> <span class='ocrx_word' id='word_1_416' title='bbox 1702 3350 1814 3406; x_wconf 89' lang='lat' dir='ltr'><strong>Deo</strong></span> <span class='ocrx_word' id='word_1_417' title='bbox 1835 3351 2046 3407; x_wconf 80' lang='lat' dir='ltr'><strong>offerat.</strong></span> <span class='ocrx_word' id='word_1_418' title='bbox 2083 3353 2182 3410; x_wconf 87' lang='lat' dir='ltr'><strong>Le-</strong></span> 
     </span>
    </p>
   </div>
   <div class='ocr_carea' id='block_1_52' title="bbox 585 3431 2183 3508">
    <p class='ocr_par' dir='ltr' id='par_1_52' title="bbox 585 3431 2183 3508">
     <span class='ocr_line' id='line_1_52' title="bbox 585 3431 2183 3508; baseline 0.01 -22"><span class='ocrx_word' id='word_1_419' title='bbox 585 3432 777 3499; x_wconf 85' lang='lat' dir='ltr'><strong>gimus,</strong></span> <span class='ocrx_word' id='word_1_420' title='bbox 795 3431 930 3500; x_wconf 87' lang='lat' dir='ltr'><strong>Quia</strong></span> <span class='ocrx_word' id='word_1_421' title='bbox 953 3434 1201 3506; x_wconf 84' lang='lat' dir='ltr'><strong>relinquet</strong></span> <span class='ocrx_word' id='word_1_422' title='bbox 1220 3435 1372 3492; x_wconf 88' lang='lat' dir='ltr'><strong>homo</strong></span> <span class='ocrx_word' id='word_1_423' title='bbox 1391 3446 1592 3508; x_wconf 77' lang='lat' dir='ltr'><strong>patrem</strong></span> <span class='ocrx_word' id='word_1_424' title='bbox 1605 3448 1656 3495; x_wconf 85' lang='lat' dir='ltr'><strong>et</strong></span> <span class='ocrx_word' id='word_1_425' title='bbox 1675 3451 1910 3506; x_wconf 75' lang='lat' dir='ltr'><strong>mtrem,</strong></span> <span class='ocrx_word' id='word_1_426' title='bbox 1932 3453 1982 3499; x_wconf 87' lang='lat' dir='ltr'><strong>et</strong></span> <span class='ocrx_word' id='word_1_427' title='bbox 2006 3447 2183 3502; x_wconf 76' lang='lat' dir='ltr'><strong>adita:-</strong></span> 
     </span>
    </p>
   </div>
   <div class='ocr_carea' id='block_1_53' title="bbox 586 3525 2181 3605">
    <p class='ocr_par' dir='ltr' id='par_1_53' title="bbox 586 3525 2181 3605">
     <span class='ocr_line' id='line_1_53' title="bbox 586 3525 2181 3605; baseline 0.009 -23"><span class='ocrx_word' id='word_1_428' title='bbox 586 3525 715 3582; x_wconf 85' lang='lat' dir='ltr'><strong>rebit</strong></span> <span class='ocrx_word' id='word_1_429' title='bbox 735 3529 889 3583; x_wconf 76' lang='lat' dir='ltr'><strong>uxori</strong></span> <span class='ocrx_word' id='word_1_430' title='bbox 909 3526 1062 3599; x_wconf 84' lang='lat' dir='ltr'><strong>(Gen.</strong></span> <span class='ocrx_word' id='word_1_431' title='bbox 1091 3545 1147 3599; x_wconf 86' lang='grc' dir='ltr'><strong>ιι,</strong></span> <span class='ocrx_word' id='word_1_432' title='bbox 1173 3529 1367 3585; x_wconf 75' lang='lat' dir='ltr'><strong>Matth.</strong></span> <span class='ocrx_word' id='word_1_433' title='bbox 1399 3531 1541 3603; x_wconf 70' lang='lat' dir='ltr'><strong>XIX);</strong></span> <span class='ocrx_word' id='word_1_434' title='bbox 1574 3533 1646 3589; x_wconf 89' lang='lat' dir='ltr'><strong>ita</strong></span> <span class='ocrx_word' id='word_1_435' title='bbox 1672 3535 1776 3601; x_wconf 89' lang='lat' dir='ltr'><strong>hic,</strong></span> <span class='ocrx_word' id='word_1_436' title='bbox 1805 3537 1930 3605; x_wconf 85' lang='lat' dir='ltr'><strong>quia</strong></span> <span class='ocrx_word' id='word_1_437' title='bbox 1961 3538 2181 3595; x_wconf 88' lang='lat' dir='ltr'><strong>adama-</strong></span> 
     </span>
    </p>
   </div>
   <div class='ocr_carea' id='block_1_54' title="bbox 585 3619 2183 3693">
    <p class='ocr_par' dir='ltr' id='par_1_54' title="bbox 585 3619 2183 3693">
     <span class='ocr_line' id='line_1_54' title="bbox 585 3619 2183 3693; baseline 0.011 -21"><span class='ocrx_word' id='word_1_438' title='bbox 585 3619 662 3674; x_wconf 93' lang='lat' dir='ltr'><strong>vit</strong></span> <span class='ocrx_word' id='word_1_439' title='bbox 688 3619 992 3686; x_wconf 91' lang='lat' dir='ltr'><strong>Dominum,</strong></span> <span class='ocrx_word' id='word_1_440' title='bbox 1026 3619 1204 3687; x_wconf 90' lang='lat' dir='ltr'><strong>Pater,</strong></span> <span class='ocrx_word' id='word_1_441' title='bbox 1237 3623 1429 3693; x_wconf 87' lang='lat' dir='ltr'><strong>inquit,</strong></span> <span class='ocrx_word' id='word_1_442' title='bbox 1455 3641 1626 3693; x_wconf 89' lang='lat' dir='ltr'><strong>meus,</strong></span> <span class='ocrx_word' id='word_1_443' title='bbox 1658 3636 1714 3683; x_wconf 90' lang='lat' dir='ltr'><strong>et</strong></span> <span class='ocrx_word' id='word_1_444' title='bbox 1742 3637 1914 3685; x_wconf 89' lang='lat' dir='ltr'><strong>mater</strong></span> <span class='ocrx_word' id='word_1_445' title='bbox 1943 3647 2062 3688; x_wconf 89' lang='lat' dir='ltr'><strong>mea</strong></span> <span class='ocrx_word' id='word_1_446' title='bbox 2089 3633 2183 3689; x_wconf 89' lang='lat' dir='ltr'><strong>de-</strong></span> 
     </span>
    </p>
   </div>
   <div class='ocr_carea' id='block_1_55' title="bbox 585 3711 2181 3792">
    <p class='ocr_par' dir='ltr' id='par_1_55' title="bbox 585 3711 2181 3792">
     <span class='ocr_line' id='line_1_55' title="bbox 585 3711 2181 3792; baseline 0.009 -26"><span class='ocrx_word' id='word_1_447' title='bbox 585 3711 923 3780; x_wconf 89' lang='lat' dir='ltr'><strong>reliquerunt</strong></span> <span class='ocrx_word' id='word_1_448' title='bbox 942 3727 1049 3779; x_wconf 87' lang='lat' dir='ltr'><strong>me,</strong></span> <span class='ocrx_word' id='word_1_449' title='bbox 1079 3713 1337 3771; x_wconf 90' lang='lat' dir='ltr'><strong>Dominus</strong></span> <span class='ocrx_word' id='word_1_450' title='bbox 1357 3724 1538 3772; x_wconf 89' lang='lat' dir='ltr'><strong>autem</strong></span> <span class='ocrx_word' id='word_1_451' title='bbox 1565 3723 1854 3792; x_wconf 88' lang='lat' dir='ltr'><strong>assumpsit</strong></span> <span class='ocrx_word' id='word_1_452' title='bbox 1884 3737 1990 3787; x_wconf 90' lang='lat' dir='ltr'><strong>me,</strong></span> <span class='ocrx_word' id='word_1_453' title='bbox 2019 3725 2181 3781; x_wconf 89' lang='lat' dir='ltr'><strong>etiam</strong></span> 
     </span>
    </p>
   </div>
   <div class='ocr_carea' id='block_1_56' title="bbox 582 3802 2183 3885">
    <p class='ocr_par' dir='ltr' id='par_1_56' title="bbox 582 3802 2183 3885">
     <span class='ocr_line' id='line_1_56' title="bbox 582 3802 2183 3885; baseline 0.011 -29"><span class='ocrx_word' id='word_1_454' title='bbox 582 3802 739 3872; x_wconf 80' lang='lat' dir='ltr'><strong>quasi</strong></span> <span class='ocrx_word' id='word_1_455' title='bbox 763 3812 852 3868; x_wconf 92' lang='lat' dir='ltr'><strong>tu,</strong></span> <span class='ocrx_word' id='word_1_456' title='bbox 884 3820 917 3860; x_wconf 91' lang='grc' dir='ltr'><strong>ο</strong></span> <span class='ocrx_word' id='word_1_457' title='bbox 947 3803 1193 3872; x_wconf 87' lang='lat' dir='ltr'><strong>Domine,</strong></span> <span class='ocrx_word' id='word_1_458' title='bbox 1237 3813 1401 3877; x_wconf 67' lang='lat' dir='ltr'><strong>Quem</strong></span> <span class='ocrx_word' id='word_1_459' title='bbox 1440 3809 1759 3868; x_wconf 90' lang='lat' dir='ltr'><strong>derelictum</strong></span> <span class='ocrx_word' id='word_1_460' title='bbox 1788 3829 1818 3869; x_wconf 89' lang='lat' dir='ltr'><strong>a</strong></span> <span class='ocrx_word' id='word_1_461' title='bbox 1869 3817 2183 3885; x_wconf 89' lang='lat' dir='ltr'><strong>parentibus</strong></span> 
     </span>
    </p>
   </div>
   <div class='ocr_carea' id='block_1_57' title="bbox 582 3896 2184 3974">
    <p class='ocr_par' dir='ltr' id='par_1_57' title="bbox 582 3896 2184 3974">
     <span class='ocr_line' id='line_1_57' title="bbox 582 3896 2184 3974; baseline 0.01 -24"><span class='ocrx_word' id='word_1_462' title='bbox 582 3896 958 3967; x_wconf 87' lang='lat' dir='ltr'><strong>assumpsisti:</strong></span> <span class='ocrx_word' id='word_1_463' title='bbox 991 3896 1190 3968; x_wconf 89' lang='lat' dir='ltr'><strong>Legem</strong></span> <span class='ocrx_word' id='word_1_464' title='bbox 1217 3916 1360 3971; x_wconf 93' lang='lat' dir='ltr'><strong>pone</strong></span> <span class='ocrx_word' id='word_1_465' title='bbox 1398 3903 1529 3957; x_wconf 85' lang='lat' dir='ltr'><strong>mihi</strong></span> <span class='ocrx_word' id='word_1_466' title='bbox 1581 3905 1634 3958; x_wconf 91' lang='lat' dir='ltr'><strong>in</strong></span> <span class='ocrx_word' id='word_1_467' title='bbox 1681 3907 1767 3961; x_wconf 90' lang='lat' dir='ltr'><strong>via</strong></span> <span class='ocrx_word' id='word_1_468' title='bbox 1815 3917 1926 3974; x_wconf 91' lang='lat' dir='ltr'><strong>tua,</strong></span> <span class='ocrx_word' id='word_1_469' title='bbox 1959 3911 2184 3966; x_wconf 80' lang='lat' dir='ltr'><strong>Ostende</strong></span> 
     </span>
    </p>
   </div>
   <div class='ocr_carea' id='block_1_58' title="bbox 583 3986 2182 4063">
    <p class='ocr_par' dir='ltr' id='par_1_58' title="bbox 583 3986 2182 4063">
     <span class='ocr_line' id='line_1_58' title="bbox 583 3986 2182 4063; baseline 0.009 -22"><span class='ocrx_word' id='word_1_470' title='bbox 583 3986 712 4056; x_wconf 91' lang='lat' dir='ltr'><strong>quid</strong></span> <span class='ocrx_word' id='word_1_471' title='bbox 735 3986 891 4053; x_wconf 82' lang='lat' dir='ltr'><strong>velis,</strong></span> <span class='ocrx_word' id='word_1_472' title='bbox 920 3987 1049 4057; x_wconf 89' lang='lat' dir='ltr'><strong>quid</strong></span> <span class='ocrx_word' id='word_1_473' title='bbox 1079 3990 1240 4053; x_wconf 88' lang='lat' dir='ltr'><strong>nolis,</strong></span> <span class='ocrx_word' id='word_1_474' title='bbox 1277 3991 1407 4060; x_wconf 90' lang='lat' dir='ltr'><strong>quid</strong></span> <span class='ocrx_word' id='word_1_475' title='bbox 1427 3992 1639 4062; x_wconf 84' lang='lat' dir='ltr'><strong>diligas,</strong></span> <span class='ocrx_word' id='word_1_476' title='bbox 1681 3995 1808 4063; x_wconf 89' lang='lat' dir='ltr'><strong>quid</strong></span> <span class='ocrx_word' id='word_1_477' title='bbox 1837 3997 2008 4052; x_wconf 90' lang='lat' dir='ltr'><strong>odias.</strong></span> <span class='ocrx_word' id='word_1_478' title='bbox 2041 3999 2182 4055; x_wconf 81' lang='lat' dir='ltr'><strong>Fieri</strong></span> 
     </span>
    </p>
   </div>
   <div class='ocr_carea' id='block_1_59' title="bbox 583 4078 2182 4156">
    <p class='ocr_par' dir='ltr' id='par_1_59' title="bbox 583 4078 2182 4156">
     <span class='ocr_line' id='line_1_59' title="bbox 583 4078 2182 4156; baseline 0.008 -24"><span class='ocrx_word' id='word_1_479' title='bbox 583 4078 728 4132; x_wconf 90' lang='lat' dir='ltr'><strong>enim</strong></span> <span class='ocrx_word' id='word_1_480' title='bbox 755 4078 958 4148; x_wconf 86' lang='lat' dir='ltr'><strong>poterit</strong></span> <span class='ocrx_word' id='word_1_481' title='bbox 978 4085 1037 4132; x_wconf 91' lang='lat' dir='ltr'><strong>ut</strong></span> <span class='ocrx_word' id='word_1_482' title='bbox 1064 4080 1396 4148; x_wconf 85' lang='lat' dir='ltr'><strong>obsequendi</strong></span> <span class='ocrx_word' id='word_1_483' title='bbox 1417 4089 1546 4136; x_wconf 91' lang='lat' dir='ltr'><strong>voto</strong></span> <span class='ocrx_word' id='word_1_484' title='bbox 1571 4082 1856 4149; x_wconf 80' lang='lat' dir='ltr'><strong>oﬂ&#39;endam,</strong></span> <span class='ocrx_word' id='word_1_485' title='bbox 1882 4087 1926 4141; x_wconf 83' lang='lat' dir='ltr'><strong>si</strong></span> <span class='ocrx_word' id='word_1_486' title='bbox 1951 4090 2182 4156; x_wconf 89' lang='lat' dir='ltr'><strong>qualiter</strong></span> 
     </span>
    </p>
   </div>
   <div class='ocr_carea' id='block_1_60' title="bbox 581 4165 2180 4238">
    <p class='ocr_par' dir='ltr' id='par_1_60' title="bbox 581 4165 2180 4238">
     <span class='ocr_line' id='line_1_60' title="bbox 581 4165 2180 4238; baseline 0.009 -19"><span class='ocrx_word' id='word_1_487' title='bbox 581 4165 809 4222; x_wconf 84' lang='lat' dir='ltr'><strong>debeam</strong></span> <span class='ocrx_word' id='word_1_488' title='bbox 836 4173 964 4221; x_wconf 88' lang='lat' dir='ltr'><strong>ante</strong></span> <span class='ocrx_word' id='word_1_489' title='bbox 991 4182 1100 4223; x_wconf 90' lang='lat' dir='ltr'><strong>non</strong></span> <span class='ocrx_word' id='word_1_490' title='bbox 1127 4167 1351 4223; x_wconf 87' lang='lat' dir='ltr'><strong>discam.</strong></span> <span class='ocrx_word' id='word_1_491' title='bbox 1400 4167 1468 4222; x_wconf 87' lang='lat' dir='ltr'><strong>Et</strong></span> <span class='ocrx_word' id='word_1_492' title='bbox 1509 4171 1636 4238; x_wconf 89' lang='lat' dir='ltr'><strong>quia</strong></span> <span class='ocrx_word' id='word_1_493' title='bbox 1682 4171 1884 4230; x_wconf 90' lang='lat' dir='ltr'><strong>inimici</strong></span> <span class='ocrx_word' id='word_1_494' title='bbox 1913 4176 2016 4230; x_wconf 89' lang='lat' dir='ltr'><strong>mei</strong></span> <span class='ocrx_word' id='word_1_495' title='bbox 2047 4178 2180 4233; x_wconf 90' lang='lat' dir='ltr'><strong>nihil</strong></span> 
     </span>
    </p>
   </div>
   <div class='ocr_carea' id='block_1_61' title="bbox 583 4255 2182 4334">
    <p class='ocr_par' dir='ltr' id='par_1_61' title="bbox 583 4255 2182 4334">
     <span class='ocr_line' id='line_1_61' title="bbox 583 4255 2182 4334; baseline 0.01 -26"><span class='ocrx_word' id='word_1_496' title='bbox 583 4255 730 4310; x_wconf 86' lang='lat' dir='ltr'><strong>aliud</strong></span> <span class='ocrx_word' id='word_1_497' title='bbox 756 4256 977 4312; x_wconf 86' lang='lat' dir='ltr'><strong>student</strong></span> <span class='ocrx_word' id='word_1_498' title='bbox 999 4257 1102 4312; x_wconf 90' lang='lat' dir='ltr'><strong>nisi</strong></span> <span class='ocrx_word' id='word_1_499' title='bbox 1133 4265 1193 4311; x_wconf 91' lang='lat' dir='ltr'><strong>ut</strong></span> <span class='ocrx_word' id='word_1_500' title='bbox 1215 4267 1269 4314; x_wconf 92' lang='lat' dir='ltr'><strong>te</strong></span> <span class='ocrx_word' id='word_1_501' title='bbox 1293 4259 1523 4326; x_wconf 68' lang='lat' dir='ltr'><strong>offenso,</strong></span> <span class='ocrx_word' id='word_1_502' title='bbox 1547 4262 1625 4317; x_wconf 89' lang='lat' dir='ltr'><strong>illi</strong></span> <span class='ocrx_word' id='word_1_503' title='bbox 1645 4279 1809 4334; x_wconf 89' lang='lat' dir='ltr'><strong>super</strong></span> <span class='ocrx_word' id='word_1_504' title='bbox 1835 4281 1922 4322; x_wconf 91' lang='lat' dir='ltr'><strong>me</strong></span> <span class='ocrx_word' id='word_1_505' title='bbox 1949 4268 2182 4324; x_wconf 88' lang='lat' dir='ltr'><strong>habeant</strong></span> 
     </span>
    </p>
   </div>
   <div class='ocr_carea' id='block_1_62' title="bbox 585 4346 2184 4430">
    <p class='ocr_par' dir='ltr' id='par_1_62' title="bbox 585 4346 2184 4430">
     <span class='ocr_line' id='line_1_62' title="bbox 585 4346 2184 4430; baseline 0.011 -32"><span class='ocrx_word' id='word_1_506' title='bbox 585 4352 933 4414; x_wconf 83' lang='lat' dir='ltr'><strong>potestatem,</strong></span> <span class='ocrx_word' id='word_1_507' title='bbox 965 4346 1070 4403; x_wconf 91' lang='lat' dir='ltr'><strong>hoc</strong></span> <span class='ocrx_word' id='word_1_508' title='bbox 1097 4361 1249 4417; x_wconf 77' lang='lat' dir='ltr'><strong>rogo,</strong></span> <span class='ocrx_word' id='word_1_509' title='bbox 1285 4357 1346 4403; x_wconf 91' lang='lat' dir='ltr'><strong>ut</strong></span> <span class='ocrx_word' id='word_1_510' title='bbox 1364 4349 1564 4420; x_wconf 86' lang='lat' dir='ltr'><strong>dirigas</strong></span> <span class='ocrx_word' id='word_1_511' title='bbox 1590 4367 1677 4407; x_wconf 91' lang='lat' dir='ltr'><strong>me</strong></span> <span class='ocrx_word' id='word_1_512' title='bbox 1705 4354 1757 4408; x_wconf 91' lang='lat' dir='ltr'><strong>in</strong></span> <span class='ocrx_word' id='word_1_513' title='bbox 1784 4355 1870 4410; x_wconf 90' lang='lat' dir='ltr'><strong>via</strong></span> <span class='ocrx_word' id='word_1_514' title='bbox 1889 4365 2036 4413; x_wconf 89' lang='lat' dir='ltr'><strong>recta</strong></span> <span class='ocrx_word' id='word_1_515' title='bbox 2065 4366 2184 4430; x_wconf 81' lang='lat' dir='ltr'><strong>pro-</strong></span> 
     </span>
    </p>
   </div>
   <div class='ocr_carea' id='block_1_63' title="bbox 583 4435 2177 4522">
    <p class='ocr_par' dir='ltr' id='par_1_63' title="bbox 583 4435 2177 4522">
     <span class='ocr_line' id='line_1_63' title="bbox 583 4435 2177 4522; baseline 0.01 -32"><span class='ocrx_word' id='word_1_516' title='bbox 583 4445 703 4507; x_wconf 92' lang='lat' dir='ltr'><strong>pter</strong></span> <span class='ocrx_word' id='word_1_517' title='bbox 730 4435 978 4495; x_wconf 86' lang='lat' dir='ltr'><strong>inimicos</strong></span> <span class='ocrx_word' id='word_1_518' title='bbox 1002 4453 1174 4504; x_wconf 90' lang='lat' dir='ltr'><strong>meos,</strong></span> <span class='ocrx_word' id='word_1_519' title='bbox 1203 4447 1262 4494; x_wconf 85' lang='lat' dir='ltr'><strong>ut</strong></span> <span class='ocrx_word' id='word_1_520' title='bbox 1282 4442 1592 4498; x_wconf 87' lang='lat' dir='ltr'><strong>non&#39;tradas</strong></span> <span class='ocrx_word' id='word_1_521' title='bbox 1625 4459 1712 4500; x_wconf 91' lang='lat' dir='ltr'><strong>me</strong></span> <span class='ocrx_word' id='word_1_522' title='bbox 1739 4446 1792 4500; x_wconf 89' lang='lat' dir='ltr'><strong>in</strong></span> <span class='ocrx_word' id='word_1_523' title='bbox 1815 4447 2024 4506; x_wconf 89' lang='lat' dir='ltr'><strong>animas</strong></span> <span class='ocrx_word' id='word_1_524' title='bbox 2051 4467 2177 4522; x_wconf 87' lang='lat' dir='ltr'><strong>per-</strong></span> 
     </span>
    </p>
   </div>
   <div class='ocr_carea' id='block_1_64' title="bbox 583 4527 2262 4602">
    <p class='ocr_par' dir='ltr' id='par_1_64' title="bbox 583 4527 2262 4602">
     <span class='ocr_line' id='line_1_64' title="bbox 583 4527 2262 4602; baseline 0.012 -20"><span class='ocrx_word' id='word_1_525' title='bbox 583 4527 919 4596; x_wconf 80' lang='lat' dir='ltr'><strong>sequentium</strong></span> <span class='ocrx_word' id='word_1_526' title='bbox 947 4543 1052 4595; x_wconf 89' lang='lat' dir='ltr'><strong>me,</strong></span> <span class='ocrx_word' id='word_1_527' title='bbox 1085 4530 1211 4598; x_wconf 89' lang='lat' dir='ltr'><strong>quia</strong></span> <span class='ocrx_word' id='word_1_528' title='bbox 1241 4531 1647 4591; x_wconf 78' lang='lat' dir='ltr'><strong>insurrexerunt</strong></span> <span class='ocrx_word' id='word_1_529' title='bbox 1674 4539 1728 4593; x_wconf 92' lang='lat' dir='ltr'><strong>in</strong></span> <span class='ocrx_word' id='word_1_530' title='bbox 1766 4555 1852 4596; x_wconf 91' lang='lat' dir='ltr'><strong>me</strong></span> <span class='ocrx_word' id='word_1_531' title='bbox 1887 4551 2050 4599; x_wconf 87' lang='lat' dir='ltr'><strong>testes</strong></span> <span class='ocrx_word' id='word_1_532' title='bbox 2078 4545 2179 4600; x_wconf 90' lang='lat' dir='ltr'><strong>ini-</strong></span> <span class='ocrx_word' id='word_1_533' title='bbox 2210 4539 2262 4602; x_wconf 89' lang='lat' dir='ltr'><strong>D</strong></span> 
     </span>
    </p>
   </div>
   <div class='ocr_carea' id='block_1_65' title="bbox 583 4615 2186 4704">
    <p class='ocr_par' dir='ltr' id='par_1_65' title="bbox 583 4615 2186 4704">
     <span class='ocr_line' id='line_1_65' title="bbox 583 4615 2186 4704; baseline 0.014 -33"><span class='ocrx_word' id='word_1_534' title='bbox 583 4617 695 4687; x_wconf 87' lang='lat' dir='ltr'><strong>qui.</strong></span> <span class='ocrx_word' id='word_1_535' title='bbox 722 4615 1023 4676; x_wconf 86' lang='lat' dir='ltr'><strong>Ostendunt</strong></span> <span class='ocrx_word' id='word_1_536' title='bbox 1065 4623 1250 4678; x_wconf 91' lang='lat' dir='ltr'><strong>mundi</strong></span> <span class='ocrx_word' id='word_1_537' title='bbox 1298 4626 1768 4699; x_wconf 89' lang='lat' dir='ltr'><strong>pulchritudinem,</strong></span> <span class='ocrx_word' id='word_1_538' title='bbox 1801 4648 1920 4704; x_wconf 74' lang='lat' dir='ltr'><strong>quae</strong></span> <span class='ocrx_word' id='word_1_539' title='bbox 1958 4651 2078 4692; x_wconf 91' lang='lat' dir='ltr'><strong>cum</strong></span> <span class='ocrx_word' id='word_1_540' title='bbox 2109 4623 2186 4694; x_wconf 82' lang='lat' dir='ltr'><strong>sit</strong></span> 
     </span>
    </p>
   </div>
   <div class='ocr_carea' id='block_1_66' title="bbox 583 4711 2180 4796">
    <p class='ocr_par' dir='ltr' id='par_1_66' title="bbox 583 4711 2180 4796">
     <span class='ocr_line' id='line_1_66' title="bbox 583 4711 2180 4796; baseline 0.011 -30"><span class='ocrx_word' id='word_1_541' title='bbox 583 4711 830 4768; x_wconf 88' lang='lat' dir='ltr'><strong>mortalis</strong></span> <span class='ocrx_word' id='word_1_542' title='bbox 851 4711 905 4767; x_wconf 90' lang='lat' dir='ltr'><strong>in</strong></span> <span class='ocrx_word' id='word_1_543' title='bbox 924 4722 1104 4782; x_wconf 86' lang='lat' dir='ltr'><strong>gustu,</strong></span> <span class='ocrx_word' id='word_1_544' title='bbox 1145 4718 1393 4787; x_wconf 87' lang='lat' dir='ltr'><strong>speciosa</strong></span> <span class='ocrx_word' id='word_1_545' title='bbox 1413 4728 1497 4776; x_wconf 90' lang='lat' dir='ltr'><strong>est</strong></span> <span class='ocrx_word' id='word_1_546' title='bbox 1526 4722 1579 4777; x_wconf 90' lang='lat' dir='ltr'><strong>in</strong></span> <span class='ocrx_word' id='word_1_547' title='bbox 1607 4734 1847 4796; x_wconf 89' lang='lat' dir='ltr'><strong>aspectu,</strong></span> <span class='ocrx_word' id='word_1_548' title='bbox 1880 4735 1936 4783; x_wconf 91' lang='lat' dir='ltr'><strong>et</strong></span> <span class='ocrx_word' id='word_1_549' title='bbox 1957 4729 2180 4785; x_wconf 89' lang='lat' dir='ltr'><strong>mentita</strong></span> 
     </span>
    </p>
   </div>
   <div class='ocr_carea' id='block_1_67' title="bbox 583 4801 2178 4888">
    <p class='ocr_par' dir='ltr' id='par_1_67' title="bbox 583 4801 2178 4888">
     <span class='ocr_line' id='line_1_67' title="bbox 583 4801 2178 4888; baseline 0.013 -31"><span class='ocrx_word' id='word_1_550' title='bbox 583 4801 718 4860; x_wconf 85' lang='lat' dir='ltr'><strong>facie</strong></span> <span class='ocrx_word' id='word_1_551' title='bbox 745 4802 946 4875; x_wconf 85' lang='lat' dir='ltr'><strong>decipit</strong></span> <span class='ocrx_word' id='word_1_552' title='bbox 993 4806 1375 4881; x_wconf 76' lang='lat' dir='ltr'><strong>inspector-em.</strong></span> <span class='ocrx_word' id='word_1_553' title='bbox 1423 4812 1538 4884; x_wconf 88' lang='lat' dir='ltr'><strong>Ego</strong></span> <span class='ocrx_word' id='word_1_554' title='bbox 1565 4824 1744 4872; x_wconf 88' lang='lat' dir='ltr'><strong>autem</strong></span> <span class='ocrx_word' id='word_1_555' title='bbox 1785 4818 1877 4888; x_wconf 89' lang='lat' dir='ltr'><strong>qui</strong></span> <span class='ocrx_word' id='word_1_556' title='bbox 1907 4819 2022 4875; x_wconf 57' lang='lat' dir='ltr'><strong>haue</strong></span> <span class='ocrx_word' id='word_1_557' title='bbox 2045 4835 2178 4876; x_wconf 89' lang='lat' dir='ltr'><strong>con-</strong></span> 
     </span>
    </p>
   </div>
   <div class='ocr_carea' id='block_1_68' title="bbox 584 4898 2181 4976">
    <p class='ocr_par' dir='ltr' id='par_1_68' title="bbox 584 4898 2181 4976">
     <span class='ocr_line' id='line_1_68' title="bbox 584 4898 2181 4976; baseline 0.013 -27"><span class='ocrx_word' id='word_1_558' title='bbox 584 4902 787 4962; x_wconf 89' lang='lat' dir='ltr'><strong>temno,</strong></span> <span class='ocrx_word' id='word_1_559' title='bbox 809 4898 976 4954; x_wconf 88' lang='lat' dir='ltr'><strong>credo</strong></span> <span class='ocrx_word' id='word_1_560' title='bbox 1001 4901 1145 4970; x_wconf 89' lang='lat' dir='ltr'><strong>quod</strong></span> <span class='ocrx_word' id='word_1_561' title='bbox 1169 4901 1378 4958; x_wconf 89' lang='lat' dir='ltr'><strong>videam</strong></span> <span class='ocrx_word' id='word_1_562' title='bbox 1401 4905 1542 4962; x_wconf 89' lang='lat' dir='ltr'><strong>bona</strong></span> <span class='ocrx_word' id='word_1_563' title='bbox 1566 4907 1776 4965; x_wconf 90' lang='lat' dir='ltr'><strong>Domini</strong></span> <span class='ocrx_word' id='word_1_564' title='bbox 1803 4910 1857 4966; x_wconf 91' lang='lat' dir='ltr'><strong>in</strong></span> <span class='ocrx_word' id='word_1_565' title='bbox 1885 4919 2046 4976; x_wconf 87' lang='lat' dir='ltr'><strong>terra,</strong></span> <span class='ocrx_word' id='word_1_566' title='bbox 2075 4929 2181 4969; x_wconf 90' lang='lat' dir='ltr'><strong>non</strong></span> 
     </span>
    </p>
   </div>
   <div class='ocr_carea' id='block_1_69' title="bbox 582 4990 2176 5074">
    <p class='ocr_par' dir='ltr' id='par_1_69' title="bbox 582 4990 2176 5074">
     <span class='ocr_line' id='line_1_69' title="bbox 582 4990 2176 5074; baseline 0.009 -29"><span class='ocrx_word' id='word_1_567' title='bbox 582 4990 909 5059; x_wconf 88' lang='lat' dir='ltr'><strong>mortalium,</strong></span> <span class='ocrx_word' id='word_1_568' title='bbox 929 4994 1024 5050; x_wconf 88' lang='lat' dir='ltr'><strong>sed</strong></span> <span class='ocrx_word' id='word_1_569' title='bbox 1053 4995 1368 5052; x_wconf 90' lang='lat' dir='ltr'><strong>viventium.</strong></span> <span class='ocrx_word' id='word_1_570' title='bbox 1407 4998 1488 5055; x_wconf 84' lang='lat' dir='ltr'><strong>Ad</strong></span> <span class='ocrx_word' id='word_1_571' title='bbox 1511 5001 1625 5057; x_wconf 75' lang='lat' dir='ltr'><strong>htec</strong></span> <span class='ocrx_word' id='word_1_572' title='bbox 1651 5003 1932 5074; x_wconf 87' lang='lat' dir='ltr'><strong>respondit</strong></span> <span class='ocrx_word' id='word_1_573' title='bbox 1960 5005 2012 5060; x_wconf 92' lang='lat' dir='ltr'><strong>in</strong></span> <span class='ocrx_word' id='word_1_574' title='bbox 2038 5007 2176 5062; x_wconf 84' lang='lat' dir='ltr'><strong>anti-</strong></span> 
     </span>
    </p>
   </div>
   <div class='ocr_carea' id='block_1_70' title="bbox 582 5081 2178 5168">
    <p class='ocr_par' dir='ltr' id='par_1_70' title="bbox 582 5081 2178 5168">
     <span class='ocr_line' id='line_1_70' title="bbox 582 5081 2178 5168; baseline 0.011 -32"><span class='ocrx_word' id='word_1_575' title='bbox 582 5081 765 5152; x_wconf 81' lang='lat' dir='ltr'><strong>phona</strong></span> <span class='ocrx_word' id='word_1_576' title='bbox 804 5083 1036 5154; x_wconf 89' lang='lat' dir='ltr'><strong>Spiritus</strong></span> <span class='ocrx_word' id='word_1_577' title='bbox 1068 5105 1080 5140; x_wconf 91' lang='lat'><strong>:</strong></span> <span class='ocrx_word' id='word_1_578' title='bbox 1121 5087 1179 5142; x_wconf 92' lang='lat' dir='ltr'><strong>Si</strong></span> <span class='ocrx_word' id='word_1_579' title='bbox 1210 5102 1340 5158; x_wconf 83' lang='lat' dir='ltr'><strong>ergo</strong></span> <span class='ocrx_word' id='word_1_580' title='bbox 1368 5091 1542 5150; x_wconf 84' lang='lat' dir='ltr'><strong>credis</strong></span> <span class='ocrx_word' id='word_1_581' title='bbox 1571 5093 1753 5168; x_wconf 86' lang='lat' dir='ltr'><strong>videre</strong></span> <span class='ocrx_word' id='word_1_582' title='bbox 1797 5096 1936 5151; x_wconf 87' lang='lat' dir='ltr'><strong>bona</strong></span> <span class='ocrx_word' id='word_1_583' title='bbox 1968 5095 2178 5153; x_wconf 92' lang='lat' dir='ltr'><strong>Domini</strong></span> 
     </span>
    </p>
   </div>
   <div class='ocr_carea' id='block_1_71' title="bbox 586 5173 2175 5256">
    <p class='ocr_par' dir='ltr' id='par_1_71' title="bbox 586 5173 2175 5256">
     <span class='ocr_line' id='line_1_71' title="bbox 586 5173 2175 5256; baseline 0.011 -28"><span class='ocrx_word' id='word_1_584' title='bbox 586 5173 640 5228; x_wconf 91' lang='lat' dir='ltr'><strong>in</strong></span> <span class='ocrx_word' id='word_1_585' title='bbox 669 5183 810 5230; x_wconf 88' lang='lat' dir='ltr'><strong>terra</strong></span> <span class='ocrx_word' id='word_1_586' title='bbox 840 5178 1156 5246; x_wconf 89' lang='lat' dir='ltr'><strong>viventium,</strong></span> <span class='ocrx_word' id='word_1_587' title='bbox 1182 5190 1434 5252; x_wconf 84' lang='lat' dir='ltr'><strong>exspecta</strong></span> <span class='ocrx_word' id='word_1_588' title='bbox 1468 5184 1780 5250; x_wconf 86' lang='lat' dir='ltr'><strong>Dominum;</strong></span> <span class='ocrx_word' id='word_1_589' title='bbox 1805 5203 1904 5256; x_wconf 87' lang='lat' dir='ltr'><strong>age</strong></span> <span class='ocrx_word' id='word_1_590' title='bbox 1932 5186 2175 5252; x_wconf 85' lang='lat' dir='ltr'><strong>viriliter,</strong></span> 
     </span>
    </p>
   </div>
   <div class='ocr_carea' id='block_1_72' title="bbox 583 5265 2178 5353">
    <p class='ocr_par' dir='ltr' id='par_1_72' title="bbox 583 5265 2178 5353">
     <span class='ocr_line' id='line_1_72' title="bbox 583 5265 2178 5353; baseline 0.013 -33"><span class='ocrx_word' id='word_1_591' title='bbox 583 5265 917 5323; x_wconf 88' lang='lat' dir='ltr'><strong>confortetur</strong></span> <span class='ocrx_word' id='word_1_592' title='bbox 940 5287 1036 5326; x_wconf 92' lang='lat' dir='ltr'><strong>cor</strong></span> <span class='ocrx_word' id='word_1_593' title='bbox 1057 5280 1226 5334; x_wconf 88' lang='lat' dir='ltr'><strong>tuum,</strong></span> <span class='ocrx_word' id='word_1_594' title='bbox 1253 5282 1308 5328; x_wconf 88' lang='lat' dir='ltr'><strong>et</strong></span> <span class='ocrx_word' id='word_1_595' title='bbox 1328 5276 1531 5330; x_wconf 88' lang='lat' dir='ltr'><strong>sustine</strong></span> <span class='ocrx_word' id='word_1_596' title='bbox 1549 5277 1851 5346; x_wconf 87' lang='lat' dir='ltr'><strong>Dominum,</strong></span> <span class='ocrx_word' id='word_1_597' title='bbox 1877 5283 1968 5350; x_wconf 90' lang='lat' dir='ltr'><strong>qui</strong></span> <span class='ocrx_word' id='word_1_598' title='bbox 1992 5295 2178 5353; x_wconf 87' lang='lat' dir='ltr'><strong>regnat</strong></span> 
     </span>
    </p>
   </div>
   <div class='ocr_carea' id='block_1_73' title="bbox 587 5352 1441 5420">
    <p class='ocr_par' dir='ltr' id='par_1_73' title="bbox 587 5352 1441 5420">
     <span class='ocr_line' id='line_1_73' title="bbox 587 5352 1441 5420; baseline 0.018 -15"><span class='ocrx_word' id='word_1_599' title='bbox 587 5352 637 5407; x_wconf 92' lang='lat' dir='ltr'><strong>in</strong></span> <span class='ocrx_word' id='word_1_600' title='bbox 668 5354 858 5408; x_wconf 68' lang='lat' dir='ltr'><strong>smcula</strong></span> <span class='ocrx_word' id='word_1_601' title='bbox 888 5362 1226 5417; x_wconf 71' lang='lat' dir='ltr'><strong>smculorum.</strong></span> <span class='ocrx_word' id='word_1_602' title='bbox 1253 5364 1441 5420; x_wconf 85' lang='lat' dir='ltr'><strong>Amen.</strong></span> 
     </span>
    </p>
   </div>
   <div class='ocr_carea' id='block_1_74' title="bbox 1097 5492 1680 5568">
    <p class='ocr_par' dir='ltr' id='par_1_74' title="bbox 1097 5492 1680 5568">
     <span class='ocr_line' id='line_1_74' title="bbox 1097 5492 1680 5568; baseline 0.014 -22"><span class='ocrx_word' id='word_1_603' title='bbox 1097 5492 1411 5553; x_wconf 78' lang='lat' dir='ltr'><strong>PSALMUS</strong></span> <span class='ocrx_word' id='word_1_604' title='bbox 1449 5497 1680 5568; x_wconf 72' lang='lat' dir='ltr'><strong>xxvn.3</strong></span> 
     </span>
    </p>
   </div>
   <div class='ocr_carea' id='block_1_75' title="bbox 1083 5600 1674 5678">
    <p class='ocr_par' dir='ltr' id='par_1_75' title="bbox 1083 5600 1674 5678">
     <span class='ocr_line' id='line_1_75' title="bbox 1083 5600 1674 5678; baseline 0.022 -24"><span class='ocrx_word' id='word_1_605' title='bbox 1083 5600 1326 5660; x_wconf 84' lang='lat' dir='ltr'><strong>Psalmus</strong></span> <span class='ocrx_word' id='word_1_606' title='bbox 1354 5609 1453 5678; x_wconf 86' lang='lat' dir='ltr'><strong>ipsi</strong></span> <span class='ocrx_word' id='word_1_607' title='bbox 1486 5610 1674 5667; x_wconf 81' lang='lat' dir='ltr'><strong>David.</strong></span> 
     </span>
    </p>
   </div>
   <div class='ocr_carea' id='block_1_76' title="bbox 660 5708 2172 5802">
    <p class='ocr_par' dir='ltr' id='par_1_76' title="bbox 660 5708 2172 5802">
     <span class='ocr_line' id='line_1_76' title="bbox 660 5708 2172 5802; baseline 0.021 -42"><span class='ocrx_word' id='word_1_608' title='bbox 660 5710 737 5762; x_wconf 77' lang='lat' dir='ltr'><strong>Ad</strong></span> <span class='ocrx_word' id='word_1_609' title='bbox 764 5719 829 5771; x_wconf 90' lang='lat' dir='ltr'><strong>te.</strong></span> <span class='ocrx_word' id='word_1_610' title='bbox 863 5708 1096 5775; x_wconf 89' lang='lat' dir='ltr'><strong>Domine,</strong></span> <span class='ocrx_word' id='word_1_611' title='bbox 1122 5715 1377 5784; x_wconf 78' lang='lat' dir='ltr'><strong>clamabo,</strong></span> <span class='ocrx_word' id='word_1_612' title='bbox 1412 5721 1550 5778; x_wconf 80' lang='lat' dir='ltr'><strong>Dens</strong></span> <span class='ocrx_word' id='word_1_613' title='bbox 1571 5743 1710 5781; x_wconf 80' lang='lat' dir='ltr'><strong>meus</strong></span> <span class='ocrx_word' id='word_1_614' title='bbox 1744 5745 1805 5783; x_wconf 86' lang='lat' dir='ltr'><strong>ne</strong></span> <span class='ocrx_word' id='word_1_615' title='bbox 1826 5730 1980 5787; x_wconf 85' lang='lat' dir='ltr'><strong>sileas</strong></span> <span class='ocrx_word' id='word_1_616' title='bbox 2013 5751 2042 5786; x_wconf 83' lang='grc' dir='ltr'><strong>ιι</strong></span> <span class='ocrx_word' id='word_1_617' title='bbox 2074 5753 2172 5802; x_wconf 87' lang='lat' dir='ltr'><strong>me,</strong></span> 
     </span>
    </p>
   </div>
   <div class='ocr_carea' id='block_1_77' title="bbox 2291 1872 3880 1956">
    <p class='ocr_par' dir='ltr' id='par_1_77' title="bbox 2291 1872 3880 1956">
     <span class='ocr_line' id='line_1_77' title="bbox 2291 1872 3880 1956; baseline 0.009 -29"><span class='ocrx_word' id='word_1_618' title='bbox 2291 1883 2402 1927; x_wconf 88' lang='lat' dir='ltr'><strong>ctor</strong></span> <span class='ocrx_word' id='word_1_619' title='bbox 2428 1873 2772 1927; x_wconf 80' lang='lat' dir='ltr'><strong>salvationum</strong></span> <span class='ocrx_word' id='word_1_620' title='bbox 2799 1872 2992 1930; x_wconf 86' lang='lat' dir='ltr'><strong>Christi</strong></span> <span class='ocrx_word' id='word_1_621' title='bbox 3028 1879 3111 1931; x_wconf 87' lang='lat' dir='ltr'><strong>sui</strong></span> <span class='ocrx_word' id='word_1_622' title='bbox 3149 1889 3245 1933; x_wconf 86' lang='lat' dir='ltr'><strong>est.</strong></span> <span class='ocrx_word' id='word_1_623' title='bbox 3279 1879 3496 1936; x_wconf 66' lang='lat' dir='ltr'><strong>Sall-um</strong></span> <span class='ocrx_word' id='word_1_624' title='bbox 3525 1886 3611 1955; x_wconf 79' lang='lat' dir='ltr'><strong>[ac</strong></span> <span class='ocrx_word' id='word_1_625' title='bbox 3638 1887 3880 1956; x_wconf 72' lang='lat' dir='ltr'><strong>ropulum</strong></span> 
     </span>
    </p>
   </div>
   <div class='ocr_carea' id='block_1_78' title="bbox 2288 1961 3877 2050">
    <p class='ocr_par' dir='ltr' id='par_1_78' title="bbox 2288 1961 3877 2050">
     <span class='ocr_line' id='line_1_78' title="bbox 2288 1961 3877 2050; baseline 0.013 -35"><span class='ocrx_word' id='word_1_626' title='bbox 2288 1972 2452 2029; x_wconf 84' lang='lat' dir='ltr'><strong>tuum,</strong></span> <span class='ocrx_word' id='word_1_627' title='bbox 2482 1961 2727 2031; x_wconf 88' lang='lat' dir='ltr'><strong>Domine,</strong></span> <span class='ocrx_word' id='word_1_628' title='bbox 2757 1975 2808 2019; x_wconf 85' lang='lat' dir='ltr'><strong>et</strong></span> <span class='ocrx_word' id='word_1_629' title='bbox 2829 1966 3044 2022; x_wconf 84' lang='lat' dir='ltr'><strong>benedic</strong></span> <span class='ocrx_word' id='word_1_630' title='bbox 3070 1969 3369 2027; x_wconf 75' lang='lat' dir='ltr'><strong>hwreditati</strong></span> <span class='ocrx_word' id='word_1_631' title='bbox 3408 1982 3529 2040; x_wconf 77' lang='lat' dir='ltr'><strong>tute,</strong></span> <span class='ocrx_word' id='word_1_632' title='bbox 3556 1987 3605 2030; x_wconf 88' lang='lat' dir='ltr'><strong>et</strong></span> <span class='ocrx_word' id='word_1_633' title='bbox 3636 1995 3754 2050; x_wconf 85' lang='lat' dir='ltr'><strong>rege</strong></span> <span class='ocrx_word' id='word_1_634' title='bbox 3771 1997 3877 2044; x_wconf 84' lang='lat' dir='ltr'><strong>eos,</strong></span> 
     </span>
    </p>
   </div>
   <div class='ocr_carea' id='block_1_79' title="bbox 2287 2056 3269 2127">
    <p class='ocr_par' dir='ltr' id='par_1_79' title="bbox 2287 2056 3269 2127">
     <span class='ocr_line' id='line_1_79' title="bbox 2287 2056 3269 2127; baseline 0.006 -16"><span class='ocrx_word' id='word_1_635' title='bbox 2287 2064 2336 2111; x_wconf 87' lang='lat' dir='ltr'><strong>et</strong></span> <span class='ocrx_word' id='word_1_636' title='bbox 2354 2057 2544 2111; x_wconf 73' lang='lat' dir='ltr'><strong>extolle</strong></span> <span class='ocrx_word' id='word_1_637' title='bbox 2569 2056 2692 2112; x_wconf 90' lang='lat' dir='ltr'><strong>illos</strong></span> <span class='ocrx_word' id='word_1_638' title='bbox 2720 2075 2882 2127; x_wconf 84' lang='lat' dir='ltr'><strong>usque</strong></span> <span class='ocrx_word' id='word_1_639' title='bbox 2911 2060 2967 2113; x_wconf 90' lang='lat' dir='ltr'><strong>in</strong></span> <span class='ocrx_word' id='word_1_640' title='bbox 2997 2070 3269 2117; x_wconf 70' lang='lat' dir='ltr'><strong>(sternunt.</strong></span> 
     </span>
    </p>
   </div>
   <div class='ocr_carea' id='block_1_80' title="bbox 2779 2188 3299 2232">
    <p class='ocr_par' dir='ltr' id='par_1_80' title="bbox 2779 2188 3299 2232">
     <span class='ocr_line' id='line_1_80' title="bbox 2779 2188 3299 2232; baseline 0.015 -8"><span class='ocrx_word' id='word_1_641' title='bbox 2779 2214 2787 2223; x_wconf 85' lang='lat'><strong>.</strong></span> <span class='ocrx_word' id='word_1_642' title='bbox 2861 2188 3299 2232; x_wconf 74' lang='lat' dir='ltr'><strong>COIIENTAIIIUI.</strong></span> 
     </span>
    </p>
   </div>
   <div class='ocr_carea' id='block_1_81' title="bbox 2359 2282 3880 2361">
    <p class='ocr_par' dir='ltr' id='par_1_81' title="bbox 2359 2282 3880 2361">
     <span class='ocr_line' id='line_1_81' title="bbox 2359 2282 3880 2361; baseline 0.013 -25"><span class='ocrx_word' id='word_1_643' title='bbox 2359 2283 2415 2336; x_wconf 88' lang='lat' dir='ltr'><strong>In</strong></span> <span class='ocrx_word' id='word_1_644' title='bbox 2448 2282 2542 2338; x_wconf 92' lang='lat' dir='ltr'><strong>Dei</strong></span> <span class='ocrx_word' id='word_1_645' title='bbox 2573 2283 2711 2340; x_wconf 84' lang='lat' dir='ltr'><strong>Filio</strong></span> <span class='ocrx_word' id='word_1_646' title='bbox 2741 2285 3037 2356; x_wconf 88' lang='lat' dir='ltr'><strong>perfectum</strong></span> <span class='ocrx_word' id='word_1_647' title='bbox 3064 2287 3254 2354; x_wconf 89' lang='lat' dir='ltr'><strong>Deum,</strong></span> <span class='ocrx_word' id='word_1_648' title='bbox 3280 2291 3575 2361; x_wconf 87' lang='lat' dir='ltr'><strong>perfectum</strong></span> <span class='ocrx_word' id='word_1_649' title='bbox 3606 2296 3880 2356; x_wconf 86' lang='lat' dir='ltr'><strong>hominem</strong></span> 
     </span>
    </p>
   </div>
   <div class='ocr_carea' id='block_1_82' title="bbox 2287 2373 3879 2460">
    <p class='ocr_par' dir='ltr' id='par_1_82' title="bbox 2287 2373 3879 2460">
     <span class='ocr_line' id='line_1_82' title="bbox 2287 2373 3879 2460; baseline 0.009 -31"><span class='ocrx_word' id='word_1_650' title='bbox 2287 2373 2630 2441; x_wconf 85' lang='lat' dir='ltr'><strong>conﬁtemur,</strong></span> <span class='ocrx_word' id='word_1_651' title='bbox 2652 2391 2813 2446; x_wconf 89' lang='lat' dir='ltr'><strong>quem</strong></span> <span class='ocrx_word' id='word_1_652' title='bbox 2841 2377 3114 2434; x_wconf 89' lang='lat' dir='ltr'><strong>hominem</strong></span> <span class='ocrx_word' id='word_1_653' title='bbox 3147 2380 3457 2437; x_wconf 90' lang='lat' dir='ltr'><strong>interiorem</strong></span> <span class='ocrx_word' id='word_1_654' title='bbox 3489 2401 3646 2440; x_wconf 93' lang='lat' dir='ltr'><strong>suum</strong></span> <span class='ocrx_word' id='word_1_655' title='bbox 3675 2387 3879 2460; x_wconf 89' lang='lat' dir='ltr'><strong>alloqui</strong></span> 
     </span>
    </p>
   </div>
   <div class='ocr_carea' id='block_1_83' title="bbox 2280 2452 3880 2542">
    <p class='ocr_par' dir='ltr' id='par_1_83' title="bbox 2280 2452 3880 2542">
     <span class='ocr_line' id='line_1_83' title="bbox 2280 2452 3880 2542; baseline 0.009 -22"><span class='ocrx_word' id='word_1_656' title='bbox 2280 2452 2341 2520; x_wconf 81' lang='lat' dir='ltr'><strong>in</strong></span> <span class='ocrx_word' id='word_1_657' title='bbox 2365 2466 2469 2522; x_wconf 91' lang='lat' dir='ltr'><strong>isto</strong></span> <span class='ocrx_word' id='word_1_658' title='bbox 2489 2467 2699 2537; x_wconf 91' lang='lat' dir='ltr'><strong>psalmo</strong></span> <span class='ocrx_word' id='word_1_659' title='bbox 2728 2468 3079 2536; x_wconf 85' lang='lat' dir='ltr'><strong>advertinms,</strong></span> <span class='ocrx_word' id='word_1_660' title='bbox 3111 2471 3164 2526; x_wconf 91' lang='lat' dir='ltr'><strong>in</strong></span> <span class='ocrx_word' id='word_1_661' title='bbox 3187 2487 3296 2542; x_wconf 90' lang='lat' dir='ltr'><strong>quo</strong></span> <span class='ocrx_word' id='word_1_662' title='bbox 3324 2473 3537 2541; x_wconf 90' lang='lat' dir='ltr'><strong>clamat,</strong></span> <span class='ocrx_word' id='word_1_663' title='bbox 3556 2475 3727 2532; x_wconf 86' lang='lat' dir='ltr'><strong>Simul</strong></span> <span class='ocrx_word' id='word_1_664' title='bbox 3755 2452 3880 2535; x_wconf 77' lang='lat' dir='ltr'><strong>cum</strong></span> 
     </span>
    </p>
   </div>
   <div class='ocr_carea' id='block_1_84' title="bbox 2285 2555 3882 2642">
    <p class='ocr_par' dir='ltr' id='par_1_84' title="bbox 2285 2555 3882 2642">
     <span class='ocr_line' id='line_1_84' title="bbox 2285 2555 3882 2642; baseline 0.008 -30"><span class='ocrx_word' id='word_1_665' title='bbox 2285 2558 2665 2628; x_wconf 82' lang='lat' dir='ltr'><strong>peccatoribus</strong></span> <span class='ocrx_word' id='word_1_666' title='bbox 2722 2574 2792 2615; x_wconf 92' lang='lat' dir='ltr'><strong>ne</strong></span> <span class='ocrx_word' id='word_1_667' title='bbox 2856 2561 3097 2616; x_wconf 88' lang='lat' dir='ltr'><strong>tradatur</strong></span> <span class='ocrx_word' id='word_1_668' title='bbox 3152 2565 3240 2634; x_wconf 85' lang='lat' dir='ltr'><strong>qui</strong></span> <span class='ocrx_word' id='word_1_669' title='bbox 3287 2575 3553 2634; x_wconf 81' lang='lat' dir='ltr'><strong>peccatum</strong></span> <span class='ocrx_word' id='word_1_670' title='bbox 3607 2586 3714 2624; x_wconf 87' lang='lat' dir='ltr'><strong>non</strong></span> <span class='ocrx_word' id='word_1_671' title='bbox 3761 2555 3882 2642; x_wconf 74' lang='lat' dir='ltr'><strong>fecit</strong></span> 
     </span>
    </p>
   </div>
   <div class='ocr_carea' id='block_1_85' title="bbox 2290 2649 3878 2729">
    <p class='ocr_par' dir='ltr' id='par_1_85' title="bbox 2290 2649 3878 2729">
     <span class='ocr_line' id='line_1_85' title="bbox 2290 2649 3878 2729; baseline 0.008 -25"><span class='ocrx_word' id='word_1_672' title='bbox 2290 2649 2331 2720; x_wconf 88' lang='lat' dir='ltr'><strong>(l</strong></span> <span class='ocrx_word' id='word_1_673' title='bbox 2362 2649 2479 2703; x_wconf 85' lang='lat' dir='ltr'><strong>Pet.</strong></span> <span class='ocrx_word' id='word_1_674' title='bbox 2515 2650 2609 2721; x_wconf 91' lang='grc' dir='ltr'>ιι).</span> <span class='ocrx_word' id='word_1_675' title='bbox 2643 2649 2712 2706; x_wconf 86' lang='grc' dir='ltr'>Ει</span> <span class='ocrx_word' id='word_1_676' title='bbox 2737 2653 2866 2723; x_wconf 89' lang='lat' dir='ltr'><strong>quia</strong></span> <span class='ocrx_word' id='word_1_677' title='bbox 2891 2652 3047 2710; x_wconf 90' lang='lat' dir='ltr'><strong>dolus</strong></span> <span class='ocrx_word' id='word_1_678' title='bbox 3076 2656 3129 2710; x_wconf 92' lang='lat' dir='ltr'><strong>in</strong></span> <span class='ocrx_word' id='word_1_679' title='bbox 3161 2671 3257 2712; x_wconf 91' lang='lat' dir='ltr'><strong>ore</strong></span> <span class='ocrx_word' id='word_1_680' title='bbox 3285 2655 3401 2726; x_wconf 91' lang='lat' dir='ltr'><strong>ejus</strong></span> <span class='ocrx_word' id='word_1_681' title='bbox 3431 2674 3704 2729; x_wconf 88' lang='lat' dir='ltr'><strong>nunquam</strong></span> <span class='ocrx_word' id='word_1_682' title='bbox 3749 2663 3878 2729; x_wconf 88' lang='lat' dir='ltr'><strong>l&#39;uit,</strong></span> 
     </span>
    </p>
   </div>
   <div class='ocr_carea' id='block_1_86' title="bbox 2288 2739 3882 2810">
    <p class='ocr_par' dir='ltr' id='par_1_86' title="bbox 2288 2739 3882 2810">
     <span class='ocr_line' id='line_1_86' title="bbox 2288 2739 3882 2810; baseline 0.009 -16"><span class='ocrx_word' id='word_1_683' title='bbox 2288 2739 2394 2796; x_wconf 93' lang='lat' dir='ltr'><strong>hoc</strong></span> <span class='ocrx_word' id='word_1_684' title='bbox 2421 2748 2560 2810; x_wconf 90' lang='lat' dir='ltr'><strong>orat,</strong></span> <span class='ocrx_word' id='word_1_685' title='bbox 2587 2749 2646 2796; x_wconf 91' lang='grc' dir='ltr'><strong>ιιι</strong></span> <span class='ocrx_word' id='word_1_686' title='bbox 2685 2742 2814 2798; x_wconf 91' lang='lat' dir='ltr'><strong>dum</strong></span> <span class='ocrx_word' id='word_1_687' title='bbox 2840 2744 3030 2801; x_wconf 90' lang='lat' dir='ltr'><strong>similis</strong></span> <span class='ocrx_word' id='word_1_688' title='bbox 3055 2745 3214 2801; x_wconf 90' lang='lat' dir='ltr'><strong>fuerit</strong></span> <span class='ocrx_word' id='word_1_689' title='bbox 3243 2746 3693 2808; x_wconf 90' lang='lat' dir='ltr'><strong>descendentibus</strong></span> <span class='ocrx_word' id='word_1_690' title='bbox 3722 2753 3776 2808; x_wconf 90' lang='lat' dir='ltr'><strong>in</strong></span> <span class='ocrx_word' id='word_1_691' title='bbox 3808 2754 3882 2809; x_wconf 87' lang='lat' dir='ltr'><strong>la-</strong></span> 
     </span>
    </p>
   </div>
   <div class='ocr_carea' id='block_1_87' title="bbox 2286 2832 3882 2909">
    <p class='ocr_par' dir='ltr' id='par_1_87' title="bbox 2286 2832 3882 2909">
     <span class='ocr_line' id='line_1_87' title="bbox 2286 2832 3882 2909; baseline 0.008 -23"><span class='ocrx_word' id='word_1_692' title='bbox 2286 2845 2428 2897; x_wconf 86' lang='lat' dir='ltr'><strong>cum,</strong></span> <span class='ocrx_word' id='word_1_693' title='bbox 2455 2832 2560 2888; x_wconf 90' lang='lat' dir='ltr'><strong>hoc</strong></span> <span class='ocrx_word' id='word_1_694' title='bbox 2587 2841 2701 2899; x_wconf 89' lang='lat' dir='ltr'><strong>est,</strong></span> <span class='ocrx_word' id='word_1_695' title='bbox 2734 2849 2856 2889; x_wconf 90' lang='lat' dir='ltr'><strong>cum</strong></span> <span class='ocrx_word' id='word_1_696' title='bbox 2878 2835 3066 2892; x_wconf 90' lang='lat' dir='ltr'><strong>similis</strong></span> <span class='ocrx_word' id='word_1_697' title='bbox 3095 2836 3254 2893; x_wconf 90' lang='lat' dir='ltr'><strong>fuerit</strong></span> <span class='ocrx_word' id='word_1_698' title='bbox 3282 2840 3522 2909; x_wconf 87' lang='lat' dir='ltr'><strong>sepultis,</strong></span> <span class='ocrx_word' id='word_1_699' title='bbox 3549 2859 3655 2897; x_wconf 92' lang='lat' dir='ltr'><strong>non</strong></span> <span class='ocrx_word' id='word_1_700' title='bbox 3685 2843 3882 2901; x_wconf 86' lang='lat' dir='ltr'><strong>habeat</strong></span> 
     </span>
    </p>
   </div>
   <div class='ocr_carea' id='block_1_88' title="bbox 2286 2925 3879 3002">
    <p class='ocr_par' dir='ltr' id='par_1_88' title="bbox 2286 2925 3879 3002">
     <span class='ocr_line' id='line_1_88' title="bbox 2286 2925 3879 3002; baseline 0.011 -26"><span class='ocrx_word' id='word_1_701' title='bbox 2286 2930 2497 2992; x_wconf 89' lang='lat' dir='ltr'><strong>partem</strong></span> <span class='ocrx_word' id='word_1_702' title='bbox 2525 2939 2647 2980; x_wconf 92' lang='lat' dir='ltr'><strong>cum</strong></span> <span class='ocrx_word' id='word_1_703' title='bbox 2675 2925 2758 2980; x_wconf 89' lang='lat' dir='ltr'><strong>his</strong></span> <span class='ocrx_word' id='word_1_704' title='bbox 2803 2926 2894 2997; x_wconf 89' lang='lat' dir='ltr'><strong>qui</strong></span> <span class='ocrx_word' id='word_1_705' title='bbox 2945 2927 3236 2998; x_wconf 88' lang='lat' dir='ltr'><strong>loquuntur</strong></span> <span class='ocrx_word' id='word_1_706' title='bbox 3289 2946 3476 3002; x_wconf 88' lang='lat' dir='ltr'><strong>pacem</strong></span> <span class='ocrx_word' id='word_1_707' title='bbox 3507 2933 3561 2988; x_wconf 89' lang='lat' dir='ltr'><strong>in</strong></span> <span class='ocrx_word' id='word_1_708' title='bbox 3589 2950 3713 3000; x_wconf 88' lang='lat' dir='ltr'><strong>ore,</strong></span> <span class='ocrx_word' id='word_1_709' title='bbox 3739 2945 3796 2992; x_wconf 87' lang='lat' dir='ltr'><strong>ct</strong></span> <span class='ocrx_word' id='word_1_710' title='bbox 3823 2938 3879 2994; x_wconf 92' lang='lat' dir='ltr'><strong>in</strong></span> 
     </span>
    </p>
   </div>
   <div class='ocr_carea' id='block_1_89' title="bbox 2287 3016 3881 3096">
    <p class='ocr_par' dir='ltr' id='par_1_89' title="bbox 2287 3016 3881 3096">
     <span class='ocr_line' id='line_1_89' title="bbox 2287 3016 3881 3096; baseline 0.01 -25"><span class='ocrx_word' id='word_1_711' title='bbox 2287 3017 2450 3072; x_wconf 91' lang='lat' dir='ltr'><strong>corde</strong></span> <span class='ocrx_word' id='word_1_712' title='bbox 2478 3016 2744 3073; x_wconf 88' lang='lat' dir='ltr'><strong>fabricant</strong></span> <span class='ocrx_word' id='word_1_713' title='bbox 2785 3021 2945 3085; x_wconf 89' lang='lat' dir='ltr'><strong>mala,</strong></span> <span class='ocrx_word' id='word_1_714' title='bbox 2977 3023 3114 3078; x_wconf 87' lang='lat' dir='ltr'><strong>sicut</strong></span> <span class='ocrx_word' id='word_1_715' title='bbox 3134 3022 3298 3081; x_wconf 87' lang='lat' dir='ltr'><strong>Judas</strong></span> <span class='ocrx_word' id='word_1_716' title='bbox 3341 3024 3487 3081; x_wconf 74' lang='lat' dir='ltr'><strong>fecit.”</strong></span> <span class='ocrx_word' id='word_1_717' title='bbox 3532 3027 3606 3082; x_wconf 91' lang='lat' dir='ltr'><strong>Da</strong></span> <span class='ocrx_word' id='word_1_718' title='bbox 3636 3028 3769 3096; x_wconf 84' lang='lat' dir='ltr'><strong>illis,</strong></span> <span class='ocrx_word' id='word_1_719' title='bbox 3801 3031 3881 3087; x_wconf 88' lang='lat' dir='ltr'><strong>iu-</strong></span> 
     </span>
    </p>
   </div>
   <div class='ocr_carea' id='block_1_90' title="bbox 2287 3105 3879 3188">
    <p class='ocr_par' dir='ltr' id='par_1_90' title="bbox 2287 3105 3879 3188">
     <span class='ocr_line' id='line_1_90' title="bbox 2287 3105 3879 3188; baseline 0.01 -25"><span class='ocrx_word' id='word_1_720' title='bbox 2287 3105 2426 3179; x_wconf 70' lang='lat' dir='ltr'><strong>quit,</strong></span> <span class='ocrx_word' id='word_1_721' title='bbox 2456 3111 2750 3166; x_wconf 88' lang='lat' dir='ltr'><strong>secundum</strong></span> <span class='ocrx_word' id='word_1_722' title='bbox 2780 3128 2944 3183; x_wconf 90' lang='lat' dir='ltr'><strong>opera</strong></span> <span class='ocrx_word' id='word_1_723' title='bbox 2973 3129 3180 3180; x_wconf 89' lang='lat' dir='ltr'><strong>eorum,</strong></span> <span class='ocrx_word' id='word_1_724' title='bbox 3211 3118 3302 3186; x_wconf 88' lang='lat' dir='ltr'><strong>qui</strong></span> <span class='ocrx_word' id='word_1_725' title='bbox 3341 3134 3506 3188; x_wconf 86' lang='lat' dir='ltr'><strong>opera</strong></span> <span class='ocrx_word' id='word_1_726' title='bbox 3529 3119 3742 3178; x_wconf 88' lang='lat' dir='ltr'><strong>Domini</strong></span> <span class='ocrx_word' id='word_1_727' title='bbox 3773 3128 3879 3180; x_wconf 77' lang='lat' dir='ltr'><strong>nu&#39;u</strong></span> 
     </span>
    </p>
   </div>
   <div class='ocr_carea' id='block_1_91' title="bbox 2289 3200 3880 3274">
    <p class='ocr_par' dir='ltr' id='par_1_91' title="bbox 2289 3200 3880 3274">
     <span class='ocr_line' id='line_1_91' title="bbox 2289 3200 3880 3274; baseline 0.011 -20"><span class='ocrx_word' id='word_1_728' title='bbox 2289 3200 2699 3268; x_wconf 81' lang='lat' dir='ltr'><strong>intellexerunt,</strong></span> <span class='ocrx_word' id='word_1_729' title='bbox 2733 3211 2786 3258; x_wconf 92' lang='lat' dir='ltr'><strong>et</strong></span> <span class='ocrx_word' id='word_1_730' title='bbox 2837 3219 2998 3274; x_wconf 90' lang='lat' dir='ltr'><strong>quem</strong></span> <span class='ocrx_word' id='word_1_731' title='bbox 3029 3205 3282 3262; x_wconf 85' lang='lat' dir='ltr'><strong>videbant</strong></span> <span class='ocrx_word' id='word_1_732' title='bbox 3329 3220 3574 3267; x_wconf 91' lang='lat' dir='ltr'><strong>mortuos</strong></span> <span class='ocrx_word' id='word_1_733' title='bbox 3621 3217 3880 3272; x_wconf 79' lang='lat' dir='ltr'><strong>suscitare</strong></span> 
     </span>
    </p>
   </div>
   <div class='ocr_carea' id='block_1_92' title="bbox 2287 3288 3876 3370">
    <p class='ocr_par' dir='ltr' id='par_1_92' title="bbox 2287 3288 3876 3370">
     <span class='ocr_line' id='line_1_92' title="bbox 2287 3288 3876 3370; baseline 0.011 -26"><span class='ocrx_word' id='word_1_734' title='bbox 2287 3288 2574 3346; x_wconf 84' lang='lat' dir='ltr'><strong>dicebant:</strong></span> <span class='ocrx_word' id='word_1_735' title='bbox 2607 3289 2712 3346; x_wconf 81' lang='lat' dir='ltr'><strong>Hic</strong></span> <span class='ocrx_word' id='word_1_736' title='bbox 2737 3293 2892 3348; x_wconf 87' lang='lat' dir='ltr'><strong>homo</strong></span> <span class='ocrx_word' id='word_1_737' title='bbox 2927 3311 3030 3348; x_wconf 87' lang='lat' dir='ltr'><strong>non</strong></span> <span class='ocrx_word' id='word_1_738' title='bbox 3051 3307 3130 3350; x_wconf 88' lang='lat' dir='ltr'><strong>est</strong></span> <span class='ocrx_word' id='word_1_739' title='bbox 3156 3315 3187 3350; x_wconf 78' lang='grc' dir='ltr'>(ι</span> <span class='ocrx_word' id='word_1_740' title='bbox 3220 3297 3538 3366; x_wconf 81' lang='lat' dir='ltr'><strong>Deo_(Joan.</strong></span> <span class='ocrx_word' id='word_1_741' title='bbox 3573 3309 3673 3370; x_wconf 81' lang='lat' dir='ltr'><strong>Ix).</strong></span> <span class='ocrx_word' id='word_1_742' title='bbox 3707 3304 3876 3362; x_wconf 63' lang='grc' dir='ltr'><strong>Διδυ-</strong></span> 
     </span>
    </p>
   </div>
   <div class='ocr_carea' id='block_1_93' title="bbox 2285 3383 3879 3466">
    <p class='ocr_par' dir='ltr' id='par_1_93' title="bbox 2285 3383 3879 3466">
     <span class='ocr_line' id='line_1_93' title="bbox 2285 3383 3879 3466; baseline 0.009 -27"><span class='ocrx_word' id='word_1_743' title='bbox 2285 3399 2377 3439; x_wconf 87' lang='lat' dir='ltr'><strong>sus</strong></span> <span class='ocrx_word' id='word_1_744' title='bbox 2402 3383 2615 3440; x_wconf 87' lang='lat' dir='ltr'><strong>dicebat</strong></span> <span class='ocrx_word' id='word_1_745' title='bbox 2643 3385 2722 3440; x_wconf 83' lang='lat' dir='ltr'><strong>eis</strong></span> <span class='ocrx_word' id='word_1_746' title='bbox 2751 3403 2763 3437; x_wconf 89' lang='lat'><strong>:</strong></span> <span class='ocrx_word' id='word_1_747' title='bbox 2792 3385 2854 3440; x_wconf 91' lang='lat' dir='ltr'><strong>Si</strong></span> <span class='ocrx_word' id='word_1_748' title='bbox 2883 3386 3046 3442; x_wconf 87' lang='lat' dir='ltr'><strong>verbis</strong></span> <span class='ocrx_word' id='word_1_749' title='bbox 3076 3406 3182 3444; x_wconf 89' lang='lat' dir='ltr'><strong>non</strong></span> <span class='ocrx_word' id='word_1_750' title='bbox 3232 3392 3466 3458; x_wconf 81' lang='lat' dir='ltr'><strong>creditis,</strong></span> <span class='ocrx_word' id='word_1_751' title='bbox 3515 3396 3592 3449; x_wconf 84' lang='lat' dir='ltr'><strong>vel</strong></span> <span class='ocrx_word' id='word_1_752' title='bbox 3636 3399 3879 3466; x_wconf 84' lang='lat' dir='ltr'><strong>Operibus</strong></span> 
     </span>
    </p>
   </div>
   <div class='ocr_carea' id='block_1_94' title="bbox 2285 3475 3878 3560">
    <p class='ocr_par' dir='ltr' id='par_1_94' title="bbox 2285 3475 3878 3560">
     <span class='ocr_line' id='line_1_94' title="bbox 2285 3475 3878 3560; baseline 0.012 -33"><span class='ocrx_word' id='word_1_753' title='bbox 2285 3475 2481 3529; x_wconf 81' lang='lat' dir='ltr'><strong>credite</strong></span> <span class='ocrx_word' id='word_1_754' title='bbox 2501 3475 2685 3546; x_wconf 78' lang='lat' dir='ltr'><strong>(Joan.</strong></span> <span class='ocrx_word' id='word_1_755' title='bbox 2715 3479 2792 3548; x_wconf 76' lang='grc' dir='ltr'><strong>χ).</strong></span> <span class='ocrx_word' id='word_1_756' title='bbox 2809 3477 2888 3532; x_wconf 84' lang='lat' dir='ltr'><strong>Ilii</strong></span> <span class='ocrx_word' id='word_1_757' title='bbox 2909 3485 3090 3533; x_wconf 87' lang='lat' dir='ltr'><strong>autem</strong></span> <span class='ocrx_word' id='word_1_758' title='bbox 3109 3496 3217 3534; x_wconf 89' lang='lat' dir='ltr'><strong>non</strong></span> <span class='ocrx_word' id='word_1_759' title='bbox 3235 3482 3615 3540; x_wconf 79' lang='lat' dir='ltr'><strong>intellexerunt</strong></span> <span class='ocrx_word' id='word_1_760' title='bbox 3637 3488 3691 3542; x_wconf 86' lang='lat' dir='ltr'><strong>in</strong></span> <span class='ocrx_word' id='word_1_761' title='bbox 3715 3504 3878 3560; x_wconf 73' lang='lat' dir='ltr'><strong>opera</strong></span> 
     </span>
    </p>
   </div>
   <div class='ocr_carea' id='block_1_95' title="bbox 2288 3565 3914 3653">
    <p class='ocr_par' dir='ltr' id='par_1_95' title="bbox 2288 3565 3914 3653">
     <span class='ocr_line' id='line_1_95' title="bbox 2288 3565 3914 3653; baseline 0.01 -33"><span class='ocrx_word' id='word_1_762' title='bbox 2288 3565 2520 3631; x_wconf 91' lang='lat' dir='ltr'><strong>Domini,</strong></span> <span class='ocrx_word' id='word_1_763' title='bbox 2547 3575 2602 3622; x_wconf 92' lang='lat' dir='ltr'><strong>et</strong></span> <span class='ocrx_word' id='word_1_764' title='bbox 2631 3567 2752 3624; x_wconf 90' lang='lat' dir='ltr'><strong>ideo</strong></span> <span class='ocrx_word' id='word_1_765' title='bbox 2772 3569 3136 3636; x_wconf 90' lang='lat' dir='ltr'><strong>destruentur,</strong></span> <span class='ocrx_word' id='word_1_766' title='bbox 3165 3589 3265 3628; x_wconf 89' lang='lat' dir='ltr'><strong>nec</strong></span> <span class='ocrx_word' id='word_1_767' title='bbox 3285 3575 3721 3647; x_wconf 54' lang='lat' dir='ltr'><strong>aedilicabuntur,</strong></span> <span class='ocrx_word' id='word_1_768' title='bbox 3754 3583 3878 3653; x_wconf 86' lang='lat' dir='ltr'><strong>quia</strong></span> <span class='ocrx_word' id='word_1_769' title='bbox 3909 3583 3914 3587; x_wconf 86' lang='grc'><em>’</em></span> 
     </span>
    </p>
   </div>
   <div class='ocr_carea' id='block_1_96' title="bbox 2287 3656 3878 3732">
    <p class='ocr_par' dir='ltr' id='par_1_96' title="bbox 2287 3656 3878 3732">
     <span class='ocr_line' id='line_1_96' title="bbox 2287 3656 3878 3732; baseline 0.011 -21"><span class='ocrx_word' id='word_1_770' title='bbox 2287 3656 2543 3714; x_wconf 88' lang='lat' dir='ltr'><strong>Dominus</strong></span> <span class='ocrx_word' id='word_1_771' title='bbox 2563 3660 2843 3716; x_wconf 87' lang='lat' dir='ltr'><strong>suscitavit</strong></span> <span class='ocrx_word' id='word_1_772' title='bbox 2867 3660 3049 3717; x_wconf 81' lang='lat' dir='ltr'><strong>Jesum</strong></span> <span class='ocrx_word' id='word_1_773' title='bbox 3071 3678 3102 3717; x_wconf 86' lang='lat' dir='ltr'><strong>a</strong></span> <span class='ocrx_word' id='word_1_774' title='bbox 3124 3666 3368 3732; x_wconf 89' lang='lat' dir='ltr'><strong>mortuis,</strong></span> <span class='ocrx_word' id='word_1_775' title='bbox 3399 3677 3453 3722; x_wconf 89' lang='lat' dir='ltr'><strong>et</strong></span> <span class='ocrx_word' id='word_1_776' title='bbox 3484 3669 3729 3727; x_wconf 84' lang='lat' dir='ltr'><strong>reﬂoruit</strong></span> <span class='ocrx_word' id='word_1_777' title='bbox 3746 3691 3878 3729; x_wconf 88' lang='lat' dir='ltr'><strong>caro</strong></span> 
     </span>
    </p>
   </div>
   <div class='ocr_carea' id='block_1_97' title="bbox 2286 3747 3878 3820">
    <p class='ocr_par' dir='ltr' id='par_1_97' title="bbox 2286 3747 3878 3820">
     <span class='ocr_line' id='line_1_97' title="bbox 2286 3747 3878 3820; baseline 0.011 -17"><span class='ocrx_word' id='word_1_778' title='bbox 2286 3747 2440 3818; x_wconf 90' lang='lat' dir='ltr'><strong>ejus,</strong></span> <span class='ocrx_word' id='word_1_779' title='bbox 2483 3758 2540 3805; x_wconf 91' lang='lat' dir='ltr'><strong>et</strong></span> <span class='ocrx_word' id='word_1_780' title='bbox 2567 3766 2632 3806; x_wconf 81' lang='lat' dir='ltr'><strong>ex</strong></span> <span class='ocrx_word' id='word_1_781' title='bbox 2680 3753 2957 3808; x_wconf 84' lang='lat' dir='ltr'><strong>voluntate</strong></span> <span class='ocrx_word' id='word_1_782' title='bbox 2987 3756 3388 3814; x_wconf 86' lang='lat' dir='ltr'><strong>sua‘confessus</strong></span> <span class='ocrx_word' id='word_1_783' title='bbox 3416 3767 3499 3815; x_wconf 89' lang='lat' dir='ltr'><strong>est</strong></span> <span class='ocrx_word' id='word_1_784' title='bbox 3547 3761 3643 3816; x_wconf 90' lang='lat' dir='ltr'><strong>illi.</strong></span> <span class='ocrx_word' id='word_1_785' title='bbox 3688 3761 3878 3820; x_wconf 87' lang='lat' dir='ltr'><strong>Omnia</strong></span> 
     </span>
    </p>
   </div>
   <div class='ocr_carea' id='block_1_98' title="bbox 2284 3841 3876 3922">
    <p class='ocr_par' dir='ltr' id='par_1_98' title="bbox 2284 3841 3876 3922">
     <span class='ocr_line' id='line_1_98' title="bbox 2284 3841 3876 3922; baseline 0.008 -26"><span class='ocrx_word' id='word_1_786' title='bbox 2284 3841 2428 3896; x_wconf 89' lang='lat' dir='ltr'><strong>enim</strong></span> <span class='ocrx_word' id='word_1_787' title='bbox 2457 3858 2578 3911; x_wconf 84' lang='lat' dir='ltr'><strong>quac</strong></span> <span class='ocrx_word' id='word_1_788' title='bbox 2609 3858 2796 3912; x_wconf 86' lang='lat' dir='ltr'><strong>passus</strong></span> <span class='ocrx_word' id='word_1_789' title='bbox 2843 3853 2944 3907; x_wconf 84' lang='lat' dir='ltr'><strong>est,</strong></span> <span class='ocrx_word' id='word_1_790' title='bbox 2975 3861 3074 3915; x_wconf 90' lang='lat' dir='ltr'><strong>pro</strong></span> <span class='ocrx_word' id='word_1_791' title='bbox 3102 3849 3380 3904; x_wconf 89' lang='lat' dir='ltr'><strong>voluntate</strong></span> <span class='ocrx_word' id='word_1_792' title='bbox 3409 3866 3504 3905; x_wconf 90' lang='lat' dir='ltr'><strong>sua</strong></span> <span class='ocrx_word' id='word_1_793' title='bbox 3535 3867 3722 3922; x_wconf 88' lang='lat' dir='ltr'><strong>passus</strong></span> <span class='ocrx_word' id='word_1_794' title='bbox 3769 3863 3876 3921; x_wconf 88' lang='lat' dir='ltr'><strong>est,</strong></span> 
     </span>
    </p>
   </div>
   <div class='ocr_carea' id='block_1_99' title="bbox 2284 3933 3879 4014">
    <p class='ocr_par' dir='ltr' id='par_1_99' title="bbox 2284 3933 3879 4014">
     <span class='ocr_line' id='line_1_99' title="bbox 2284 3933 3879 4014; baseline 0.009 -27"><span class='ocrx_word' id='word_1_795' title='bbox 2284 3933 2423 3988; x_wconf 87' lang='lat' dir='ltr'><strong>sicut</strong></span> <span class='ocrx_word' id='word_1_796' title='bbox 2465 3934 2579 4003; x_wconf 87' lang='lat' dir='ltr'><strong>ipse</strong></span> <span class='ocrx_word' id='word_1_797' title='bbox 2632 3935 2707 3989; x_wconf 88' lang='lat' dir='ltr'><strong>ait</strong></span> <span class='ocrx_word' id='word_1_798' title='bbox 2744 3954 2754 3987; x_wconf 90' lang='lat'>:</span> <span class='ocrx_word' id='word_1_799' title='bbox 2809 3937 3126 3993; x_wconf 86' lang='lat' dir='ltr'><strong>Potestatem</strong></span> <span class='ocrx_word' id='word_1_800' title='bbox 3169 3940 3329 3996; x_wconf 86' lang='lat' dir='ltr'><strong>habeo</strong></span> <span class='ocrx_word' id='word_1_801' title='bbox 3371 3945 3603 4014; x_wconf 89' lang='lat' dir='ltr'><strong>ponendi</strong></span> <span class='ocrx_word' id='word_1_802' title='bbox 3647 3947 3879 4001; x_wconf 87' lang='lat' dir='ltr'><strong>animam</strong></span> 
     </span>
    </p>
   </div>
   <div class='ocr_carea' id='block_1_100' title="bbox 2284 4025 3880 4104">
    <p class='ocr_par' dir='ltr' id='par_1_100' title="bbox 2284 4025 3880 4104">
     <span class='ocr_line' id='line_1_100' title="bbox 2284 4025 3880 4104; baseline 0.011 -29"><span class='ocrx_word' id='word_1_803' title='bbox 2284 4039 2481 4085; x_wconf 88' lang='lat' dir='ltr'><strong>meam,</strong></span> <span class='ocrx_word' id='word_1_804' title='bbox 2507 4032 2556 4076; x_wconf 87' lang='lat' dir='ltr'><strong>et</strong></span> <span class='ocrx_word' id='word_1_805' title='bbox 2586 4025 2771 4078; x_wconf 90' lang='lat' dir='ltr'><strong>iterum</strong></span> <span class='ocrx_word' id='word_1_806' title='bbox 2800 4029 3104 4082; x_wconf 87' lang='lat' dir='ltr'><strong>assumendi</strong></span> <span class='ocrx_word' id='word_1_807' title='bbox 3127 4046 3242 4083; x_wconf 89' lang='lat' dir='ltr'><strong>eam</strong></span> <span class='ocrx_word' id='word_1_808' title='bbox 3287 4031 3306 4100; x_wconf 92' lang='lat'><strong>(</strong></span> <span class='ocrx_word' id='word_1_809' title='bbox 3326 4030 3487 4087; x_wconf 84' lang='lat' dir='ltr'><strong>Joan.</strong></span> <span class='ocrx_word' id='word_1_810' title='bbox 3521 4034 3611 4104; x_wconf 73' lang='grc' dir='ltr'><strong>Χ).</strong></span> <span class='ocrx_word' id='word_1_811' title='bbox 3647 4033 3712 4089; x_wconf 84' lang='grc' dir='ltr'>Ει</span> <span class='ocrx_word' id='word_1_812' title='bbox 3757 4036 3880 4092; x_wconf 88' lang='lat' dir='ltr'><strong>ideo</strong></span> 
     </span>
    </p>
   </div>
   <div class='ocr_carea' id='block_1_101' title="bbox 2284 4113 3910 4206">
    <p class='ocr_par' dir='ltr' id='par_1_101' title="bbox 2284 4113 3910 4206">
     <span class='ocr_line' id='line_1_101' title="bbox 2284 4113 3910 4206; baseline 0.01 -39"><span class='ocrx_word' id='word_1_813' title='bbox 2284 4115 2365 4168; x_wconf 89' lang='lat' dir='ltr'><strong>ait</strong></span> <span class='ocrx_word' id='word_1_814' title='bbox 2393 4133 2404 4167; x_wconf 87' lang='lat'><strong>:</strong></span> <span class='ocrx_word' id='word_1_815' title='bbox 2441 4113 2519 4168; x_wconf 82' lang='lat' dir='ltr'><strong>Ex</strong></span> <span class='ocrx_word' id='word_1_816' title='bbox 2547 4116 2827 4186; x_wconf 86' lang='lat' dir='ltr'><strong>voluntate</strong></span> <span class='ocrx_word' id='word_1_817' title='bbox 2856 4120 3307 4180; x_wconf 75' lang='lat' dir='ltr'><strong>mea-confitebor</strong></span> <span class='ocrx_word' id='word_1_818' title='bbox 3339 4124 3433 4179; x_wconf 91' lang='lat' dir='ltr'><strong>illi.</strong></span> <span class='ocrx_word' id='word_1_819' title='bbox 3475 4125 3594 4196; x_wconf 90' lang='lat' dir='ltr'><strong>Ipse</strong></span> <span class='ocrx_word' id='word_1_820' title='bbox 3622 4136 3706 4182; x_wconf 89' lang='lat' dir='ltr'><strong>est</strong></span> <span class='ocrx_word' id='word_1_821' title='bbox 3734 4130 3910 4206; x_wconf 55' lang='lat' dir='ltr'><strong>enim.</strong></span> 
     </span>
    </p>
   </div>
   <div class='ocr_carea' id='block_1_102' title="bbox 2284 4203 3907 4288">
    <p class='ocr_par' dir='ltr' id='par_1_102' title="bbox 2284 4203 3907 4288">
     <span class='ocr_line' id='line_1_102' title="bbox 2284 4203 3907 4288; baseline 0.009 -31"><span class='ocrx_word' id='word_1_822' title='bbox 2284 4203 2540 4260; x_wconf 87' lang='lat' dir='ltr'><strong>fortitudo</strong></span> <span class='ocrx_word' id='word_1_823' title='bbox 2570 4206 2742 4276; x_wconf 89' lang='lat' dir='ltr'><strong>plebis</strong></span> <span class='ocrx_word' id='word_1_824' title='bbox 2769 4224 2897 4277; x_wconf 62' lang='lat' dir='ltr'><strong>sua},</strong></span> <span class='ocrx_word' id='word_1_825' title='bbox 2928 4212 3055 4280; x_wconf 91' lang='lat' dir='ltr'><strong>quia</strong></span> <span class='ocrx_word' id='word_1_826' title='bbox 3093 4212 3235 4268; x_wconf 87' lang='lat' dir='ltr'><strong>dicta</strong></span> <span class='ocrx_word' id='word_1_827' title='bbox 3266 4214 3426 4271; x_wconf 87' lang='lat' dir='ltr'><strong>factis</strong></span> <span class='ocrx_word' id='word_1_828' title='bbox 3448 4217 3708 4288; x_wconf 90' lang='lat' dir='ltr'><strong>implevit.</strong></span> <span class='ocrx_word' id='word_1_829' title='bbox 3733 4203 3907 4276; x_wconf 19' lang='lat' dir='ltr'><strong>Dixiti</strong></span> 
     </span>
    </p>
   </div>
   <div class='ocr_carea' id='block_1_103' title="bbox 2282 4306 3880 4375">
    <p class='ocr_par' dir='ltr' id='par_1_103' title="bbox 2282 4306 3880 4375">
     <span class='ocr_line' id='line_1_103' title="bbox 2282 4306 3880 4375; baseline 0.012 -25"><span class='ocrx_word' id='word_1_830' title='bbox 2282 4309 2342 4350; x_wconf 83' lang='lat' dir='ltr'><strong>se</strong></span> <span class='ocrx_word' id='word_1_831' title='bbox 2370 4311 2673 4365; x_wconf 85' lang='lat' dir='ltr'><strong>passurum,</strong></span> <span class='ocrx_word' id='word_1_832' title='bbox 2705 4307 2762 4354; x_wconf 91' lang='lat' dir='ltr'><strong>et</strong></span> <span class='ocrx_word' id='word_1_833' title='bbox 2806 4315 2997 4369; x_wconf 88' lang='lat' dir='ltr'><strong>passus</strong></span> <span class='ocrx_word' id='word_1_834' title='bbox 3025 4311 3136 4366; x_wconf 74' lang='grc' dir='ltr'>θει;</span> <span class='ocrx_word' id='word_1_835' title='bbox 3167 4306 3520 4375; x_wconf 89' lang='lat' dir='ltr'><strong>moriturum,</strong></span> <span class='ocrx_word' id='word_1_836' title='bbox 3552 4319 3606 4364; x_wconf 89' lang='lat' dir='ltr'><strong>et</strong></span> <span class='ocrx_word' id='word_1_837' title='bbox 3632 4321 3880 4369; x_wconf 71' lang='grc' dir='ltr'>ηιοηιιιιε</span> 
     </span>
    </p>
   </div>
   <div class='ocr_carea' id='block_1_104' title="bbox 2283 4387 3880 4466">
    <p class='ocr_par' dir='ltr' id='par_1_104' title="bbox 2283 4387 3880 4466">
     <span class='ocr_line' id='line_1_104' title="bbox 2283 4387 3880 4466; baseline 0.011 -26"><span class='ocrx_word' id='word_1_838' title='bbox 2283 4394 2400 4452; x_wconf 89' lang='lat' dir='ltr'><strong>est;</strong></span> <span class='ocrx_word' id='word_1_839' title='bbox 2431 4387 2817 4457; x_wconf 84' lang='lat' dir='ltr'><strong>surrecturum,</strong></span> <span class='ocrx_word' id='word_1_840' title='bbox 2847 4388 2913 4446; x_wconf 71' lang='lat' dir='ltr'><strong>et&#39;</strong></span> <span class='ocrx_word' id='word_1_841' title='bbox 2931 4407 2962 4446; x_wconf 89' lang='lat' dir='ltr'><strong>a</strong></span> <span class='ocrx_word' id='word_1_842' title='bbox 2992 4395 3220 4450; x_wconf 87' lang='lat' dir='ltr'><strong>mortuis</strong></span> <span class='ocrx_word' id='word_1_843' title='bbox 3247 4399 3562 4466; x_wconf 79' lang='lat' dir='ltr'><strong>resurrexit,</strong></span> <span class='ocrx_word' id='word_1_844' title='bbox 3587 4400 3880 4460; x_wconf 79' lang='lat' dir='ltr'><strong>excludens</strong></span> 
     </span>
    </p>
   </div>
   <div class='ocr_carea' id='block_1_105' title="bbox 2285 4480 3880 4568">
    <p class='ocr_par' dir='ltr' id='par_1_105' title="bbox 2285 4480 3880 4568">
     <span class='ocr_line' id='line_1_105' title="bbox 2285 4480 3880 4568; baseline 0.011 -34"><span class='ocrx_word' id='word_1_845' title='bbox 2285 4480 2651 4537; x_wconf 80' lang='lat' dir='ltr'><strong>inﬁrmitatem</strong></span> <span class='ocrx_word' id='word_1_846' title='bbox 2664 4485 3056 4568; x_wconf 79' lang='lat' dir='ltr'><strong>trepidationis,</strong></span> <span class='ocrx_word' id='word_1_847' title='bbox 3070 4487 3272 4545; x_wconf 89' lang='lat' dir='ltr'><strong>etdans</strong></span> <span class='ocrx_word' id='word_1_848' title='bbox 3280 4489 3648 4548; x_wconf 90' lang='lat' dir='ltr'><strong>fortitudinem</strong></span> <span class='ocrx_word' id='word_1_849' title='bbox 3665 4511 3880 4568; x_wconf 86' lang='lat' dir='ltr'><strong>promp-</strong></span> 
     </span>
    </p>
   </div>
   <div class='ocr_carea' id='block_1_106' title="bbox 2286 4563 3944 4659">
    <p class='ocr_par' dir='ltr' id='par_1_106' title="bbox 2286 4563 3944 4659">
     <span class='ocr_line' id='line_1_106' title="bbox 2286 4563 3944 4659; baseline 0.011 -34"><span class='ocrx_word' id='word_1_850' title='bbox 2286 4572 2504 4628; x_wconf 59' lang='lat' dir='ltr'><strong>tissima:</strong></span> <span class='ocrx_word' id='word_1_851' title='bbox 2535 4575 2844 4631; x_wconf 89' lang='lat' dir='ltr'><strong>voluntatis.</strong></span> <span class='ocrx_word' id='word_1_852' title='bbox 2879 4563 3015 4644; x_wconf 85' lang='lat' dir='ltr'><strong>Quia</strong></span> <span class='ocrx_word' id='word_1_853' title='bbox 3043 4588 3321 4649; x_wconf 88' lang='lat' dir='ltr'><strong>protector</strong></span> <span class='ocrx_word' id='word_1_854' title='bbox 3347 4563 3879 4645; x_wconf 19' lang='lat' dir='ltr'><strong>salutarium‘Chris&#39;ti</strong></span> <span class='ocrx_word' id='word_1_855' title='bbox 3939 4653 3944 4659; x_wconf 39' lang='grc'><strong>,</strong></span> 
     </span>
    </p>
   </div>
   <div class='ocr_carea' id='block_1_107' title="bbox 2284 4663 3874 4744">
    <p class='ocr_par' dir='ltr' id='par_1_107' title="bbox 2284 4663 3874 4744">
     <span class='ocr_line' id='line_1_107' title="bbox 2284 4663 3874 4744; baseline 0.012 -28"><span class='ocrx_word' id='word_1_856' title='bbox 2284 4663 2367 4717; x_wconf 90' lang='lat' dir='ltr'><strong>sui</strong></span> <span class='ocrx_word' id='word_1_857' title='bbox 2395 4671 2495 4729; x_wconf 89' lang='lat' dir='ltr'><strong>est,</strong></span> <span class='ocrx_word' id='word_1_858' title='bbox 2521 4665 2646 4735; x_wconf 89' lang='lat' dir='ltr'><strong>quia</strong></span> <span class='ocrx_word' id='word_1_859' title='bbox 2693 4667 2782 4722; x_wconf 92' lang='lat' dir='ltr'><strong>ille</strong></span> <span class='ocrx_word' id='word_1_860' title='bbox 2808 4668 2927 4724; x_wconf 88' lang='lat' dir='ltr'><strong>sine</strong></span> <span class='ocrx_word' id='word_1_861' title='bbox 2955 4669 3118 4726; x_wconf 90' lang='lat' dir='ltr'><strong>dubio</strong></span> <span class='ocrx_word' id='word_1_862' title='bbox 3158 4673 3250 4743; x_wconf 90' lang='lat' dir='ltr'><strong>qui</strong></span> <span class='ocrx_word' id='word_1_863' title='bbox 3279 4682 3363 4728; x_wconf 88' lang='lat' dir='ltr'><strong>est</strong></span> <span class='ocrx_word' id='word_1_864' title='bbox 3391 4673 3532 4731; x_wconf 86' lang='lat' dir='ltr'><strong>Deus</strong></span> <span class='ocrx_word' id='word_1_865' title='bbox 3562 4677 3616 4730; x_wconf 88' lang='lat' dir='ltr'><strong>in</strong></span> <span class='ocrx_word' id='word_1_866' title='bbox 3646 4676 3874 4744; x_wconf 80' lang='lat' dir='ltr'><strong>Christe,</strong></span> 
     </span>
    </p>
   </div>
   <div class='ocr_carea' id='block_1_108' title="bbox 2286 4755 3876 4840">
    <p class='ocr_par' dir='ltr' id='par_1_108' title="bbox 2286 4755 3876 4840">
     <span class='ocr_line' id='line_1_108' title="bbox 2286 4755 3876 4840; baseline 0.012 -33"><span class='ocrx_word' id='word_1_867' title='bbox 2286 4755 2532 4809; x_wconf 70' lang='lat' dir='ltr'><strong>rotundum</strong></span> <span class='ocrx_word' id='word_1_868' title='bbox 2559 4759 2846 4813; x_wconf 89' lang='lat' dir='ltr'><strong>concilians</strong></span> <span class='ocrx_word' id='word_1_869' title='bbox 2871 4760 2973 4814; x_wconf 89' lang='lat' dir='ltr'><strong>sibi</strong></span> <span class='ocrx_word' id='word_1_870' title='bbox 2998 4761 3063 4831; x_wconf 89' lang='lat' dir='ltr'><strong>(ll</strong></span> <span class='ocrx_word' id='word_1_871' title='bbox 3092 4761 3212 4818; x_wconf 86' lang='lat' dir='ltr'><strong>Cor.</strong></span> <span class='ocrx_word' id='word_1_872' title='bbox 3245 4767 3298 4835; x_wconf 78' lang='grc' dir='ltr'><strong>ν)</strong></span> <span class='ocrx_word' id='word_1_873' title='bbox 3318 4805 3334 4831; x_wconf 85' lang='grc'><strong>,</strong></span> <span class='ocrx_word' id='word_1_874' title='bbox 3362 4767 3579 4823; x_wconf 85' lang='lat' dir='ltr'><strong>salvans</strong></span> <span class='ocrx_word' id='word_1_875' title='bbox 3617 4770 3876 4840; x_wconf 89' lang='lat' dir='ltr'><strong>populum</strong></span> 
     </span>
    </p>
   </div>
   <div class='ocr_carea' id='block_1_109' title="bbox 2285 4846 3878 4929">
    <p class='ocr_par' dir='ltr' id='par_1_109' title="bbox 2285 4846 3878 4929">
     <span class='ocr_line' id='line_1_109' title="bbox 2285 4846 3878 4929; baseline 0.011 -29"><span class='ocrx_word' id='word_1_876' title='bbox 2285 4861 2463 4912; x_wconf 86' lang='lat' dir='ltr'><strong>suum,</strong></span> <span class='ocrx_word' id='word_1_877' title='bbox 2492 4846 2822 4905; x_wconf 89' lang='lat' dir='ltr'><strong>conferendo</strong></span> <span class='ocrx_word' id='word_1_878' title='bbox 2845 4851 3075 4908; x_wconf 84' lang='lat' dir='ltr'><strong>salutem</strong></span> <span class='ocrx_word' id='word_1_879' title='bbox 3103 4855 3296 4910; x_wconf 68' lang='lat' dir='ltr'><strong>animm</strong></span> <span class='ocrx_word' id='word_1_880' title='bbox 3324 4867 3382 4911; x_wconf 85' lang='lat' dir='ltr'><strong>et</strong></span> <span class='ocrx_word' id='word_1_881' title='bbox 3405 4859 3670 4929; x_wconf 90' lang='lat' dir='ltr'><strong>corporis,</strong></span> <span class='ocrx_word' id='word_1_882' title='bbox 3702 4868 3760 4916; x_wconf 88' lang='lat' dir='ltr'><strong>et</strong></span> <span class='ocrx_word' id='word_1_883' title='bbox 3781 4862 3878 4916; x_wconf 82' lang='lat' dir='ltr'><strong>be-</strong></span> 
     </span>
    </p>
   </div>
   <div class='ocr_carea' id='block_1_110' title="bbox 2285 4939 3878 5019">
    <p class='ocr_par' dir='ltr' id='par_1_110' title="bbox 2285 4939 3878 5019">
     <span class='ocr_line' id='line_1_110' title="bbox 2285 4939 3878 5019; baseline 0.008 -25"><span class='ocrx_word' id='word_1_884' title='bbox 2285 4939 2540 4995; x_wconf 87' lang='lat' dir='ltr'><strong>nedieens</strong></span> <span class='ocrx_word' id='word_1_885' title='bbox 2587 4940 2956 4999; x_wconf 69' lang='lat' dir='ltr'><strong>hmreditatem</strong></span> <span class='ocrx_word' id='word_1_886' title='bbox 3003 4960 3189 5012; x_wconf 87' lang='lat' dir='ltr'><strong>suam,</strong></span> <span class='ocrx_word' id='word_1_887' title='bbox 3237 4956 3429 5017; x_wconf 88' lang='lat' dir='ltr'><strong>gentes</strong></span> <span class='ocrx_word' id='word_1_888' title='bbox 3478 4966 3509 5004; x_wconf 92' lang='lat' dir='ltr'><strong>a</strong></span> <span class='ocrx_word' id='word_1_889' title='bbox 3538 4950 3878 5019; x_wconf 85' lang='lat' dir='ltr'><strong>subjectione</strong></span> 
     </span>
    </p>
   </div>
   <div class='ocr_carea' id='block_1_111' title="bbox 2284 5031 3880 5108">
    <p class='ocr_par' dir='ltr' id='par_1_111' title="bbox 2284 5031 3880 5108">
     <span class='ocr_line' id='line_1_111' title="bbox 2284 5031 3880 5108; baseline 0.01 -24"><span class='ocrx_word' id='word_1_890' title='bbox 2284 5031 2588 5086; x_wconf 65' lang='lat' dir='ltr'><strong>diemonum</strong></span> <span class='ocrx_word' id='word_1_891' title='bbox 2637 5033 2913 5091; x_wconf 88' lang='lat' dir='ltr'><strong>liberando</strong></span> <span class='ocrx_word' id='word_1_892' title='bbox 2937 5075 2952 5100; x_wconf 91' lang='lat'><strong>,</strong></span> <span class='ocrx_word' id='word_1_893' title='bbox 2984 5044 3044 5092; x_wconf 90' lang='lat' dir='ltr'><strong>ut</strong></span> <span class='ocrx_word' id='word_1_894' title='bbox 3072 5047 3225 5108; x_wconf 83' lang='lat' dir='ltr'><strong>regat</strong></span> <span class='ocrx_word' id='word_1_895' title='bbox 3260 5054 3387 5104; x_wconf 86' lang='lat' dir='ltr'><strong>eos,</strong></span> <span class='ocrx_word' id='word_1_896' title='bbox 3434 5048 3491 5096; x_wconf 87' lang='lat' dir='ltr'><strong>et</strong></span> <span class='ocrx_word' id='word_1_897' title='bbox 3531 5043 3758 5098; x_wconf 74' lang='lat' dir='ltr'><strong>extollat</strong></span> <span class='ocrx_word' id='word_1_898' title='bbox 3784 5060 3880 5100; x_wconf 83' lang='lat' dir='ltr'><strong>eos</strong></span> 
     </span>
    </p>
   </div>
   <div class='ocr_carea' id='block_1_112' title="bbox 2286 5124 3878 5206">
    <p class='ocr_par' dir='ltr' id='par_1_112' title="bbox 2286 5124 3878 5206">
     <span class='ocr_line' id='line_1_112' title="bbox 2286 5124 3878 5206; baseline 0.007 -30"><span class='ocrx_word' id='word_1_899' title='bbox 2286 5139 2456 5193; x_wconf 76' lang='lat' dir='ltr'><strong>usque</strong></span> <span class='ocrx_word' id='word_1_900' title='bbox 2478 5124 2530 5178; x_wconf 91' lang='lat' dir='ltr'><strong>in</strong></span> <span class='ocrx_word' id='word_1_901' title='bbox 2555 5126 2749 5182; x_wconf 67' lang='lat' dir='ltr'><strong>saacula</strong></span> <span class='ocrx_word' id='word_1_902' title='bbox 2770 5125 2937 5183; x_wconf 88' lang='lat' dir='ltr'><strong>Filius</strong></span> <span class='ocrx_word' id='word_1_903' title='bbox 2950 5127 3045 5184; x_wconf 90' lang='lat' dir='ltr'><strong>Dei</strong></span> <span class='ocrx_word' id='word_1_904' title='bbox 3060 5145 3180 5185; x_wconf 91' lang='lat' dir='ltr'><strong>cum</strong></span> <span class='ocrx_word' id='word_1_905' title='bbox 3202 5128 3363 5188; x_wconf 87' lang='lat' dir='ltr'><strong>Patre</strong></span> <span class='ocrx_word' id='word_1_906' title='bbox 3375 5143 3432 5188; x_wconf 92' lang='lat' dir='ltr'><strong>et</strong></span> <span class='ocrx_word' id='word_1_907' title='bbox 3451 5132 3652 5206; x_wconf 91' lang='lat' dir='ltr'><strong>Spiritu</strong></span> <span class='ocrx_word' id='word_1_908' title='bbox 3668 5146 3878 5203; x_wconf 81' lang='lat' dir='ltr'><strong>sancto,</strong></span> 
     </span>
    </p>
   </div>
   <div class='ocr_carea' id='block_1_113' title="bbox 2239 5216 3658 5285">
    <p class='ocr_par' dir='ltr' id='par_1_113' title="bbox 2239 5216 3658 5285">
     <span class='ocr_line' id='line_1_113' title="bbox 2239 5216 3658 5285; baseline 0.008 -18"><span class='ocrx_word' id='word_1_909' title='bbox 2239 5273 2248 5282; x_wconf 63' lang='grc'><strong>,</strong></span> <span class='ocrx_word' id='word_1_910' title='bbox 2284 5227 2516 5281; x_wconf 87' lang='lat' dir='ltr'><strong>regnans</strong></span> <span class='ocrx_word' id='word_1_911' title='bbox 2543 5230 2641 5285; x_wconf 91' lang='lat' dir='ltr'><strong>per</strong></span> <span class='ocrx_word' id='word_1_912' title='bbox 2667 5216 2849 5272; x_wconf 85' lang='lat' dir='ltr'><strong>omnia</strong></span> <span class='ocrx_word' id='word_1_913' title='bbox 2877 5219 3072 5275; x_wconf 59' lang='lat' dir='ltr'><strong>saecula</strong></span> <span class='ocrx_word' id='word_1_914' title='bbox 3094 5222 3434 5278; x_wconf 61' lang='lat' dir='ltr'><strong>seculorum.</strong></span> <span class='ocrx_word' id='word_1_915' title='bbox 3469 5224 3658 5281; x_wconf 81' lang='lat' dir='ltr'><strong>Amen.</strong></span> 
     </span>
    </p>
   </div>
   <div class='ocr_carea' id='block_1_114' title="bbox 2792 5329 3386 5390">
    <p class='ocr_par' dir='ltr' id='par_1_114' title="bbox 2792 5329 3386 5390">
     <span class='ocr_line' id='line_1_114' title="bbox 2792 5329 3386 5390; baseline 0.01 -6"><span class='ocrx_word' id='word_1_916' title='bbox 2792 5329 3016 5386; x_wconf 79' lang='lat' dir='ltr'><strong>PSALM</strong></span> <span class='ocrx_word' id='word_1_917' title='bbox 3026 5331 3109 5388; x_wconf 86' lang='lat' dir='ltr'><strong>US</strong></span> <span class='ocrx_word' id='word_1_918' title='bbox 3151 5333 3386 5390; x_wconf 83' lang='lat' dir='ltr'><strong>XXVIII.</strong></span> 
     </span>
    </p>
   </div>
   <div class='ocr_carea' id='block_1_115' title="bbox 2393 5442 3764 5508">
    <p class='ocr_par' dir='ltr' id='par_1_115' title="bbox 2393 5442 3764 5508">
     <span class='ocr_line' id='line_1_115' title="bbox 2393 5442 3764 5508; baseline 0.005 -11"><span class='ocrx_word' id='word_1_919' title='bbox 2393 5442 2636 5498; x_wconf 86' lang='lat' dir='ltr'><strong>Psalmus</strong></span> <span class='ocrx_word' id='word_1_920' title='bbox 2657 5443 2822 5499; x_wconf 89' lang='lat' dir='ltr'><strong>David</strong></span> <span class='ocrx_word' id='word_1_921' title='bbox 2845 5447 2897 5501; x_wconf 93' lang='lat' dir='ltr'><strong>in</strong></span> <span class='ocrx_word' id='word_1_922' title='bbox 2924 5451 3389 5506; x_wconf 87' lang='lat' dir='ltr'><strong>consummatione</strong></span> <span class='ocrx_word' id='word_1_923' title='bbox 3415 5452 3764 5508; x_wconf 65' lang='lat' dir='ltr'><strong>tabernaculi.</strong></span> 
     </span>
    </p>
   </div>
   <div class='ocr_carea' id='block_1_116' title="bbox 2360 5556 3878 5638">
    <p class='ocr_par' dir='ltr' id='par_1_116' title="bbox 2360 5556 3878 5638">
     <span class='ocr_line' id='line_1_116' title="bbox 2360 5556 3878 5638; baseline 0.011 -31"><span class='ocrx_word' id='word_1_924' title='bbox 2360 5557 2555 5626; x_wconf 80' lang='lat' dir='ltr'><strong>.l/ferte</strong></span> <span class='ocrx_word' id='word_1_925' title='bbox 2575 5556 2822 5628; x_wconf 89' lang='lat' dir='ltr'><strong>Domino,</strong></span> <span class='ocrx_word' id='word_1_926' title='bbox 2851 5563 2953 5631; x_wconf 83' lang='lat' dir='ltr'><strong>ﬁlii</strong></span> <span class='ocrx_word' id='word_1_927' title='bbox 2974 5563 3092 5631; x_wconf 86' lang='lat' dir='ltr'><strong>Dei,</strong></span> <span class='ocrx_word' id='word_1_928' title='bbox 3117 5566 3300 5637; x_wconf 71' lang='lat' dir='ltr'><strong>a/Terte</strong></span> <span class='ocrx_word' id='word_1_929' title='bbox 3320 5566 3549 5623; x_wconf 88' lang='lat' dir='ltr'><strong>Domino</strong></span> <span class='ocrx_word' id='word_1_930' title='bbox 3577 5569 3716 5638; x_wconf 79' lang='lat' dir='ltr'><strong>ﬁlios</strong></span> <span class='ocrx_word' id='word_1_931' title='bbox 3742 5569 3878 5622; x_wconf 80' lang='lat' dir='ltr'><strong>arie-</strong></span> 
     </span>
    </p>
   </div>
   <div class='ocr_carea' id='block_1_117' title="bbox 2285 5648 3876 5729">
    <p class='ocr_par' dir='ltr' id='par_1_117' title="bbox 2285 5648 3876 5729">
     <span class='ocr_line' id='line_1_117' title="bbox 2285 5648 3876 5729; baseline 0.009 -31"><span class='ocrx_word' id='word_1_932' title='bbox 2285 5657 2411 5700; x_wconf 83' lang='lat' dir='ltr'><strong>tum.</strong></span> <span class='ocrx_word' id='word_1_933' title='bbox 2445 5648 2642 5716; x_wconf 75' lang='lat' dir='ltr'><strong>A/Terte</strong></span> <span class='ocrx_word' id='word_1_934' title='bbox 2671 5648 2896 5707; x_wconf 83' lang='lat' dir='ltr'><strong>Domino</strong></span> <span class='ocrx_word' id='word_1_935' title='bbox 2925 5656 3146 5724; x_wconf 83' lang='lat' dir='ltr'><strong>gloriam</strong></span> <span class='ocrx_word' id='word_1_936' title='bbox 3175 5668 3225 5712; x_wconf 88' lang='lat' dir='ltr'><strong>et</strong></span> <span class='ocrx_word' id='word_1_937' title='bbox 3248 5659 3517 5723; x_wconf 83' lang='lat' dir='ltr'><strong>honorem,</strong></span> <span class='ocrx_word' id='word_1_938' title='bbox 3552 5659 3735 5729; x_wconf 71' lang='lat' dir='ltr'><strong>aﬂ&#39;erte</strong></span> <span class='ocrx_word' id='word_1_939' title='bbox 3765 5656 3876 5713; x_wconf 86' lang='lat' dir='ltr'><strong>Do-</strong></span> 
     </span>
    </p>
   </div>
   <div class='ocr_carea' id='block_1_118' title="bbox 2288 5741 3874 5818">
    <p class='ocr_par' dir='ltr' id='par_1_118' title="bbox 2288 5741 3874 5818">
     <span class='ocr_line' id='line_1_118' title="bbox 2288 5741 3874 5818; baseline 0.011 -27"><span class='ocrx_word' id='word_1_940' title='bbox 2288 5742 2425 5796; x_wconf 84' lang='lat' dir='ltr'><strong>mino</strong></span> <span class='ocrx_word' id='word_1_941' title='bbox 2456 5741 2674 5812; x_wconf 76' lang='lat' dir='ltr'><strong>gloriam</strong></span> <span class='ocrx_word' id='word_1_942' title='bbox 2708 5747 2903 5801; x_wconf 85' lang='lat' dir='ltr'><strong>nomini</strong></span> <span class='ocrx_word' id='word_1_943' title='bbox 2935 5751 3043 5818; x_wconf 73' lang='lat' dir='ltr'><strong>ejus</strong></span> <span class='ocrx_word' id='word_1_944' title='bbox 3064 5791 3078 5817; x_wconf 94' lang='lat'><strong>,</strong></span> <span class='ocrx_word' id='word_1_945' title='bbox 3102 5754 3318 5808; x_wconf 70' lang='lat' dir='ltr'><strong>adorato</strong></span> <span class='ocrx_word' id='word_1_946' title='bbox 3345 5753 3622 5809; x_wconf 81' lang='lat' dir='ltr'><strong>Dominum</strong></span> <span class='ocrx_word' id='word_1_947' title='bbox 3655 5756 3706 5807; x_wconf 88' lang='lat' dir='ltr'><strong>in</strong></span> <span class='ocrx_word' id='word_1_948' title='bbox 3735 5763 3874 5808; x_wconf 74' lang='lat' dir='ltr'><strong>atrio</strong></span> 
     </span>
    </p>
   </div>
  </div>
