4246 6264
385 395 488 472 sin
1351 407 1820 467 COMMENTARII
1855 408 1924 465 IN
1961 401 2290 466 PSALMOS.
2332 407 2521 465 PSAL.
2563 406 2753 466 xxxx.
3473 434 3481 446 -
3550 409 3659 471 sua

353 599 358 602 _
382 539 574 585 sancto
601 527 734 600 ejus.
776 523 891 581 Vox
912 522 1122 578 Domini
1154 539 1311 589 super
1339 539 1520 595 aquas.
1551 522 1692 577 Deus
1720 522 1969 593 majesta-
1996 526 2043 583 Α
2071 522 2218 592 [eruo
2249 521 2475 574 animam
2518 537 2685 574 meam
2703 560 2717 584 ,
2747 519 2959 572 salvasti
2988 535 3069 573 me
3097 535 3128 570 a
3155 499 3576 577 descendentibus
3597 525 3653 579 in

386 623 453 677 tis
471 617 990 686 intonuit,Dominus
1015 633 1169 687 super
1183 631 1346 686 aquas
1369 614 1580 668 multas.
1615 613 1731 669 νοτ
1756 613 1969 667 Domini

381 712 442 766 in
469 713 679 776 virtute,
710 726 806 764 voa:
837 707 1049 762 Domini
1085 708 1141 761 in
1169 705 1583 776 magniﬁcentia.
1621 703 1735 758 νοω
1758 702 1970 756 Domini

381 802 760 875 confringentis
805 799 1015 865 cedros,
1061 807 1111 852 et
1149 797 1440 867 confringet
1487 795 1741 849 Dominus
1789 793 1970 848 cedros

380 891 592 947 Libani.
647 892 716 946 Et
741 892 1048 946 coinminuet
1075 907 1164 943 eos
1194 897 1442 956 tanquam
1489 888 1705 941 vitulum
1736 884 1964 946 Libani,

377 994 428 1040 et
457 985 669 1040 dilectus
697 983 1129 1054 quemadmodum
1153 983 1295 1053 ﬁlius
1321 981 1670 1035 unicornium.
1709 978 1824 1032 Vox
1857 977 1969 1030 Do-

375 1077 509 1131 mini
533 1077 886 1131 intercidentis
914 1078 1186 1147 ﬂammam
1212 1077 1372 1147 ignis,
1404 1091 1503 1128 vox
1535 1073 1748 1128 Domini
1775 1087 1966 1125 concu-

367 1168 551 1222 tientis
576 1167 856 1231 desertum,
881 1177 930 1220 et
952 1165 1285 1220 commovebit
1316 1166 1572 1219 Dominus
1599 1164 1853 1216 desertum
1874 1160 1970 1214 Ca-

372 1259 483 1314 des.
514 1258 630 1313 Vox
653 1259 872 1314 Domini
897 1260 1251 1329 prazparantis
1277 1275 1473 1322 cervos,
1504 1267 1552 1310 et
1580 1256 1823 1310 revelabit
1844 1271 1969 1308 con-

373 1351 556 1417 densa,
584 1362 636 1406 et
655 1352 711 1406 in
742 1351 933 1423 templo
961 1355 1074 1422 ejus
1104 1368 1280 1406 omnes
1310 1340 1482 1404 dicent
1518 1349 1764 1420 gloriam.
1787 1345 1970 1400 Do'mi-

371 1460 469 1498 nus
499 1444 754 1498 diluvium
779 1443 1078 1498 inhabitare
1106 1445 1249 1514 facit,
1282 1451 1330 1496 et
1358 1440 1553 1496 sedebit
1577 1439 1831 1493 Dominus
1853 1436 1967 1491 Rex

370 1537 427 1590 in
465 1545 738 1592 (sternunt.
770 1535 1028 1594 Dominus
1056 1537 1294 1589 virtutem
1322 1533 1513 1605 populo
1543 1549 1635 1586 suo
1663 1529 1825 1595 dabit,
1849 1527 1964 1583 Do-

370 1628 539 1682 minus
570 1624 830 1681 benedicet
858 1626 1049 1697 populo
1076 1641 1171 1680 suo
1197 1625 1254 1677 in
1281 1641 1429 1693 pace.

948 1775 1388 1818 COIIENTARIUI.

743 1839 774 1849 ..ι

2070 611 2259 666 laeum.
2293 611 2512 666 Psallite
2538 611 2764 666 Domino
2791 611 2961 664 sancti
2979 611 3108 680 ejus,
3138 619 3188 664 et
3215 614 3529 682 conﬁtemini
3555 632 3655 669 me-

2070 703 2250 756 moria:
2276 703 2567 755 sanctitatis
2602 703 2734 773 ejus.
2783 700 3040 764 Quoniam
3087 703 3169 754 ira
3210 703 3263 754 in
3294 703 3654 774 indignatione

2069 793 2199 862 ejus,
2223 803 2273 846 et
2295 795 2396 846 vita
2422 795 2477 846 in
2502 793 2764 846 voluntate
2800 793 2929 862 ejus.
2967 792 3049 845 Ad
3070 807 3331 863 vesperum
3361 793 3680 858 demorabi—,

2071 895 2154 938 tur
2173 887 2352 954 ﬂetus,
2382 895 2431 938 et
2478 885 2548 938 ad
2575 887 2888 938 matutinum
2936 885 3136 938 lwtitia.
3188 883 3302 956 Ego
3343 893 3512 940 autent
3541 888 3656 941 dixi

2065 977 2122 1030 in
2145 975 2468 1029 abundantia
2489 993 2624 1040 mea,
2650 974 2773 1028 Non
2793 975 3031 1029 movebor
3050 977 3103 1028 in
3125 986 3392 1029 (eternum.
3412 975 3652 1044 Domine,

2065 1068 2122 1120 in
2152 1069 2411 1120 voluntate
2439 1075 2527 1120 tua
2551 1068 2843 1134 prtestitisti
2869 1068 3042 1121 decori
3062 1084 3174 1122 meo
3202 1070 3457 1122 virtutem.
3491 1070 3652 1124 Aver-

2069 1161 2176 1213 tisti
2205 1161 2390 1230 faciem
2411 1168 2551 1212 tuam
2575 1176 2607 1211 a
2634 1176 2732 1224 me,
2761 1168 2810 1213 et
2837 1161 3004 1230 factas
3044 1177 3156 1213 sum
3185 1161 3539 1215 conturbatus.
3571 1163 3655 1216 Ad

2071 1261 2136 1315 te,
2169 1251 2410 1313 Domine,
2451 1250 2712 1315 clamabo,
2736 1259 2785 1303 et
2808 1251 2875 1303 ad
2904 1249 3070 1304 Deum
3096 1269 3264 1305 meum
3293 1251 3604 1321 deprecabor
3633 1271 3654 1308 :

2071 1339 2200 1406 Quae
2220 1341 2419 1395 utilitas
2445 1343 2500 1394 in
2528 1342 2781 1412 sanguine
2807 1359 2938 1407 meo,
2976 1343 3098 1396 dum
3121 1342 3370 1397 descendo
3393 1345 3448 1396 in
3477 1362 3653 1398 corru-

2066 1433 2332 1502 ptionem?
2360 1429 2614 1502 Nunquid
2639 1431 2966 1502 conﬁtebitur
2995 1433 3083 1487 tibi
3110 1433 3292 1502 pulvis,
3325 1442 3414 1487 aut
3443 1452 3652 1490 annun-

2067 1523 2219 1578 tiabit
2258 1527 2522 1578 veritatem
2569 1526 2746 1578 tuam?
2785 1525 2991 1578 Audiuit
3032 1525 3307 1592 Dominus,
3340 1535 3388 1580 et
3415 1529 3651 1583 misertus

2066 1625 2144 1670 est
2171 1618 2290 1680 mei,
2323 1615 2580 1670 Dominus
2609 1604 2788 1686 factus.
2818 1625 2895 1671 est
2923 1618 3133 1688 adjutor
3157 1635 3317 1674 meas.
3347 1618 3652 1675 Convertisti

2065 1707 2330 1778 planctum
2377 1723 2546 1761 meum
2584 1708 2640 1760 in
2679 1708 2926 1779 gaudium
2953 1710 3103 1774 mihi,
3133 1712 3402 1765 concidisti
3447 1728 3650 1766 saccum

2013 1819 2016 1822 ·
2066 1815 2254 1864 meum,
2281 1808 2329 1850 et
2348 1797 2737 1852 circumdedisti
2762 1816 2844 1853 me
2871 1793 3088 1854 laztitia.‘
3105 1799 3176 1853 Et
3196 1811 3370 1855 cantet
3398 1802 3489 1856 tibi
3535 1803 3650 1874 glo—

442 1900 658 1956 Titulus
711 1896 1226 1954 consummationem
1291 1888 1626 1947 tabernaculi
1680 1893 1964 1942 memorat.
1996 1890 2045 1950 B
2070 1893 2151 1944 ria
2198 1908 2333 1956 mea,
2365 1899 2414 1943 et
2442 1908 2547 1944 non
2587 1907 2930 1962 compungar;
2953 1890 3174 1947 Domine
3223 1892 3362 1949 Deus
3411 1910 3568 1960 meus,
3599 1897 3650 1948 in

373 1992 783 2052 Consummatio
811 1989 1160 2053 tabernaculi,
1192 1984 1313 2041 ﬁnis
1332 1983 1520 2039 mundi
1549 1990 1650 2048 est,
1677 1982 1732 2034 in
1761 1995 1868 2049 quo
1890 1977 1966 2032 of-

375 2081 561 2137 ferunt
583 2080 698 2136 Deo
723 2079 818 2133 ﬁlii
859 2079 957 2133 Dei
985 2079 1124 2132 ﬁlios
1147 2077 1388 2130 arietum.
1423 2073 1543 2127 Filii
1572 2071 1802 2126 arietum
1842 2068 1966 2137 agni

379 2181 529 2240 sunt,
551 2174 642 2242 qui
667 2180 939 2243 ponuntur
967 2171 1033 2226 ad
1054 2171 1348 2233 dexteram,
1370 2176 1449 2234 ut,
1471 2165 1701 2235 gloriam
1721 2170 1779 2217 et
1791 2162 1965 2216 hono-

378 2278 500 2319 rem
527 2263 731 2318 nomini
761 2262 874 2332 ejus
903 2261 1188 2317 oﬂ‘erentes
1208 2260 1260 2314 in
1289 2259 1538 2330 operibus
1563 2258 1668 2327 piis
1693 2270 1813 2325 qua:
1841 2268 1964 2323 ges-

375 2361 591 2421 serunt,
625 2353 849 2417 adorent
875 2352 1188 2416 Dominum,
1215 2351 1325 2420 jam
1351 2367 1460 2406 non
1489 2350 1541 2403 in
1570 2346 1810 2403 aediﬁciis
1848 2361 1964 2399 ma-

373 2445 626 2512 nufactis,
657 2445 752 2501 sed
799 2447 850 2500 in
907 2445 1025 2499 aula
1054 2453 1236 2500 sancta
1265 2443 1403 2512 ejus,
1436 2441 1486 2497 id
1516 2449 1630 2506 est,
1661 2443 1717 2494 in
1743 2437 1963 2492 Christo

369 2533 515 2603 Jesu,
535 2539 589 2591 in
602 2553 701 2609 quo
722 2536 916 2590 habitat
929 2537 1198 2609 plenitudo
1227 2534 1533 2590 Divinitatis
1556 2531 1777 2605 (Coloss.
1808 2528 1958 2601 u,9).

369 2626 488 2683 Vox
518 2626 732 2683 Domini
781 2643 943 2698 super
983 2643 1171 2697 aquas.
1203 2625 1429 2693 Quando
1475 2623 1632 2679 Jesus
1658 2623 1962 2693 baptizatus

367 2726 471 2784 est,
502 2716 664 2772 Pater
709 2718 859 2774 ctelis
906 2719 1136 2788 apertis,
1169 2725 1225 2772 et
1251 2716 1457 2786 Spiritu
1485 2722 1674 2770 sancto
1701 2715 1755 2768 in
1785 2713 1964 2782 specie

373 2809 636 2865 columbae
661 2809 930 2874 veniente,
961 2824 1070 2862 vox
1094 2807 1313 2861 Domini
1341 2821 1503 2876 super
1531 2820 1700 2873 aquas
1725 2803 1866 2858 facta
1881 2811 1964 2857 est

365 2898 581 2954 dicens:
603 2897 682 2952 Tu
709 2915 762 2951 es
790 2895 964 2950 Filius
993 2913 1136 2950 meus
1167 2894 1383 2967 (Matth.
1408 2895 1509 2965 ιιι).
1539 2893 1684 2948 Deus
1711 2893 1962 2962 majesta-

313 3039 316 3041 Α
364 2990 439 3046 tis
469 2990 724 3055 intonuit,
747 2991 851 3045 hoc
879 3000 980 3055 est,
1003 2988 1150 3043 dedit
1176 3003 1368 3043 vocem
1388 3003 1547 3058 super
1575 3002 1761 3058 aquas,
1787 2985 1838 3040 id
1859 2997 1958 3050 est,

366 3095 535 3151 super
576 3089 754 3136 sectas
795 3081 1066 3150 gentium,
1099 3087 1158 3134 ut
1213 3076 1466 3134 ﬁniantur
1492 3080 1546 3133 in
1575 3079 1774 3132 virtute
1823 3076 1960 3131 etin

365 3169 766 3241 magniﬁcentia
793 3170 993 3227 Christi
1021 3170 1168 3226 Iesu.
1199 3171 1514 3239 Quicunque
1543 3179 1723 3226 autem
1744 3169 1958 3225 rebellis

2069 1993 2315 2039 (sternam
2345 1983 2629 2052 conﬁtebor
2652 1983 2760 2037 tibi.

2642 2091 2782 2131 C0!“
2788 2093 2852 2132 EN
2858 2093 3054 2133 ΤΔΒΙΙῙΙ
3062 2119 3074 2132 .

2137 2165 2196 2221 In
2243 2168 2501 2235 vigesimo
2530 2183 2676 2222 nono
2724 2167 2882 2223 titulo
2919 2168 3196 2226 dedicatur
3246 2170 3434 2226 domus
3461 2169 3647 2226 David.
3677 2155 3685 2164 ’

2065 2256 2161 2312 Illa
2188 2258 2374 2326 utique
2401 2257 2590 2313 domus
2618 2274 2683 2311 ea:
2708 2261 2902 2313 semine
2938 2258 3110 2314 David
3143 2262 3418 2316 secundum
3448 2279 3648 2314 carnem

2068 2349 2245 2422 (Rom.
2279 2351 2339 2421 ι),
2370 2365 2479 2405 ιιοιι
2512 2341 2835 2416 manufacta,
2867 2352 3163 2421 sed'angeli
3187 2355 3350 2409 verbo
3379 2353 3648 2418 mandata,

2066 2450 2122 2496 et
2149 2457 2180 2496 a
2226 2440 2430 2512 Spiritu
2457 2452 2644 2497 sancto
2674 2452 3000 2500 constructa.
3039 2444 3161 2515 Ipsa
3207 2445 3398 2500 domus
3427 2454 3509 2501 est
3535 2462 3649 2514 qua:

2065 2532 2196 2588 dicit
2221 2532 2335 2589 Deo
2367 2552 2378 2586 :
2411 2532 2672 2589 Exaltabo
2702 2543 2773 2601 te,
2800 2534 3046 2602 Domine,
3087 2538 3341 2605 quoniam
3370 2539 3650 2606 suscepisti
3719 2599 3724 2604 ,

2063 2641 2181 2692 me;
2213 2626 2450 2697 suscepit
2478 2627 2619 2681 enim
2649 2625 2874 2682 formam
2901 2629 3062 2694 servi,
3093 2640 3151 2682 ut
3179 2645 3287 2682 non
3317 2630 3649 2683 delectaren~

2065 2726 2154 2774 tur
2180 2719 2383 2774 inimici
2411 2735 2574 2790 super
2619 2721 2896 2775 hominum
2922 2735 3110 2789 genus.
3151 2719 3366 2775 Christo
3395 2721 3537 2775 enim
3564 2717 3650 2774 Jec

2063 2825 2130 2867 su
2148 2809 2426 2866 Nazareno
2455 2819 2696 2866 extracto
2721 2812 2789 2866 ab
2818 2810 3019 2878 inferis,
3052 2818 3108 2866 et
3135 2811 3341 2867 salvato
3370 2827 3402 2866 a
3431 2811 3651 2866 descen-
3725 2864 3738 2875 ,

2064 2900 2314 2957 dentibus
2342 2901 2396 2956 in
2425 2901 2596 2956 lacum
2615 2940 2633 2967 ,
2659 2901 2890 2972 psallunt
2934 2901 2984 2956 ei
3035 2917 3221 2956 omnes
3259 2901 3488 2972 apostoli
3515 2900 3650 2970 ejus,

2064 3001 2120 3048 et
2155 2995 2480 3050 conﬁtentur
2525 2993 2798 3049 memoriae
2848 2995 3149 3050 sanctitatis
3177 2997 3292 3065 ejus
3324 3015 3336 3048 :
3394 2990 3684 3064 quoniam'

2064 3083 2146 3139 ira
2172 3084 2274 3140 fuit
2300 3086 2354 3140 in
2386 3085 2751 3154 indignatione
2779 3085 2913 3155 ejus,
2945 3087 3160 3156 quando
3211 3086 3526 3142 maledictus
3571 3096 3651 3143 est

2062 3178 2292 3232 mundus
2313 3179 2368 3232 in
2388 3187 2563 3234 morte
2591 3177 2738 3246 Adae,
2770 3188 2825 3234 et
2851 3196 2994 3235 nunc
3015 3180 3123 3235 vita
3154 3181 3208 3235 in
3239 3181 3516 3236 voluntate
3538 3181 3652 3250 ejus

365 3263 662 3328 exstiterit,
684 3271 738 3318 et
768 3262 942 3317 elatus
968 3262 1108 3316 sicut
1137 3259 1328 3316 cedrus
1358 3259 1564 3326 Libani,
1591 3259 1957 3327 confringctur

2060 3267 2293 3325 Domino
2327 3279 2660 3339 resurgente.
2687 3269 2768 3326 Ad
2795 3287 3076 3343 vesperam
3099 3271 3317 3340 quidem
3345 3271 3651 3328 demoratur

365 3360 424 3408 et
476 3353 874 3408 comminuetur
900 3352 1038 3430 sicut
1061 3351 1252 3408 cedrus
1283 3349 1491 3405 Libani.
1543 3349 1600 3404 ln
1630 3349 1839 3406 Libano
1867 3365 1958 3404 sa-

365 3443 673 3501 criﬁcantes
691 3460 865 3515 usque
893 3428 1055 3499 bedie
1085 3443 1406 3513 turpissima:
1443 3442 1641 3498 Veneri
1670 3441 1960 3496 vitulorum

366 3536 536 3592 virilia
589 3544 900 3607 amputant,
933 3543 989 3590 et
1017 3535 1071 3589 in
1098 3533 1215 3604 ejus
1242 3531 1510 3590 sacriﬁcio
1535 3531 1841 3600 hujusmodi
1869 3531 1957 3584 in-

366 3642 524 3684 censa
552 3635 884 3698 supponunt,
914 3625 1218 3700 mercedem
1248 3638 1412 3694 quam
1466 3623 1708 3693 oportuit
1756 3621 1958 3677 erroris

329 3779 339 3788 ,
364 3723 447 3780 sui
463 3722 584 3778 deae
603 3737 711 3777 sua:
726 3721 987 3777 exhibent
1013 3717 1308 3774 meretrici.
1333 3715 1410 3771 Ita
1434 3731 1562 3786 ergo
1579 3715 1955 3771 comminuun-

364 3824 452 3870 tur
480 3824 732 3885 tanquam
761 3808 982 3869 vitulus
1015 3809 1233 3875 Libani,
1265 3809 1356 3878 qui
1403 3809 1703 3864 castitatem
1757 3805 1957 3862 Christi

363 3906 804 3975 contempserint,
829 3912 886 3959 et
911 3911 971 3958 ut
997 3902 1226 3958 dilectus
1259 3899 1400 3954 ﬁlius
1421 3899 1756 3956 unicornium
1773 3904 1951 3953 erunt.

363 3993 570 4062 Quibus
595 4009 700 4049 vox
729 3994 991 4064 placuerit
1019 3990 1388 4047 intercidentis
1411 3987 1681 4044 ﬂammam
1707 3989 1868 4058 ignis,
1901 3986 1956 4042 id

363 4093 471 4150 est,
497 4084 690 4153 quibus
721 4100 822 4139 vox
860 4084 1034 4155 placet
1059 4081 1396 4155 baptismatis
1423 4081 1650 4149 gratiam
1672 4079 1956 4136 conferen-

362 4175 456 4240 tis,
488 4189 611 4243 qua“:
639 4175 693 4229 in
722 4175 1072 4230 concussione
1097 4172 1403 4228 solitudinis
1428 4173 1610 4242 coepit.
1641 4171 1703 4226 In
1735 4169 1952 4225 deserto

359 4267 509 4323 enim
536 4263 786 4321 Iordanis
808 4266 1003 4321 ﬂuenta
1022 4264 1298 4321 DeiFilius
1316 4263 1610 4329 benedixit,
1644 4270 1700 4318 et
1720 4276 1955 4320 commo-

2062 3357 2242 3426 ﬂetus,
2265 3360 2320 3415 in
2350 3377 2604 3417 occasum
2629 3363 2867 3418 omnium
2889 3362 3220 3418 credentium
3248 3379 3469 3418 necesse
3492 3371 3575 3417 est
3595 3368 3651 3416 ut

2063 3451 2135 3505 sit
2183 3449 2359 3518 ﬂetus,
2389 3469 2489 3523 pro
2517 3469 2584 3508 eo
2634 3454 2778 3524 quod
2824 3454 3186 3510 desolabimur
3214 3454 3280 3508 ab
3309 3455 3392 3508 his
3421 3455 3512 3522 qui
3551 3467 3650 3506 nos

2060 3544 2392 3614 prmeedunt,
2422 3545 2517 3600 sed
2543 3546 2859 3600 habebimus
2887 3562 3008 3601 cum
3038 3547 3122 3600 his
3167 3546 3221 3598 in
3263 3546 3526 3599 matutino
3556 3545 3650 3597 lae—

2060 3636 2255 3691 titiam.
2311 3637 2370 3689 In
2428 3637 2597 3705 prima
2637 3635 2891 3699 anastasi,
2924 3650 3053 3688 mox
3096 3642 3154 3688 ut
3209 3635 3440 3688 tenebrae
3491 3631 3650 3700 hujus

2059 3725 2246 3780 mundi
2267 3723 2428 3778 ﬁnitae
2465 3722 2694 3787 fuerint,
2726 3729 2780 3774 et
2818 3722 3140 3774 matutinum
3169 3729 3378 3790 tempus
3407 3736 3650 3778 resurre-

2060 3815 2254 3872 ctionis
2279 3813 2577 3877 advenerit,
2599 3813 2690 3867 hic
2708 3812 2872 3866 decus
2899 3809 3019 3864 ﬁdei
3045 3819 3242 3864 nostrae
3262 3811 3528 3877 consistit,
3553 3814 3650 3868 sed

2058 3908 2117 3962 in
2144 3905 2424 3961 voluntate
2464 3919 2558 3959 sua
2587 3901 2845 3956 Dominus
2869 3907 3088 3971 praestat
3115 3899 3296 3953 decori
3325 3908 3510 3954 nostro
3533 3902 3646 3956 vir-

2057 4005 2252 4054 tutem.
2286 3996 2420 4051 Nam
2465 3996 2511 4051 si
2558 3993 2812 4050 averterit
2858 3991 3046 4047 faciem
3094 4006 3272 4058 suam,
3306 3994 3649 4060 quantumvis

2059 4105 2301 4146 amemus
2328 4087 2613 4144 Dominum
2631 4126 2645 4152 ,
2676 4101 2784 4140 non
2813 4099 2935 4139 eum
2973 4083 3094 4153 plus
3129 4080 3291 4135 Petro
3321 4081 3647 4148 amabimus;

2057 4189 2116 4236 et
2139 4183 2185 4236 si
2229 4183 2279 4236 ei
2326 4180 2567 4235 dicamus
2595 4193 2714 4232 cum
2741 4175 2920 4238 Petro,
2975 4174 3036 4228 Si
3065 4174 3346 4243 Oportuerit
3389 4189 3470 4225 me
3515 4173 3649 4226 mori

2060 4280 2243 4338 tecum,
2275 4287 2383 4325 non
2407 4278 2454 4322 te
2478 4266 2677 4340 negabo
2701 4265 2919 4344 (Matt/1'.
2941 4263 3107 4334 χχιιι),
3135 4262 3335 4332 poterit
3363 4261 3516 4317 nobis
3546 4279 3642 4318 ne-

359 4357 442 4412 νὴ
468 4347 741 4412 desertum
769 4357 950 4428 Oppidi
968 4357 1272 4412 δι’θνίδείῐῐιί
1293 4357 1347 4411 in
1370 4345 1604 4412 οοηίῖηίο
1634 4355 1803 4410 eremi
1831 4370 1955 4409 000-
2027 4365 2218 4432 'gandi
2245 4379 2367 4419 eum
2397 4363 2614 4417 evenire
2643 4359 2884 4430 perﬁdia,
2924 4359 2969 4412 si
3022 4358 3276 4412 averterit
3304 4372 3364 4412 se
3401 4374 3431 4410 a
3466 4356 3643 4412 nobis.

325 4526 328 4529 _
361 4449 566 4536 stituti,
596 4446 741 4518 quod
769 4449 1068 4519 appellatur
1107 4447 1298 4503 Cades.
1326 4447 1405 4503 lbi
1434 4462 1540 4502 vox
1566 4444 1781 4501 Domini
1809 4461 1950 4515 prte-

361 4539 576 4610 paravit
618 4554 806 4595 cervos
841 4541 932 4609 qui
981 4538 1298 4595 festinarent
1348 4537 1416 4592 ad
1461 4537 1638 4592 fontes
1666 4552 1946 4607 aquarum,

2058 4455 2318 4525 Denique,
2353 4455 2552 4524 inquit,
2583 4452 2850 4508 convertit
2886 4466 2944 4505 se
2972 4449 3157 4516 Jesus,
3190 4458 3245 4504 et
3273 4450 3510 4520 respexit
3538 4449 3642 4505 Pe~

2057 4555 2201 4601 trum
2237 4554 2556 4614 negantem,
2589 4543 2683 4599 sed
2711 4551 2766 4597 et
2791 4543 3102 4597 recordatus
3149 4550 3229 4596 eat
3272 4541 3416 4612 quod
3463 4543 3512 4597 ei
3541 4542 3645 4599 hoc

363 4629 457 4685 ubi
486 4630 744 4685 revelavit
770 4645 834 4686 ea
860 4646 980 4701 quae
1008 4638 1162 4687 erant
1182 4623 1472 4696 condensa,
1505 4629 1559 4683 id
1586 4636 1687 4695 est,
1721 4627 1952 4696 occulta,

2061 4639 2234 4710 ipsum
2264 4639 2604 4708 praedixerat.
2630 4634 2699 4688 Et
2719 4651 2953 4706 egressus
2975 4638 3115 4707 foras
3139 4634 3276 4704 ﬂevit
3297 4635 3641 4689 amarissime.

360 4730 422 4778 ut
445 4722 530 4778 his
558 4723 828 4790 revelatis,
862 4722 916 4778 in
939 4723 1140 4794 templo
1167 4721 1285 4790 Dei,
1317 4721 1510 4791 quibus
1537 4721 1776 4776 revelata
1803 4728 1947 4786 sunt,

362 4815 550 4870 omnes
578 4813 758 4869 dicant
805 4814 1029 4882 gloriam
1059 4821 1114 4868 et
1141 4812 1500 4869 conﬁteantur
1538 4812 1666 4882 quia
1691 4810 1950 4866 Dominus

364 4903 420 4958 in
447 4903 648 4959 diluvio
697 4903 926 4970 habitat,
957 4905 1012 4959 in
1041 4919 1179 4974 aqua
1208 4919 1327 4976 qua:
1352 4903 1507 4958 diluit
1535 4903 1784 4970 crimina,
1811 4910 1868 4957 et
1893 4903 1950 4957 in

365 4992 555 5057 eodem
578 4991 788 5050 diluvio
809 4994 1016 5049 sedebit
1044 4994 1161 5050 Rex
1199 4996 1255 5050 in
1282 5002 1563 5060 aeternum,
1596 4994 1670 5050 ibi
1696 4993 1950 5048 virtutem

364 5085 568 5156 populo
597 5093 695 5142 suo
715 5085 884 5154 dabit,
916 5103 1034 5155 suo,
1063 5089 1305 5159 inquam,
1336 5087 1576 5143 credenti
1604 5086 1737 5152 sibi;
1770 5085 1843 5141 ibi
1856 5084 1952 5141 be-

363 5175 578 5233 nedicet
622 5179 836 5248 plebem
865 5195 1020 5236 suam
1045 5181 1102 5237 in
1129 5185 1294 5253 pace,
1324 5181 1416 5251 qui
1460 5186 1652 5252 regnat
1677 5179 1734 5236 in
1759 5177 1953 5234 saecula

363 5268 701 5326 seculorum.
732 5269 924 5328 Amen.

894 5405 1208 5464 PSALMUS
1234 5405 1424 5462 XXIX.

479 5515 727 5576 Psalmus
743 5520 953 5593 cantici
980 5523 1036 5577 in
1065 5521 1402 5578 dedicatione
1427 5519 1619 5576 domus
1645 5516 1835 5574 David.

435 5642 698 5708 Exaltabo
722 5661 786 5720 te,
811 5653 1053 5723 Domme,
1075 5656 1320 5727 quoniam
1345 5655 1614 5728 suscepisti
1635 5671 1734 5722 me,
1753 5666 1845 5708 nec
1859 5649 1952 5707 de-

362 5738 565 5797 lectasti
589 5744 830 5800 inimicos
859 5763 998 5802 meos
1025 5764 1179 5818 super
1224 5763 1325 5802 me.
1355 5745 1577 5802 Domine
1608 5746 1746 5800 Deus
1775 5760 1953 5809 meus,

364 5829 581 5894 sinuavi
620 5834 690 5889 ad
712 5844 781 5903 te,
810 5847 860 5891 et
885 5842 1082 5898 sanasti
1108 5857 1212 5896 me.
1243 5838 1481 5909 Domine,
1504 5838 1730 5893 eduxisti
1759 5836 1824 5890 ab
1863 5838 1954 5890 in-

649 5933 924 5998 Paeon.
971 5925 1108 5998 ιω
1121 5977 1142 5997 .

2061 4731 2196 4786 Cum
2224 4744 2353 4798 ergo
2395 4737 2662 4784 averteret
2690 4742 2749 4781 se
2776 4725 3034 4780 Dominus
3062 4727 3114 4778 in
3154 4734 3562 4793 praesumentem
3590 4733 3647 4780 et

2060 4825 2327 4879 dicentem
2356 4843 2368 4875 ε
2400 4821 2517 4876 Νοιι
2559 4821 2817 4875 movebor
2841 4818 2894 4872 in
2922 4826 3212 4882 aeternum,
3236 4819 3450 4886 negavit
3478 4832 3600 4871 eum
3624 4833 3640 4882 ;

2060 4930 2184 4970 cum
2227 4913 2466 4982 respexit
2492 4918 2795 4978 negantem,
2827 4909 2994 4974 ﬂevit,
3019 4916 3075 4962 et
3101 4908 3348 4962 laverunt
3398 4899 3645 4976 lacrymai

2059 5005 2374 5078 pmnitentis
2405 5004 2550 5073 quod
2592 5019 2732 5059 noxa
2760 5002 3067 5058 incurrebat
3089 4998 3475 5072 prmsumentis.
3525 4995 3645 5050 Non

2062 5099 2208 5154 enim
2261 5095 2548 5152 conﬁtetur
2592 5095 2878 5149 Dominum
2907 5093 3107 5163 pulvis,
3135 5091 3180 5143 si
3226 5085 3640 5156 praesumpserit,

2062 5205 2164 5246 nec
2191 5188 2476 5244 annuntiat
2494 5188 2775 5242 veritatem
2803 5183 2937 5252 ejus,
2969 5183 3015 5236 si
3043 5196 3101 5234 se
3124 5175 3425 5247 jactaverit.
3458 5173 3515 5230 Si
3543 5190 3642 5230 au-

2061 5291 2173 5338 tem
2191 5291 2312 5353 post
2340 5289 2620 5352 peccatum
2643 5261 2968 5350 paenituerit,
2999 5281 3055 5327 et
3084 5267 3464 5341 paenitudinem
3491 5284 3643 5324 suam

2061 5373 2532 5447 lacrymisamoris
2552 5367 2866 5430 ostenderit,
2889 5365 3068 5419 dicere
3087 5361 3285 5434 poterit
3303 5377 3424 5418 cum
3446 5361 3607 5418 Petro
3628 5379 3642 5413 ;

2063 5464 2282 5520 Audivit
2311 5463 2588 5528 Dominus,
2620 5468 2676 5514 et
2704 5458 2955 5512 misertus
2982 5463 3066 5509 est
3092 5455 3242 5521 mihi,
3275 5454 3534 5510 Dominus
3560 5453 3644 5506 fa-

2065 5565 2185 5612 ctus
2199 5562 2283 5609 est
2311 5552 2524 5621 adjutor
2541 5565 2712 5613 meus,
2735 5546 2860 5614 quia
2875 5547 3140 5612 convertit
3159 5545 3433 5616 planctum
3453 5546 3568 5612 ejus
3588 5543 3645 5596 in

2064 5649 2338 5719 gaudium,
2370 5651 2429 5697 ut
2468 5640 2612 5708 quod
2650 5637 2807 5692 tertio
2834 5649 3143 5708 negaverat,
3177 5639 3335 5692 tertio
3362 5635 3639 5692 fateretur,

2065 5741 2111 5795 si
2160 5747 2336 5792 tamen
2376 5731 2545 5801 gloria
2573 5729 2840 5784 credentis
2869 5731 2923 5784 in
2966 5731 3078 5786 Deo
3107 5745 3215 5785 non
3245 5728 3300 5782 in
3338 5719 3641 5778 hominibus

2067 5830 2372 5904 extollatur,
2403 5831 2532 5880 tunc
2558 5839 2780 5881 securus
2822 5823 2989 5881 dicit:
3016 5823 3245 5881 Domine
3294 5818 3435 5872 Deus
3460 5827 3644 5883 meus,

3111 5913 3190 5978 12
