4246 6264
612 336 721 390 56⁸

1914 342 2183 407 ARNOBII
2220 343 2521 413 .IUNIOBIS

3785 340 3895 396 564

3752 414 3769 437 κ
3824 402 3853 437 a‘

582 463 591 469 '
617 452 675 547 in
700 436 956 508 aeternum
984 451 1279 510 contitebor
1308 452 1422 522 tibi,
1453 449 1545 525 qui
1575 438 1766 526 regnas
1796 440 1848 513 in
1873 450 2063 517 saecula
2092 477 2189 516 εω-
2210 452 2271 525 ’Ᾱ
2297 452 2509 523 monia.‘
2530 463 2586 537 Si
2626 450 2804 521 tamen
2852 477 3069 534 semper
3112 461 3259 525 dicat
3283 460 3515 529 Domino
3548 479 3560 514 :
3591 459 3654 528 In
3697 443 3893 547 manus

589 547 879 603 'culnrmn.
917 546 1105 601 Amen.
1195 550 1199 555 '
1420 564 1423 567 λ

577 782 589 849 ἑ

1112 656 1424 719 PSALMUS
1464 663 1627 721 XXX.

865 775 923 841 in
953 774 1112 835 linem
1142 777 1378 848 psalmus
1405 778 1573 835 David
1602 795 1701 850 pro.
1729 783 1947 843 exstasi.

568 886 597 937 ‘l‘
688 912 753 967 In
785 922 850 980 te,
879 912 1119 978 Domine,
1148 919 1369 984 speravi,
1399 934 1505 972 non
1531 918 1833 989 οοηῂιηάαν
1845 920 1898 973 in
1929 928 2195 975 internum.

593 1005 684 1058 ‘In
707 1006 912 1076 justitia
960 1015 1047 1059 tua
1071 1005 1231 1061 libera
1259 1025 1355 1074 me,
1388 1008 1583 1063 inclina
1631 1010 1701 1063 ad
1726 1028 1806 1065 me
1834 1029 2009 1066 aurem
2039 1021 2196 1079 tuam,

614 1100 849 1153 accelera
875 1107 932 1153 ut
958 1117 1110 1154 eruas
1149 1118 1245 1154 me.
1279 1100 1407 1154 Esto
1454 1102 1581 1177 mihi
1628 1103 1687 1156 in
1734 1102 1900 1157 Deum
1938 1111 2200 1173 protecto-

616 1208 741 1255 rem,
773 1201 824 1246 et
850 1193 904 1245 in
928 1192 1134 1246 domum
1162 1194 1379 1264 refugii,
1412 1202 1468 1245 ut
1493 1193 1690 1247 salvum
1717 1211 1797 1247 me
1833 1195 2020 1265 facias.
2057 1192 2201 1258 Quo-

588 1272 759 1336 "itiam
799 1283 1050 1353 fortitudo
1081 1301 1193 1337 mea
1231 1294 1281 1337 et
1319 1285 1577 1355 refugium
1614 1302 1783 1338 meum
1810 1302 1865 1339 es
1896 1296 1967 1351 tu,
1998 1296 2047 1339 et
2075 1302 2200 1356 pro-

614 1383 728 1445 pter
754 1390 940 1427 nomen
973 1384 1112 1441 tuum
1142 1373 1356 1427 deduces
1384 1391 1483 1440 me,
1515 1382 1563 1429 et
1591 1376 1819 1429 enutries
1866 1393 1963 1429 me.
1997 1374 2202 1430 Educes

614 1483 694 1520 me
741 1466 803 1519 de
833 1469 1011 1537 laqueo
1037 1482 1182 1538 quem
1212 1465 1589 1520 absconderant
1615 1467 1762 1533 mihi,
1795 1468 2038 1540 quoniam
2069 1476 2121 1519 tu
2148 1484 2200 1521 es

615 1568 874 1629 protector
900 1576 1060 1614 meus.
1111 1557 1179 1613 In
1218 1576 1405 1613 manus
1451 1567 1565 1613 tuus
1615 1559 1912 1613 commendo
1965 1560 2202 1629 spiritum

615 1666 801 1713 meum,
834 1651 1093 1704 redemisti
1143 1667 1242 1716 me,
1277 1650 1499 1705 Domine
1552 1650 1694 1706 Deus
1744 1653 1995 1706 veritatis.
2029 1648 2202 1705 Odisti

617 1743 943 1799 observantes
992 1745 1244 1799 vanitates
1289 1761 1613 1815 supervacue.
1666 1743 1779 1817 Ego
1809 1753 1980 1801 autem
2008 1745 2062 1797 in
2090 1741 2202 1797 Do-

2272 616 2275 617 ,
2305 564 2442 622 tuas,
2469 555 2713 619 Domine,
2746 552 3067 612 commendo
3094 554 3564 624 spiritummeum,
3591 551 3645 607 id
3672 560 3777 627 est,
3806 542 3891 619 iii-

2304 649 2557 705 teriorem
2583 647 2863 704 hominem
2880 650 3059 701 meum
3106 646 3160 701 in
3185 654 3305 708 tuas
3330 644 3890 703 manuscommendo.

2303 740 2421 798 Non
2459 740 2603 797 enim
2639 739 2776 796 facio
2826 739 3117 795 observare
3155 737 3445 793 vanitatem
3483 735 3662 792 saeculi
3699 736 3892 806 hujus,

2304 847 2413 887 non
2441 847 2564 887 eum
2590 829 2729 887 facio
2758 829 2928 884 laetari
2956 829 3009 884 in
3038 829 3202 884 rebus
3228 827 3445 903 mundi,
3462 826 3558 883 sed
3587 827 3641 881 in
3672 835 3762 889 tua
3788 826 3894 881 ml-

2303 905 2613 987 sericordia,
2646 920 2739 992 qui
2765 921 2974 976 salvum
2997 918 3172 977 fecisti
3218 919 3285 974 de
3334 919 3749 974 necessitatibus
3778 918 3896 973 anl-

2273 1007 2281 1010 ’
2303 1027 2448 1067 mam
2468 1027 2665 1067 meam.
2691 1010 2916 1078 Quando
2936 1010 3221 1082 respexisti
3245 1010 3601 1066 humilitatem
3622 1024 3819 1077 meam,
3841 1016 3898 1091 et

2304 1120 2414 1160 non
2442 1104 2751 1161 conclusisti
2779 1120 2867 1160 me
2907 1103 2961 1158 in
2990 1118 3181 1161 manus
3207 1103 3428 1169 inimici,
3460 1103 3556 1158 sed
3584 1102 3780 1161 tollens
3808 1118 3896 1158 me

2305 1196 2372 1251 ab
2393 1203 2638 1265 angusto,
2666 1194 2756 1250 ubi
2786 1195 3148 1262 angustiabar,
3177 1194 3411 1250 statuisti
3434 1194 3486 1248 in
3515 1194 3635 1251 loco
3655 1194 3894 1266 spatioso

2302 1287 2469 1361 pedes
2492 1299 2660 1343 meos.
2697 1284 2766 1341 Ut
2792 1294 2973 1342 autem
2999 1285 3171 1342 Deum
3205 1286 3302 1341 tibi
3331 1284 3495 1341 facias
3523 1284 3891 1354 miserantem,

2305 1371 2360 1436 te'
2382 1380 2577 1436 exhibe
2600 1379 2974 1446 tribulantem;
3000 1394 3108 1434 non
3126 1379 3269 1434 enim
3298 1379 3433 1450 petit
3447 1372 3892 1447 misericordiam,

2304 1469 2409 1533 nisi
2458 1468 2721 1524 trib’ulans
2774 1468 2927 1537 cujus
2978 1466 3110 1524 ﬂetu
3155 1470 3509 1526 conturbatur
3535 1478 3803 1541 aspectus,

2284 1558 2484 1616 anima
2514 1560 2631 1630 ejus
2660 1569 2715 1616 et
2760 1567 2949 1616 venter
2977 1559 3094 1629 ejus
3123 1561 3417 1629 castigatus
3440 1559 3893 1631 jejuuiismemo'r

2304 1666 2422 1707 esse
2450 1651 2628 1707 debet.
2646 1648 2923 1717 "Quoniam
2951 1650 3194 1720 quamvis
3222 1649 3314 1705 diu
3369 1650 3512 1705 vivat
3560 1651 3752 1716 homo,
3781 1636 3895 1706 vita

2305 1745 2422 1815 ejus
2448 1744 2630 1801 deficit
2650 1745 2704 1799 in
2733 1744 3039 1810 doloribus;
3071 1750 3128 1800 et
3154 1743 3440 1813 quantavis
3469 1743 3776 1798 annositate
3797 1741 3894 1796 llo-

616 1837 754 1892 mino
776 1837 999 1908 speravi,
1028 1835 1293 1893 exsultabo
1322 1844 1371 1890 et
1400 1836 1616 1892 (letabor
1644 1837 1696 1889 in
1710 1835 2067 1890 misericordia
2091 1840 2198 1888 tua.
2233 1847 2279 1907 Β
2304 1844 2442 1901 reat,
2465 1835 2723 1891 deﬁciunt
2750 1836 2877 1890 anni
2899 1834 3015 1916 ejus
3042 1834 3097 1890 in
3125 1834 3444 1903 gemitibus;
3472 1844 3527 1889 et
3553 1833 3893 1908 quantumvis

618 1928 877 1993 Quoniam
902 1930 1172 1999 respexisti
1194 1928 1534 1983 humilitatem
1560 1944 1728 1983 meam
1746 1969 1759 1995 ,
1784 1929 1997 1982 salvasti
2028 1928 2091 1982 de
2111 1944 2201 1981 ne-

617 2021 937 2076 cessitatibus
967 2022 1195 2075 animam
1224 2037 1409 2075 meam.
1442 2018 1555 2074 Nec
1580 2020 1879 2075 conclusisti
1906 2038 1986 2073 me
2011 2021 2067 2074 in
2096 2025 2203 2074 ma—

617 2115 767 2169 nibus
817 2115 1035 2182 inimici,
1078 2115 1310 2168 statuisti
1356 2115 1410 2168 in
1459 2116 1571 2171 loco
1599 2115 1828 2186 spatioso
1856 2114 2009 2186 pedes
2038 2131 2196 2172 meos.

616 2206 865 2261 Miserere
891 2208 1010 2272 mei,
1042 2206 1294 2275 Domine,
1324 2209 1567 2280 quoniam
1602 2205 1836 2275 tribulor,
1871 2206 2203 2277 conturbatus

614 2311 691 2358 est
716 2304 773 2357 in
823 2305 906 2356 ira
960 2303 1138 2357 oculus
1167 2318 1330 2367 meus,
1364 2303 1541 2356 anima
1569 2319 1719 2369 mea,
1747 2311 1795 2355 et
1838 2310 2011 2355 venter
2038 2297 2197 2378 meus.

520 2386 529 2395 ’
617 2394 878 2460 Quoniam
907 2395 1095 2468 defecit
1114 2397 1170 2449 in
1201 2395 1378 2450 dolore
1406 2397 1511 2450 vita
1532 2414 1666 2463 mea,
1699 2407 1748 2450 et
1768 2398 1893 2450 anni
1914 2396 2014 2451 mei
2042 2397 2097 2450 in
2117 2390 2204 2479 qe-

615 2486 840 2541 mitibus.
877 2485 1154 2558 lnﬁrmata
1180 2495 1257 2541 est
1277 2488 1331 2541 in
1359 2497 1660 2558 paupertate
1679 2489 1837 2542 virtus
1856 2504 1992 2554 mea,
2012 2486 2203 2561 et‘ossa

615 2595 728 2632 mea
765 2578 1069 2632 conturbata
1108 2587 1244 2633 sunt.
1278 2578 1448 2649 Super
1476 2595 1651 2633 omnes
1681 2576 1918 2634 inimicos
1947 2576 2086 2634 meos
2117 2579 2202 2651 fa-

615 2681 727 2725 ctus
757 2687 869 2726 sum
898 2670 1227 2743 opprobrium
1254 2671 1436 2724 vicinis
1465 2671 1591 2723 meis
1619 2670 1785 2736 valde,
1810 2680 1860 2724 et
1887 2671 2042 2724 timor
2062 2666 2202 2733 notis

614 2766 760 2819 meis.
796 2761 895 2828 Qui
924 2763 1160 2818 viderunt
1182 2780 1283 2829 me,
1313 2766 1454 2835 foras
1486 2764 1730 2835 fugerunt
1756 2780 1789 2816 a
1818 2762 1927 2829 m'e,
1961 2760 2203 2819 oblivioni

506 2864 516 2874 ‘
614 2857 768 2911 datus
796 2873 907 2911 sum
932 2865 1184 2928 tanquam
1210 2865 1442 2910 mortuus
1466 2873 1498 2909 a
1521 2855 1694 2909 corde.
1726 2852 1924 2909 Factus
1951 2872 2065 2910 sum
2084 2863 2201 2934 tan.-

614 2967 768 3021 quam
815 2966 904 3004 vas
947 2950 1205 3020 perditum
1227 2989 1242 3016 ,
1281 2951 1525 3022 quoniam
1571 2948 1743 3004 audivi
1781 2944 2203 3038 vituperationem

614 3042 892 3107 multorum
919 3043 1349 3096 commorantium
1376 3042 1432 3094 in
1463 3041 1701 3094 circuitu.
1735 3038 1802 3094 In
1821 3058 1901 3107 eo,
1925 3040 2045 3107 dum
2074 3056 2200 3113 con-

613 3132 841 3185 venirent
867 3132 1021 3187 simul
1066 3131 1335 3199 adversum
1376 3149 1458 3186 me
1484 3134 1717 3205 accipere
1755 3128 1986 3185 animum
2010 3148 2198 3198 meam,

2303 1927 2494 1982 virium
2531 1927 2744 1993 habeat,
2777 1934 3172 1998 pauperescunt
3196 1926 3339 1981 vires
3365 1925 3498 1997 ejus,
3529 1935 3586 1982 et
3612 1932 3893 1997 quantum-

2281 2008 2383 2076 'vis
2411 2019 2683 2076 soliditate
2728 2020 2999 2091 corporali
3046 2018 3311 2087 conﬁdat,
3344 2019 3587 2082 dicturus
3634 2027 3734 2085 est,
3763 2013 3895 2079 Ossa

2286 2110 2425 2168 mea
2465 2111 2785 2169 conturbata
2830 2120 2974 2167 sunt.
3007 2110 3123 2168 Hoc
3150 2118 3282 2168 sane
3331 2111 3631 2171 cavendum
3686 2119 3790 2178 est,
3829 2114 3895 2166 n‘e

2286 2224 2465 2287 super
2519 2223 2708 2263 omnes
2758 2206 3002 2262 inimicos
3053 2222 3182 2263 suos
3228 2203 3493 2261 elﬁciatur
3521 2186 3892 2276 opprobrium.

2304 2301 2404 2357 llic
2433 2301 2584 2357 locus
2613 2301 2659 2356 si
2680 2301 2828 2371 justo
2857 2300 3057 2366 evenit,
3087 2309 3383 2371 martyrem
3409 2297 3571 2363 fecit;
3598 2296 3644 2353 si
3674 2296 3894 2381 injusto,

2304 2402 2563 2455 teternam
2611 2401 2842 2450 mortem
2872 2390 3083 2448 indixit.
3114 2390 3318 2462 Injuste
3346 2391 3490 2445 enim
3517 2389 3644 2445 odio
3681 2387 3895 2444 habitus

2284 2470 2388 2557 est
2416 2486 2593 2551 omnis
2620 2478 2860 2552 sanctus,
2883 2492 2938 2540 et
2960 2485 3077 2559 ipse
3092 2482 3255 2539 etiam
3274 2481 3555 2539 Dominus.
3583 2479 3733 2539 Tunc
3752 2480 3895 2541 enim

2289 2568 2573 2637 exclamat
2617 2577 2851 2650 Spiritus
2893 2584 3131 2640 sanctus,
3184 2575 3323 2631 sicut
3365 2574 3417 2628 in
3445 2572 3660 2629 Christo
3707 2571 3895 2643 praedi~

2305 2681 2450 2741 ctum
2479 2681 2592 2741 est,
2623 2680 2683 2728 ut
2709 2678 2858 2727 muta
2888 2667 3019 2725 ﬁant
3054 2669 3196 2724 labia
3224 2668 3426 2738 iniqua,
3456 2683 3574 2739 qum
3601 2667 3895 2737 loquuntur

2305 2765 2562 2823 adversus
2576 2763 2780 2837 justum
2794 2763 3133 2835 iniquitatem
3146 2762 3200 2816 in
3216 2761 3468 2833 superbia
3482 2770 3538 2816 et
3547 2744 3892 2832 contemptu:

2288 2846 2360 2915 let
2386 2840 2629 2937 quamvis
2658 2855 3044 2935 amaritudines
3070 2853 3349 2926 patiuntur
3372 2851 3504 2921 justi
3551 2851 3607 2907 in
3646 2852 3749 2907 hoc
3794 2867 3895 2908 sa:-

2304 2952 2449 3020 culo,
2473 2951 2571 3008 sed
2597 2964 2791 3019 magna
2819 2947 3107 3004 multitudo
3134 2946 3430 3002 dulcedinis
3472 2960 3567 3024 eos
3594 2953 3889 3015 exspectat,

2302 3043 2350 3099 si
2378 3040 2867 3114 perseveraverint,
2899 3039 2955 3094 in
2985 3038 3194 3103 futuro,
3225 3052 3385 3107 quam
3416 3037 3631 3095 interim
3660 3037 3891 3093 abscon-

2303 3134 2383 3191 dit
2410 3133 2669 3189 Dominus
2698 3130 3009 3187 timentibus
3036 3144 3117 3185 se.
3144 3127 3264 3186 Non
3291 3128 3407 3184 vult
3433 3142 3553 3185 eam
3579 3128 3634 3183 in
3663 3128 3765 3184 hoc
3792 3121 3892 3185 sai-

612 3222 873 3276 conciliati
896 3232 1032 3276 sunt.
1057 3222 1173 3295 Ego
1195 3232 1365 3277 autem
1386 3224 1441 3276 in
1464 3232 1510 3277 te
1527 3223 1752 3293 speravi,
1777 3221 2028 3289 Domine;
2052 3222 2196 3277 dimi:
2224 3232 2269 3294 ρ
2303 3226 2426 3283 culo
2454 3223 2824 3290 manifestare,
2855 3229 2914 3277 ut
2952 3220 3197 3293 perﬁciat
3225 3234 3343 3281 eam
3370 3216 3711 3301 sperantibus
3740 3218 3793 3273 in
3832 3234 3893 3274 se

611 3312 750 3369 Deus
770 3330 911 3368 meus
932 3331 986 3368 es
1011 3325 1082 3381 tu,
1103 3316 1160 3369 in
1178 3313 1416 3368 manibus
1449 3315 1546 3368 tuis
1575 3324 1738 3368 sortes
1764 3329 1906 3368 mete.
1941 3314 2103 3387 Eripe
2122 3331 2203 3369 me

612 3408 673 3472 de
700 3405 937 3473 manibus
978 3408 1308 3462 inimicorum
1356 3422 1603 3472 meorum,
1634 3414 1684 3458 et
1711 3422 1744 3457 a
1786 3404 2200 3477 persequentibus

610 3518 707 3557 me.
744 3499 963 3555 Illnstra
1012 3501 1199 3571 faciem
1228 3507 1369 3553 tuam
1395 3515 1548 3573 super
1576 3513 1776 3551 servum
1805 3506 1944 3561 tuum
1963 3537 1977 3564 ,
2001 3498 2199 3551 salvum

608 3610 690 3651 me
728 3594 815 3666 fac
842 3594 895 3649 in
925 3591 1286 3647 misericordia
1338 3599 1453 3657 tua,
1486 3589 1741 3658 Domine,
1773 3606 1872 3645 non
1903 3590 2198 3662 confundor

605 3686 851 3758 quoniam
895 3684 1126 3739 invocavi
1156 3693 1216 3739 te.
1268 3680 1590 3739 Erubescant
1615 3684 1760 3755 impii
1800 3691 1850 3736 et
1878 3681 2195 3737 deducantur

605 3776 660 3831 in
681 3772 965 3853 infernum,
989 3783 1134 3832 muta
1178 3776 1313 3848 ﬁant
1340 3775 1481 3831 labia
1508 3775 1708 3831 dolosa.
1761 3773 1890 3840 Quw
1921 3774 2195 3848 loquuntur

608 3866 849 3925 adversm
864 3868 1064 3938 justum
1081 3870 1425 3942 iniquitatem,
1440 3870 1496 3924 in
1524 3867 1762 3940 superbia
1783 3869 1905 3923 etin
1927 3869 2190 3927 abusione.

611 3954 781 4024 Quam
797 3975 992 4030 magna
1018 3958 1295 4017 multitudo
1316 3958 1600 4015 dulcedinis
1631 3968 1749 4025 mre,
1774 3956 2014 4024 Domine,
2038 3974 2194 4037 quam

606 4052 920 4111 abscondisti
952 4054 1242 4109 timentibus
1275 4054 1356 4106 te!
1379 4050 1655 4124 Perfecisti
1680 4053 1753 4106 eis
1792 4053 1879 4122 qui
1899 4060 2110 4122 sperant
2135 4053 2192 4108 in

606 4153 673 4210 te,
702 4145 758 4198 in
802 4150 1072 4215 conspectu
1109 4143 1339 4214 ﬁliorum
1366 4142 1652 4199 hominum.
1684 4142 1980 4213 Abscondes
2009 4161 2093 4199 eos
2134 4129 2189 4209 in

607 4237 906 4299 abscondito
937 4238 1089 4307 faciei
1112 4245 1229 4304 tute,
1262 4254 1296 4291 α
1316 4234 1706 4292 conturbatione
1729 4237 2015 4293 hominum.
2048 4237 2188 4299 Pro-

598 4336 742 4409 teges
778 4344 864 4383 eos
893 4328 946 4381 in
977 4324 1306 4382 tabernaculo
1325 4326 1452 4395 'tuo,
1482 4344 1516 4382 a
1543 4327 1952 4385 contradictione
1979 4310 2190 4402 lingua;

604 4434 735 4475 runt.
762 4416 1072 4473 Benedictus
1103 4417 1376 4482 Dominus,
1410 4421 1655 4493 quoniam
1701 4422 1997 4492 miri/icavit
2032 4425 2187 4480 mise-

602 4508 884 4567 ricordiam
935 4517 1076 4563 tuam
1127 4508 1255 4563 mihi
1284 4510 1337 4564 in
1367 4511 1574 4565 civitate
1620 4514 1840 4568 munita.
1875 4511 1988 4585 Ego
2015 4524 2186 4570 autem

601 4600 712 4655 dixi
736 4600 791 4653 in
820 4614 1031 4661 excessu
1058 4600 1243 4654 mentis
1263 4616 1410 4668 meae,
1434 4604 1692 4674 projectus
1719 4621 1835 4660 sum
1856 4622 1889 4659 a
1918 4607 2053 4677 facie
2072 4622 2188 4661 ocu-

597 4692 1004 4745 lorumtuorum.
1056 4689 1185 4749 Ideo
1223 4693 1483 4749 exaudiui
1510 4711 1681 4752 vocem
1728 4699 1979 4752 orationis
2022 4715 2184 4767 mete,

597 4781 718 4838 dum
744 4781 1022 4837 clamarem
1044 4784 1113 4839 ad
1143 4793 1227 4839 te:
1257 4783 1472 4858 Diligite
1491 4786 1794 4859 Dominum,
1818 4807 1994 4846 omnes
2016 4793 2187 4853 sancti

2306 3332 2493 3377 coram
2522 3316 2644 3370 liliis
2661 3316 2959 3380 hominum,
2981 3312 3076 3382 qui
3099 3326 3195 3368 eos
3222 3311 3507 3367 irris‘erint.
3532 3310 3600 3365 Et
3618 3327 3762 3368 nunc
3781 3313 3892 3385 qui:

2304 3410 2427 3465 dem
2478 3405 2758 3463 abscondit
2810 3419 2907 3462 eos
2953 3404 3007 3460 in
3044 3403 3227 3461 abdito
3282 3402 3461 3467 vultus
3515 3404 3625 3471 sui,
3668 3412 3728 3460 ut
3754 3405 3891 3480 sicut

2304 3498 2473 3569 ipsius
2501 3497 2678 3553 vultus
2718 3496 2792 3551 ita
2823 3504 2942 3550 erat
2982 3495 3037 3550 in
3066 3493 3270 3562 abdito,
3315 3502 3375 3549 ut
3402 3504 3684 3566 putaretur
3727 3498 3891 3559 homo

2304 3596 2529 3657 tamam,
2563 3589 2638 3649 ita
2666 3594 2720 3644 et
2750 3588 2837 3643 isti
2864 3602 2985 3644 cum
3013 3587 3124 3641 sint
3150 3580 3330 3657 magni
3359 3594 3414 3641 et
3442 3587 3637 3655 sancti,
3669 3588 3891 3647 abscon-

2304 3680 2384 3737 ﬁt
2410 3694 2506 3741 eos
2552 3679 2605 3737 in
2660 3678 2841 3737 abdito
2869 3678 3049 3734 vultus
3077 3678 3160 3733 sui
3190 3692 3221 3731 a
3249 3676 3662 3744 conturbatione
3716 3678 3891 3733 homi-

2303 3794 2453 3851 num,
2483 3793 2555 3833 ne
2580 3777 2709 3834 dum
2730 3774 3127 3843 manifestatum
3154 3773 3316 3831 fuerit
3336 3789 3434 3835 eos
3452 3787 3571 3831 esse
3597 3782 3815 3830 sanctos
3834 3783 3891 3830 et

2303 3872 2508 3945 aniens
2551 3868 2682 3936 Dei,
2732 3868 3083 3937 conturbatur
3134 3867 3202 3923 ab
3246 3867 3527 3925 hominum
3578 3866 3889 3937 adulatione

2300 3964 2639 4036 propositum
2667 3977 2873 4021 eorum.
2899 3958 3010 4019 Sed
3037 3968 3166 4017 tunc
3192 3958 3446 4017 miriﬁcat
3462 3957 3887 4019 misericordiam

2292 4071 2455 4121 suam
2482 4056 2536 4111 in
2563 4056 2661 4125 eis,
2692 4070 2817 4115 cum
2849 4054 3168 4127 apparuerit
3184 4054 3375 4119 civitas
3401 4053 3885 4125 circumstantium,

2293 4161 2457 4216 quam
2484 4145 2834 4217 circumstant
2861 4146 3058 4216 angeli,
3099 4144 3291 4203 civitas
3345 4152 3522 4211 mater
3574 4152 3886 4225 sanctorum

2291 4239 2611 4303 Jerusalem.
2635 4239 2775 4311 Quid
2801 4247 2917 4301 tum
2936 4239 3011 4295 ibi
3037 4239 3280 4299 dicturus
3308 4228 3397 4311 est
3413 4238 3625 4311 justus;
3655 4239 3786 4297 dum
3806 4240 3886 4305 vi:

2292 4333 2477 4393 derem
2505 4347 2593 4403 me
2622 4334 2674 4387 in
2702 4333 2900 4395 saeculo
2926 4348 3028 4404 pro
3055 4340 3298 4405 stercore
3323 4334 3580 4391 aestimari
3606 4334 3675 4395 ab
3704 4335 3884 4390 omni~

2292 4423 2411 4489 bus,
2442 4422 2554 4479 dixi
2581 4423 2639 4479 in
2683 4423 2847 4481 corde
2872 4437 3018 4497 meo,
3048 4419 3329 4491 Proiectus
3367 4437 3485 4481 sum
3515 4438 3548 4478 a
3573 4422 3723 4485 vultu
3752 4438 3885 4480 oens

2292 4513 2468 4571 lorum
2496 4522 2733 4575 tuorum.
2759 4512 2841 4569 Tu
2858 4521 3040 4571 autem
3077 4512 3343 4587 exaudisti
3369 4528 3579 4581 vocem,
3610 4510 3739 4587 quia
3764 4514 3882 4571 ela-
3908 4522 3911 4525 ‘

2218 4573 2267 4635 υ
2293 4606 2436 4673 mavi
2464 4605 2531 4662 ad
2558 4614 2631 4662 te.
2656 4573 2832 4663 Nolite
2847 4620 2975 4676 ergo
3004 4584 3272 4665 terrorem
3289 4573 3878 4679 path-Domini.

2293 4697 2339 4763 si
2366 4712 2463 4755 vos
2489 4697 2739 4768 superbia
2766 4697 3045 4759 hominum
3096 4698 3370 4770 opprimit.
3390 4697 3518 4757 Erit
3545 4699 3688 4754 enim
3727 4699 3879 4769 judi-

2294 4788 2455 4858 citnn,
2487 4789 2545 4849 in
2569 4803 2676 4859 quo
2704 4788 2944 4861 requiret
2982 4790 3278 4857 veritatem
3324 4789 3606 4859 Dominus,
3639 4798 3696 4847 et
3722 4792 3881 4848 retri-.

592 4874 725 4945 ejus,
754 4874 999 4947 quoniam
1027 4876 1290 4934 veritatem
1319 4880 1543 4950 requiret
1560 4878 1839 4950 Dominus,
1865 4893 1915 4938 et
1942 4883 2187 4953 retribuet
2293 4878 2425 4949 ιηιθι
2441 4879 2525 4935 his
2551 4879 2645 4951 qui
2671 4878 3005 4939 αδωὶὼωιθι·
3050 4878 3255 4937 {ieiuni
3278 4882 3607 4953 Superbia!“-
3644 4880 3883 4941 Vltima!

546 4948 918 5033 fabundanter
964 4973 1271 5047 facientibus
1310 4948 1623 5049 superbiam.
1666 4948 1902 5036 Viriliter
1948 4983 2087 5053 agite
2135 4948 2188 5041 et
2295 4948 2440 5041 nunc
2466 4948 2627 5040 asilo.
2657 4971 2826 5029 nolite
2853 4968 3105 5045 deﬁcere.
3131 4972 3227 5041 sed
3254 4948 3591 5041 conformis:
3626 4988 3725 5031 cor
3751 4988 3877 5035 ves-

591 5069 907 5139 confortetur
932 5083 1022 5124 cor
1043 5078 1287 5136 vestrum,
1305 5085 1482 5127 omnes
1505 5069 1834 5145 qui'speratis
1851 5076 1910 5131 in
1930 5072 2181 5147 Domino.

2288 5068 2450 5131 trum,
2477 5068 2532 5117 et
2550 5069 2727 5133 estote
2750 5064 2927 5123 securi
2955 5078 3146 5135 omnes
3171 5065 3265 5135 qui
3292 5064 3522 5149 speratis
3544 5065 3600 5137 in
3620 5063 3876 5149 Domino,

1168 5219 1604 5283 COIIENTARIUI.

664 5327 987 5389 Tricesimus
1011 5336 1248 5406 psalmus
1275 5351 1447 5413 spem,
1478 5352 1598 5411 qua:
1632 5338 1687 5403 in
1715 5337 1828 5401 Deo
1848 5347 1954 5408 est,
1982 5343 2180 5421 asserit

589 5421 863 5483 hominem
890 5425 958 5479 ab
984 5434 1186 5484 aeterna
1212 5430 1529 5499 confusione
1576 5431 1827 5489 liberare.
1858 5432 2004 5493 Deus
2031 5436 2175 5509 enim

589 5527 689 5589 pro
711 5512 920 5583 justitia
959 5530 1057 5582 sua
1092 5527 1370 5596 sperantes
1399 5522 1451 5577 in
1479 5537 1542 5597 se
1570 5521 1763 5581 liberat
1806 5532 1863 5581 et
1889 5526 2068 5597 eripit.
2108 5526 2176 5595 Et

2287 5152 2380 5225 qui
2402 5153 2535 5211 vivit
2552 5160 2615 5229 et
2640 5160 2832 5245 regnat
3535 5156 3731 5229 Amen.

2806 5286 3123 5347 PSALMUS
3160 5288 3355 5347 XXXI.

2725 5467 2737 5480 ο
2818 5402 3128 5461 Intellectus
3151 5404 3345 5462 David.

2353 5532 2501 5587 Beati
2547 5549 2765 5606 quorum
2792 5518 3024 5593 remissa
3047 5546 3173 5592 sunt
3208 5539 3533 5608 iniquitates,
3576 5547 3631 5594 es
3646 5518 3873 5611 'qudrum

588 5604 821 5703 inclinat
855 5607 934 5664 eis
961 5621 1146 5665 aurem
1194 5626 1365 5682 suam,
1397 5622 1452 5671 et
1478 5615 1744 5681 accelerat
1777 5623 1836 5673 ut
1864 5618 2088 5691 eripiat,
2117 5628 2178 5677 ut
2281 5629 2415 5683 tecta
2441 5604 2569 5683 sunt
2587 5632 2820 5697 peccata.
2856 5625 3047 5697 Beatus
3074 5629 3153 5685 vir
3191 5630 3277 5689 cui
3302 5604 3428 5703 non
3464 5604 3735 5702 imputavit
3761 5627 3874 5695 θο-

585 5695 657 5796 ξίι
684 5696 762 5763 eis
787 5694 1247 5796 Deus‘protector,
1278 5705 1432 5772 quasi
1470 5705 1663 5765 domus
1709 5704 1922 5779 refugii,
1954 5718 2013 5769 ut
2038 5709 2176 5785 salvi
2279 5719 2451 5796 minus
2498 5694 2782 5791 peccatum,
2813 5694 2910 5793 nec
2935 5730 3014 5781 est
3051 5723 3111 5795 in
3152 5724 3343 5796 spiritu
3728 5719 3874 5791 alio".

585 5784 738 5867 ﬂant,
767 5798 827 5855 ut
853 5792 1039 5859 eripiat
1065 5810 1160 5851 eos
1187 5795 1254 5851 de
1283 5796 1476 5871 laqueo
1497 5813 1660 5873 quem
1681 5805 1956 5863 occultant
1972 5805 2055 5864 eis
2072 5784 2177 5862 die?
2472 5784 2614 5865 tacui
2653 5784 3065 5887 inveteraverunt
3084 5792 3087 5795 δ
