4252 6264
367 394 474 450 365

371 626 560 666 manus
588 617 698 676 tua,
725 624 996 663 conversus
1024 624 1140 662 sum
1167 610 1221 662 in
1251 625 1484 664 aerumna
1511 627 1642 676 mea,
1667 611 1791 665 dum
1830 627 1956 666 con-

371 706 556 777 figitur
600 703 768 773 spina.
817 700 1076 756 Delicium
1126 718 1294 756 meum
1350 703 1611 774 cognitum
1640 703 1730 758 tibi
1761 705 1877 774 feci,
1909 712 1960 758 et

372 793 684 866 injustitiam
725 807 893 846 meam
928 807 1034 845 non
1061 788 1329 846 abscondi.
1364 791 1508 859 Dixi,
1543 792 1837 864 Confitebor
1863 793 1961 847 ad-

374 902 576 942 versum
605 900 683 938 me
705 883 1018 954 injustitiam
1055 901 1223 939 meam
1266 884 1520 951 Domino,
1553 896 1602 940 et
1631 896 1684 940 tu
1721 888 1963 941 remisisti

373 977 692 1046 impietatem
726 976 925 1043 peccati
971 976 1090 1028 mei.
1123 973 1234 1030 Pro
1261 975 1358 1030 hac
1406 977 1573 1031 orabit
1619 977 1689 1030 ad
1717 987 1764 1032 te
1790 980 1956 1032 omnis

374 1074 588 1118 sanctus
617 1066 667 1116 in
699 1072 924 1134 tentpore
952 1073 1257 1136 opportuno.
1300 1064 1661 1120 Verumtamen
1687 1069 1742 1120 in
1770 1049 1956 1122 diluvio

373 1171 626 1226 aquarum
654 1155 934 1208 multarum
964 1155 1033 1208 ad
1059 1173 1174 1208 eum
1203 1173 1304 1209 non
1327 1158 1783 1228 approximabunt.
1809 1159 1884 1212 Tu
1905 1177 1956 1214 es

371 1247 631 1318 refugium
678 1262 845 1300 meum
867 1263 900 1298 a
928 1246 1262 1301 tribulatione
1313 1265 1427 1320 qua:
1471 1250 1809 1306 circumdedit
1856 1269 1954 1316 me,

372 1339 650 1392 exsultatio
683 1356 797 1392 mea
826 1356 947 1393 erue
975 1357 1056 1393 me
1083 1358 1116 1393 a
1149 1342 1582 1398 circumdantibus
1611 1363 1710 1400 me.
1741 1345 1956 1401 Intelle-

373 1439 511 1500 ctum
533 1431 624 1486 tibi
649 1432 804 1498 dabo,
834 1443 885 1488 et
905 1436 1162 1490 instruam
1186 1445 1236 1490 te
1262 1438 1316 1491 in
1339 1439 1422 1491 via
1445 1439 1541 1492 hac
1561 1457 1662 1510 qua
1683 1441 1956 1512 gradieris,

1298 387 1765 452 GOMMENTARII
1799 394 1868 451 IN
1907 391 2233 455 PSALMOS.
2277 400 2466 456 PSAL.
2509 397 2720 458 XXXII.

369 523 480 574 tota
500 515 602 572 die.
637 511 896 578 Quoniam
920 511 1003 566 die
1029 527 1092 565 ac
1129 519 1278 568 nocte
1304 523 1521 584 gravata
1565 514 1642 569 cst
1684 531 1838 583 super
1865 531 1949 569 me
1974 526 2022 581 Α

3524 405 3628 461 566

2561 519 2781 576 PSALM
2790 519 2874 575 US
2912 511 3123 574 XXXII.

2471 657 2525 712 In
2558 656 2716 714 ﬁnem
2761 660 2995 728 psalmus
3029 658 3214 713 David.

2132 787 2422 846 Exsultate.
2450 790 2599 859 justi,
2648 791 2702 843 in
2741 789 2986 852 Domino,
3020 801 3182 843 rectos
3203 789 3343 843 decet
3370 789 3636 843 collauda-

2062 880 2151 933 tio.
2183 877 2510 950 Conﬁtemini
2543 880 2758 934 Domino
2787 881 2840 933 in
2871 881 3089 946 cithara,
3117 882 3170 934 in
3191 882 3435 948 psalterio
3465 880 3637 936 decem

2061 968 2370 1022 chordarum
2423 970 2628 1039 psallite
2664 970 2758 1022 illi.
2792 967 3007 1024 Cantate
3041 972 3087 1024 ei
3134 972 3386 1024 canticum
3432 988 3634 1035 novum,

2063 1059 2186 1115 bene
2222 1062 2426 1132 psallite
2453 1065 2496 1116 ei
2517 1064 2571 1114 in
2601 1065 2979 1133 vociferatione.
3031 1062 3167 1125 Quia
3203 1073 3394 1118 rectum
3433 1073 3510 1118 est
3536 1082 3639 1119 ver-

2061 1150 2179 1206 bum
2199 1151 2430 1217 Domini,
2456 1161 2504 1205 et
2533 1154 2704 1206 omnia
2723 1169 2876 1223 opera
2915 1155 3023 1223 ejus
3052 1155 3105 1206 in
3134 1154 3255 1223 ﬁde.
3280 1155 3463 1226 Diligit
3484 1159 3638 1210 mise-

2062 1245 2337 1299 ricordiam
2362 1254 2411 1298 et
2428 1246 2702 1316 judicium,
2735 1244 3084 1299 misericordia
3133 1245 3344 1300 Domini
3372 1247 3523 1317 plena
3566 1257 3640 1300 est

2064 1346 2216 1392 terra.
2265 1337 2429 1391 Verbo
2472 1336 2680 1391 Domini
2720 1338 2833 1391 caeli
2861 1339 3052 1407 ﬁrmati
3082 1347 3218 1404 sunt,
3249 1348 3296 1391 et
3333 1339 3514 1408 spiritu
3537 1341 3640 1392 oris

2058 1432 2169 1502 ejus
2220 1432 2388 1486 omnis
2433 1433 2590 1485 virtus
2639 1448 2830 1485 eorum.
2881 1429 3210 1502 Congregans
3267 1432 3396 1484 sicut
3431 1432 3485 1482 in
3532 1441 3643 1484 utre

372 1521 596 1594 ﬁrmabo
617 1540 773 1594 super
803 1534 852 1580 te
893 1526 1068 1581 oculos
1097 1544 1254 1582 meos.
1284 1527 1464 1584 Nolite
1490 1531 1606 1601 ﬁeri
1645 1533 1775 1585 sicut
1802 1550 1960 1602 equus
2061 1541 2220 1596 aquas
2243 1525 2420 1587 maris,
2462 1541 2657 1594 ponens
2681 1526 2736 1577 in
2768 1525 3016 1576 thesauris
3044 1523 3272 1591 abyssos.
3306 1521 3502 1575 Timent
3532 1519 3642 1576 Do-

342 1655 354 1688 ,_
376 1620 424 1666 et
451 1614 642 1670 mulus,
672 1613 851 1683 quibus
880 1632 985 1670 non
1010 1626 1087 1671 est
1111 1618 1418 1674 intellectus.
1453 1620 1520 1675 1η
1550 1638 1696 1702 eam?
1726 1634 1775 1677 ei
1814 1625 1960 1695 freno
1999 1612 2006 1623 ’
2060 1620 2255 1672 minam
2277 1620 2440 1674 omnis
2469 1629 2621 1683 terra,
2655 1620 2718 1670 ab
2739 1635 2796 1671 eo
2825 1625 2995 1670 autem
3037 1625 3446 1669 commoveantur
3474 1631 3644 1668 omnes

381 1703 623 1758 maxillas
663 1721 842 1760 eorum
885 1710 1194 1781 constringe,
1233 1713 1319 1782 qui
1349 1728 1454 1766 non
1500 1717 1867 1784 approximant
1895 1717 1963 1770 ad
2059 1711 2405 1764 inhabitantes
2445 1707 2633 1762 orbem.
2672 1706 2926 1771 Quoniam
2965 1709 3073 1777 ipse
3097 1707 3230 1760 dixit
3255 1715 3303 1758 et
3325 1708 3464 1776 facta
3505 1714 3642 1767 sunt,

383 1803 449 1847 te.
480 1793 648 1850 Multa
669 1796 882 1867 ﬂagella
909 1802 1212 1868 peccatoris,
1245 1813 1537 1873 sperantem
1566 1817 1737 1860 autem
1765 1808 1819 1860 in
1855 1805 1963 1861 Do—

380 1885 519 1939 mino
547 1887 903 1942 misericordia
931 1889 1286 1945 circumdabit.
1322 1891 1600 1949 Laetamini
1633 1898 1688 1950 in
1719 1896 1964 1965 Domino,

377 1983 429 2034 et
453 1966 729 2044 exsultate,
750 1977 903 2048 justi,
932 1988 983 2036 et
1005 1981 1302 2050 gloriamini
1325 2001 1499 2039 omnes
1522 1989 1644 2041 recti
1667 1989 1836 2043 corde.

955 2087 1099 2128 COII
1105 2089 1169 2127 EN
1176 2090 1371 2130 TABIUI
1378 2116 1391 2128 .

459 2158 779 2223 Tricesimus
799 2163 1034 2232 psalmus
1063 2166 1266 2235 primus
1293 2183 1546 2238 praesens,
1581 2172 1793 2228 titulum
1814 2190 1967 2229 suum

389 2248 445 2304 in
481 2250 803 2307 intellectum
831 2255 1030 2324 posuit,
1063 2263 1122 2310 ut
1157 2257 1249 2312 det
1301 2257 1628 2316 intellectum
1658 2271 1712 2316 et
1740 2263 1969 2319 instruat

389 2341 693 2398 credentem
712 2345 763 2400 in
791 2346 876 2401 via
897 2363 1002 2418 qua
1033 2349 1354 2418 ingreditur,
1378 2361 1432 2408 et
1460 2353 1634 2410 ﬁrmet
1662 2373 1822 2427 super
1846 2375 1969 2414 eum

389 2435 597 2502 oculos,
631 2452 696 2491 ne
723 2436 985 2495 efﬁciatur
1005 2442 1146 2496 sicut
1173 2459 1344 2514 equus
1372 2453 1425 2500 et
1452 2447 1646 2511 mulus,
1699 2449 1751 2502 in
1779 2450 1972 2520 quibus

389 2540 495 2580 non
521 2535 604 2581 est
627 2529 948 2586 intellectus.
982 2532 1062 2587 Ad
1091 2543 1252 2604 caput
1297 2545 1473 2592 tamen
1518 2541 1707 2609 psalmi
1737 2543 1974 2598 attenda-

387 2621 522 2685 mus,
553 2620 608 2673 in
637 2636 744 2690 quo
774 2622 850 2692 illi
880 2623 1024 2679 beati
1070 2636 1400 2694 asseruntur,
1432 2645 1662 2698 quorum
1692 2634 1974 2690 remittun-

387 2717 472 2764 tur
500 2711 828 2780 iniquitates,
883 2723 938 2770 et
979 2731 1212 2784 quorum
1261 2726 1530 2788 teguntur
1559 2733 1796 2793 peccata.
1853 2725 1975 2781 Nisi

387 2801 529 2856 enim
561 2804 674 2872 quis
715 2813 924 2859 renatus
953 2809 1109 2877 fuerit
1155 2825 1222 2863 ex
1268 2827 1402 2882 aqua
1442 2821 1492 2866 et
1545 2813 1744 2884 Spiritu
1797 2827 1974 2871 sancto

389 2892 572 2964 (Joan.
605 2896 707 2966 ιιι),
739 2887 841 2952 hoc
880 2899 929 2952 ei
966 2901 1183 2958 evenire
1221 2917 1330 2958 non
1377 2905 1594 2974 poterit.
1637 2907 1767 2972 Quis
1795 2917 1972 2964 autem

389 2992 475 3041 est
503 2987 604 3040 iste
631 2988 722 3055 qui
752 2990 971 3045 remittit
1013 2996 1269 3063 peccata?
1307 2995 1404 3051 Ille
1441 2998 1556 3052 sine
1584 2998 1746 3053 dubio
1775 3000 1841 3055 de
1868 3015 1976 3070 quo

391 3077 595 3132 dicitur
638 3097 650 3132 :
683 3078 817 3146 Quia
856 3099 956 3137 non
984 3095 1058 3139 est
1095 3088 1150 3140 in
1195 3105 1283 3142 ore
1301 3089 1415 3159 ejus
1444 3091 1590 3145 dolus
1647 3092 1689 3164 (Ι
1716 3091 1858 3146 Petr.
1894 3095 1973 3166 ιι).

2064 1804 2174 1871 ipse
2195 1800 2458 1854 mandavit
2484 1809 2534 1854 et
2573 1808 2746 1853 creata
2774 1809 2910 1852 sunt.
2944 1797 3196 1852 Dominus
3227 1797 3444 1867 dissipat
3472 1797 3644 1851 consi-

2069 1893 2142 1947 lia
2170 1893 2394 1965 gentium
2419 1909 2436 1945 :
2465 1892 2704 1960 reprobat
2750 1882 2919 1943 autem
2961 1889 3292 1960 cogitationes
3323 1887 3643 1958 populorum,

2069 1995 2119 2040 et
2145 1984 2386 2054 reprobat
2425 1984 2640 2037 consilia
2687 1983 2995 2054 principum.
3027 1981 3307 2035 Consilium
3351 1990 3518 2034 autem
3549 1979 3646 2036 [ιω
3721 1988 3734 2004 '

2068 2078 2196 2130 mini
2235 2077 2292 2129 in
2316 2083 2562 2130 ceternum
2589 2081 2778 2140 manet,
2803 2075 3134 2146 cogitationes
3169 2072 3337 2126 cordis
3360 2073 3470 2142 ejus
3494 2073 3547 2125 in
3571 2088 3647 2142 ge-

2068 2172 2332 2225 neratione
2359 2177 2408 2224 et
2425 2170 2822 2242 generationem.
2858 2167 3014 2222 Beata
3044 2183 3166 2239 gens
3186 2166 3332 2237 cujus
3366 2172 3440 2218 est
3469 2163 3649 2217 Domi-

2069 2278 2166 2316 nus
2195 2261 2354 2324 Deus,
2384 2264 2599 2333 populus
2623 2277 2768 2332 quem
2797 2260 2946 2329 elegit
2964 2260 3016 2311 in
3046 2257 3396 2312 haereditatem
3421 2255 3538 2310 sibi.
3571 2253 3650 2308 De
3674 2312 3685 2325 .

2071 2352 2192 2408 ctelo
2213 2355 2436 2424 respexit
2455 2352 2726 2417 Dominus,
2750 2352 2871 2406 vidit
2897 2368 3071 2405 omnes
3098 2351 3234 2421 ﬁlios
3258 2351 3537 2404 hominum.
3573 2345 3650 2401 De

2070 2452 2362 2515 prteparato
2388 2444 2678 2498 habitacula
2698 2461 2789 2498 suo
2816 2444 3038 2513 respexit
3071 2458 3222 2511 super
3243 2458 3416 2496 omnes
3444 2441 3531 2512 qui
3559 2439 3652 2493 ha-

2072 2533 2236 2589 bitant
2265 2544 2472 2589 terram.
2525 2532 2625 2599 Qui
2653 2536 2804 2604 finxit
2848 2533 3112 2604 sigillatim
3153 2533 3308 2587 corda
3335 2549 3529 2596 eorum,
3568 2532 3652 2604 qui

2070 2627 2310 2697 intelligit
2356 2628 2527 2680 omnia
2575 2643 2728 2695 opera
2774 2642 2966 2678 eorum.
3019 2623 3143 2678 Non
3185 2625 3414 2678 solvatur
3442 2640 3534 2676 rex
3561 2639 3651 2694 per

2074 2717 2287 2771 multam
2315 2719 2568 2779 virtutem,
2599 2726 2649 2769 et
2668 2718 2814 2787 gigas
2843 2731 2944 2768 non
2974 2713 3254 2768 salvabitur
3282 2715 3336 2766 in
3364 2712 3653 2768 multitudi-

2077 2826 2142 2862 ne
2170 2809 2365 2862 virtntis
2388 2825 2510 2863 sum.
2537 2806 2730 2860 Fallax
2757 2823 2912 2878 equus
2935 2806 3003 2858 ad
3022 2807 3256 2871 salutem,
3290 2809 3342 2859 in
3387 2804 3655 2858 abundan-

2079 2901 2150 2952 tia
2180 2909 2347 2953 autem
2394 2901 2592 2952 virtutis
2642 2915 2750 2952 sua
2791 2898 3088 2953 salvabitur.
3122 2896 3257 2950 Ecce
3280 2897 3411 2951 oculi
3444 2896 3655 2951 Domini

2078 3009 2230 3062 super
2257 3001 2532 3046 metuentes
2560 3009 2693 3056 eum,
2717 3001 2767 3045 et
2791 2993 2844 3045 in
2864 2994 2938 3046 eis
2980 2994 3063 3055 qui
3093 2999 3300 3062 sperant
3327 3007 3478 3061 super
3506 2992 3656 3044 mise-

2083 3085 2303 3138 ricordia
2331 3086 2461 3154 ejus.
2489 3082 2557 3137 Ut
2574 3093 2722 3136 eruat
2748 3101 2781 3136 a
2816 3092 2980 3138 morte
3005 3085 3204 3138 animas
3241 3098 3435 3147 eorum,
3474 3090 3523 3135 et
3548 3082 3658 3134 alat

395 3169 628 3227 Mundus
656 3173 835 3245 itaque
878 3184 1018 3240 totus
1045 3179 1098 3234 in
1137 3190 1289 3237 εθηιε
1317 3153 1541 3253 βοείαις,
1591 3153 1727 3240 είίη
1758 3153 1991 3243 mlum-'3.
2009 3153 2054 3216 Ο
2083 3191 2170 3229 eos
2195 3175 2249 3227 in
2278 3153 2433 3246 fame.
2454 3173 2643 3227 Anima
2663 3181 2841 3228 nostra
2867 3175 3081 3227 sustinet
3099 3172 3395 3236 Dominum,
3419 3174 3659 3245 quoniam

393 3264 735 3328 constitutus,
758 3268 880 3336 quia
902 3279 1119 3336 gravata
1148 3283 1265 3328 erat
1292 3290 1454 3348 super
1478 3291 1598 3330 eum
1641 3293 1832 3334 manus
1858 3277 1972 3345 Dei,

392 3361 450 3410 et
490 3370 781 3414 conversus
809 3360 861 3414 in
889 3377 1126 3418 aerumna
1173 3365 1368 3432 fuerat,
1409 3385 1507 3438 pro
1534 3385 1600 3424 eo
1628 3371 1771 3438 quod
1808 3371 1977 3429 fracta

393 3457 536 3506 esset
577 3449 694 3519 ejus
729 3453 900 3522 spina,
950 3469 1069 3523 quae
1098 3457 1400 3515 libertatem
1442 3463 1664 3520 cervicis
1703 3471 1760 3519 et
1786 3467 1977 3536 capitis

395 3539 510 3610 ejus
536 3543 874 3610 sublimabat,
907 3547 1159 3604 clamavit
1193 3565 1406 3622 semper
1435 3569 1534 3624 per
1559 3571 1720 3611 voces
1744 3559 1978 3628 prophe-

397 3638 590 3700 tarum,
621 3640 680 3688 ut
707 3635 1022 3706 veniretqui
1055 3639 1289 3696 salvaret
1316 3658 1458 3698 eum.
1492 3645 1559 3698 At
1582 3646 1671 3700 ubi
1690 3647 1836 3701 venit
1874 3649 1980 3703 Do-

397 3722 587 3788 minus,
613 3725 778 3780 tacuit
805 3727 930 3781 dum
950 3729 1258 3786 clamarem.
1283 3733 1542 3791 Veniente
1565 3738 1708 3791 enim
1729 3737 1976 3803 Dom'mo,

398 3810 510 3868 Lex
536 3822 591 3869 et
623 3813 920 3886 Propheta,
952 3821 1045 3888 qui
1087 3821 1408 3891 clamabant,
1440 3833 1741 3893 tacuerunt,
1774 3836 1827 3883 et
1857 3845 1981 3899 pro-

399 3905 680 3961 nuntiante
733 3923 1057 3980 unoquoque
1103 3922 1286 3968 contra
1343 3930 1465 3970 eum
1515 3919 1836 3972 sententiam
1884 3936 1981 3989 pro

400 4002 627 4064 peccato
656 4013 772 4062 suo,
805 3999 894 4056 ille
921 4003 1146 4058 remittit
1175 4005 1504 4075 impietatem
1526 4011 1704 4065 cordis
1725 4011 1858 4081 ejus,
1884 4028 1982 4082 pro

344 4121 356 4129 .
403 4097 511 4152 qua
527 4095 648 4140 orat
661 4091 830 4145 omnis
849 4101 1062 4148 sanctus
1085 4095 1137 4149 in
1159 4104 1402 4168 tempore
1421 4111 1743 4170 opportuno.
1777 4103 1983 4174 Oppor-

405 4181 597 4250 tunum
628 4185 830 4248 tempus
875 4185 1261 4243 imerveniendi
1314 4206 1412 4261 pro
1453 4207 1609 4247 servo
1639 4202 1737 4259 est,
1770 4197 1984 4265 quando

402 4283 595 4324 servus
621 4273 948 4330 emendatur.
991 4277 1099 4335 Nos
1127 4295 1254 4349 ergo
1282 4281 1468 4336 damus
1491 4292 1700 4354 tempus
1730 4296 1985 4356 opportu—

404 4374 535 4416 num
582 4364 781 4418 sanctis
807 4368 995 4421 orandi
1043 4384 1142 4437 pro
1185 4371 1420 4439 peccatis
1462 4373 1675 4437 nostris,
1716 4375 1927 4443 quando
1955 4391 1986 4429 a

404 4463 628 4525 peccato
653 4457 969 4515 recedimus.
992 4459 1124 4514 Nam
1146 4462 1289 4532 quod
1313 4462 1444 4519 dicit
1472 4481 1485 4517 :
1510 4463 1568 4518 In
1597 4463 1797 4520 diluvio
1817 4481 1982 4535 aqua-

405 4556 527 4600 rum
548 4546 833 4603 multarum
861 4550 929 4604 ad
957 4566 1080 4606 eum
1101 4527 1208 4606 non
1238 4555 1703 4622 approximabunt.
1749 4527 1988 4612 Ostendit
2016 4527 2067 4588 Β

406 4649 508 4704 per
532 4652 690 4692 unam
712 4654 907 4708 aquam
935 4642 1269 4712 baptismatis
1306 4645 1419 4702 Deo
1447 4647 1691 4702 homines
1719 4649 1978 4717 proxima-

408 4743 489 4795 re,
519 4745 638 4802 qua:
665 4741 748 4787 est
774 4733 1034 4803 refugium
1070 4752 1102 4792 a
1128 4753 1374 4807 pressm-a
1399 4727 1719 4806 daemonum,
1751 4756 1870 4811 qua:
1889 4741 1985 4796 cir-

409 4822 627 4877 cumdat
653 4839 771 4879 nos.
803 4823 870 4879 Et
897 4826 1226 4884 intellectum
1253 4831 1344 4885 dat
1369 4832 1523 4886 nobis
1566 4840 1621 4886 et
1673 4833 1745 4886 ita
1781 4848 1879 4887 nos
1905 4833 1988 4886 in-

409 4919 580 4968 struet
626 4917 681 4968 in
717 4916 802 4970 via
827 4931 933 4986 qua
980 4919 1356 4988 ingrediemur,
1387 4931 1446 4976 ut
1488 4919 1664 4976 timet
1706 4938 1867 4992 super
1894 4938 1993 4978 nos

411 5003 596 5060 uetitos
624 5021 771 5073 suos,
803 5024 872 5063 ne
899 5008 1194 5065 efficiamur
1234 5013 1370 5068 sicut
1393 5027 1565 5082 equus
1587 5022 1642 5068 et
1669 5014 1861 5068 mulus.
1891 5013 1993 5080 Qui

412 5093 557 5148 enim
582 5096 852 5153 noluerint
879 5101 1111 5168 proximi
1140 5101 1298 5170 efﬁci,
1341 5103 1492 5159 t‘reno
1531 5105 1908 5171 tribulationis,
1941 5112 1996 5160 et

411 5199 568 5242 ramo
619 5192 927 5248 sententiali
970 5195 1199 5253 maxillae
1251 5211 1439 5252 eorum
1495 5198 1870 5267 astringentur,
1903 5198 1995 5266 qui

407 5291 520 5332 non
544 5281 852 5349 proximam
877 5283 947 5339 ei.
977 5284 1142 5340 Multa
1171 5297 1292 5342 sunt
1331 5289 1475 5344 enim
1513 5287 1719 5357 ﬂagella
1757 5298 1998 5359 peccato-

365 5381 370 5383 ‘
408 5381 534 5421 rum
559 5386 579 5422 ς
606 5371 704 5426 sed
746 5373 839 5441 qui
885 5384 1104 5444 sperant
1146 5377 1200 5430 in
1227 5376 1477 5443 Domino,
1509 5378 1874 5434 misericordia
1903 5392 1998 5433 eos

406 5452 626 5512 Domini
656 5459 1024 5519 circumdabit.
1056 5463 1164 5521 Vos
1189 5474 1369 5522 autem
1389 5468 1481 5536 qui
1503 5484 1612 5540 non
1629 5483 1783 5523 camo
1811 5475 1865 5522 et
1890 5467 1996 5521 fre-

406 5563 506 5614 no,
529 5550 626 5606 sed
635 5551 837 5623 judicio
861 5556 1016 5612 bona:
1047 5558 1333 5614 voluntatis
1356 5561 1543 5614 venitis
1584 5561 1652 5614 ad
1678 5560 1982 5624 Dominum,

405 5639 668 5698 laetamini
696 5645 752 5700 in
776 5645 1026 5713 Domino,
1057 5657 1113 5706 et
1132 5651 1417 5715 exsultate,
1441 5650 1589 5719 justi,
1623 5660 1677 5705 et
1698 5649 1998 5719 gloriamini

406 5747 604 5790 omnes
628 5737 763 5792 recti
789 5739 951 5795 corde
1000 5741 1053 5795 in
1097 5740 1312 5797 Christo
1338 5740 1466 5796 Jesu
1516 5741 1746 5797 Domino
1793 5749 1997 5806 nostro,

403 5821 508 5894 qui
532 5833 721 5895 regnat
752 5827 802 5881 in
833 5828 1024 5884 secula
1054 5829 1388 5886 smculorum.
1421 5829 1616 5887 Amen.

2081 3267 2289 3336 adjutor
2313 3276 2362 3319 et
2404 3274 2658 3336 protector
2707 3272 2882 3319 noster
2906 3273 3001 3320 est.
3048 3262 3182 3328 Quia
3216 3266 3272 3317 in
3299 3281 3358 3318 eo
3404 3263 3660 3317 laetabitur

2081 3373 2170 3411 cor
2206 3365 2456 3421 nostrum,
2488 3366 2538 3410 et
2581 3358 2636 3410 in
2686 3360 2893 3430 nomine
2935 3364 3111 3410 sancto
3157 3357 3268 3427 ejus
3322 3354 3656 3425 sperabimus.

2082 3445 2208 3500 Fiat
2252 3447 2602 3501 misericordia
2641 3455 2749 3512 tua,
2795 3446 3034 3514 Domine,
3080 3463 3230 3516 super
3275 3462 3389 3511 nos,
3418 3445 3661 3518 quemad-

2081 3538 2287 3592 modum
2313 3540 2624 3609 speravimus
2646 3540 2700 3591 in
2725 3545 2791 3590 te.

2653 3642 3086 3682 COMMENTAMUI.

2155 3739 2212 3794 Si
2231 3740 2285 3794 in
2314 3741 2415 3793 isto
2443 3737 2641 3791 mundo
2681 3737 2748 3790 ab
2778 3736 2931 3790 initio
2971 3735 3182 3800 saeculi,
3225 3735 3357 3804 justi
3396 3735 3490 3790 Dei
3517 3733 3658 3790 alllio-

2086 3831 2292 3886 ctiones
2313 3837 2366 3884 et
2397 3827 2768 3882 tribulationes
2798 3827 2940 3896 passi
2962 3833 3106 3889 sunt,
3145 3827 3416 3896 quomodo
3443 3825 3700 3892 dicitur,’

2085 3919 2326 3976 Gaudete
2348 3919 2574 3989 justi‘l-o
2623 3934 2689 3971 an
2738 3925 2892 3972 vocat
2929 3917 2979 3970 ei
3007 3917 3239 3985 gaudere
3285 3918 3376 3996 qui
3419 3917 3661 3984 caeditur,

2086 4012 2284 4081 quique
2311 4011 2522 4064 diverso
2549 4023 2744 4078 genere
2775 4015 3161 4064 tormentorum
3187 4007 3432 4062 allicitur.
3473 4006 3530 4062 Si
3560 4008 3664 4062 ista

2087 4102 2206 4172 quis
2234 4101 2502 4169 loquatur,
2531 4114 2711 4154 secum
2741 4099 3043 4154 consideret
3070 4098 3402 4168 Apostolum,
3431 4115 3534 4153 non
3570 4114 3664 4154 so‘

2087 4192 2196 4246 lum
2225 4191 2457 4260 gaudere
2494 4190 2546 4243 in
2586 4189 2688 4252 his,
2714 4190 3064 4243 verumetiam
3091 4189 3301 4258 placere
3329 4189 3428 4243 sibi
3457 4190 3508 4243 in
3537 4203 3664 4260 per-

2087 4279 2468 4335 secutionibus.
2504 4276 2654 4333 Unde
2680 4286 2734 4332 et
2759 4275 2988 4332 Jacobus
3031 4278 3304 4347 apostolus
3337 4297 3348 4332 :
3379 4277 3562 4345 Omne,
3585 4281 3667 4334 in-

2089 4371 2222 4439 quit,
2250 4370 2496 4440 gaudium
2516 4369 2824 4433 existimate,
2855 4371 3063 4439 fratres,
3088 4385 3201 4423 cum
3226 4369 3281 4422 in
3303 4368 3670 4423 tentationibus

2090 4463 2248 4518 variis
2275 4463 2560 4517 incideritis
2591 4463 2729 4536 (Jac.
2758 4480 2795 4530 l,
2823 4463 2901 4534 2).
2925 4463 3043 4535 Ipse
3064 4473 3241 4520 autem
3264 4466 3516 4534 magister
3537 4481 3672 4534 apo-

2091 4554 2350 4610 stolorum
2378 4540 2538 4608 docet
2558 4555 2785 4624 qualiter
2808 4555 3167 4624 gaudeamus:
3198 4556 3326 4612 Cum
3352 4573 3457 4621 vos,
3474 4557 3665 4624 inquit,

2091 4649 2341 4719 persecuti
2365 4648 2557 4717 fuerint
2581 4648 2829 4714 homines,
2859 4659 2908 4702 et
2927 4649 3153 4702 dixerint
3183 4666 3333 4704 omne
3353 4650 3544 4703 malum
3571 4650 3682 4702 ad-.

2091 4752 2294 4790 versum
2322 4753 2408 4789 vos
2430 4737 2748 4804 mentientes,
2777 4739 2990 4808 gaudete
3017 4746 3065 4790 et
3093 4739 3362 4804 exsultate,
3393 4741 3511 4810 quia
3532 4757 3671 4793 mer-

2093 4844 2175 4881 ces
2205 4837 2372 4880 vestra
2395 4843 2586 4899 magna
2608 4837 2684 4881 est
2711 4829 2765 4881 in
2793 4828 2931 4884 caelis
2961 4826 3173 4899 (Matth.
3197 4828 3272 4898 v).
3298 4827 3353 4883 Si
3383 4830 3514 4884 recti
3538 4830 3670 4884 estis

2095 4915 2215 4984 ﬁde,
2267 4918 2432 4972 nolite
2460 4918 2643 4973 laudes
2668 4919 2940 4974 hominum
2970 4935 3210 4991 quaerere
3255 4921 3309 4974 in
3339 4920 3514 4983 terris,
3543 4919 3669 4986 quia

2097 5009 2408 5079 angelorum
2436 5008 2699 5062 habebitis
2720 5009 2772 5063 in
2795 5011 2961 5065 caelis.
2994 5011 3070 5065 lbi
3095 5027 3190 5066 vos
3218 5011 3371 5064 decet
3398 5007 3670 5062 collauda-

2095 5102 2191 5168 tio,
2222 5101 2312 5156 ubi
2341 5101 2454 5156 laus
2495 5107 2666 5165 vestra
2697 5101 2853 5156 linem
2884 5103 3095 5171 penitus
3121 5118 3226 5155 non
3255 5098 3487 5153 habebit.
3518 5098 3672 5154 Nunc

2096 5190 2150 5243 in
2175 5189 2377 5244 cithara
2405 5189 2735 5245 conﬁtemini
2763 5189 3008 5252 Domino,
3038 5196 3092 5242 et
3119 5189 3228 5256 ipsa
3251 5186 3454 5240 cithara
3484 5185 3678 5243 decem

2097 5279 2325 5336 chordas
2346 5281 2562 5348 habeat,
2583 5281 2824 5349 decalogi
2845 5280 3069 5336 virtutes
3087 5277 3351 5340 recolens,
3373 5278 3674 5336 custodiam

2097 5380 2484 5444 praeceptorum
2532 5375 2788 5443 imponat.
2825 5370 3000 5424 Prima
3029 5369 3225 5426 chorda
3271 5380 3428 5426 sonat
3468 5381 3675 5429 rectum

2099 5477 2404 5518 sermonem
2429 5462 2639 5517 Domini
2679 5460 3056 5532 ortliodoxum,
3079 5470 3134 5515 et
3161 5461 3340 5516 omnia
3366 5477 3532 5533 opera
3559 5464 3676 5534 ejus

2101 5555 2154 5608 in
2195 5554 2317 5609 ﬁde.
2361 5554 2606 5609 Secunda
2637 5551 2857 5617 chorda,
2905 5553 3029 5623 quia
3057 5554 3226 5623 diligit
3253 5555 3682 5612 misericordiam

2102 5655 2156 5701 et
2195 5646 2468 5714 judicium.
2501 5643 2682 5697 Tertia
2711 5644 2912 5700 chorda
2939 5656 3108 5713 sonet,
3155 5648 3280 5716 quia
3308 5646 3678 5705 misericordia

2103 5737 2314 5791 Domini
2358 5737 2432 5789 ita
2472 5735 2631 5804 plena
2659 5743 2742 5790 est
2767 5743 2935 5804 terra,
2975 5747 3031 5794 ut
3060 5748 3279 5809 propter
3305 5756 3467 5795 omne
3511 5754 3688 5809 genus

2104 5827 2402 5890 hominum,
2451 5825 2548 5881 Dei
2585 5826 2660 5883 sit
2691 5825 2860 5883 Filius
2894 5827 3193 5884 cruciﬁxus.
3225 5829 3432 5896 Quarta
3478 5831 3692 5890 chorda
