4246 6264
368 408 478 466 569

371 541 522 594 stt-te,
554 529 602 585 si
630 527 977 585 considentis
1003 527 1242 582 omnium
1285 543 1465 581 rerum
1495 527 1781 584 Dominum
1812 527 1961 582 illum
1989 531 2043 590 Α

374 621 501 678 οωιί
525 627 790 691 terraeque
814 616 1050 684 divitem,
1075 634 1175 689 pro
1204 627 1388 674 nostra
1416 627 1734 689 paupertate
1762 635 1965 690 paupe-

375 727 495 769 rem
525 714 744 779 factum,
775 727 873 782 pro
900 718 1084 766 nostra
1113 711 1458 766 tribulatione
1502 712 1830 778 tribulatum,
1864 714 1966 784 ipsi

380 823 485 862 nec
505 807 558 860 in
587 813 898 876 paupertate
924 803 1273 866 erubescetis,
1297 818 1398 858 nec
1425 804 1476 858 in
1500 803 1843 859 tribulatione
1871 805 1966 859 de-

380 897 592 953 ficietis.
642 896 772 950 Nam
812 896 912 950 iste
957 911 1165 966 pauper
1205 895 1454 950 clamavit
1504 895 1556 948 in
1587 911 1791 950 cruce:
1836 895 1966 962 Quis

376 989 620 1059 pauper?
648 987 767 1052 Qui,
793 995 851 1040 ut
871 996 924 1042 te
951 987 1173 1042 divitem
1205 987 1424 1051 laceret,
1444 1003 1649 1057 pauper
1669 988 1838 1044 factus
1859 997 1960 1043 est.

374 1078 576 1132 Factus
624 1077 863 1132 obediens
907 1095 1068 1150 usque
1109 1077 1178 1131 ad
1218 1094 1418 1132 crucem
1448 1077 1613 1144 (Phil.
1665 1079 1827 1148 u),ut
1852 1089 1904 1134 te
1933 1096 1963 1135 a

370 1171 704 1226 cruciatibus
745 1171 1020 1226 liberaret.
1047 1169 1332 1235 Clamavit,
1378 1179 1432 1224 et
1459 1171 1716 1227 Dominus
1743 1173 1964 1227 exaudi-

372 1265 456 1319 vit
479 1279 624 1329 eum,
656 1263 803 1318 misit
827 1263 1076 1332 angelum
1126 1279 1282 1317 suum
1313 1262 1366 1316 in
1415 1263 1638 1318 circuitu
1668 1264 1966 1319 timentium

369 1373 574 1427 corpus
599 1355 737 1425 ejus,
765 1363 822 1410 et
840 1356 1050 1409 revolvit
1069 1355 1294 1425 lapidem
1315 1371 1344 1408 a
1376 1364 1727 1411 monumento
1750 1355 1960 1427 (Matth.

370 1449 491 1520 28),
523 1456 579 1504 et
606 1449 808 1518 eripuit
843 1464 987 1503 eum.
1031 1445 1256 1503 Gustate
1282 1464 1477 1518 corpus
1515 1449 1654 1512 vitm,
1701 1459 1754 1504 et
1792 1450 1968 1506 videte

371 1559 540 1616 quam
583 1543 767 1598 suavis
795 1551 878 1598 est
919 1542 1179 1597 Dominus
1203 1559 1216 1596 :
1256 1541 1430 1596 Vitam
1459 1543 1600 1597 enim
1629 1544 1777 1597 habet
1804 1546 1858 1597 in
1888 1562 1967 1597 se-

377 1640 616 1709 metipso,
647 1639 734 1709 qui
755 1635 1144 1691 manducauerit
1172 1652 1380 1690 carnem
1402 1636 1535 1706 ejus,
1561 1645 1610 1690 et
1638 1634 1818 1690 biberit
1844 1653 1968 1690 san-

384 1730 591 1799 guinem
636 1727 748 1798 ejus
793 1725 972 1796 (Joan.
1005 1726 1101 1795 vn),
1134 1733 1190 1780 et
1219 1733 1346 1781 tunc
1392 1726 1582 1781 beatus
1626 1727 1728 1780 erit
1754 1727 1836 1780 vir
1876 1728 1968 1796 qui

383 1828 566 1890 sperat
593 1820 646 1873 in
677 1835 762 1874 eo.
809 1817 1015 1874 Timete
1045 1818 1353 1883 Dominum,
1402 1833 1590 1873 omnes
1614 1819 1788 1890 sancti
1830 1819 1964 1888 ejus,

1311 405 1781 466 COMMENTARII
1815 407 1885 466 IN
1921 408 2251 470 PSALMOS.
2297 413 2487 470 PSAL.
2532 412 2764 470 XXXIV.

3541 415 3647 472 570

2558 503 2874 587 PSALMUS
2912 526 3150 586 xxxxv.
3403 503 3408 506 ’
3578 497 3580 499 ὶ

2489 666 2547 721 ln
2580 666 2737 721 linem
2765 666 3007 736 psalmus
3038 663 3225 719 David.

2137 800 2348 866 Judica,
2377 800 2610 866 Domine,
2645 811 2884 854 nocentes
2909 818 3010 866 me,
3033 817 3271 871 expugna
3289 800 3648 872 impugnantes

2066 907 2165 944 me.
2198 891 2536 961 Apprehende
2557 909 2703 944 arma
2725 900 2774 944 et
2803 901 3021 956 scutum,
3051 900 3099 944 et
3120 909 3334 962 exsurge
3361 894 3414 944 in
3436 891 3647 961 adjuto-

2069 983 2203 1035 rium
2225 983 2368 1034 mihi.
2400 981 2627 1050 E/funde
2653 984 2924 1053 frameam,
2957 991 3008 1036 et
3031 982 3277 1036 conclude
3301 981 3543 1035 adversus
3562 999 3648 1035 eos

2067 1075 2152 1144 qui
2174 1082 2676 1143 mepersequuntur;
2709 1073 2791 1126 die
2835 1075 3023 1127 anima:
3056 1089 3183 1128 meo:
3213 1089 3230 1126 :
3271 1072 3427 1127 Salus
3451 1081 3536 1125 tua
3555 1089 3650 1143 ego

2066 1181 2198 1218 sum.
2239 1161 2636 1234 Confundantur
2663 1173 2711 1216 et
2739 1174 3067 1217 revereantur
3097 1173 3376 1235 qurerentcs
3422 1165 3652 1217 animam

2067 1274 2252 1312 meam.
2305 1257 2616 1310 Avertantur
2662 1264 2938 1310 retrorsum
2993 1265 3042 1308 et
3083 1256 3465 1327 confundantur
3509 1257 3652 1327 cogi-

2070 1358 2235 1402 tantes
2276 1349 2403 1401 milti
2451 1347 2608 1400 mala.
2653 1345 2814 1400 Fiant
2863 1356 3103 1418 tanquam
3131 1347 3294 1417 pulvis
3318 1355 3438 1400 ante
3467 1349 3650 1417 faciem

2069 1443 2221 1505 venti,
2252 1448 2302 1493 et
2325 1439 2537 1509 angelus
2569 1437 2778 1492 Domini
2820 1449 3090 1492 coarctans
3136 1455 3240 1492 eos.
3270 1437 3394 1491 Fiat
3428 1440 3507 1491 via
3533 1438 3651 1491 illo-

2070 1548 2183 1584 rum
2213 1529 2431 1584 tenebrte
2459 1539 2506 1582 et
2528 1529 2796 1594 lubricum,
2820 1530 3094 1600 etangelus
3116 1529 3324 1583 Domini
3348 1544 3652 1599 persequens

2069 1642 2174 1680 eos.
2211 1603 2466 1688 Quoniam
2495 1625 2655 1695 gratis
2686 1623 3063 1677 absconderant
3116 1623 3241 1675 mihi
3285 1622 3545 1674 interitum
3574 1620 3653 1673 la-

2070 1719 2185 1789 quei
2214 1719 2312 1781 sui,
2360 1733 2670 1786 supervacue
2717 1717 3152 1786 exprobrauerunt
3199 1716 3424 1768 animam
3466 1730 3650 1767 meam.

2080 1808 2268 1862 Veniat
2295 1807 2371 1861 illi
2399 1807 2610 1879 laqueus
2651 1823 2797 1877 quem
2826 1809 3051 1877 ignorat,
3083 1816 3132 1860 et
3158 1808 3325 1881 captio
3347 1822 3499 1877 quam
3539 1803 3655 1858 abs‘

383 1909 642 1982 quoniam
671 1908 802 1962 nihil
828 1908 980 1963 deest
1007 1907 1320 1963 timentibus
1367 1922 1508 1961 eum.
1554 1907 1694 1961 Nihil
1722 1907 1873 1962 deest
1916 1909 1969 1963 in
2002 1907 2049 1966 B
2073 1900 2248 1955 εοηάεε
2269 1899 2621 1971 apprehendat
2648 1916 2782 1962 eum.
2824 1907 2872 1952 ει
2901 1901 2954 1952 επ
2981 1899 3215 1969 laqueum
3245 1897 3398 1950 cadat
3434 1899 3488 1951 in
3520 1899 3652 1965 ἕρδοι

385 1998 639 2070 prazsenti
687 1997 755 2052 de
801 1997 1103 2060 virtutibus,
1132 1997 1266 2051 nihil
1307 1996 1459 2052 deest
1504 1996 1854 2068 pcrfectioni,
1914 2006 1973 2052 ut

392 2089 526 2143 nihil
553 2089 609 2142 in
637 2087 870 2142 futurum
894 2088 1095 2156 gaudiis
1114 2088 1270 2142 desit.
1293 2088 1422 2142 Nam
1452 2090 1734 2158 przesentis
1766 2098 1973 2162 tempo-

395 2179 474 2234 ris
521 2178 738 2242 divitiae,
791 2186 1059 2233 amatores
1104 2195 1231 2236 suos
1278 2179 1349 2233 ita
1376 2179 1625 2234 deserere
1670 2181 1864 2246 solent,
1914 2189 1975 2236 ut

393 2277 619 2340 egentes
647 2277 702 2325 et
731 2269 1026 2325 esurientes
1073 2269 1254 2324 videas
1281 2284 1374 2324 eos
1403 2286 1631 2340 quorum
1671 2271 1724 2324 in
1774 2270 1974 2328 divitiis
2012 2263 2017 2278 ’

391 2362 575 2417 nullus
597 2370 808 2433 poterat
837 2361 974 2417 ferre
1016 2361 1333 2432 superbiam.
1364 2361 1503 2432 Ergo
1533 2364 1585 2417 in
1615 2363 1822 2418 incerto
1847 2371 1974 2418 sunt

389 2452 583 2522 positas
621 2451 820 2506 divitiae
843 2468 976 2522 quas
1011 2452 1219 2508 confert
1247 2453 1493 2508 mundus.
1542 2453 1750 2508 Divitite
1791 2462 1972 2509 autem

382 2557 526 2613 quas
563 2545 851 2600 contulerit
877 2545 1134 2600 Dominus
1164 2562 1273 2602 non
1318 2545 1588 2612 deficient,
1619 2548 1714 2602 sed
1755 2563 1972 2618 perma-

383 2647 516 2693 nent
546 2639 596 2692 in
626 2639 774 2694 omni
802 2639 964 2705 bono,
997 2648 1052 2694 et
1070 2640 1196 2708 quia
1225 2641 1338 2694 ista:
1359 2641 1558 2694 divitiae
1575 2641 1642 2694 de
1664 2641 1856 2696 timore
1879 2641 1974 2696 Dei

382 2738 701 2786 nascuntur.
750 2728 841 2785 Sic
868 2731 1012 2784 enim
1066 2731 1162 2796 ait,
1193 2729 1402 2784 Timete
1451 2731 1758 2796 Dominum,
1807 2731 1976 2787 sancti

381 2819 526 2891 eius,
554 2821 684 2890 quia
715 2821 846 2875 nihil
869 2820 1025 2875 deest
1051 2821 1362 2875 timentibus
1389 2835 1533 2874 eum.
1566 2820 1668 2889 Qui
1689 2823 1872 2876 aeterni
1899 2823 1979 2876 di-

389 2913 529 2967 vites
554 2927 674 2968 esse
701 2911 1040 2975 desideratis,
1074 2911 1251 2964 venite
1280 2910 1346 2964 ad
1371 2926 1461 2965 me
1488 2911 1640 2980 quasi
1669 2911 1758 2966 ﬁlii
1789 2913 1854 2966 ad
1879 2928 1976 2982 pa-

389 3009 551 3059 trem.
581 3000 791 3056 Clamat
815 3001 1048 3071 Spiritus
1075 3009 1317 3066 sanctus,
1358 3000 1548 3056 Venite
1585 3009 1640 3056 et
1669 3003 1846 3057 audite
1869 3019 1974 3068 me,

392 3095 648 3150 timorem
677 3093 888 3147 Domini
908 3093 1116 3148 docebo
1145 3108 1258 3148 vos.
1293 3093 1559 3149 Timorem
1590 3096 1732 3150 enim
1761 3094 1973 3152 Domini

392 3185 483 3242 ille
509 3185 691 3241 doceri
721 3183 852 3250 vult,
876 3185 966 3254 qui
996 3184 1111 3238 vult
1132 3184 1294 3239 vitam
1319 3193 1594 3252 aeternam,
1623 3196 1678 3242 et
1705 3188 1979 3245 desiderat

2071 1994 2263 2046 Anima
2289 2001 2458 2046 autem
2480 2008 2594 2044 mea
2643 1989 2918 2044 exsultabit
2946 1992 2997 2044 in
3027 1989 3268 2054 Domino,
3299 1999 3347 2042 et
3385 1987 3658 2042 delectabia

2075 2095 2156 2138 tur
2179 2101 2334 2154 super
2360 2082 2578 2150 salutari
2598 2098 2712 2136 suo.
2753 2081 2943 2136 Omnia
2972 2099 3086 2136 ossa
3109 2099 3222 2136 mea
3253 2082 3440 2147 dicent,
3479 2079 3660 2134 Domi-

2071 2192 2154 2242 ne,
2187 2176 2299 2247 quis
2329 2174 2514 2228 similis
2547 2175 2658 2226 tui?
2705 2171 2910 2244 Eripies
2955 2176 3158 2244 inopem
3200 2174 3262 2226 de
3288 2189 3444 2226 manu
3473 2172 3661 2242 fortio-

2072 2286 2185 2322 rum
2223 2271 2354 2340 ejus,
2381 2284 2592 2339 egenum
2640 2275 2690 2320 et
2733 2284 3005 2341 pauperem
3039 2284 3070 2318 ιι
3117 2265 3475 2336 diripientibus
3522 2279 3657 2316 eum.

2075 2357 2352 2430 Surgentes
2401 2367 2550 2412 testes
2590 2360 2774 2429 iniqui,
2807 2374 2921 2428 qum
2947 2357 3249 2428 ignorabam
3277 2353 3666 2426 interrogabant

2073 2471 2172 2508 me.
2227 2450 2594 2506 Retribuebant
2621 2451 2746 2504 mihi
2793 2451 2932 2504 mala
2983 2467 3075 2520 pro
3115 2449 3276 2513 bonis,
3333 2449 3660 2501 sterilitatem

2075 2547 2263 2599 anima:
2308 2560 2452 2598 mete.
2487 2543 2599 2613 Ego
2639 2551 2807 2596 autem
2836 2558 2949 2594 cum
2970 2542 3094 2594 milii
3134 2541 3332 2595 molesti
3357 2547 3547 2601 essent,
3579 2539 3663 2591 in-

2077 2635 2269 2691 duebar
2298 2636 2488 2698 cilicio,
2523 2631 2857 2686 Immiliabam
2902 2634 2956 2685 in
2977 2633 3178 2702 jejunio
3219 2632 3444 2683 animam
3473 2643 3661 2690 meam,

2075 2738 2126 2782 et
2145 2713 2313 2782 oratio
2340 2728 2394 2780 in
2426 2727 2543 2779 sinu
2569 2741 2680 2778 meo
2720 2721 3053 2777 convertetur.
3081 2721 3241 2784 Quasi
3273 2721 3583 2791 proximum,
3613 2721 3666 2769 et

2076 2821 2226 2892 quasi
2255 2821 2472 2890 fratrem
2513 2825 2744 2870 nostrum
2771 2815 2846 2868 sic
2875 2811 3270 2884 complacebam,
3300 2811 3446 2882 quasi
3485 2809 3664 2881 lugens

2078 2921 2127 2965 et
2156 2912 2488 2965 contristatus
2527 2910 2600 2962 sic
2631 2906 2967 2961 Itumiliabar.
3002 2905 3069 2959 Et
3098 2905 3364 2960 adversum
3391 2922 3472 2958 me
3500 2903 3666 2957 letali

2078 3014 2200 3058 sunt
2225 3013 2276 3058 et
2295 3011 2639 3058 convenerunt
2652 3020 2670 3066 ;
2695 3011 3003 3072 congregata
3026 3007 3141 3054 sunt
3167 3017 3317 3070 super
3332 3016 3413 3052 me
3431 2997 3662 3068 ﬂagella,

2040 3163 2044 3166 ,
2078 3109 2128 3152 et
2155 3099 2405 3170 ignoravi.
2440 3095 2693 3166 Dissipati
2721 3102 2858 3159 sunt,
2891 3110 2982 3147 nec
3009 3095 3313 3164 compuncti,
3347 3095 3668 3145 tentaverunt

2079 3207 2180 3256 me,
2226 3189 2669 3243 subsannaverunt
2721 3203 2803 3240 me
2849 3185 3268 3248 subsannatione,
3327 3181 3668 3254 frenduerunt

387 3277 573 3333 videre
610 3276 724 3331 dies
763 3277 952 3331 bonos.
997 3275 1176 3330 Times
1229 3291 1358 3345 ergo
1400 3274 1720 3342 Dominum,
1775 3296 1883 3334 non
1929 3281 1976 3335 si
2003 3269 2050 3333 C
2079 3298 2232 3352 super
2285 3297 2366 3334 me
2395 3278 2628 3332 dentibus
2673 3279 2799 3332 suis.
2837 3276 3077 3340 Domine,
3130 3275 3336 3349 quando
3387 3271 3669 3344 respicies?

390 3375 692 3433 tonantem,
723 3375 815 3422 aut
843 3366 1217 3436 fulgurantem,
1250 3375 1343 3422 aut
1389 3375 1749 3424 tememotum
1775 3371 1975 3426 facien-

387 3467 492 3516 tem
515 3459 724 3524 timeas,
751 3458 847 3513 sed
868 3458 912 3513 si
934 3457 1111 3526 ignem
1139 3468 1394 3513 aeternum
1416 3461 1833 3515 comminantem
1861 3461 1972 3516 for-

386 3550 574 3606 mides.
599 3547 735 3616 Quia
764 3549 904 3604 sicut
939 3548 1104 3602 habet
1148 3548 1333 3613 vitam,
1365 3550 1456 3620 qui
1498 3551 1715 3605 cohibet
1736 3552 1974 3620 linguam

386 3655 538 3696 suam
566 3655 597 3694 a
642 3639 807 3703 malo,
857 3646 913 3693 et
954 3639 1096 3693 sicut
1123 3654 1280 3693 aures
1308 3637 1520 3693 Domini
1549 3639 1602 3694 in
1639 3655 1830 3710 preces
1858 3642 1974 3710 ejus

384 3737 528 3795 sunt,
559 3729 650 3800 qui
700 3729 775 3783 ita
825 3729 1088 3784 avertitur
1115 3745 1146 3782 a
1175 3729 1318 3784 malo
1346 3740 1405 3783 ut
1433 3729 1593 3785 faciat
1635 3731 1856 3797 bonum,
1900 3733 1973 3788 ita

385 3825 566 3879 vultus
593 3823 802 3878 Domini
847 3837 1008 3892 super
1059 3821 1318 3876 facientes
1367 3823 1528 3887 mala,
1584 3832 1641 3877 ut
1688 3821 1877 3894 perdat
1904 3824 1972 3880 de

358 3923 530 3970 'terra
581 3913 901 3969 memoriam
951 3928 1159 3968 eorum.
1191 3912 1494 3968 Notandum
1523 3929 1652 3970 sane
1679 3917 1802 3986 quia
1833 3917 1974 3970 inter

386 4015 582 4060 cetera
607 4005 860 4059 virtutum
889 4004 1113 4073 insignia
1141 4020 1245 4073 pax
1272 4020 1487 4076 quoque
1515 4007 1800 4076 qmerenda
1828 4023 1970 4076 prm-

387 4097 584 4168 cipitur
615 4113 628 4148 2
653 4095 884 4166 lnquire,
916 4097 1105 4165 inquit,
1128 4112 1336 4167 pacem,
1365 4104 1671 4164 et'sequere
1693 4112 1831 4151 eam.
1858 4096 1970 4152 Pax

387 4189 534 4243 enim
575 4189 710 4242 etin
739 4189 983 4258 praesenti
1010 4189 1126 4244 dies
1175 4189 1349 4246 bonos
1396 4189 1522 4245 facit
1550 4190 1875 4254 hominibus,
1916 4199 1972 4246 et

382 4277 440 4334 in
464 4277 644 4333 futuro
663 4277 760 4333 Dei
785 4275 1008 4333 ﬁliorum
1035 4280 1349 4348 dignitatem
1391 4281 1646 4350 impertit,
1678 4281 1969 4336 secundum

381 4368 436 4425 id
464 4368 610 4438 quod
649 4369 766 4440 ipse
793 4367 1049 4425 Dominus
1076 4371 1205 4425 dicit
1237 4389 1249 4423 :
1283 4370 1426 4424 Beati
1456 4371 1682 4440 paciﬁci,
1722 4373 1842 4441 quia
1871 4373 1970 4440 ﬁlii

383 4458 481 4514 Dei
507 4458 822 4514 vocabuntur
843 4459 1056 4532 (Matth.
1089 4462 1164 4531 v).
1197 4461 1304 4518 Nec
1328 4463 1432 4516 hoc
1456 4476 1554 4515 nos
1583 4469 1802 4529 terreat,
1827 4464 1970 4532 quod

382 4551 627 4606 videmus
676 4552 731 4605 in
760 4553 864 4607 isto
892 4554 1112 4618 saeculo,
1153 4555 1348 4609 multas
1375 4554 1748 4609 tribulationes
1789 4555 1967 4624 justo-

2076 3376 2286 3428 restitue
2306 3375 2535 3427 animam
2563 3390 2730 3426 meum
2753 3390 2784 3425 ιι
2804 3373 3128 3444 malignitate
3149 3387 3343 3435 eorum,
3374 3388 3406 3422 a
3434 3368 3668 3425 leonibus

2075 3468 2282 3520 unicam
2334 3483 2521 3520 meam.
2555 3465 2848 3536 Confitebor
2875 3453 2979 3518 tibi
3026 3465 3079 3516 in
3108 3462 3344 3516 Ecclesia
3371 3479 3581 3533 magna,
3606 3463 3666 3514 in

2075 3559 2266 3628 papula
2295 3558 2439 3628 gravi
2467 3555 2690 3609 laudabo
2722 3564 2785 3607 te.
2823 3553 2944 3606 Non
2981 3553 3393 3622 supergaudeant
3418 3552 3545 3604 mihi
3577 3552 3696 3621 qui‘

2080 3647 2420 3700 adversantur
2446 3645 2571 3697 mihi
2611 3646 2798 3712 inique,
2831 3644 2916 3711 qui
2945 3641 3161 3693 oderunt
3189 3657 3270 3693 me
3293 3641 3456 3709 gratis
3487 3649 3536 3692 et
3572 3655 3667 3692 an-

2075 3748 2238 3792 nuunt
2271 3737 2454 3790 oculis.
2481 3733 2737 3796 Quoniam
2766 3733 2889 3784 mihi
2919 3730 3120 3800 quidem
3149 3729 3364 3800 paciﬁce
3384 3729 3664 3799 loqueban-

2076 3839 2176 3894 tur,
2209 3838 2256 3882 et
2284 3829 2338 3880 in
2367 3826 2642 3879 iracundia
2674 3834 2822 3877 terra:
2851 3823 3128 3891 loquentes,
3155 3820 3298 3874 dolos
3343 3822 3662 3892 cogitabant.

2074 3919 2142 3971 Et
2173 3919 2517 3972 dilataverunt
2545 3931 2697 3985 super
2725 3931 2806 3967 me
2833 3930 2888 3968 os
2931 3928 3099 3974 suum,
3144 3912 3386 3965 dixerunt
3434 3929 3450 3965 :
3491 3912 3662 3985 Euge,

2072 4027 2217 4083 euge,
2241 4009 2473 4064 viderunt
2499 4007 2633 4062 oculi
2655 4007 2836 4060 nostri.
2879 4003 3091 4068 Vidisti,
3126 4001 3365 4068 Domine,
3397 4021 3461 4056 ue
3479 4003 3660 4067 sileas,

2075 4102 2312 4168 Domine,
2344 4119 2408 4155 ne
2436 4100 2668 4154 discedas
2701 4117 2733 4151 a
2761 4115 2859 4151 me.
2884 4096 3121 4167 Exsurge
3148 4106 3197 4151 et
3223 4097 3430 4150 intende
3458 4098 3664 4170 judicio

2073 4211 2206 4258 meo,
2234 4192 2375 4246 Deus
2404 4209 2565 4256 meus,
2589 4200 2637 4244 et
2662 4189 2919 4244 Dominus
2959 4205 3102 4241 meus
3135 4190 3190 4242 in
3216 4205 3425 4242 causam
3467 4207 3655 4243 meam.

2073 4283 2262 4336 Judica
2311 4300 2392 4336 me
2438 4282 2716 4335 secundum
2757 4281 3226 4349 justitiam-tuam,
3258 4279 3477 4334 Domine
3517 4280 3660 4336 Deus

2075 4391 2236 4439 meus,
2265 4383 2316 4427 et
2344 4391 2447 4426 non
2474 4372 2888 4445 supergaudeant
2930 4371 3072 4424 mihi.
3109 4370 3229 4426 Non
3266 4371 3440 4426 dicunt
3463 4375 3517 4425 in
3543 4388 3660 4427 cor-

2076 4466 2223 4521 dibus
2247 4467 2394 4521 suis:
2425 4465 2591 4537 Euge,
2635 4482 2779 4536 euge,
2823 4466 3012 4518 anima:
3044 4473 3264 4530 nostrae;
3305 4481 3397 4518 nec
3441 4466 3658 4520 dicant:

2076 4559 2444 4614 Devoravimus
2459 4577 2592 4612 eum.
2617 4557 2665 4611 E
2669 4557 2941 4612 rubescunt
2959 4566 3009 4611 et
3031 4541 3353 4612 ritsereantur
3380 4559 3551 4626 simul,
3572 4562 3662 4632 qui

378 4655 518 4698 rum.
553 4640 852 4698 Transeunt
879 4643 1020 4697 enim
1077 4643 1202 4712 ipsa
1232 4645 1622 4709 tribulationes,
1672 4654 1727 4700 et
1764 4661 1832 4701 ex
1882 4648 1966 4702 bis
1993 4637 2047 4698 D
2071 4654 2402 4726 gratulantur
2428 4653 2580 4706 malis
2608 4653 2753 4704 meis.
2783 4649 3076 4704 Induantur
3105 4653 3405 4722 confusione
3431 4661 3480 4705 et
3514 4669 3657 4706 reve-

377 4734 628 4790 omnibus
658 4733 852 4789 liberat
877 4749 972 4790 eos
999 4734 1278 4791 Dominus.
1310 4735 1428 4806 lpse
1447 4737 1608 4791 etiam
1637 4738 1690 4791 in
1717 4738 1965 4808 sepulcro

376 4826 610 4881 custodit
654 4827 834 4881 omnia
865 4842 986 4882 ossa
1035 4842 1241 4893 eorum,
1274 4836 1330 4881 et
1374 4828 1445 4882 ita
1476 4829 1539 4882 ea
1581 4836 1760 4882 servat
1786 4843 1964 4883 resur-

376 4916 628 4982 rectioni,
660 4923 720 4970 ut
761 4932 929 4971 unum
955 4932 1021 4972 ex
1050 4917 1132 4972 his
1169 4934 1281 4972 non
1310 4919 1546 4989 patiatur
1590 4920 1766 4988 perire
1795 4920 1846 4973 in
1878 4935 1964 4974 re-
2000 4919 2006 4925 ’

376 5001 731 5066 surrectionis
761 5009 866 5064 die.
921 5003 1067 5065 Mors
1112 5019 1292 5065 autem
1337 5020 1682 5082 peccatorum
1730 5013 1960 5082 pessima

375 5103 660 5172 apparebit
686 5111 928 5174 tempore
955 5118 1063 5172 quo
1091 5105 1372 5159 resuscitat
1419 5105 1469 5158 in
1499 5107 1812 5176 corporibus
1841 5107 1959 5160 ani-

374 5209 495 5249 mas
519 5209 758 5250 suorum.
793 5194 909 5250 Hoc
937 5211 1066 5252 sane
1094 5197 1297 5260 sciatis,
1332 5198 1521 5266 inquit,
1547 5199 1671 5267 quia
1695 5215 1801 5255 nou
1832 5215 1959 5269 pec-

375 5291 465 5339 cat
484 5285 660 5339 omnis
687 5285 778 5354 qui
807 5295 988 5356 sperat
1009 5287 1062 5340 in
1091 5302 1176 5342 eo.
1202 5287 1590 5342 Abstinentiam
1619 5299 1958 5359 peccatorum

374 5371 430 5426 in
460 5371 564 5430 line
609 5377 801 5447 psalmi
831 5379 1173 5433 commendat
1211 5381 1290 5434 eis
1316 5381 1408 5449 qui
1437 5389 1654 5451 sperant
1683 5383 1735 5435 in
1779 5380 1960 5435 Domi-

376 5481 525 5532 num,
556 5476 615 5522 ut
643 5469 712 5522 ad
749 5471 864 5539 spei
915 5486 1024 5525 sua:
1052 5471 1281 5526 fructum
1334 5473 1597 5541 attingant
1626 5492 1638 5525 :
1671 5474 1788 5528 Non
1816 5474 1957 5528 enim

375 5569 621 5628 peccant,
650 5561 842 5629 inquit,
867 5578 1056 5617 omnes
1076 5563 1167 5632 qui
1197 5571 1415 5634 sperant
1438 5564 1490 5619 in
1513 5579 1654 5618 eum.
1685 5569 1751 5618 Ut
1779 5573 1958 5620 autem

375 5665 486 5705 non
513 5665 821 5721 peccemus,
853 5653 969 5722 ejus
989 5662 1071 5709 est
1100 5655 1362 5710 instanter
1385 5655 1748 5711 misericordia
1777 5664 1958 5726 postu-

373 5741 556 5810 landa,
580 5744 672 5814 qui
689 5747 890 5814 'regnat
910 5747 963 5802 in
993 5746 1186 5812 sarcula
1216 5747 1552 5804 saeculorum.
1589 5747 1778 5807 Amen.

2073 4748 2258 4810 rentia,
2291 4746 2378 4815 qui
2407 4744 2639 4814 maligna
2667 4744 2942 4812 loquuntur
2970 4757 3123 4810 super
3149 4758 3247 4794 me.
3297 4741 3570 4797 Exsultent
3607 4751 3664 4797 et

2073 4837 2331 4898 (celentur,
2364 4836 2449 4906 qui
2478 4834 2650 4888 uolunt
2664 4833 2922 4902 justitiam
2951 4848 3139 4896 meam,
3168 4840 3219 4886 et
3238 4831 3411 4885 dicant
3433 4849 3661 4902 semper:

2072 4924 2440 4995 Magniﬁcetur
2468 4923 2744 4987 Dominus,
2773 4923 2861 4994 qui
2904 4921 3078 4976 volunt
3124 4937 3301 4992 pacem
3340 4924 3471 4974 serui
3520 4923 3652 4991 ejus.

2069 5014 2140 5069 Et
2165 5018 2342 5086 lingua
2361 5031 2474 5067 mea
2488 5013 2820 5068 meditabitur
2832 5014 3089 5085 justitiam
3111 5021 3269 5071 tuam,
3295 5017 3401 5062 tota
3431 5009 3513 5063 die
3539 5009 3665 5063 Ιαπε-

2069 5108 2183 5162 dem
2215 5118 2370 5159 tuam.

2637 5189 3073 5232 COIIBNTABIUI.

2139 5291 2398 5346 Dominus
2425 5291 2580 5345 Jesus
2602 5289 2862 5354 Christus,
2895 5289 2938 5342 si
2965 5285 3244 5358 prmceptis
3271 5285 3382 5342 suis
3409 5287 3658 5361 Scriptu-

2068 5399 2156 5438 ras
2185 5383 2382 5438 veteris
2411 5383 2739 5437 Testamenti
2762 5381 2979 5434 vidisset
3007 5394 3125 5434 esse
3153 5382 3473 5446 contrarias,
3502 5399 3532 5438 a
3553 5398 3657 5439 sua

2066 5472 2304 5530 Ecclesia
2349 5475 2680 5528 exclusisset.
2714 5471 2864 5525 Nune
2890 5485 3020 5525 vero
3049 5487 3170 5525 cum
3201 5487 3307 5526 non
3337 5475 3510 5530 solum
3539 5491 3652 5530 non

2066 5567 2330 5628 exclusit,
2382 5565 2474 5618 sed
2512 5563 2675 5617 etiam
2720 5578 2749 5614 a
2800 5561 2957 5618 Patre
2997 5565 3355 5620 sanctiﬁcatas
3397 5567 3643 5621 asseruit.

2062 5655 2303 5726 Namque
2332 5669 2454 5707 cum
2481 5650 2847 5706 testimonium
2875 5655 2943 5708 de
2972 5654 3092 5711 liliis
3117 5655 3212 5710 Dei
3241 5657 3394 5710 daret
3420 5663 3474 5709 et
3499 5653 3647 5708 dice-
3721 5713 3731 5722 ,

2062 5757 2147 5802 ret
2167 5745 2487 5802 versiculum
2510 5743 2702 5814 psalmi
2731 5749 3045 5815 octogesimi
3067 5749 3223 5819 primi
3256 5765 3268 5800 :
3305 5746 3429 5800 Non
3453 5751 3643 5815 potest,

2059 5839 2251 5906 inquit,
2284 5838 2544 5891 immutari
2566 5835 2840 5907 Scriptura
2871 5855 2886 5893 :
2919 5857 3064 5906 quem
3092 5837 3254 5892 Pater
3272 5835 3646 5915 sanctiﬁcauit.
3681 5833 3686 5840 ’
3712 5879 3731 5903 ιν
