4246 6264
549 386 658 446 δτι

1860 381 2132 439 ARNOBII
2170 379 2471 437 JUNIORIS

3703 377 3830 438 373‘

547 515 598 561 et
624 505 764 560 misit
789 505 846 558 in
875 504 1007 557 hunc
1036 499 1291 556 "tundunt
1321 499 1502 572 (Joan.
1527 498 1608 571 x).
1634 497 1773 566 Quid
1801 511 1930 566 ergo
1959 496 2127 551 facie-
2155 495 2211 556 Α
2233 495 2388 550 nobis
2416 501 2499 552 est
2544 495 2721 549 anima
2750 501 2934 551 nostra
2959 535 2974 560 ,
3005 501 3063 550 et
3090 509 3316 550 numero
3343 500 3401 549 et
3437 493 3651 550 aﬁ'ectu.
3681 494 3816 552 Cum

549 613 668 652 mus
701 615 712 649 :
745 595 800 650 Si
841 594 1222 648 maledicamus
1250 592 1496 646 inimicos
1537 598 1750 646 nostros
1773 630 1788 654 ,
1820 589 2127 658 evangelica

550 694 815 760 praecepta
839 685 1248 749 contemnimus,
1280 683 1473 752 quibus
1495 697 1602 737 non
1623 683 1796 736 solum
1825 697 1932 735 non
1957 681 2126 734 male-

549 779 744 841 dicere,
775 775 1124 829 verumetiam
1154 790 1252 843 pro
1283 774 1365 828 his
1387 788 1544 827 orare
1566 773 1832 841 jubemur.
1863 772 1920 826 Si
1948 768 2128 826 custo-

549 869 663 923 dire
690 867 936 922 volumus
964 864 1236 932 Evangelii
1269 865 1560 934 jussiones,
1595 862 1836 919 Psalmos
1864 865 2124 934 relinqui-

548 974 696 1021 mus,
729 958 922 1026 quibus
951 955 1258 1026 frequenter
1295 956 1495 1009 inimici
1535 955 1955 1019 maledicuntur,
1986 961 2044 1008 ιιι
2072 955 2128 1008 in

550 1050 653 1104 isto
682 1047 874 1118 psalmi
903 1047 1021 1101 loco
1046 1088 1061 1112 ,
1093 1046 1146 1100 in
1175 1046 1351 1116 capite
1377 1063 1388 1095 :
1419 1044 1625 1109 Judica,
1651 1045 1842 1114 inquit,
1871 1053 2130 1100 nocentes

548 1157 634 1194 me
660 1181 676 1206 ,
713 1148 772 1194 .et
811 1147 1002 1193 caetera
1042 1153 1159 1209 quae
1187 1145 1499 1205 sequuntur.
1545 1134 1696 1190 Unde
1726 1136 1932 1190 caulius
1978 1133 2128 1190 Psal-

548 1231 708 1293 mjsta
743 1249 755 1283 :
788 1230 954 1296 Cave,
984 1245 1051 1284 ne
1081 1230 1147 1284 ad
1177 1229 1420 1282 homines
1461 1227 1806 1281 adversantes
1834 1227 1928 1281 tibi
1972 1235 2130 1296 putes

549 1322 654 1377 ista
678 1329 1010 1392 competere,
1050 1321 1144 1375 sed
1184 1319 1288 1373 fide
1328 1319 1462 1373 tixus
1492 1334 1590 1388 pro
1621 1317 1849 1372 inimicis
1877 1317 1981 1372 tuis
2007 1333 2124 1383 ora,

549 1415 687 1470 sicut
721 1413 932 1483 jussqu
960 1420 1061 1477 est,
1089 1405 1148 1466 'et
1171 1413 1310 1466 hanc
1348 1412 1646 1466 orationem
1668 1410 1864 1481 .psalmi
1894 1424 2126 1479 praesen-

549 1507 636 1571 tis,
668 1520 776 1558 non
803 1511 991 1559 contra
1014 1517 1231 1557 carnem
1253 1513 1307 1556 et
1328 1501 1662 1569 sanguinem,
1685 1500 1778 1554 sed
1801 1509 1990 1554 contra
2019 1499 2128 1568 spi-

547 1601 682 1662 ritus
712 1598 854 1653 aeris
880 1596 1057 1666 hujus,
1086 1596 1177 1664 qui
1207 1594 1446 1664 quotidie
1477 1602 1692 1658 nocent,
1724 1591 1964 1661 quotidie
1985 1592 2126 1646 bella

548 1692 910 1748 committunt.
940 1688 1169 1743 Induere
1197 1703 1354 1742 sacco
1379 1687 1489 1740 sive
1511 1687 1706 1748 cilicio,
1737 1694 1792 1740 et
1819 1685 2037 1739 humilia
2072 1686 2128 1739 in

2235 603 2364 659 ergo
2389 604 2507 644 eam
2537 588 2835 643 restitueris
2861 587 2914 642 in
2934 587 3080 642 bono
3098 587 3399 658 proposito,
3431 594 3486 642 et
3503 586 3832 651 liheraveris,

2235 699 2266 738 a
2289 682 2447 738 malis
2473 681 2628 737 factis
2655 697 2860 746 eorum,
2893 688 3021 737 tunc
3044 678 3343 736 confitebor
3371 680 3465 735 tibi
3494 681 3550 734 in
3577 678 3817 738 Ecclesia

2234 791 2448 845 magna,
2478 783 2534 830 et
2554 776 2606 828 in
2638 774 2834 844 populo
2858 788 2965 828 non
2992 773 3115 840 levi,
3149 790 3256 828 non
3282 771 3542 842 ﬂagitanti
3569 790 3815 845 pompas,

2233 873 2288 920 et
2317 866 2600 936 accipienti
2641 879 2938 934 personas,
2977 864 3071 920 sed
3099 864 3152 918 in
3192 864 3391 935 populo
3431 865 3579 934 gravi
3611 866 3817 933 timoris

2235 958 2314 1011 tui
2342 956 2646 1012 custodient
2690 974 2701 1008 :
2736 956 2788 1009 in
2818 969 2884 1009 eo
2915 955 3045 1010 mihi
3074 955 3176 1010 erit
3217 955 3522 1020 assiduitas,
3552 956 3687 1009 etin
3732 971 3816 1010 eo-

2233 1048 2357 1103 dem
2388 1047 2586 1117 populo
2623 1046 2849 1101 laudabo
2887 1055 2970 1112 te;
3011 1062 3118 1100 non
3148 1059 3275 1114 ergo
3305 1045 3560 1100 insultent
3599 1046 3690 1114 qui
3720 1046 3816 1100 ad-

2233 1147 2514 1193 versantur
2535 1138 2664 1191 mihi
2703 1137 2886 1207 iniqui,
2925 1137 3015 1207 qui
3045 1136 3274 1192 oderunt
3302 1152 3386 1191 me
3410 1137 3596 1204 gratis,
3628 1144 3684 1191 et
3717 1152 3814 1191 an-

2234 1238 2407 1284 nuunt
2428 1229 2616 1285 oculis.
2643 1228 2786 1293 Hinc,
2810 1235 2866 1281 ut
2886 1228 3014 1292 dixi,
3046 1228 3117 1282 ita
3145 1229 3383 1299 passioui
3401 1227 3698 1283 Dominicat
3717 1243 3830 1298 ap-.

2235 1321 2406 1391 plica,
2450 1329 2507 1374 ut
2533 1319 2902 1375 tedificationis
2946 1328 3048 1375 tua:
3074 1321 3422 1390 interpretem
3465 1320 3677 1391 penitus
3706 1335 3813 1379 non

2234 1414 2490 1478 omittas;
2530 1412 2793 1467 daemonia
2835 1413 2978 1468 enim
3007 1412 3164 1467 nobis
3202 1412 3442 1481 quotidie
3468 1411 3687 1484 pacifica
3724 1413 3812 1468 lo-

2232 1500 2488 1576 quuntur.
2541 1503 2770 1562 Pacifica
2814 1521 2904 1562 res
2949 1515 3032 1561 est
3075 1507 3519 1576 concupiscentiae
3558 1506 3763 1562 fructus
3789 1525 3807 1561 :

2233 1595 2327 1650 sed
2348 1611 2509 1665 super
2531 1596 2665 1649 iram
2693 1595 2935 1650 dolosam
2959 1596 3219 1664 cogitant,
3245 1595 3383 1650 sicut
3405 1596 3457 1650 in
3480 1596 3639 1651 hamo
3663 1612 3808 1662 esca,

2233 1686 2403 1741 dulcis
2431 1687 2485 1741 in
2516 1694 2758 1757 aspectu,
2788 1682 2999 1741 lethalis
3028 1687 3079 1741 in
3119 1695 3278 1755 gustu
3305 1695 3405 1742 est.
3448 1685 3813 1745 Dilataveruut

546 1781 752 1852 jejunio
780 1781 1011 1836 animum
1038 1786 1181 1833 tuam
1206 1820 1221 1844 ,
1253 1779 1377 1846 quia
1421 1793 1530 1831 non
1555 1778 1860 1842 vincuntur,
1903 1776 2003 1830 nisi
2032 1792 2130 1846 per
2159 1793 2206 1850 Β
2234 1779 2290 1832 in
2318 1794 2402 1833 me
2442 1794 2503 1834 os
2546 1794 2701 1833 suum
2726 1817 2740 1842 ,
2773 1772 3014 1847 quotidie
3058 1779 3237 1833 surculi
3279 1785 3549 1833 amatores
3589 1778 3811 1835 crimina

549 1875 848 1930 orationem
877 1881 933 1927 et
963 1871 1244 1941 jejunium.
1277 1870 1413 1937 Quid
1443 1884 1571 1938 ergo
1599 1885 1724 1924 oras
1753 1868 1968 1923 indutus
2005 1868 2124 1922 cili-

547 1965 668 2020 cio?
700 1963 770 2018 Ut
795 1970 1060 2033 expugnet
1087 1961 1344 2016 Dominus
1366 1967 1734 2030 cxpugnautcs
1756 1969 1830 2023 te,
1854 1967 1915 2014 ut
1936 1975 2127 2029 appre-

545 2057 748 2113 hendat
794 2071 943 2110 arma
972 2055 1155 2110 auxilii
1201 2055 1321 2120 sui,
1365 2069 1514 2107 arma
1561 2052 1845 2107 invisibilia
1873 2052 2130 2107 adversus

545 2148 732 2202 hostes
771 2146 1082 2200 invisibiles.
1113 2145 1218 2214 ipsi
1247 2145 1389 2198 enim
1417 2150 1664 2212 quarunt
1691 2143 1923 2196 animam
1955 2150 2122 2196 tuam.

546 2233 650 2291 Ora
679 2243 740 2290 ut
765 2235 860 2291 ﬁat
887 2236 974 2290 via
1002 2250 1188 2289 eorum
1214 2234 1448 2288 tenebrze
1473 2241 1527 2287 et
1557 2233 1838 2296 lubricum,
1869 2240 1923 2286 et
1959 2245 2124 2300 ange-

543 2326 628 2382 lus
669 2324 882 2381 Domini
929 2332 1281 2396 persequatur
1324 2339 1418 2378 eos
1460 2324 1552 2392 qui
1593 2322 1692 2393 ipsi
1732 2321 2130 2378 absconderunt

543 2419 643 2474 tibi
673 2419 947 2473 interitum
997 2418 1174 2486 laquei
1212 2418 1313 2481 sui,
1345 2432 1539 2470 vanam
1577 2417 1966 2486 exprobrantes
2012 2418 2127 2470 ani-

544 2523 686 2564 mam
719 2521 881 2573 tuam,
914 2509 1152 2563 dicentes
1173 2509 1223 2562 ei
1249 2526 1260 2560 :
1291 2507 1498 2562 Vanum
1527 2515 1609 2562 est
1633 2508 1778 2576 quod
1809 2523 1949 2572 oras,
1981 2506 2128 2576 quod

544 2601 774 2670 jejunas,
798 2602 942 2670 quod
969 2600 1225 2654 mundum
1255 2601 1573 2655 contemnis.
1601 2599 1752 2654 Unde
1781 2608 1836 2655 et
1865 2601 2128 2670 prOpheta

547 2694 654 2749 hoc
679 2694 850 2764 ipsum
893 2695 1137 2768 increpat
1177 2693 1360 2748 dicens
1389 2711 1400 2746 :
1443 2693 1569 2747 Ideo
1593 2731 1610 2756 ,
1649 2692 1752 2757 ait,
1783 2693 1937 2761 plaga
1967 2707 2129 2762 super

547 2785 710 2842 Israel
739 2785 1092 2855 multiplicata
1121 2793 1225 2848 est,
1257 2785 1384 2853 quia
1405 2783 1654 2837 dixerunt
1686 2801 1696 2834 :
1729 2781 1911 2835 Vanus
1935 2790 2017 2837 est
2036 2783 2128 2851 qui

548 2877 702 2932 timet
730 2877 917 2932 Deum.
968 2876 1110 2945 Ergo
1138 2876 1263 2947 quia
1310 2876 1364 2930 hi
1407 2876 1625 2946 spiritus
1653 2875 1912 2930 immundi
1938 2889 2128 2944 sugge-

546 2968 810 3023 stionihus
848 2968 958 3022 suis
988 2983 1178 3022 vanam
1207 2957 1538 3038 exprobrant
1566 2968 1798 3022 animam
1828 2983 2024 3030 meam,
2069 2975 2128 3022 ut

545 3060 706 3114 vilem
732 3074 791 3114 se
817 3059 1112 3126 testimans,
1143 3076 1172 3113 a
1203 3061 1442 3130 pretioso
1469 3058 1567 3114 Dei
1598 3061 1792 3115 timore
1821 3060 2075 3116 abscedat
2106 3043 2140 3113 τ’

2235 1871 2471 1925 inaudita
2499 1870 2879 1934 committunt,
2920 1879 2975 1924 et
3021 1870 3198 1924 nullus
3223 1871 3438 1940 penitus
3475 1886 3505 1924 a
3553 1870 3699 1924 nullo
3727 1885 3810 1924 ar-

2237 1964 2432 2032 guitur.
2468 1962 2534 2016 At
2556 1962 2627 2016 ibi
2655 1963 2776 2032 quis
2803 1962 2929 2016 boni
2957 1963 3218 2032 propositi
3247 1963 3302 2015 in
3328 1962 3432 2017 levi
3457 1961 3812 2030 qualicunque

2234 2057 2394 2126 culpa
2431 2054 2746 2130 incurrerit,
2779 2053 3007 2107 dilatant
3041 2040 3264 2124 spiritus
3293 2053 3551 2109 immundi
3581 2069 3674 2108 ora
3714 2067 3830 2119 et»,

2235 2163 2371 2211 rum,
2404 2147 2525 2216 qui,
2553 2155 2611 2200 ut
2639 2145 2779 2209 dixi,
2812 2145 3127 2200 criminibus
3165 2154 3391 2208 vacant,
3422 2154 3480 2200 ut
3507 2144 3691 2200 videas
3717 2159 3812 2199 eos

2235 2240 2341 2294 tale
2379 2240 2518 2294 ferre
2541 2239 2797 2308 judicium
2839 2239 2894 2293 in
2925 2254 3032 2292 uno
3077 2238 3438 2308 qualicunque
3465 2244 3721 2307 peccato,
3752 2244 3812 2290 ut

2234 2331 2414 2386 dicant
2447 2349 2461 2386 :
2484 2330 2592 2385 Cur
2617 2347 2723 2385 non
2755 2331 2888 2386 urbe
2917 2330 3220 2400 pelluntur?
3247 2338 3307 2385 ut
3333 2329 3460 2399 quid
3487 2329 3667 2384 vivere
3687 2344 3809 2399 per-

2233 2423 2552 2476 mittuntur?
2580 2421 2671 2477 Isti
2699 2430 2824 2476 sunt
2851 2437 2948 2492 per
2973 2437 3108 2490 quos
3129 2421 3358 2476 mundus
3380 2421 3556 2490 periit.
3589 2418 3688 2477 Hic
3709 2421 3810 2475 cla.

2233 2520 2345 2566 mat
2374 2512 2443 2568 ad
2471 2512 2754 2567 Dominum
2797 2531 2809 2565 :
2843 2511 3100 2580 Exsurge,
3138 2511 3379 2576 Domine,
3412 2520 3466 2566 et
3491 2511 3707 2566 intende
3729 2511 3809 2581 ju-

2233 2604 2428 2660 dicium
2476 2620 2654 2659 meum
2679 2645 2692 2670 ,
2736 2611 2790 2658 et
2817 2619 3031 2659 causam
3080 2618 3256 2658 meam
3298 2602 3476 2671 judica
3516 2603 3810 2658 secundum

2233 2699 2657 2755 misericordiam
2707 2707 2872 2754 tuam.
2903 2698 2959 2753 Si
2999 2699 3140 2753 enim
3170 2698 3464 2753 secundum
3506 2697 3831 2754 misericor-.

2232 2793 2374 2847 diam
2399 2791 2758 2861 judicaveris,
2789 2807 2896 2845 non
2936 2789 3270 2844 insultabunt
3308 2789 3363 2843 in
3402 2803 3488 2844 me
3515 2788 3807 2853 daemones,

2233 2899 2333 2938 nec
2359 2883 2540 2938 dicent
2572 2901 2583 2934 :
2616 2881 2763 2950 Euge
2785 2921 2801 2947 ,
2847 2895 3000 2950 euge,
3031 2881 3222 2935 anima:
3249 2894 3414 2945 mete,
3447 2895 3547 2935 nec
3582 2879 3761 2935 dicent
3789 2899 3806 2933 :

2209 2973 2616 3030 Devoravimus
2643 2989 2785 3027 eum.
2821 2971 2990 3042 Euge,
3032 2986 3186 3041 euge,
3219 2978 3274 3026 et
3301 2971 3354 3025 in
3383 2972 3527 3030 bono
3551 2971 3809 3042 accipitur

2231 3076 2288 3122 et
2320 3069 2375 3122 in
2402 3068 2564 3122 malo.
2597 3067 2730 3122 Nam
2759 3067 2972 3132 dicitur,
3001 3064 3145 3137 Euge
3166 3107 3182 3129 ,
3224 3083 3366 3120 serve
3408 3064 3538 3121 bone
3561 3073 3610 3119 et
3638 3065 3809 3135 ﬁdelis

544 3146 736 3204 Veniat
763 3149 868 3204 illis
896 3149 1118 3218 laqueus
1139 3165 1300 3220 quem
1333 3151 1582 3218 ignorant
1612 3170 1623 3203 :
1657 3151 1796 3206 sicut
1823 3151 1954 3204 mihi
1984 3150 2112 3204 invi-
2144 3150 2189 3212 C
2226 3157 2438 3229 (Manli,
2464 3174 2590 3224 xxv,
2615 3157 2742 3212 Luc.
2765 3157 2908 3229 xix);
2933 3157 3143 3222 dicitur,
3161 3156 3229 3210 Et
3251 3171 3385 3227 euge
3399 3157 3648 3212 viderunt
3669 3156 3812 3214 oculi

544 3238 724 3295 sibiles
752 3240 935 3294 hostes
963 3249 1088 3294 sunt
1117 3241 1183 3294 ad
1221 3242 1422 3295 bonum
1456 3243 1720 3310 pergenti,
1752 3242 1829 3297 sic
1861 3242 1964 3310 illis
1991 3242 2128 3296 invi-

543 3330 712 3385 sibilis
741 3341 989 3386 occurrat
1017 3331 1237 3399 laqueus
1268 3333 1334 3386 ad
1354 3347 1535 3387 meum
1565 3333 1842 3389 interitum
1866 3333 2126 3388 festinan-

542 3421 704 3490 tibus,
736 3430 795 3477 ut
815 3424 994 3494 captio
1020 3438 1180 3493 quam
1211 3426 1614 3481 occultaverant
1635 3427 1787 3493 mihi,
1821 3429 2123 3497 apprehen-

541 3512 635 3568 dat
663 3530 775 3580 eos,
808 3523 863 3569 et
890 3515 944 3569 in
972 3515 1161 3570 eodem
1192 3515 1386 3586 laqueo
1413 3516 1668 3583 incidant,
1714 3525 1773 3571 ut
1801 3518 1976 3572 anima
2005 3534 2125 3574 mea

528 3607 774 3686 exsultet
819 3608 873 3663 in
901 3607 1015 3664 Deo
1056 3608 1276 3663 salutari
1310 3625 1436 3675 suo,
1488 3611 1579 3679 qui
1628 3611 1788 3680 eripit
1816 3611 2030 3681 inopem
2057 3611 2127 3667 de

541 3713 703 3774 manu
729 3699 984 3756 fortioris.
1030 3700 1087 3754 In
1128 3716 1236 3770 quo
1265 3709 1561 3771 exsurgunt
1591 3710 1753 3758 testes
1799 3703 2000 3772 iniqui,
2031 3719 2122 3758 es-

541 3791 821 3848 tendeutes
845 3793 990 3862 quod
1020 3801 1101 3848 est
1122 3794 1402 3864 pulchrum
1425 3794 1644 3860 lbedum,
1669 3803 1722 3850 et
1743 3796 1895 3864 quasi
1919 3796 2121 3850 bonum

539 3873 684 3953 quod
727 3894 810 3941 est
837 3887 1127 3952 inimicum,
1157 3903 1276 3957 qua:
1305 3889 1638 3956 ignorabam,
1669 3904 1787 3958 quae
1816 3889 2025 3957 penitus
2055 3888 2123 3942 ad

539 3977 770 4032 animam
800 3993 906 4033 non
934 3978 1217 4041 habebam,
1243 3979 1356 4032 haec
1387 3977 1791 4044 interrogabant
1817 3992 1933 4042 me;
1967 3978 2123 4030 retri-

538 4067 778 4125 buebant‘
800 4070 932 4126 mihi
977 4069 1119 4123 mala
1157 4083 1255 4139 pro
1303 4069 1475 4123 bouis.
1526 4068 1624 4123 Hic
1670 4068 1952 4122 retributio
1982 4069 2122 4123 mala

538 4177 639 4231 pro
664 4161 822 4218 bonis
847 4161 1150 4216 daemonum
1189 4160 1311 4214 talis
1340 4167 1449 4226 est,
1491 4167 1551 4213 ut
1596 4159 1865 4224 dicerem,
1904 4157 2125 4226 Quoties

538 4265 637 4309 oro
661 4293 675 4318 ,
716 4254 930 4320 quoties
968 4267 999 4304 a
1046 4251 1283 4322 peccatis
1323 4251 1567 4306 abstineo
1591 4290 1608 4317 ,
1656 4249 1795 4304 mala
1838 4251 1969 4304 mihi
2009 4266 2127 4306 eve-

539 4344 728 4410 niunt,
760 4351 814 4397 et
858 4342 1114 4399 sterilitas
1155 4357 1329 4396 meam
1372 4341 1603 4396 animam
1634 4341 1936 4396 comitatur.
1987 4327 2138 4409 Quid.

540 4449 668 4503 ergo
697 4435 853 4503 egisti
892 4435 1018 4490 dum
1053 4435 1149 4489 tibi
1177 4435 1391 4490 molesti
1420 4435 1639 4489 essent?
1667 4433 1752 4489 dic
1776 4435 1951 4500 nobis,
1981 4443 2039 4490 ut
2070 4445 2125 4492 et

2228 3251 2417 3306 nostri.
2452 3249 2599 3319 Euge
2627 3265 2756 3320 ergo
2784 3267 2892 3305 vox
2931 3249 3048 3320 ejus
3073 3259 3156 3306 est
3182 3250 3335 3319 cujus
3369 3250 3692 3306 desiderium
3727 3251 3808 3306 vi-

2229 3341 2385 3396 detur
2415 3340 2710 3410 impletum,
2742 3341 2853 3395 sive
2885 3341 2938 3417 in
2981 3341 3125 3397 bono
3149 3381 3166 3407 ,
3209 3341 3323 3396 sive
3369 3341 3424 3396 in
3469 3343 3635 3397 malo.
3683 3341 3808 3402 Mox

2229 3434 2410 3500 itaque
2438 3439 2497 3485 ut
2536 3432 2590 3486 hi
2619 3432 2712 3500 qui
2748 3431 2803 3484 in
2843 3432 2985 3486 malo
3029 3441 3119 3487 tuo
3147 3433 3398 3488 laetantur
3418 3473 3434 3499 ,
3464 3449 3574 3488 non
3603 3434 3806 3501 dicant,

2229 3523 2612 3577 Devoravimus
2649 3538 2770 3577 eum
2794 3563 2809 3590 ,
2859 3521 2956 3577 sed
2981 3523 3377 3578 confundantur
3415 3525 3505 3593 qui
3532 3525 3808 3594 gratulan~
3863 3537 3868 3539 '

2234 3623 2319 3670 tur
2347 3615 2401 3669 in
2440 3615 2594 3669 malis
2623 3614 2746 3669 tuis.
2790 3613 2858 3668 Et
2900 3614 3143 3669 hetentur
3178 3616 3270 3683 qui
3316 3616 3504 3670 volunt
3543 3614 3807 3684 justitiam

2236 3715 2400 3772 tuam,
2433 3714 2488 3761 et
2519 3705 2826 3761 desiderant
2858 3720 3045 3776 pacem
3074 3713 3239 3766 tuam,
3270 3713 3330 3759 ut
3357 3706 3535 3774 lingua
3567 3714 3654 3760 tua
3691 3719 3804 3758 me-

2231 3797 2429 3852 ditetur
2471 3783 2734 3866 justitiam
2779 3797 2911 3861 Dei,
2960 3804 3015 3851 et
3060 3797 3205 3851 omni
3251 3795 3338 3850 die
3385 3796 3436 3850 in
3488 3795 3641 3850 laude
3688 3794 3803 3864 ejus

2230 3903 2564 3959 permaneas,
2596 3889 2686 3959 qui
2722 3895 2912 3956 regnat
2940 3888 2993 3941 in
3022 3887 3213 3943 saecula
3242 3887 3577 3943 saeculorum.
3606 3885 3796 3940 Amen.

2738 4064 3048 4134 PSALMUS
3083 4063 3296 4120 xxxv.

2550 4201 2608 4256 In
2638 4201 2796 4255 linem
2823 4215 3002 4256 sermo
3034 4200 3245 4256 Domini
3271 4199 3456 4254 David.

2298 4338 2445 4392 Dixit
2466 4339 2689 4410 injustas
2718 4349 2772 4391 ut
2801 4339 3064 4408 delinquat
3086 4339 3138 4390 in
3168 4339 3471 4408 semetipso;
3505 4353 3604 4391 non
3635 4347 3711 4391 est
3739 4341 3802 4392 ti-
3835 4319 3842 4324 ’

2227 4449 2338 4486 mor
2384 4431 2480 4486 Dei
2524 4441 2643 4486 ante
2679 4432 2850 4486 oculos
2897 4432 3028 4501 ejus.
3080 4429 3336 4494 Quoniam
3382 4429 3556 4484 dolose
3599 4431 3701 4500 egit
3745 4433 3800 4484 in

535 4523 644 4581 hoc
663 4539 790 4579 mox
811 4523 1085 4579 faciamus.
1111 4525 1248 4579 Cum
1270 4525 1442 4591 multi,
1467 4526 1656 4595 inquit,
1685 4527 1894 4585 molesti
1916 4537 2116 4595 essent,
2147 4513 2198 4570 D
2225 4534 2495 4595 conspectu
2523 4526 2664 4596 ejus,
2696 4533 2751 4578 ut
2777 4525 3064 4578 inveniatur
3101 4525 3340 4594 iniquitas
3373 4524 3484 4594 ejus
3507 4523 3576 4576 ad
3603 4523 3794 4577 odium.
3838 4569 3840 4571 .

537 4613 798 4668 induebar
827 4613 999 4668 cilicio
1022 4656 1037 4680 ,
1083 4623 1138 4669 et
1177 4615 1521 4670 humiliabam
1557 4617 1610 4670 in
1652 4616 1856 4688 jejunio
1885 4619 2116 4674 animam

539 4721 756 4771 meam,
805 4713 860 4760 et
887 4707 1060 4762 oratio
1101 4693 1223 4764 mea
1269 4709 1324 4762 in
1369 4708 1492 4763 sinu
1537 4724 1660 4765 meo
1707 4723 1965 4766 conversa
2015 4719 2150 4772 est,

541 4800 921 4870 Quemcunque
981 4802 1133 4869 quasi
1191 4801 1496 4872 proximum
1523 4829 1552 4866 ,~
1588 4810 1642 4857 et
1696 4803 1846 4872 quasi
1901 4801 2118 4859 fratrem

460 4960 470 4979 Ἰ
536 4909 717 4978 meum
743 4895 997 4964 putabam
1029 4895 1258 4960 fidelem,
1289 4901 1342 4951 et
1370 4895 1649 4966 placebam
1677 4897 1806 4951 mihi
1845 4896 1899 4950 in
1927 4911 2012 4962 eo,
2044 4898 2119 4952 ita

539 4971 649 5060 egit
675 4992 732 5040 ut
758 4984 921 5042 Judas
949 4985 1002 5040 iu
1031 4985 1278 5052 Domino,
1311 4995 1370 5042 ut
1399 4988 1666 5056 lugentem
1712 5004 1798 5044 me
1836 4997 1890 5044 et
1919 4990 2118 5045 contri-

539 5083 736 5130 statum
761 5076 978 5143 faceret,
1003 5078 1256 5132 humilem
1287 5078 1531 5133 inimicis.
1566 5079 1654 5134 Sic
1681 5081 1916 5149 passioni
1943 5080 2120 5136 Domi-

538 5167 672 5223 nicae
695 5169 798 5223 hoc
823 5169 1135 5239 applicahis,
1169 5177 1227 5224 ut
1258 5177 1438 5225 tamen
1467 5171 1704 5226 ordinem
1733 5179 1922 5241 empta:
1943 5173 2121 5243 expla-

538 5259 771 5313 nationis
793 5260 1076 5328 astringas,
1107 5263 1231 5332 quia
1255 5263 1369 5332 ipsa
1408 5263 1588 5332 passio
1616 5262 1827 5317 Domini
1857 5264 1960 5318 hoc
1987 5266 2114 5332 agit,

538 5355 598 5402 ut
624 5363 723 5404 nos
750 5349 1090 5407 mdiﬁcemur.
1117 5353 1330 5419 Quanto
1361 5355 1502 5409 enim
1524 5355 1642 5423 plus
1668 5354 1779 5408 Deo
1808 5354 2114 5419 adhmseris,
2154 5403 2157 5405 .

539 5445 690 5494 tanto
714 5437 867 5507 plura
897 5439 1196 5496 daemonum
1228 5444 1370 5498 circa
1400 5453 1453 5498 te
1487 5442 1691 5512 ﬂagella
1723 5461 1829 5498 non
1857 5444 2113 5510 deerunt,

539 5529 640 5618 ipsi
675 5535 884 5584 tentant
910 5537 982 5596 te,
1016 5540 1070 5586 et
1108 5533 1174 5588 de
1203 5535 1313 5589 risu
1342 5552 1439 5591 suo
1481 5535 1773 5604 exagitant,
1803 5543 1858 5590 et
1885 5535 2120 5592 fremunt

538 5619 700 5700 super
738 5626 791 5673 te
837 5619 1084 5675 dentibus
1111 5623 1240 5677 suis.
1288 5624 1366 5679 Tu
1409 5625 1551 5693 quod
1582 5634 1729 5680 tuum
1759 5635 1841 5680 est
1887 5625 2055 5680 clama
2101 5647 2112 5680 :

2225 4617 2398 4673 Verba
2425 4620 2530 4673 oris
2559 4620 2671 4688 ejus
2698 4618 2944 4688 iniquitas
2972 4624 3021 4669 et
3050 4615 3195 4668 dolus
3221 4655 3236 4679 ,
3277 4614 3443 4670 noluit
3479 4615 3797 4687 intelligere,
3839 4661 3843 4688 ς

2218 4721 2275 4764 ut
2303 4710 2426 4765 bene
2450 4718 2644 4780 ageret.
2679 4707 3008 4780 Iniquitatem
3034 4706 3306 4761 meditatus
3335 4714 3411 4760 est
3431 4707 3485 4758 in
3506 4705 3659 4780 cubili
3682 4721 3792 4770 suo,
3840 4756 3846 4770 ,

2220 4801 2384 4864 astitit
2417 4800 2556 4853 omni
2603 4800 2696 4852 via:
2724 4813 2828 4851 non
2871 4795 3043 4863 bonae,
3074 4796 3330 4850 malitiam
3359 4804 3528 4850 autem
3556 4812 3659 4850 non
3685 4795 3798 4849 odi-
3841 4843 3847 4864 τ

2217 4897 2304 4949 vit.
2338 4894 2588 4958 Domine,
2617 4893 2671 4946 in
2709 4893 2834 4947 caelo
2871 4891 3228 4947 misericordia
3252 4901 3368 4957 tua,
3410 4900 3461 4946 et
3493 4893 3678 4946 veritas
3710 4899 3798 4945 tua
3841 4929 3846 4934 -

2217 5005 2374 5060 usque
2399 4987 2468 5040 ad
2489 4985 2669 5040 nubes.
2699 4985 2925 5040 Iustitia:
2955 4993 3056 5039 tua:
3075 4986 3208 5038 sicut
3237 4993 3432 5038 montes
3454 4983 3572 5048 Dei,
3593 4983 3798 5055 judicia

2221 5089 2305 5133 tua
2339 5078 2550 5150 abyssus
2578 5080 2760 5133 multa.
2789 5076 3040 5130 Homines
3066 5085 3116 5130 et
3135 5077 3372 5146 jumenta
3400 5073 3643 5140 salvebis,
3685 5072 3797 5129 Do-

2216 5173 2354 5226 mine
2385 5211 2398 5235 ,
2465 5169 2887 5241 quemadmodum
2959 5166 3314 5237 multiplicasti
3388 5163 3794 5220 misericordiam

2218 5272 2380 5327 tuam,
2408 5261 2564 5315 Deus.
2608 5259 2737 5314 Filii
2767 5267 2934 5312 autem
2959 5258 3224 5311 hominum
3260 5258 3315 5310 in
3345 5258 3566 5327 tegmine
3593 5256 3797 5310 alarum

2220 5361 2420 5418 tuarum
2457 5348 2752 5420 sperabunt.
2798 5347 3193 5400 lnebriabuntur
3234 5345 3298 5400 ab
3338 5343 3569 5400 ubertate
3612 5346 3794 5400 domus

2219 5454 2337 5508 tua,
2375 5453 2424 5498 et
2452 5451 2677 5496 torrente
2704 5439 2977 5510 voluptatis
3017 5448 3115 5493 tua:
3153 5438 3494 5508 potabiseos.
3537 5436 3795 5502 Quoniam

2218 5535 2354 5604 apud
2396 5544 2440 5587 te
2469 5541 2544 5605 est
2573 5534 2688 5602 fons
2730 5533 2845 5585 vitae
2882 5540 2930 5584 et
2971 5533 3026 5584 in
3065 5530 3256 5584 lumine
3298 5540 3380 5585 tuo
3410 5528 3687 5605 videbimus
3715 5530 3796 5583 lu-

2218 5640 2351 5690 men.
2395 5604 2667 5677 Prmtende
2693 5622 3098 5676 misericordiam
3138 5631 3275 5675 luant
3318 5622 3608 5675 sitientibus
3638 5604 3717 5685 te,
3745 5629 3796 5674 et

540 5709 766 5765 Domine
789 5750 803 5775 ,
833 5711 1044 5780 quando
1074 5713 1348 5781 respicies,
1382 5715 1602 5769 restitue
1646 5715 1878 5770 animam
1920 5731 2115 5782 meam,
2211 5717 2468 5786 justitiam
2511 5723 2648 5767 tuam
2691 5715 2768 5766 his
2797 5716 2882 5784 qui
2924 5721 3060 5766 recto
3098 5721 3214 5766 sunt
3253 5713 3424 5767 corde.
3469 5711 3595 5766 Non
3623 5712 3849 5794 ιιρεηὶίιιχι

536 5803 756 5903 armalis
782 5802 934 5860 factis
963 5821 1168 5876 eorum,
1198 5820 1226 5858 a
1258 5805 1501 5860 leonibus
1530 5807 1739 5862 unicam
1769 5824 1965 5866 meam.
1998 5807 2115 5870 Una
2160 5841 2168 5893 ;

2218 5809 2342 5863 mihi
2366 5827 2455 5878 pes
2483 5792 2732 5873 superbia:
2759 5817 2806 5860 et
2831 5822 3014 5859 manus
3031 5806 3314 5873 peccatoris
3341 5822 3443 5859 non
3473 5804 3668 5859 moveat
3688 5819 3784 5855 me.
