  <div class='ocr_page' id='page_1' title='image "/cluster/home/n/w/nwhite01/storage/ocr_20150623/53/hvd.32044073505232/193.png"; bbox 0 0 4252 6264; ppageno 0'>
   <div class='ocr_carea' id='block_1_1' title="bbox 535 280 642 336">
    <p class='ocr_par' dir='ltr' id='par_1_1' title="bbox 535 280 642 336">
     <span class='ocr_line' id='line_1_1' title="bbox 535 280 642 336; baseline -0.019 0"><span class='ocrx_word' id='word_1_1' title='bbox 535 280 642 336; x_wconf 71' lang='grc'><strong>575</strong></span> 
     </span>
    </p>
   </div>
   <div class='ocr_carea' id='block_1_2' title="bbox 1851 271 2465 331">
    <p class='ocr_par' dir='ltr' id='par_1_2' title="bbox 1851 271 2465 331">
     <span class='ocr_line' id='line_1_2' title="bbox 1851 271 2465 331; baseline -0.002 -1"><span class='ocrx_word' id='word_1_2' title='bbox 1851 272 2122 330; x_wconf 70' lang='lat' dir='ltr'><strong>ARNOBII</strong></span> <span class='ocrx_word' id='word_1_3' title='bbox 2159 271 2465 331; x_wconf 78' lang='lat' dir='ltr'><strong>JUNIORIS</strong></span> 
     </span>
    </p>
   </div>
   <div class='ocr_carea' id='block_1_3' title="bbox 3699 278 3804 337">
    <p class='ocr_par' dir='ltr' id='par_1_3' title="bbox 3699 278 3804 337">
     <span class='ocr_line' id='line_1_3' title="bbox 3699 278 3804 337; baseline 0.057 -6"><span class='ocrx_word' id='word_1_4' title='bbox 3699 278 3804 337; x_wconf 78' lang='lat'><strong>576</strong></span> 
     </span>
    </p>
   </div>
   <div class='ocr_carea' id='block_1_4' title="bbox 536 385 3802 463">
    <p class='ocr_par' dir='ltr' id='par_1_4' title="bbox 536 385 3802 463">
     <span class='ocr_line' id='line_1_4' title="bbox 536 385 3802 463; baseline 0 -15"><span class='ocrx_word' id='word_1_5' title='bbox 536 391 794 463; x_wconf 85' lang='lat' dir='ltr'><strong>quoniam</strong></span> <span class='ocrx_word' id='word_1_6' title='bbox 823 397 1078 462; x_wconf 82' lang='lat' dir='ltr'><strong>tanquam</strong></span> <span class='ocrx_word' id='word_1_7' title='bbox 1119 390 1300 446; x_wconf 89' lang='lat' dir='ltr'><strong>fenum</strong></span> <span class='ocrx_word' id='word_1_8' title='bbox 1327 388 1588 444; x_wconf 77' lang='lat' dir='ltr'><strong>velociter</strong></span> <span class='ocrx_word' id='word_1_9' title='bbox 1609 394 1874 443; x_wconf 88' lang='lat' dir='ltr'><strong>arescent.</strong></span> <span class='ocrx_word' id='word_1_10' title='bbox 1908 387 1991 443; x_wconf 91' lang='lat' dir='ltr'><strong>Tu</strong></span> <span class='ocrx_word' id='word_1_11' title='bbox 2032 403 2124 443; x_wconf 91' lang='lat' dir='ltr'><strong>au-</strong></span> <span class='ocrx_word' id='word_1_12' title='bbox 2155 393 2207 451; x_wconf 79' lang='grc' dir='ltr'><strong>Α</strong></span> <span class='ocrx_word' id='word_1_13' title='bbox 2229 387 2462 452; x_wconf 88' lang='lat' dir='ltr'><strong>vabitur,</strong></span> <span class='ocrx_word' id='word_1_14' title='bbox 2480 385 2605 456; x_wconf 85' lang='lat' dir='ltr'><strong>quia</strong></span> <span class='ocrx_word' id='word_1_15' title='bbox 2617 399 2680 441; x_wconf 92' lang='lat' dir='ltr'><strong>os</strong></span> <span class='ocrx_word' id='word_1_16' title='bbox 2702 386 3171 456; x_wconf 87' lang='lat' dir='ltr'><strong>ejusmeditabitur</strong></span> <span class='ocrx_word' id='word_1_17' title='bbox 3182 387 3518 460; x_wconf 77' lang='lat' dir='ltr'><strong>sapientiam.</strong></span> <span class='ocrx_word' id='word_1_18' title='bbox 3537 388 3647 446; x_wconf 79' lang='lat' dir='ltr'><strong>Lex</strong></span> <span class='ocrx_word' id='word_1_19' title='bbox 3661 394 3802 452; x_wconf 89' lang='lat' dir='ltr'><strong>enim</strong></span> 
     </span>
    </p>
   </div>
   <div class='ocr_carea' id='block_1_5' title="bbox 539 481 2118 557">
    <p class='ocr_par' dir='ltr' id='par_1_5' title="bbox 539 481 2118 557">
     <span class='ocr_line' id='line_1_5' title="bbox 539 481 2118 557; baseline -0.004 -17"><span class='ocrx_word' id='word_1_20' title='bbox 539 495 646 542; x_wconf 89' lang='lat' dir='ltr'><strong>tem</strong></span> <span class='ocrx_word' id='word_1_21' title='bbox 684 501 841 557; x_wconf 89' lang='lat' dir='ltr'><strong>spera</strong></span> <span class='ocrx_word' id='word_1_22' title='bbox 871 486 924 539; x_wconf 92' lang='lat' dir='ltr'><strong>in</strong></span> <span class='ocrx_word' id='word_1_23' title='bbox 960 485 1126 538; x_wconf 93' lang='lat' dir='ltr'><strong>Deum</strong></span> <span class='ocrx_word' id='word_1_24' title='bbox 1147 523 1163 548; x_wconf 97' lang='lat'><strong>,</strong></span> <span class='ocrx_word' id='word_1_25' title='bbox 1206 491 1261 537; x_wconf 92' lang='lat' dir='ltr'><strong>et</strong></span> <span class='ocrx_word' id='word_1_26' title='bbox 1287 481 1373 537; x_wconf 91' lang='lat' dir='ltr'><strong>fac</strong></span> <span class='ocrx_word' id='word_1_27' title='bbox 1404 483 1701 537; x_wconf 77' lang='lat' dir='ltr'><strong>bonitatem</strong></span> <span class='ocrx_word' id='word_1_28' title='bbox 1724 521 1738 546; x_wconf 96' lang='lat'><strong>,</strong></span> <span class='ocrx_word' id='word_1_29' title='bbox 1784 496 1962 551; x_wconf 90' lang='lat' dir='ltr'><strong>spera,</strong></span> <span class='ocrx_word' id='word_1_30' title='bbox 1993 482 2118 550; x_wconf 84' lang='lat' dir='ltr'><strong>quia</strong></span> 
     </span>
    </p>
   </div>
   <div class='ocr_carea' id='block_1_6' title="bbox 536 573 2120 650">
    <p class='ocr_par' dir='ltr' id='par_1_6' title="bbox 536 573 2120 650">
     <span class='ocr_line' id='line_1_6' title="bbox 536 573 2120 650; baseline -0.005 -16"><span class='ocrx_word' id='word_1_31' title='bbox 536 598 628 650; x_wconf 86' lang='lat' dir='ltr'><strong>spe</strong></span> <span class='ocrx_word' id='word_1_32' title='bbox 654 578 784 633; x_wconf 84' lang='lat' dir='ltr'><strong>salvi</strong></span> <span class='ocrx_word' id='word_1_33' title='bbox 813 578 940 648; x_wconf 83' lang='lat' dir='ltr'><strong>facti</strong></span> <span class='ocrx_word' id='word_1_34' title='bbox 968 591 1145 629; x_wconf 89' lang='lat' dir='ltr'><strong>sumus</strong></span> <span class='ocrx_word' id='word_1_35' title='bbox 1176 575 1354 646; x_wconf 85' lang='lat' dir='ltr'><strong>(Rom.</strong></span> <span class='ocrx_word' id='word_1_36' title='bbox 1387 573 1521 644; x_wconf 89' lang='lat' dir='ltr'><strong>vm).</strong></span> <span class='ocrx_word' id='word_1_37' title='bbox 1554 574 1795 628; x_wconf 87' lang='lat' dir='ltr'><strong>Inhabita</strong></span> <span class='ocrx_word' id='word_1_38' title='bbox 1823 575 2048 638; x_wconf 86' lang='lat' dir='ltr'><strong>terram,</strong></span> <span class='ocrx_word' id='word_1_39' title='bbox 2065 582 2120 627; x_wconf 89' lang='lat' dir='ltr'><strong>et</strong></span> 
     </span>
    </p>
   </div>
   <div class='ocr_carea' id='block_1_7' title="bbox 534 663 2116 740">
    <p class='ocr_par' dir='ltr' id='par_1_7' title="bbox 534 663 2116 740">
     <span class='ocr_line' id='line_1_7' title="bbox 534 663 2116 740; baseline -0.004 -16"><span class='ocrx_word' id='word_1_40' title='bbox 534 685 759 740; x_wconf 88' lang='lat' dir='ltr'><strong>pascere</strong></span> <span class='ocrx_word' id='word_1_41' title='bbox 789 668 843 721; x_wconf 93' lang='lat' dir='ltr'><strong>in</strong></span> <span class='ocrx_word' id='word_1_42' title='bbox 871 666 1071 720; x_wconf 89' lang='lat' dir='ltr'><strong>divitiis</strong></span> <span class='ocrx_word' id='word_1_43' title='bbox 1099 665 1235 735; x_wconf 84' lang='lat' dir='ltr'><strong>ejus.</strong></span> <span class='ocrx_word' id='word_1_44' title='bbox 1264 665 1507 720; x_wconf 91' lang='lat' dir='ltr'><strong>lnhabita</strong></span> <span class='ocrx_word' id='word_1_45' title='bbox 1535 672 1756 730; x_wconf 88' lang='lat' dir='ltr'><strong>terram,</strong></span> <span class='ocrx_word' id='word_1_46' title='bbox 1789 663 1843 718; x_wconf 93' lang='lat' dir='ltr'><strong>id</strong></span> <span class='ocrx_word' id='word_1_47' title='bbox 1869 673 1969 729; x_wconf 91' lang='lat' dir='ltr'><strong>est,</strong></span> <span class='ocrx_word' id='word_1_48' title='bbox 1993 679 2116 718; x_wconf 86' lang='lat' dir='ltr'><strong>cor-</strong></span> 
     </span>
    </p>
   </div>
   <div class='ocr_carea' id='block_1_8' title="bbox 533 755 2118 830">
    <p class='ocr_par' dir='ltr' id='par_1_8' title="bbox 533 755 2118 830">
     <span class='ocr_line' id='line_1_8' title="bbox 533 755 2118 830; baseline -0.003 -16"><span class='ocrx_word' id='word_1_49' title='bbox 533 775 634 830; x_wconf 90' lang='lat' dir='ltr'><strong>pus</strong></span> <span class='ocrx_word' id='word_1_50' title='bbox 675 767 826 814; x_wconf 90' lang='lat' dir='ltr'><strong>tuum</strong></span> <span class='ocrx_word' id='word_1_51' title='bbox 849 800 862 823; x_wconf 95' lang='lat'><strong>,</strong></span> <span class='ocrx_word' id='word_1_52' title='bbox 904 765 960 812; x_wconf 91' lang='lat' dir='ltr'><strong>et</strong></span> <span class='ocrx_word' id='word_1_53' title='bbox 1004 758 1242 827; x_wconf 89' lang='lat' dir='ltr'><strong>pasceris</strong></span> <span class='ocrx_word' id='word_1_54' title='bbox 1272 758 1325 811; x_wconf 89' lang='lat' dir='ltr'><strong>in</strong></span> <span class='ocrx_word' id='word_1_55' title='bbox 1365 757 1575 813; x_wconf 85' lang='lat' dir='ltr'><strong>divitiis</strong></span> <span class='ocrx_word' id='word_1_56' title='bbox 1603 756 1736 826; x_wconf 88' lang='lat' dir='ltr'><strong>ejus.</strong></span> <span class='ocrx_word' id='word_1_57' title='bbox 1769 755 1826 810; x_wconf 91' lang='lat' dir='ltr'><strong>Si</strong></span> <span class='ocrx_word' id='word_1_58' title='bbox 1865 763 2118 826; x_wconf 89' lang='lat' dir='ltr'><strong>operatus</strong></span> 
     </span>
    </p>
   </div>
   <div class='ocr_carea' id='block_1_9' title="bbox 531 845 2118 918">
    <p class='ocr_par' dir='ltr' id='par_1_9' title="bbox 531 845 2118 918">
     <span class='ocr_line' id='line_1_9' title="bbox 531 845 2118 918; baseline -0.003 -14"><span class='ocrx_word' id='word_1_59' title='bbox 531 849 699 904; x_wconf 87' lang='lat' dir='ltr'><strong>fueris</strong></span> <span class='ocrx_word' id='word_1_60' title='bbox 749 857 947 902; x_wconf 90' lang='lat' dir='ltr'><strong>terram</strong></span> <span class='ocrx_word' id='word_1_61' title='bbox 997 856 1176 913; x_wconf 90' lang='lat' dir='ltr'><strong>tuam,</strong></span> <span class='ocrx_word' id='word_1_62' title='bbox 1221 848 1550 902; x_wconf 89' lang='lat' dir='ltr'><strong>saturaberis</strong></span> <span class='ocrx_word' id='word_1_63' title='bbox 1595 848 1842 918; x_wconf 90' lang='lat' dir='ltr'><strong>panibus.</strong></span> <span class='ocrx_word' id='word_1_64' title='bbox 1880 845 2118 900; x_wconf 75' lang='lat' dir='ltr'><strong>Ollerant</strong></span> 
     </span>
    </p>
   </div>
   <div class='ocr_carea' id='block_1_10' title="bbox 533 939 2116 1009">
    <p class='ocr_par' dir='ltr' id='par_1_10' title="bbox 533 939 2116 1009">
     <span class='ocr_line' id='line_1_10' title="bbox 533 939 2116 1009; baseline -0.003 -12"><span class='ocrx_word' id='word_1_65' title='bbox 533 941 674 997; x_wconf 91' lang='lat' dir='ltr'><strong>oculi</strong></span> <span class='ocrx_word' id='word_1_66' title='bbox 717 939 947 994; x_wconf 88' lang='lat' dir='ltr'><strong>fructum</strong></span> <span class='ocrx_word' id='word_1_67' title='bbox 977 955 1043 994; x_wconf 80' lang='lat' dir='ltr'><strong>ex</strong></span> <span class='ocrx_word' id='word_1_68' title='bbox 1085 939 1521 1009; x_wconf 85' lang='lat' dir='ltr'><strong>concupiscentia</strong></span> <span class='ocrx_word' id='word_1_69' title='bbox 1563 939 1768 995; x_wconf 68' lang='lat' dir='ltr'><strong>coalesti</strong></span> <span class='ocrx_word' id='word_1_70' title='bbox 1793 979 1808 1003; x_wconf 93' lang='lat'><strong>,</strong></span> <span class='ocrx_word' id='word_1_71' title='bbox 1853 954 2008 993; x_wconf 84' lang='lat' dir='ltr'><strong>aures</strong></span> <span class='ocrx_word' id='word_1_72' title='bbox 2037 939 2116 992; x_wconf 92' lang='lat' dir='ltr'><strong>in-</strong></span> 
     </span>
    </p>
   </div>
   <div class='ocr_carea' id='block_1_11' title="bbox 531 1031 2118 1096">
    <p class='ocr_par' dir='ltr' id='par_1_11' title="bbox 531 1031 2118 1096">
     <span class='ocr_line' id='line_1_11' title="bbox 531 1031 2118 1096; baseline -0.001 -8"><span class='ocrx_word' id='word_1_73' title='bbox 531 1033 831 1088; x_wconf 87' lang='lat' dir='ltr'><strong>tentionem</strong></span> <span class='ocrx_word' id='word_1_74' title='bbox 858 1032 1107 1086; x_wconf 88' lang='lat' dir='ltr'><strong>audiendi</strong></span> <span class='ocrx_word' id='word_1_75' title='bbox 1134 1031 1356 1087; x_wconf 81' lang='lat' dir='ltr'><strong>verbum</strong></span> <span class='ocrx_word' id='word_1_76' title='bbox 1387 1031 1520 1096; x_wconf 91' lang='lat' dir='ltr'><strong>Dei,</strong></span> <span class='ocrx_word' id='word_1_77' title='bbox 1549 1047 1611 1086; x_wconf 92' lang='lat' dir='ltr'><strong>os</strong></span> <span class='ocrx_word' id='word_1_78' title='bbox 1647 1031 1841 1086; x_wconf 87' lang='lat' dir='ltr'><strong>divinis</strong></span> <span class='ocrx_word' id='word_1_79' title='bbox 1873 1031 2118 1086; x_wconf 88' lang='lat' dir='ltr'><strong>laudibus</strong></span> 
     </span>
    </p>
   </div>
   <div class='ocr_carea' id='block_1_12' title="bbox 533 1123 2118 1198">
    <p class='ocr_par' dir='ltr' id='par_1_12' title="bbox 533 1123 2118 1198">
     <span class='ocr_line' id='line_1_12' title="bbox 533 1123 2118 1198; baseline -0.004 -15"><span class='ocrx_word' id='word_1_80' title='bbox 533 1133 861 1198; x_wconf 86' lang='lat' dir='ltr'><strong>occupetur,</strong></span> <span class='ocrx_word' id='word_1_81' title='bbox 911 1142 1101 1180; x_wconf 87' lang='lat' dir='ltr'><strong>manus</strong></span> <span class='ocrx_word' id='word_1_82' title='bbox 1148 1126 1534 1198; x_wconf 88' lang='lat' dir='ltr'><strong>eleemosynis,</strong></span> <span class='ocrx_word' id='word_1_83' title='bbox 1579 1132 1768 1178; x_wconf 87' lang='lat' dir='ltr'><strong>venter</strong></span> <span class='ocrx_word' id='word_1_84' title='bbox 1792 1123 2029 1194; x_wconf 87' lang='lat' dir='ltr'><strong>jejuniis,</strong></span> <span class='ocrx_word' id='word_1_85' title='bbox 2063 1131 2118 1177; x_wconf 90' lang='lat' dir='ltr'><strong>et</strong></span> 
     </span>
    </p>
   </div>
   <div class='ocr_carea' id='block_1_13' title="bbox 531 1203 2117 1289">
    <p class='ocr_par' dir='ltr' id='par_1_13' title="bbox 531 1203 2117 1289">
     <span class='ocr_line' id='line_1_13' title="bbox 531 1203 2117 1289; baseline -0.006 -12"><span class='ocrx_word' id='word_1_86' title='bbox 531 1203 703 1277; x_wconf 87' lang='lat' dir='ltr'><strong>totum</strong></span> <span class='ocrx_word' id='word_1_87' title='bbox 731 1234 927 1289; x_wconf 90' lang='lat' dir='ltr'><strong>corpus</strong></span> <span class='ocrx_word' id='word_1_88' title='bbox 965 1218 1231 1274; x_wconf 80' lang='lat' dir='ltr'><strong>castitatis</strong></span> <span class='ocrx_word' id='word_1_89' title='bbox 1261 1217 1543 1272; x_wconf 89' lang='lat' dir='ltr'><strong>virtutibus</strong></span> <span class='ocrx_word' id='word_1_90' title='bbox 1572 1224 1884 1286; x_wconf 87' lang='lat' dir='ltr'><strong>occupetur.</strong></span> <span class='ocrx_word' id='word_1_91' title='bbox 1913 1214 2003 1268; x_wconf 90' lang='lat' dir='ltr'><strong>Sic</strong></span> <span class='ocrx_word' id='word_1_92' title='bbox 2043 1215 2117 1268; x_wconf 89' lang='lat' dir='ltr'><strong>in-</strong></span> 
     </span>
    </p>
   </div>
   <div class='ocr_carea' id='block_1_14' title="bbox 527 1304 2113 1377">
    <p class='ocr_par' dir='ltr' id='par_1_14' title="bbox 527 1304 2113 1377">
     <span class='ocr_line' id='line_1_14' title="bbox 527 1304 2113 1377; baseline -0.004 -11"><span class='ocrx_word' id='word_1_93' title='bbox 527 1311 781 1366; x_wconf 84' lang='lat' dir='ltr'><strong>habitans</strong></span> <span class='ocrx_word' id='word_1_94' title='bbox 811 1317 1012 1364; x_wconf 88' lang='lat' dir='ltr'><strong>terram</strong></span> <span class='ocrx_word' id='word_1_95' title='bbox 1042 1315 1096 1363; x_wconf 91' lang='lat' dir='ltr'><strong>et</strong></span> <span class='ocrx_word' id='word_1_96' title='bbox 1120 1308 1359 1377; x_wconf 90' lang='lat' dir='ltr'><strong>pasceris</strong></span> <span class='ocrx_word' id='word_1_97' title='bbox 1390 1308 1442 1362; x_wconf 92' lang='lat' dir='ltr'><strong>in</strong></span> <span class='ocrx_word' id='word_1_98' title='bbox 1471 1306 1670 1360; x_wconf 85' lang='lat' dir='ltr'><strong>divitiis</strong></span> <span class='ocrx_word' id='word_1_99' title='bbox 1697 1305 1834 1373; x_wconf 89' lang='lat' dir='ltr'><strong>ejus,</strong></span> <span class='ocrx_word' id='word_1_100' title='bbox 1865 1312 1993 1359; x_wconf 90' lang='lat' dir='ltr'><strong>tunc</strong></span> <span class='ocrx_word' id='word_1_101' title='bbox 2017 1304 2113 1359; x_wconf 84' lang='lat' dir='ltr'><strong>de-</strong></span> 
     </span>
    </p>
   </div>
   <div class='ocr_carea' id='block_1_15' title="bbox 528 1381 2115 1468">
    <p class='ocr_par' dir='ltr' id='par_1_15' title="bbox 528 1381 2115 1468">
     <span class='ocr_line' id='line_1_15' title="bbox 528 1381 2115 1468; baseline -0.004 -11"><span class='ocrx_word' id='word_1_102' title='bbox 528 1402 815 1458; x_wconf 89' lang='lat' dir='ltr'><strong>lectaberis</strong></span> <span class='ocrx_word' id='word_1_103' title='bbox 844 1402 897 1455; x_wconf 94' lang='lat' dir='ltr'><strong>in</strong></span> <span class='ocrx_word' id='word_1_104' title='bbox 935 1401 1184 1464; x_wconf 90' lang='lat' dir='ltr'><strong>Domino,</strong></span> <span class='ocrx_word' id='word_1_105' title='bbox 1214 1408 1269 1453; x_wconf 90' lang='lat' dir='ltr'><strong>et</strong></span> <span class='ocrx_word' id='word_1_106' title='bbox 1295 1381 1445 1454; x_wconf 80' lang='lat' dir='ltr'><strong>dabit</strong></span> <span class='ocrx_word' id='word_1_107' title='bbox 1468 1398 1563 1452; x_wconf 89' lang='lat' dir='ltr'><strong>tibi</strong></span> <span class='ocrx_word' id='word_1_108' title='bbox 1592 1397 1909 1468; x_wconf 89' lang='lat' dir='ltr'><strong>petitionem</strong></span> <span class='ocrx_word' id='word_1_109' title='bbox 1937 1395 2115 1451; x_wconf 88' lang='lat' dir='ltr'><strong>cordis</strong></span> 
     </span>
    </p>
   </div>
   <div class='ocr_carea' id='block_1_16' title="bbox 529 1477 2112 1556">
    <p class='ocr_par' dir='ltr' id='par_1_16' title="bbox 529 1477 2112 1556">
     <span class='ocr_line' id='line_1_16' title="bbox 529 1477 2112 1556; baseline -0.004 -8"><span class='ocrx_word' id='word_1_110' title='bbox 529 1494 627 1549; x_wconf 91' lang='lat' dir='ltr'><strong>tui.</strong></span> <span class='ocrx_word' id='word_1_111' title='bbox 658 1493 791 1548; x_wconf 89' lang='lat' dir='ltr'><strong>Cum</strong></span> <span class='ocrx_word' id='word_1_112' title='bbox 836 1493 886 1548; x_wconf 92' lang='lat' dir='ltr'><strong>ei</strong></span> <span class='ocrx_word' id='word_1_113' title='bbox 922 1477 1249 1548; x_wconf 88' lang='lat' dir='ltr'><strong>revelaveris</strong></span> <span class='ocrx_word' id='word_1_114' title='bbox 1269 1493 1410 1546; x_wconf 91' lang='lat' dir='ltr'><strong>viam</strong></span> <span class='ocrx_word' id='word_1_115' title='bbox 1455 1499 1620 1555; x_wconf 90' lang='lat' dir='ltr'><strong>tuam,</strong></span> <span class='ocrx_word' id='word_1_116' title='bbox 1654 1498 1781 1544; x_wconf 89' lang='lat' dir='ltr'><strong>tunc</strong></span> <span class='ocrx_word' id='word_1_117' title='bbox 1809 1477 2001 1544; x_wconf 83' lang='lat' dir='ltr'><strong>educet</strong></span> <span class='ocrx_word' id='word_1_118' title='bbox 2023 1489 2112 1556; x_wconf 89' lang='lat' dir='ltr'><strong>ju-</strong></span> 
     </span>
    </p>
   </div>
   <div class='ocr_carea' id='block_1_17' title="bbox 527 1582 2112 1656">
    <p class='ocr_par' dir='ltr' id='par_1_17' title="bbox 527 1582 2112 1656">
     <span class='ocr_line' id='line_1_17' title="bbox 527 1582 2112 1656; baseline -0.005 -14"><span class='ocrx_word' id='word_1_119' title='bbox 527 1587 729 1642; x_wconf 87' lang='lat' dir='ltr'><strong>stitiam</strong></span> <span class='ocrx_word' id='word_1_120' title='bbox 760 1595 907 1641; x_wconf 91' lang='lat' dir='ltr'><strong>tuam</strong></span> <span class='ocrx_word' id='word_1_121' title='bbox 946 1587 1100 1656; x_wconf 89' lang='lat' dir='ltr'><strong>quasi</strong></span> <span class='ocrx_word' id='word_1_122' title='bbox 1126 1587 1326 1650; x_wconf 91' lang='lat' dir='ltr'><strong>lumen,</strong></span> <span class='ocrx_word' id='word_1_123' title='bbox 1359 1592 1414 1639; x_wconf 90' lang='lat' dir='ltr'><strong>et</strong></span> <span class='ocrx_word' id='word_1_124' title='bbox 1441 1583 1699 1652; x_wconf 87' lang='lat' dir='ltr'><strong>judicium</strong></span> <span class='ocrx_word' id='word_1_125' title='bbox 1727 1591 1876 1636; x_wconf 91' lang='lat' dir='ltr'><strong>tuum</strong></span> <span class='ocrx_word' id='word_1_126' title='bbox 1907 1582 2112 1636; x_wconf 90' lang='lat' dir='ltr'><strong>clarum</strong></span> 
     </span>
    </p>
   </div>
   <div class='ocr_carea' id='block_1_18' title="bbox 525 1671 2112 1746">
    <p class='ocr_par' dir='ltr' id='par_1_18' title="bbox 525 1671 2112 1746">
     <span class='ocr_line' id='line_1_18' title="bbox 525 1671 2112 1746; baseline -0.004 -16"><span class='ocrx_word' id='word_1_127' title='bbox 525 1677 688 1731; x_wconf 85' lang='lat' dir='ltr'><strong>faciet</strong></span> <span class='ocrx_word' id='word_1_128' title='bbox 714 1691 878 1746; x_wconf 87' lang='lat' dir='ltr'><strong>super</strong></span> <span class='ocrx_word' id='word_1_129' title='bbox 904 1676 1200 1730; x_wconf 88' lang='lat' dir='ltr'><strong>meridiem.</strong></span> <span class='ocrx_word' id='word_1_130' title='bbox 1234 1675 1376 1728; x_wconf 87' lang='lat' dir='ltr'><strong>Nihil</strong></span> <span class='ocrx_word' id='word_1_131' title='bbox 1406 1675 1548 1729; x_wconf 90' lang='lat' dir='ltr'><strong>enim</strong></span> <span class='ocrx_word' id='word_1_132' title='bbox 1575 1674 1771 1728; x_wconf 90' lang='lat' dir='ltr'><strong>clarius</strong></span> <span class='ocrx_word' id='word_1_133' title='bbox 1815 1671 2112 1727; x_wconf 86' lang='lat' dir='ltr'><strong>meridiano</strong></span> 
     </span>
    </p>
   </div>
   <div class='ocr_carea' id='block_1_19' title="bbox 2223 473 3805 550">
    <p class='ocr_par' dir='ltr' id='par_1_19' title="bbox 2223 473 3805 550">
     <span class='ocr_line' id='line_1_19' title="bbox 2223 473 3805 550; baseline 0.004 -17"><span class='ocrx_word' id='word_1_134' title='bbox 2223 479 2320 533; x_wconf 90' lang='lat' dir='ltr'><strong>Dei</strong></span> <span class='ocrx_word' id='word_1_135' title='bbox 2349 486 2432 533; x_wconf 90' lang='lat' dir='ltr'><strong>est</strong></span> <span class='ocrx_word' id='word_1_136' title='bbox 2459 478 2511 532; x_wconf 92' lang='lat' dir='ltr'><strong>in</strong></span> <span class='ocrx_word' id='word_1_137' title='bbox 2557 478 2719 533; x_wconf 88' lang='lat' dir='ltr'><strong>corde</strong></span> <span class='ocrx_word' id='word_1_138' title='bbox 2747 478 2863 547; x_wconf 91' lang='lat' dir='ltr'><strong>ejus</strong></span> <span class='ocrx_word' id='word_1_139' title='bbox 2884 519 2898 544; x_wconf 94' lang='lat'><strong>,</strong></span> <span class='ocrx_word' id='word_1_140' title='bbox 2949 486 3005 533; x_wconf 92' lang='lat' dir='ltr'><strong>et</strong></span> <span class='ocrx_word' id='word_1_141' title='bbox 3032 478 3154 535; x_wconf 92' lang='lat' dir='ltr'><strong>ideo</strong></span> <span class='ocrx_word' id='word_1_142' title='bbox 3182 496 3291 536; x_wconf 93' lang='lat' dir='ltr'><strong>non</strong></span> <span class='ocrx_word' id='word_1_143' title='bbox 3319 473 3805 550; x_wconf 85' lang='lat' dir='ltr'><strong>supplantabuntur</strong></span> 
     </span>
    </p>
   </div>
   <div class='ocr_carea' id='block_1_20' title="bbox 2221 569 3804 646">
    <p class='ocr_par' dir='ltr' id='par_1_20' title="bbox 2221 569 3804 646">
     <span class='ocr_line' id='line_1_20' title="bbox 2221 569 3804 646; baseline 0.004 -22"><span class='ocrx_word' id='word_1_144' title='bbox 2221 583 2434 639; x_wconf 78' lang='lat' dir='ltr'><strong>gressus</strong></span> <span class='ocrx_word' id='word_1_145' title='bbox 2462 569 2594 638; x_wconf 90' lang='lat' dir='ltr'><strong>ejus.</strong></span> <span class='ocrx_word' id='word_1_146' title='bbox 2627 569 2945 646; x_wconf 86' lang='lat' dir='ltr'><strong>Considerat</strong></span> <span class='ocrx_word' id='word_1_147' title='bbox 2971 586 3095 626; x_wconf 90' lang='lat' dir='ltr'><strong>eum</strong></span> <span class='ocrx_word' id='word_1_148' title='bbox 3123 571 3388 636; x_wconf 87' lang='lat' dir='ltr'><strong>diabolus,</strong></span> <span class='ocrx_word' id='word_1_149' title='bbox 3413 579 3467 627; x_wconf 91' lang='lat' dir='ltr'><strong>et</strong></span> <span class='ocrx_word' id='word_1_150' title='bbox 3493 574 3639 643; x_wconf 91' lang='lat' dir='ltr'><strong>cupit</strong></span> <span class='ocrx_word' id='word_1_151' title='bbox 3660 591 3804 630; x_wconf 89' lang='lat' dir='ltr'><strong>mor-</strong></span> 
     </span>
    </p>
   </div>
   <div class='ocr_carea' id='block_1_21' title="bbox 2222 660 3804 732">
    <p class='ocr_par' dir='ltr' id='par_1_21' title="bbox 2222 660 3804 732">
     <span class='ocr_line' id='line_1_21' title="bbox 2222 660 3804 732; baseline 0.004 -18"><span class='ocrx_word' id='word_1_152' title='bbox 2222 660 2425 716; x_wconf 83' lang='lat' dir='ltr'><strong>tificare</strong></span> <span class='ocrx_word' id='word_1_153' title='bbox 2453 677 2595 728; x_wconf 92' lang='lat' dir='ltr'><strong>eum,</strong></span> <span class='ocrx_word' id='word_1_154' title='bbox 2628 661 2722 716; x_wconf 89' lang='lat' dir='ltr'><strong>sed</strong></span> <span class='ocrx_word' id='word_1_155' title='bbox 2748 661 2891 716; x_wconf 91' lang='lat' dir='ltr'><strong>Deus</strong></span> <span class='ocrx_word' id='word_1_156' title='bbox 2913 678 3019 717; x_wconf 89' lang='lat' dir='ltr'><strong>non</strong></span> <span class='ocrx_word' id='word_1_157' title='bbox 3042 662 3378 732; x_wconf 89' lang='lat' dir='ltr'><strong>derelinquet</strong></span> <span class='ocrx_word' id='word_1_158' title='bbox 3397 664 3521 719; x_wconf 85' lang='lat' dir='ltr'><strong>eum</strong></span> <span class='ocrx_word' id='word_1_159' title='bbox 3549 665 3603 719; x_wconf 91' lang='lat' dir='ltr'><strong>in</strong></span> <span class='ocrx_word' id='word_1_160' title='bbox 3631 667 3804 721; x_wconf 78' lang='lat' dir='ltr'><strong>mani-</strong></span> 
     </span>
    </p>
   </div>
   <div class='ocr_carea' id='block_1_22' title="bbox 2219 755 3802 826">
    <p class='ocr_par' dir='ltr' id='par_1_22' title="bbox 2219 755 3802 826">
     <span class='ocr_line' id='line_1_22' title="bbox 2219 755 3802 826; baseline 0.004 -17"><span class='ocrx_word' id='word_1_161' title='bbox 2219 755 2320 809; x_wconf 89' lang='lat' dir='ltr'><strong>bus</strong></span> <span class='ocrx_word' id='word_1_162' title='bbox 2347 755 2475 820; x_wconf 89' lang='lat' dir='ltr'><strong>suis,</strong></span> <span class='ocrx_word' id='word_1_163' title='bbox 2501 769 2601 810; x_wconf 89' lang='lat' dir='ltr'><strong>nec</strong></span> <span class='ocrx_word' id='word_1_164' title='bbox 2627 755 2901 810; x_wconf 89' lang='lat' dir='ltr'><strong>damnabit</strong></span> <span class='ocrx_word' id='word_1_165' title='bbox 2932 772 3055 810; x_wconf 91' lang='lat' dir='ltr'><strong>eum</strong></span> <span class='ocrx_word' id='word_1_166' title='bbox 3083 771 3204 810; x_wconf 91' lang='lat' dir='ltr'><strong>cum</strong></span> <span class='ocrx_word' id='word_1_167' title='bbox 3229 756 3554 826; x_wconf 83' lang='lat' dir='ltr'><strong>judicabitur</strong></span> <span class='ocrx_word' id='word_1_168' title='bbox 3575 759 3670 814; x_wconf 91' lang='lat' dir='ltr'><strong>illi.</strong></span> <span class='ocrx_word' id='word_1_169' title='bbox 3695 760 3802 816; x_wconf 80' lang='lat' dir='ltr'><strong>Ex-</strong></span> 
     </span>
    </p>
   </div>
   <div class='ocr_carea' id='block_1_23' title="bbox 2219 845 3864 919">
    <p class='ocr_par' dir='ltr' id='par_1_23' title="bbox 2219 845 3864 919">
     <span class='ocr_line' id='line_1_23' title="bbox 2219 845 3864 919; baseline 0.004 -19"><span class='ocrx_word' id='word_1_170' title='bbox 2219 855 2403 915; x_wconf 91' lang='lat' dir='ltr'><strong>specta</strong></span> <span class='ocrx_word' id='word_1_171' title='bbox 2421 845 2706 901; x_wconf 89' lang='lat' dir='ltr'><strong>Dominum</strong></span> <span class='ocrx_word' id='word_1_172' title='bbox 2729 855 2785 901; x_wconf 92' lang='lat' dir='ltr'><strong>et</strong></span> <span class='ocrx_word' id='word_1_173' title='bbox 2811 847 3020 901; x_wconf 92' lang='lat' dir='ltr'><strong>custodi</strong></span> <span class='ocrx_word' id='word_1_174' title='bbox 3048 848 3163 901; x_wconf 88' lang='lat' dir='ltr'><strong>vias</strong></span> <span class='ocrx_word' id='word_1_175' title='bbox 3191 847 3327 916; x_wconf 91' lang='lat' dir='ltr'><strong>ejus,</strong></span> <span class='ocrx_word' id='word_1_176' title='bbox 3359 857 3414 903; x_wconf 88' lang='lat' dir='ltr'><strong>et</strong></span> <span class='ocrx_word' id='word_1_177' title='bbox 3441 851 3697 906; x_wconf 85' lang='lat' dir='ltr'><strong>exaltabit</strong></span> <span class='ocrx_word' id='word_1_178' title='bbox 3724 863 3794 919; x_wconf 90' lang='lat' dir='ltr'><strong>te,</strong></span> <span class='ocrx_word' id='word_1_179' title='bbox 3861 879 3864 882; x_wconf 77' lang='lat'><strong><em>~</em></strong></span> 
     </span>
    </p>
   </div>
   <div class='ocr_carea' id='block_1_24' title="bbox 2218 937 3798 1012">
    <p class='ocr_par' dir='ltr' id='par_1_24' title="bbox 2218 937 3798 1012">
     <span class='ocr_line' id='line_1_24' title="bbox 2218 937 3798 1012; baseline 0.005 -21"><span class='ocrx_word' id='word_1_180' title='bbox 2218 945 2279 991; x_wconf 92' lang='lat' dir='ltr'><strong>ut</strong></span> <span class='ocrx_word' id='word_1_181' title='bbox 2305 937 2588 992; x_wconf 72' lang='lat' dir='ltr'><strong>haeredites</strong></span> <span class='ocrx_word' id='word_1_182' title='bbox 2617 944 2837 1003; x_wconf 88' lang='lat' dir='ltr'><strong>terram,</strong></span> <span class='ocrx_word' id='word_1_183' title='bbox 2868 945 3110 1007; x_wconf 90' lang='lat' dir='ltr'><strong>tempore</strong></span> <span class='ocrx_word' id='word_1_184' title='bbox 3136 953 3244 1007; x_wconf 85' lang='lat' dir='ltr'><strong>quo</strong></span> <span class='ocrx_word' id='word_1_185' title='bbox 3272 949 3501 1009; x_wconf 90' lang='lat' dir='ltr'><strong>pereunt</strong></span> <span class='ocrx_word' id='word_1_186' title='bbox 3545 952 3798 1012; x_wconf 73' lang='lat' dir='ltr'><strong>peceato-</strong></span> 
     </span>
    </p>
   </div>
   <div class='ocr_carea' id='block_1_25' title="bbox 2217 1028 3800 1102">
    <p class='ocr_par' dir='ltr' id='par_1_25' title="bbox 2217 1028 3800 1102">
     <span class='ocr_line' id='line_1_25' title="bbox 2217 1028 3800 1102; baseline 0.006 -18"><span class='ocrx_word' id='word_1_187' title='bbox 2217 1043 2323 1094; x_wconf 87' lang='lat' dir='ltr'><strong>res,</strong></span> <span class='ocrx_word' id='word_1_188' title='bbox 2369 1029 2589 1087; x_wconf 89' lang='lat' dir='ltr'><strong>videbis.</strong></span> <span class='ocrx_word' id='word_1_189' title='bbox 2642 1028 2757 1084; x_wconf 82' lang='lat' dir='ltr'><strong>Hoc</strong></span> <span class='ocrx_word' id='word_1_190' title='bbox 2792 1030 2914 1085; x_wconf 93' lang='lat' dir='ltr'><strong>loco</strong></span> <span class='ocrx_word' id='word_1_191' title='bbox 2941 1045 3058 1100; x_wconf 73' lang='lat' dir='ltr'><strong>qua:</strong></span> <span class='ocrx_word' id='word_1_192' title='bbox 3085 1041 3400 1102; x_wconf 86' lang='lat' dir='ltr'><strong>sequuntur,</strong></span> <span class='ocrx_word' id='word_1_193' title='bbox 3432 1034 3559 1090; x_wconf 90' lang='lat' dir='ltr'><strong>licet</strong></span> <span class='ocrx_word' id='word_1_194' title='bbox 3603 1038 3800 1095; x_wconf 89' lang='lat' dir='ltr'><strong>multos</strong></span> 
     </span>
    </p>
   </div>
   <div class='ocr_carea' id='block_1_26' title="bbox 2217 1111 3796 1196">
    <p class='ocr_par' dir='ltr' id='par_1_26' title="bbox 2217 1111 3796 1196">
     <span class='ocr_line' id='line_1_26' title="bbox 2217 1111 3796 1196; baseline 0.006 -20"><span class='ocrx_word' id='word_1_195' title='bbox 2217 1121 2543 1176; x_wconf 85' lang='lat' dir='ltr'><strong>conscientia</strong></span> <span class='ocrx_word' id='word_1_196' title='bbox 2583 1129 2767 1177; x_wconf 87' lang='lat' dir='ltr'><strong>nostra</strong></span> <span class='ocrx_word' id='word_1_197' title='bbox 2797 1123 3026 1177; x_wconf 85' lang='lat' dir='ltr'><strong>retineat</strong></span> <span class='ocrx_word' id='word_1_198' title='bbox 3064 1111 3241 1179; x_wconf 90' lang='lat' dir='ltr'><strong>subito</strong></span> <span class='ocrx_word' id='word_1_199' title='bbox 3261 1125 3328 1180; x_wconf 92' lang='lat' dir='ltr'><strong>de</strong></span> <span class='ocrx_word' id='word_1_200' title='bbox 3348 1135 3626 1196; x_wconf 88' lang='lat' dir='ltr'><strong>potentatu</strong></span> <span class='ocrx_word' id='word_1_201' title='bbox 3660 1128 3796 1186; x_wconf 89' lang='lat' dir='ltr'><strong>cor-</strong></span> 
     </span>
    </p>
   </div>
   <div class='ocr_carea' id='block_1_27' title="bbox 2217 1212 3795 1282">
    <p class='ocr_par' dir='ltr' id='par_1_27' title="bbox 2217 1212 3795 1282">
     <span class='ocr_line' id='line_1_27' title="bbox 2217 1212 3795 1282; baseline 0.01 -15"><span class='ocrx_word' id='word_1_202' title='bbox 2217 1213 2410 1279; x_wconf 86' lang='lat' dir='ltr'><strong>ruisse,</strong></span> <span class='ocrx_word' id='word_1_203' title='bbox 2435 1220 2489 1267; x_wconf 92' lang='lat' dir='ltr'><strong>et</strong></span> <span class='ocrx_word' id='word_1_204' title='bbox 2521 1213 2593 1266; x_wconf 89' lang='lat' dir='ltr'><strong>ita</strong></span> <span class='ocrx_word' id='word_1_205' title='bbox 2623 1212 2691 1266; x_wconf 91' lang='lat' dir='ltr'><strong>ad</strong></span> <span class='ocrx_word' id='word_1_206' title='bbox 2721 1214 2943 1268; x_wconf 89' lang='lat' dir='ltr'><strong>nihilum</strong></span> <span class='ocrx_word' id='word_1_207' title='bbox 2973 1214 3272 1281; x_wconf 88' lang='lat' dir='ltr'><strong>devenisse,</strong></span> <span class='ocrx_word' id='word_1_208' title='bbox 3305 1226 3364 1273; x_wconf 88' lang='lat' dir='ltr'><strong>ut</strong></span> <span class='ocrx_word' id='word_1_209' title='bbox 3390 1235 3491 1276; x_wconf 90' lang='lat' dir='ltr'><strong>nec</strong></span> <span class='ocrx_word' id='word_1_210' title='bbox 3517 1221 3692 1278; x_wconf 92' lang='lat' dir='ltr'><strong>locum</strong></span> <span class='ocrx_word' id='word_1_211' title='bbox 3713 1225 3795 1282; x_wconf 91' lang='lat' dir='ltr'><strong>sui</strong></span> 
     </span>
    </p>
   </div>
   <div class='ocr_carea' id='block_1_28' title="bbox 2218 1303 3794 1382">
    <p class='ocr_par' dir='ltr' id='par_1_28' title="bbox 2218 1303 3794 1382">
     <span class='ocr_line' id='line_1_28' title="bbox 2218 1303 3794 1382; baseline 0.008 -24"><span class='ocrx_word' id='word_1_212' title='bbox 2218 1303 2425 1359; x_wconf 87' lang='lat' dir='ltr'><strong>itineris</strong></span> <span class='ocrx_word' id='word_1_213' title='bbox 2453 1304 2787 1372; x_wconf 86' lang='lat' dir='ltr'><strong>reliquerint,</strong></span> <span class='ocrx_word' id='word_1_214' title='bbox 2821 1313 3001 1382; x_wconf 80' lang='lat' dir='ltr'><strong>tamen</strong></span> <span class='ocrx_word' id='word_1_215' title='bbox 3029 1308 3332 1378; x_wconf 88' lang='lat' dir='ltr'><strong>specialiter</strong></span> <span class='ocrx_word' id='word_1_216' title='bbox 3357 1311 3460 1366; x_wconf 86' lang='lat' dir='ltr'><strong>hoc</strong></span> <span class='ocrx_word' id='word_1_217' title='bbox 3485 1312 3553 1368; x_wconf 90' lang='lat' dir='ltr'><strong>de</strong></span> <span class='ocrx_word' id='word_1_218' title='bbox 3579 1313 3794 1376; x_wconf 77' lang='lat' dir='ltr'><strong>diabolo</strong></span> 
     </span>
    </p>
   </div>
   <div class='ocr_carea' id='block_1_29' title="bbox 2217 1395 3791 1472">
    <p class='ocr_par' dir='ltr' id='par_1_29' title="bbox 2217 1395 3791 1472">
     <span class='ocr_line' id='line_1_29' title="bbox 2217 1395 3791 1472; baseline 0.01 -25"><span class='ocrx_word' id='word_1_219' title='bbox 2217 1395 2309 1448; x_wconf 91' lang='lat' dir='ltr'><strong>ait.</strong></span> <span class='ocrx_word' id='word_1_220' title='bbox 2357 1395 2475 1464; x_wconf 84' lang='lat' dir='ltr'><strong>Ipse</strong></span> <span class='ocrx_word' id='word_1_221' title='bbox 2503 1403 2585 1449; x_wconf 89' lang='lat' dir='ltr'><strong>est</strong></span> <span class='ocrx_word' id='word_1_222' title='bbox 2612 1396 2755 1449; x_wconf 92' lang='lat' dir='ltr'><strong>enim</strong></span> <span class='ocrx_word' id='word_1_223' title='bbox 2792 1397 2985 1466; x_wconf 91' lang='lat' dir='ltr'><strong>impius</strong></span> <span class='ocrx_word' id='word_1_224' title='bbox 3015 1399 3280 1455; x_wconf 81' lang='lat' dir='ltr'><strong>exaltatus</strong></span> <span class='ocrx_word' id='word_1_225' title='bbox 3306 1416 3466 1472; x_wconf 84' lang='lat' dir='ltr'><strong>super</strong></span> <span class='ocrx_word' id='word_1_226' title='bbox 3492 1405 3678 1461; x_wconf 86' lang='lat' dir='ltr'><strong>cedros</strong></span> <span class='ocrx_word' id='word_1_227' title='bbox 3699 1406 3791 1462; x_wconf 89' lang='lat' dir='ltr'><strong>Li-</strong></span> 
     </span>
    </p>
   </div>
   <div class='ocr_carea' id='block_1_30' title="bbox 2216 1485 3788 1568">
    <p class='ocr_par' dir='ltr' id='par_1_30' title="bbox 2216 1485 3788 1568">
     <span class='ocr_line' id='line_1_30' title="bbox 2216 1485 3788 1568; baseline 0.008 -27"><span class='ocrx_word' id='word_1_228' title='bbox 2216 1487 2362 1541; x_wconf 90' lang='lat' dir='ltr'><strong>bani.</strong></span> <span class='ocrx_word' id='word_1_229' title='bbox 2386 1485 2492 1541; x_wconf 91' lang='lat' dir='ltr'><strong>Sed</strong></span> <span class='ocrx_word' id='word_1_230' title='bbox 2514 1487 2603 1542; x_wconf 92' lang='lat' dir='ltr'><strong>ubi</strong></span> <span class='ocrx_word' id='word_1_231' title='bbox 2632 1488 2906 1542; x_wconf 88' lang='lat' dir='ltr'><strong>transierit</strong></span> <span class='ocrx_word' id='word_1_232' title='bbox 2925 1491 3171 1557; x_wconf 89' lang='lat' dir='ltr'><strong>mundus,</strong></span> <span class='ocrx_word' id='word_1_233' title='bbox 3195 1504 3463 1562; x_wconf 73' lang='lat' dir='ltr'><strong>qureretur</strong></span> <span class='ocrx_word' id='word_1_234' title='bbox 3483 1495 3631 1552; x_wconf 86' lang='lat' dir='ltr'><strong>locus</strong></span> <span class='ocrx_word' id='word_1_235' title='bbox 3653 1498 3788 1568; x_wconf 91' lang='lat' dir='ltr'><strong>ejus,</strong></span> 
     </span>
    </p>
   </div>
   <div class='ocr_carea' id='block_1_31' title="bbox 2215 1578 3793 1656">
    <p class='ocr_par' dir='ltr' id='par_1_31' title="bbox 2215 1578 3793 1656">
     <span class='ocr_line' id='line_1_31' title="bbox 2215 1578 3793 1656; baseline 0.008 -24"><span class='ocrx_word' id='word_1_236' title='bbox 2215 1584 2271 1632; x_wconf 86' lang='lat' dir='ltr'><strong>et</strong></span> <span class='ocrx_word' id='word_1_237' title='bbox 2300 1593 2405 1632; x_wconf 91' lang='lat' dir='ltr'><strong>non</strong></span> <span class='ocrx_word' id='word_1_238' title='bbox 2454 1578 2775 1633; x_wconf 87' lang='lat' dir='ltr'><strong>invenietur.</strong></span> <span class='ocrx_word' id='word_1_239' title='bbox 2806 1579 3184 1638; x_wconf 90' lang='lat' dir='ltr'><strong>Custodiamus</strong></span> <span class='ocrx_word' id='word_1_240' title='bbox 3211 1599 3311 1639; x_wconf 90' lang='lat' dir='ltr'><strong>nos</strong></span> <span class='ocrx_word' id='word_1_241' title='bbox 3341 1586 3600 1641; x_wconf 90' lang='lat' dir='ltr'><strong>unitatem</strong></span> <span class='ocrx_word' id='word_1_242' title='bbox 3649 1588 3793 1656; x_wconf 83' lang='lat' dir='ltr'><strong>ﬁdei,</strong></span> 
     </span>
    </p>
   </div>
   <div class='ocr_carea' id='block_1_32' title="bbox 2218 1669 3794 1748">
    <p class='ocr_par' dir='ltr' id='par_1_32' title="bbox 2218 1669 3794 1748">
     <span class='ocr_line' id='line_1_32' title="bbox 2218 1669 3794 1748; baseline 0.008 -25"><span class='ocrx_word' id='word_1_243' title='bbox 2218 1677 2277 1723; x_wconf 93' lang='lat' dir='ltr'><strong>ut</strong></span> <span class='ocrx_word' id='word_1_244' title='bbox 2324 1669 2601 1724; x_wconf 91' lang='lat' dir='ltr'><strong>videamus</strong></span> <span class='ocrx_word' id='word_1_245' title='bbox 2642 1671 2952 1738; x_wconf 73' lang='lat' dir='ltr'><strong>:equitatem</strong></span> <span class='ocrx_word' id='word_1_246' title='bbox 2993 1671 3198 1741; x_wconf 92' lang='lat' dir='ltr'><strong>judicii.</strong></span> <span class='ocrx_word' id='word_1_247' title='bbox 3231 1673 3334 1741; x_wconf 91' lang='lat' dir='ltr'><strong>Qui</strong></span> <span class='ocrx_word' id='word_1_248' title='bbox 3359 1675 3521 1731; x_wconf 82' lang='lat' dir='ltr'><strong>faciet</strong></span> <span class='ocrx_word' id='word_1_249' title='bbox 3547 1679 3794 1748; x_wconf 84' lang='lat' dir='ltr'><strong>reliquias</strong></span> 
     </span>
    </p>
   </div>
   <div class='ocr_carea' id='block_1_33' title="bbox 527 1760 3793 1843">
    <p class='ocr_par' dir='ltr' id='par_1_33' title="bbox 527 1760 3793 1843">
     <span class='ocr_line' id='line_1_33' title="bbox 527 1760 3793 1843; baseline 0.003 -22"><span class='ocrx_word' id='word_1_250' title='bbox 527 1775 790 1837; x_wconf 84' lang='lat' dir='ltr'><strong>tempore.</strong></span> <span class='ocrx_word' id='word_1_251' title='bbox 839 1767 1138 1821; x_wconf 83' lang='lat' dir='ltr'><strong>Perfectum</strong></span> <span class='ocrx_word' id='word_1_252' title='bbox 1168 1767 1310 1820; x_wconf 91' lang='lat' dir='ltr'><strong>enim</strong></span> <span class='ocrx_word' id='word_1_253' title='bbox 1350 1766 1455 1819; x_wconf 92' lang='lat' dir='ltr'><strong>hoc</strong></span> <span class='ocrx_word' id='word_1_254' title='bbox 1483 1772 1727 1833; x_wconf 89' lang='lat' dir='ltr'><strong>tempore</strong></span> <span class='ocrx_word' id='word_1_255' title='bbox 1774 1761 2113 1832; x_wconf 79' lang='lat' dir='ltr'><strong>progreditur</strong></span> <span class='ocrx_word' id='word_1_256' title='bbox 2143 1771 2190 1830; x_wconf 78' lang='grc' dir='ltr'><strong>Β</strong></span> <span class='ocrx_word' id='word_1_257' title='bbox 2216 1763 2419 1817; x_wconf 89' lang='lat' dir='ltr'><strong>homini</strong></span> <span class='ocrx_word' id='word_1_258' title='bbox 2449 1760 2692 1831; x_wconf 87' lang='lat' dir='ltr'><strong>paciﬁco,</strong></span> <span class='ocrx_word' id='word_1_259' title='bbox 2717 1763 2943 1832; x_wconf 92' lang='lat' dir='ltr'><strong>injustos</strong></span> <span class='ocrx_word' id='word_1_260' title='bbox 2964 1776 3141 1823; x_wconf 87' lang='lat' dir='ltr'><strong>autem</strong></span> <span class='ocrx_word' id='word_1_261' title='bbox 3162 1769 3316 1838; x_wconf 92' lang='lat' dir='ltr'><strong>punit</strong></span> <span class='ocrx_word' id='word_1_262' title='bbox 3333 1769 3509 1826; x_wconf 91' lang='lat' dir='ltr'><strong>simul.</strong></span> <span class='ocrx_word' id='word_1_263' title='bbox 3539 1772 3793 1843; x_wconf 64' lang='lat' dir='ltr'><strong>Reliquiae</strong></span> 
     </span>
    </p>
   </div>
   <div class='ocr_carea' id='block_1_34' title="bbox 524 1853 2114 1923">
    <p class='ocr_par' dir='ltr' id='par_1_34' title="bbox 524 1853 2114 1923">
     <span class='ocr_line' id='line_1_34' title="bbox 524 1853 2114 1923; baseline -0.004 -11"><span class='ocrx_word' id='word_1_264' title='bbox 524 1858 729 1912; x_wconf 89' lang='lat' dir='ltr'><strong>lumen.</strong></span> <span class='ocrx_word' id='word_1_265' title='bbox 762 1856 1017 1911; x_wconf 89' lang='lat' dir='ltr'><strong>Subditus</strong></span> <span class='ocrx_word' id='word_1_266' title='bbox 1061 1864 1178 1911; x_wconf 86' lang='lat' dir='ltr'><strong>esto</strong></span> <span class='ocrx_word' id='word_1_267' title='bbox 1219 1857 1448 1910; x_wconf 89' lang='lat' dir='ltr'><strong>Domino</strong></span> <span class='ocrx_word' id='word_1_268' title='bbox 1473 1895 1487 1921; x_wconf 92' lang='lat'><strong>,</strong></span> <span class='ocrx_word' id='word_1_269' title='bbox 1530 1863 1584 1908; x_wconf 91' lang='lat' dir='ltr'><strong>et</strong></span> <span class='ocrx_word' id='word_1_270' title='bbox 1631 1869 1724 1909; x_wconf 90' lang='lat' dir='ltr'><strong>ora</strong></span> <span class='ocrx_word' id='word_1_271' title='bbox 1756 1869 1917 1918; x_wconf 90' lang='lat' dir='ltr'><strong>eum;</strong></span> <span class='ocrx_word' id='word_1_272' title='bbox 1961 1853 2114 1923; x_wconf 90' lang='lat' dir='ltr'><strong>quasi</strong></span> 
     </span>
    </p>
   </div>
   <div class='ocr_carea' id='block_1_35' title="bbox 528 1942 2112 2015">
    <p class='ocr_par' dir='ltr' id='par_1_35' title="bbox 528 1942 2112 2015">
     <span class='ocr_line' id='line_1_35' title="bbox 528 1942 2112 2015; baseline -0.003 -11"><span class='ocrx_word' id='word_1_273' title='bbox 528 1950 690 2015; x_wconf 88' lang='lat' dir='ltr'><strong>dicat,</strong></span> <span class='ocrx_word' id='word_1_274' title='bbox 724 1949 780 2003; x_wconf 93' lang='lat' dir='ltr'><strong>Si</strong></span> <span class='ocrx_word' id='word_1_275' title='bbox 802 1942 852 2003; x_wconf 89' lang='lat' dir='ltr'><strong>ei</strong></span> <span class='ocrx_word' id='word_1_276' title='bbox 881 1949 1125 2003; x_wconf 86' lang='lat' dir='ltr'><strong>subditus</strong></span> <span class='ocrx_word' id='word_1_277' title='bbox 1155 1948 1560 2015; x_wconf 89' lang='lat' dir='ltr'><strong>non_fueris,_ut</strong></span> <span class='ocrx_word' id='word_1_278' title='bbox 1588 1945 1753 2001; x_wconf 87' lang='lat' dir='ltr'><strong>facias</strong></span> <span class='ocrx_word' id='word_1_279' title='bbox 1785 1947 2112 2001; x_wconf 88' lang='lat' dir='ltr'><strong>voluntatem</strong></span> 
     </span>
    </p>
   </div>
   <div class='ocr_carea' id='block_1_36' title="bbox 526 2039 2114 2110">
    <p class='ocr_par' dir='ltr' id='par_1_36' title="bbox 526 2039 2114 2110">
     <span class='ocr_line' id='line_1_36' title="bbox 526 2039 2114 2110; baseline -0.001 -16"><span class='ocrx_word' id='word_1_280' title='bbox 526 2040 663 2110; x_wconf 92' lang='lat' dir='ltr'><strong>ejus,</strong></span> <span class='ocrx_word' id='word_1_281' title='bbox 697 2041 815 2094; x_wconf 87' lang='lat' dir='ltr'><strong>sine</strong></span> <span class='ocrx_word' id='word_1_282' title='bbox 842 2053 1004 2095; x_wconf 90' lang='lat' dir='ltr'><strong>causa</strong></span> <span class='ocrx_word' id='word_1_283' title='bbox 1033 2041 1285 2095; x_wconf 89' lang='lat' dir='ltr'><strong>obsecras</strong></span> <span class='ocrx_word' id='word_1_284' title='bbox 1331 2055 1475 2094; x_wconf 90' lang='lat' dir='ltr'><strong>enm.</strong></span> <span class='ocrx_word' id='word_1_285' title='bbox 1517 2039 1638 2094; x_wconf 83' lang='lat' dir='ltr'><strong>Noli</strong></span> <span class='ocrx_word' id='word_1_286' title='bbox 1667 2039 1827 2093; x_wconf 84' lang='lat' dir='ltr'><strong>zelari</strong></span> <span class='ocrx_word' id='word_1_287' title='bbox 1866 2053 1987 2093; x_wconf 90' lang='lat' dir='ltr'><strong>eum</strong></span> <span class='ocrx_word' id='word_1_288' title='bbox 2021 2039 2114 2107; x_wconf 91' lang='lat' dir='ltr'><strong>qui</strong></span> 
     </span>
    </p>
   </div>
   <div class='ocr_carea' id='block_1_37' title="bbox 523 2127 2167 2201">
    <p class='ocr_par' dir='ltr' id='par_1_37' title="bbox 523 2127 2167 2201">
     <span class='ocr_line' id='line_1_37' title="bbox 523 2127 2167 2201; baseline -0.004 -16"><span class='ocrx_word' id='word_1_289' title='bbox 523 2131 801 2201; x_wconf 88' lang='lat' dir='ltr'><strong>prosperis</strong></span> <span class='ocrx_word' id='word_1_290' title='bbox 829 2131 1166 2185; x_wconf 91' lang='lat' dir='ltr'><strong>successibus</strong></span> <span class='ocrx_word' id='word_1_291' title='bbox 1187 2129 1374 2200; x_wconf 89' lang='lat' dir='ltr'><strong>pollet,</strong></span> <span class='ocrx_word' id='word_1_292' title='bbox 1403 2129 1673 2184; x_wconf 87' lang='lat' dir='ltr'><strong>hominem</strong></span> <span class='ocrx_word' id='word_1_293' title='bbox 1705 2129 1991 2183; x_wconf 83' lang='lat' dir='ltr'><strong>facientem</strong></span> <span class='ocrx_word' id='word_1_294' title='bbox 2012 2127 2114 2180; x_wconf 92' lang='lat' dir='ltr'><strong>ini-</strong></span> <span class='ocrx_word' id='word_1_295' title='bbox 2156 2175 2167 2187; x_wconf 87' lang='lat'><strong>,</strong></span> 
     </span>
    </p>
   </div>
   <div class='ocr_carea' id='block_1_38' title="bbox 522 2218 2105 2295">
    <p class='ocr_par' dir='ltr' id='par_1_38' title="bbox 522 2218 2105 2295">
     <span class='ocr_line' id='line_1_38' title="bbox 522 2218 2105 2295; baseline -0.003 -19"><span class='ocrx_word' id='word_1_296' title='bbox 522 2223 802 2292; x_wconf 90' lang='lat' dir='ltr'><strong>quitatem.</strong></span> <span class='ocrx_word' id='word_1_297' title='bbox 865 2222 1058 2277; x_wconf 90' lang='lat' dir='ltr'><strong>Desine</strong></span> <span class='ocrx_word' id='word_1_298' title='bbox 1105 2223 1172 2276; x_wconf 90' lang='lat' dir='ltr'><strong>ab</strong></span> <span class='ocrx_word' id='word_1_299' title='bbox 1199 2223 1334 2295; x_wconf 82' lang='lat' dir='ltr'><strong>ira,</strong></span> <span class='ocrx_word' id='word_1_300' title='bbox 1379 2229 1435 2275; x_wconf 88' lang='lat' dir='ltr'><strong>et</strong></span> <span class='ocrx_word' id='word_1_301' title='bbox 1490 2220 1802 2288; x_wconf 89' lang='lat' dir='ltr'><strong>derelinque</strong></span> <span class='ocrx_word' id='word_1_302' title='bbox 1850 2218 2105 2273; x_wconf 89' lang='lat' dir='ltr'><strong>furorem.</strong></span> 
     </span>
    </p>
   </div>
   <div class='ocr_carea' id='block_1_39' title="bbox 522 2311 2107 2389">
    <p class='ocr_par' dir='ltr' id='par_1_39' title="bbox 522 2311 2107 2389">
     <span class='ocr_line' id='line_1_39' title="bbox 522 2311 2107 2389; baseline -0.003 -21"><span class='ocrx_word' id='word_1_303' title='bbox 522 2312 645 2368; x_wconf 87' lang='lat' dir='ltr'><strong>Noli</strong></span> <span class='ocrx_word' id='word_1_304' title='bbox 674 2314 839 2368; x_wconf 89' lang='lat' dir='ltr'><strong>zelari</strong></span> <span class='ocrx_word' id='word_1_305' title='bbox 868 2321 926 2366; x_wconf 91' lang='lat' dir='ltr'><strong>ut</strong></span> <span class='ocrx_word' id='word_1_306' title='bbox 964 2314 1296 2389; x_wconf 85' lang='lat' dir='ltr'><strong>maligneris,</strong></span> <span class='ocrx_word' id='word_1_307' title='bbox 1329 2313 1582 2382; x_wconf 89' lang='lat' dir='ltr'><strong>quoniam</strong></span> <span class='ocrx_word' id='word_1_308' title='bbox 1613 2312 1704 2381; x_wconf 84' lang='lat' dir='ltr'><strong>qui</strong></span> <span class='ocrx_word' id='word_1_309' title='bbox 1732 2311 2107 2378; x_wconf 89' lang='lat' dir='ltr'><strong>malignantur,</strong></span> 
     </span>
    </p>
   </div>
   <div class='ocr_carea' id='block_1_40' title="bbox 525 2404 2109 2481">
    <p class='ocr_par' dir='ltr' id='par_1_40' title="bbox 525 2404 2109 2481">
     <span class='ocr_line' id='line_1_40' title="bbox 525 2404 2109 2481; baseline -0.004 -19"><span class='ocrx_word' id='word_1_310' title='bbox 525 2407 1046 2462; x_wconf 82' lang='lat' dir='ltr'><strong>exterminabuntur.</strong></span> <span class='ocrx_word' id='word_1_311' title='bbox 1093 2407 1248 2481; x_wconf 85' lang='lat' dir='ltr'><strong>Quod</strong></span> <span class='ocrx_word' id='word_1_312' title='bbox 1276 2406 1519 2466; x_wconf 75' lang='lat' dir='ltr'><strong>differtur</strong></span> <span class='ocrx_word' id='word_1_313' title='bbox 1557 2420 1666 2460; x_wconf 92' lang='lat' dir='ltr'><strong>non</strong></span> <span class='ocrx_word' id='word_1_314' title='bbox 1688 2404 1960 2480; x_wconf 84' lang='lat' dir='ltr'><strong>aufertur;</strong></span> <span class='ocrx_word' id='word_1_315' title='bbox 2006 2418 2109 2472; x_wconf 91' lang='lat' dir='ltr'><strong>pu-</strong></span> 
     </span>
    </p>
   </div>
   <div class='ocr_carea' id='block_1_41' title="bbox 521 2496 2112 2568">
    <p class='ocr_par' dir='ltr' id='par_1_41' title="bbox 521 2496 2112 2568">
     <span class='ocr_line' id='line_1_41' title="bbox 521 2496 2112 2568; baseline -0.002 -14"><span class='ocrx_word' id='word_1_316' title='bbox 521 2499 723 2564; x_wconf 87' lang='lat' dir='ltr'><strong>sillum,</strong></span> <span class='ocrx_word' id='word_1_317' title='bbox 754 2505 809 2553; x_wconf 90' lang='lat' dir='ltr'><strong>et</strong></span> <span class='ocrx_word' id='word_1_318' title='bbox 836 2514 943 2553; x_wconf 92' lang='lat' dir='ltr'><strong>non</strong></span> <span class='ocrx_word' id='word_1_319' title='bbox 967 2500 1070 2553; x_wconf 91' lang='lat' dir='ltr'><strong>erit</strong></span> <span class='ocrx_word' id='word_1_320' title='bbox 1094 2507 1367 2568; x_wconf 86' lang='lat' dir='ltr'><strong>peccator.</strong></span> <span class='ocrx_word' id='word_1_321' title='bbox 1393 2499 1612 2564; x_wconf 66' lang='lat' dir='ltr'><strong>Quaeres</strong></span> <span class='ocrx_word' id='word_1_322' title='bbox 1639 2497 1815 2551; x_wconf 93' lang='lat' dir='ltr'><strong>locum</strong></span> <span class='ocrx_word' id='word_1_323' title='bbox 1844 2496 1983 2565; x_wconf 87' lang='lat' dir='ltr'><strong>ejus,</strong></span> <span class='ocrx_word' id='word_1_324' title='bbox 2010 2510 2112 2551; x_wconf 88' lang='lat' dir='ltr'><strong>nec</strong></span> 
     </span>
    </p>
   </div>
   <div class='ocr_carea' id='block_1_42' title="bbox 521 2589 2112 2660">
    <p class='ocr_par' dir='ltr' id='par_1_42' title="bbox 521 2589 2112 2660">
     <span class='ocr_line' id='line_1_42' title="bbox 521 2589 2112 2660; baseline -0.001 -16"><span class='ocrx_word' id='word_1_325' title='bbox 521 2589 780 2645; x_wconf 86' lang='lat' dir='ltr'><strong>invenies.</strong></span> <span class='ocrx_word' id='word_1_326' title='bbox 824 2591 956 2645; x_wconf 89' lang='lat' dir='ltr'><strong>Nam</strong></span> <span class='ocrx_word' id='word_1_327' title='bbox 985 2591 1078 2660; x_wconf 90' lang='lat' dir='ltr'><strong>qui</strong></span> <span class='ocrx_word' id='word_1_328' title='bbox 1113 2591 1379 2646; x_wconf 89' lang='lat' dir='ltr'><strong>mansueti</strong></span> <span class='ocrx_word' id='word_1_329' title='bbox 1405 2597 1532 2644; x_wconf 89' lang='lat' dir='ltr'><strong>sunt</strong></span> <span class='ocrx_word' id='word_1_330' title='bbox 1558 2590 1890 2660; x_wconf 85' lang='lat' dir='ltr'><strong>possidebunt</strong></span> <span class='ocrx_word' id='word_1_331' title='bbox 1919 2596 2112 2642; x_wconf 85' lang='lat' dir='ltr'><strong>terram</strong></span> 
     </span>
    </p>
   </div>
   <div class='ocr_carea' id='block_1_43' title="bbox 522 2679 2110 2755">
    <p class='ocr_par' dir='ltr' id='par_1_43' title="bbox 522 2679 2110 2755">
     <span class='ocr_line' id='line_1_43' title="bbox 522 2679 2110 2755; baseline -0.001 -20"><span class='ocrx_word' id='word_1_332' title='bbox 522 2679 735 2753; x_wconf 76' lang='lat' dir='ltr'><strong>(Matth.</strong></span> <span class='ocrx_word' id='word_1_333' title='bbox 765 2683 841 2755; x_wconf 90' lang='lat' dir='ltr'><strong>v).</strong></span> <span class='ocrx_word' id='word_1_334' title='bbox 875 2683 992 2738; x_wconf 87' lang='lat' dir='ltr'><strong>Non</strong></span> <span class='ocrx_word' id='word_1_335' title='bbox 1021 2684 1180 2738; x_wconf 88' lang='lat' dir='ltr'><strong>istam</strong></span> <span class='ocrx_word' id='word_1_336' title='bbox 1208 2691 1436 2737; x_wconf 89' lang='lat' dir='ltr'><strong>matrem</strong></span> <span class='ocrx_word' id='word_1_337' title='bbox 1472 2683 1767 2753; x_wconf 88' lang='lat' dir='ltr'><strong>spinarum,</strong></span> <span class='ocrx_word' id='word_1_338' title='bbox 1799 2690 1856 2736; x_wconf 91' lang='lat' dir='ltr'><strong>et</strong></span> <span class='ocrx_word' id='word_1_339' title='bbox 1882 2695 2110 2750; x_wconf 82' lang='lat' dir='ltr'><strong>serpen-</strong></span> 
     </span>
    </p>
   </div>
   <div class='ocr_carea' id='block_1_44' title="bbox 520 2774 2108 2844">
    <p class='ocr_par' dir='ltr' id='par_1_44' title="bbox 520 2774 2108 2844">
     <span class='ocr_line' id='line_1_44' title="bbox 520 2774 2108 2844; baseline -0.003 -16"><span class='ocrx_word' id='word_1_340' title='bbox 520 2774 693 2841; x_wconf 88' lang='lat' dir='ltr'><strong>tium,</strong></span> <span class='ocrx_word' id='word_1_341' title='bbox 738 2776 835 2831; x_wconf 90' lang='lat' dir='ltr'><strong>sed</strong></span> <span class='ocrx_word' id='word_1_342' title='bbox 882 2777 1028 2829; x_wconf 91' lang='lat' dir='ltr'><strong>illam</strong></span> <span class='ocrx_word' id='word_1_343' title='bbox 1076 2776 1129 2830; x_wconf 91' lang='lat' dir='ltr'><strong>in</strong></span> <span class='ocrx_word' id='word_1_344' title='bbox 1177 2790 1282 2844; x_wconf 89' lang='lat' dir='ltr'><strong>qua</strong></span> <span class='ocrx_word' id='word_1_345' title='bbox 1327 2775 1601 2830; x_wconf 67' lang='lat' dir='ltr'><strong>aeternitas</strong></span> <span class='ocrx_word' id='word_1_346' title='bbox 1644 2783 1874 2843; x_wconf 82' lang='lat' dir='ltr'><strong>regnat,</strong></span> <span class='ocrx_word' id='word_1_347' title='bbox 1907 2780 2108 2827; x_wconf 90' lang='lat' dir='ltr'><strong>terram</strong></span> 
     </span>
    </p>
   </div>
   <div class='ocr_carea' id='block_1_45' title="bbox 519 2850 2109 2923">
    <p class='ocr_par' dir='ltr' id='par_1_45' title="bbox 519 2850 2109 2923">
     <span class='ocr_line' id='line_1_45' title="bbox 519 2850 2109 2923; baseline -0.001 -4"><span class='ocrx_word' id='word_1_348' title='bbox 519 2850 779 2922; x_wconf 70' lang='lat' dir='ltr'><strong>liuentem</strong></span> <span class='ocrx_word' id='word_1_349' title='bbox 809 2868 893 2922; x_wconf 90' lang='lat' dir='ltr'><strong>lac</strong></span> <span class='ocrx_word' id='word_1_350' title='bbox 921 2876 975 2922; x_wconf 91' lang='lat' dir='ltr'><strong>et</strong></span> <span class='ocrx_word' id='word_1_351' title='bbox 1003 2868 1128 2921; x_wconf 87' lang='lat' dir='ltr'><strong>mel.</strong></span> <span class='ocrx_word' id='word_1_352' title='bbox 1162 2865 1232 2921; x_wconf 89' lang='lat' dir='ltr'><strong>Et</strong></span> <span class='ocrx_word' id='word_1_353' title='bbox 1259 2867 1333 2922; x_wconf 90' lang='lat' dir='ltr'><strong>ibi</strong></span> <span class='ocrx_word' id='word_1_354' title='bbox 1353 2868 1762 2923; x_wconf 87' lang='lat' dir='ltr'><strong>delectabuntur</strong></span> <span class='ocrx_word' id='word_1_355' title='bbox 1784 2866 1836 2920; x_wconf 88' lang='lat' dir='ltr'><strong>in</strong></span> <span class='ocrx_word' id='word_1_356' title='bbox 1867 2865 2109 2919; x_wconf 85' lang='lat' dir='ltr'><strong>multitu-</strong></span> 
     </span>
    </p>
   </div>
   <div class='ocr_carea' id='block_1_46' title="bbox 519 2956 2108 3028">
    <p class='ocr_par' dir='ltr' id='par_1_46' title="bbox 519 2956 2108 3028">
     <span class='ocr_line' id='line_1_46' title="bbox 519 2956 2108 3028; baseline -0.001 -17"><span class='ocrx_word' id='word_1_357' title='bbox 519 2958 698 3011; x_wconf 85' lang='lat' dir='ltr'><strong>dinem</strong></span> <span class='ocrx_word' id='word_1_358' title='bbox 740 2960 908 3028; x_wconf 90' lang='lat' dir='ltr'><strong>pacis.</strong></span> <span class='ocrx_word' id='word_1_359' title='bbox 944 2958 1068 3013; x_wconf 62' lang='lat' dir='ltr'><strong>Haec</strong></span> <span class='ocrx_word' id='word_1_360' title='bbox 1097 2959 1143 3014; x_wconf 92' lang='lat' dir='ltr'><strong>si</strong></span> <span class='ocrx_word' id='word_1_361' title='bbox 1176 2960 1356 3028; x_wconf 91' lang='lat' dir='ltr'><strong>justus</strong></span> <span class='ocrx_word' id='word_1_362' title='bbox 1393 2976 1485 3025; x_wconf 88' lang='lat' dir='ltr'><strong>es,</strong></span> <span class='ocrx_word' id='word_1_363' title='bbox 1519 2960 1640 3014; x_wconf 86' lang='lat' dir='ltr'><strong>vide</strong></span> <span class='ocrx_word' id='word_1_364' title='bbox 1671 2975 1736 3014; x_wconf 88' lang='lat' dir='ltr'><strong>ne</strong></span> <span class='ocrx_word' id='word_1_365' title='bbox 1776 2960 1829 3012; x_wconf 92' lang='lat' dir='ltr'><strong>in</strong></span> <span class='ocrx_word' id='word_1_366' title='bbox 1854 2956 2108 3028; x_wconf 74' lang='lat' dir='ltr'><strong>prtesenti</strong></span> 
     </span>
    </p>
   </div>
   <div class='ocr_carea' id='block_1_47' title="bbox 519 3048 2105 3119">
    <p class='ocr_par' dir='ltr' id='par_1_47' title="bbox 519 3048 2105 3119">
     <span class='ocr_line' id='line_1_47' title="bbox 519 3048 2105 3119; baseline 0.002 -17"><span class='ocrx_word' id='word_1_367' title='bbox 519 3048 718 3103; x_wconf 89' lang='lat' dir='ltr'><strong>mundo</strong></span> <span class='ocrx_word' id='word_1_368' title='bbox 757 3050 1073 3119; x_wconf 87' lang='lat' dir='ltr'><strong>perquiras;</strong></span> <span class='ocrx_word' id='word_1_369' title='bbox 1104 3067 1212 3104; x_wconf 93' lang='lat' dir='ltr'><strong>non</strong></span> <span class='ocrx_word' id='word_1_370' title='bbox 1257 3053 1402 3105; x_wconf 89' lang='lat' dir='ltr'><strong>enim</strong></span> <span class='ocrx_word' id='word_1_371' title='bbox 1447 3052 1640 3107; x_wconf 88' lang='lat' dir='ltr'><strong>melior</strong></span> <span class='ocrx_word' id='word_1_372' title='bbox 1677 3050 1844 3107; x_wconf 89' lang='lat' dir='ltr'><strong>Paulo</strong></span> <span class='ocrx_word' id='word_1_373' title='bbox 1873 3053 1981 3105; x_wconf 87' lang='lat' dir='ltr'><strong>eris</strong></span> <span class='ocrx_word' id='word_1_374' title='bbox 2004 3093 2018 3117; x_wconf 86' lang='lat'><strong>,</strong></span> <span class='ocrx_word' id='word_1_375' title='bbox 2051 3052 2105 3105; x_wconf 93' lang='lat' dir='ltr'><strong>in</strong></span> 
     </span>
    </p>
   </div>
   <div class='ocr_carea' id='block_1_48' title="bbox 2215 1861 3792 1935">
    <p class='ocr_par' dir='ltr' id='par_1_48' title="bbox 2215 1861 3792 1935">
     <span class='ocr_line' id='line_1_48' title="bbox 2215 1861 3792 1935; baseline 0.008 -22"><span class='ocrx_word' id='word_1_376' title='bbox 2215 1875 2345 1915; x_wconf 92' lang='lat' dir='ltr'><strong>vero</strong></span> <span class='ocrx_word' id='word_1_377' title='bbox 2375 1861 2660 1933; x_wconf 88' lang='lat' dir='ltr'><strong>impiorum</strong></span> <span class='ocrx_word' id='word_1_378' title='bbox 2707 1871 2834 1918; x_wconf 89' lang='lat' dir='ltr'><strong>tunc</strong></span> <span class='ocrx_word' id='word_1_379' title='bbox 2875 1864 3144 1932; x_wconf 89' lang='lat' dir='ltr'><strong>peribunt,</strong></span> <span class='ocrx_word' id='word_1_380' title='bbox 3177 1866 3391 1935; x_wconf 89' lang='lat' dir='ltr'><strong>quando</strong></span> <span class='ocrx_word' id='word_1_381' title='bbox 3419 1867 3562 1922; x_wconf 90' lang='lat' dir='ltr'><strong>salus</strong></span> <span class='ocrx_word' id='word_1_382' title='bbox 3589 1870 3792 1925; x_wconf 86' lang='lat' dir='ltr'><strong>venerit</strong></span> 
     </span>
    </p>
   </div>
   <div class='ocr_carea' id='block_1_49' title="bbox 2211 1954 3791 2027">
    <p class='ocr_par' dir='ltr' id='par_1_49' title="bbox 2211 1954 3791 2027">
     <span class='ocr_line' id='line_1_49' title="bbox 2211 1954 3791 2027; baseline 0.004 -19"><span class='ocrx_word' id='word_1_383' title='bbox 2211 1954 2478 2024; x_wconf 90' lang='lat' dir='ltr'><strong>justorum</strong></span> <span class='ocrx_word' id='word_1_384' title='bbox 2509 1971 2538 2008; x_wconf 89' lang='lat' dir='ltr'><strong>a</strong></span> <span class='ocrx_word' id='word_1_385' title='bbox 2568 1956 2818 2023; x_wconf 90' lang='lat' dir='ltr'><strong>Domino,</strong></span> <span class='ocrx_word' id='word_1_386' title='bbox 2850 1963 2905 2010; x_wconf 91' lang='lat' dir='ltr'><strong>et</strong></span> <span class='ocrx_word' id='word_1_387' title='bbox 2931 1964 3208 2027; x_wconf 86' lang='lat' dir='ltr'><strong>protector</strong></span> <span class='ocrx_word' id='word_1_388' title='bbox 3234 1974 3421 2014; x_wconf 91' lang='lat' dir='ltr'><strong>eorum</strong></span> <span class='ocrx_word' id='word_1_389' title='bbox 3449 1959 3552 2013; x_wconf 83' lang='lat' dir='ltr'><strong>erit</strong></span> <span class='ocrx_word' id='word_1_390' title='bbox 3579 1960 3631 2014; x_wconf 88' lang='lat' dir='ltr'><strong>in</strong></span> <span class='ocrx_word' id='word_1_391' title='bbox 3661 1968 3791 2015; x_wconf 87' lang='lat' dir='ltr'><strong>tem-</strong></span> 
     </span>
    </p>
   </div>
   <div class='ocr_carea' id='block_1_50' title="bbox 2214 2047 3792 2120">
    <p class='ocr_par' dir='ltr' id='par_1_50' title="bbox 2214 2047 3792 2120">
     <span class='ocr_line' id='line_1_50' title="bbox 2214 2047 3792 2120; baseline 0.004 -19"><span class='ocrx_word' id='word_1_392' title='bbox 2214 2061 2347 2117; x_wconf 90' lang='lat' dir='ltr'><strong>pore</strong></span> <span class='ocrx_word' id='word_1_393' title='bbox 2397 2047 2759 2102; x_wconf 88' lang='lat' dir='ltr'><strong>tribulationis</strong></span> <span class='ocrx_word' id='word_1_394' title='bbox 2792 2065 2804 2098; x_wconf 91' lang='lat'>:</span> <span class='ocrx_word' id='word_1_395' title='bbox 2832 2055 2891 2102; x_wconf 92' lang='lat' dir='ltr'><strong>ut</strong></span> <span class='ocrx_word' id='word_1_396' title='bbox 2937 2055 3115 2103; x_wconf 90' lang='lat' dir='ltr'><strong>autem</strong></span> <span class='ocrx_word' id='word_1_397' title='bbox 3142 2049 3389 2116; x_wconf 87' lang='lat' dir='ltr'><strong>evadant,</strong></span> <span class='ocrx_word' id='word_1_398' title='bbox 3431 2049 3650 2120; x_wconf 87' lang='lat' dir='ltr'><strong>adjuvat</strong></span> <span class='ocrx_word' id='word_1_399' title='bbox 3701 2067 3792 2108; x_wconf 81' lang='lat' dir='ltr'><strong>eos</strong></span> 
     </span>
    </p>
   </div>
   <div class='ocr_carea' id='block_1_51' title="bbox 2213 2137 3886 2211">
    <p class='ocr_par' dir='ltr' id='par_1_51' title="bbox 2213 2137 3886 2211">
     <span class='ocr_line' id='line_1_51' title="bbox 2213 2137 3886 2211; baseline 0.004 -21"><span class='ocrx_word' id='word_1_400' title='bbox 2213 2137 2490 2204; x_wconf 90' lang='lat' dir='ltr'><strong>Dominus,</strong></span> <span class='ocrx_word' id='word_1_401' title='bbox 2523 2147 2577 2192; x_wconf 87' lang='lat' dir='ltr'><strong>et</strong></span> <span class='ocrx_word' id='word_1_402' title='bbox 2627 2138 2820 2192; x_wconf 90' lang='lat' dir='ltr'><strong>liberat</strong></span> <span class='ocrx_word' id='word_1_403' title='bbox 2870 2154 2984 2203; x_wconf 91' lang='lat' dir='ltr'><strong>eos,</strong></span> <span class='ocrx_word' id='word_1_404' title='bbox 3027 2148 3082 2194; x_wconf 89' lang='lat' dir='ltr'><strong>et</strong></span> <span class='ocrx_word' id='word_1_405' title='bbox 3109 2140 3267 2210; x_wconf 89' lang='lat' dir='ltr'><strong>eripit</strong></span> <span class='ocrx_word' id='word_1_406' title='bbox 3295 2157 3389 2196; x_wconf 92' lang='lat' dir='ltr'><strong>eos</strong></span> <span class='ocrx_word' id='word_1_407' title='bbox 3435 2157 3464 2194; x_wconf 90' lang='lat' dir='ltr'><strong>a</strong></span> <span class='ocrx_word' id='word_1_408' title='bbox 3494 2143 3792 2211; x_wconf 86' lang='lat' dir='ltr'><strong>peccatori-</strong></span> <span class='ocrx_word' id='word_1_409' title='bbox 3881 2186 3886 2187; x_wconf 41' lang='grc' dir='ltr'><em>κ</em></span> 
     </span>
    </p>
   </div>
   <div class='ocr_carea' id='block_1_52' title="bbox 2211 2229 3790 2303">
    <p class='ocr_par' dir='ltr' id='par_1_52' title="bbox 2211 2229 3790 2303">
     <span class='ocr_line' id='line_1_52' title="bbox 2211 2229 3790 2303; baseline 0.003 -19"><span class='ocrx_word' id='word_1_410' title='bbox 2211 2229 2332 2296; x_wconf 89' lang='lat' dir='ltr'><strong>bus,</strong></span> <span class='ocrx_word' id='word_1_411' title='bbox 2363 2237 2418 2284; x_wconf 91' lang='lat' dir='ltr'><strong>et</strong></span> <span class='ocrx_word' id='word_1_412' title='bbox 2445 2230 2618 2283; x_wconf 91' lang='lat' dir='ltr'><strong>salvat</strong></span> <span class='ocrx_word' id='word_1_413' title='bbox 2645 2245 2768 2294; x_wconf 91' lang='lat' dir='ltr'><strong>eos,</strong></span> <span class='ocrx_word' id='word_1_414' title='bbox 2813 2232 3066 2300; x_wconf 90' lang='lat' dir='ltr'><strong>quoniam</strong></span> <span class='ocrx_word' id='word_1_415' title='bbox 3097 2239 3313 2303; x_wconf 89' lang='lat' dir='ltr'><strong>sperant</strong></span> <span class='ocrx_word' id='word_1_416' title='bbox 3341 2233 3394 2287; x_wconf 94' lang='lat' dir='ltr'><strong>in</strong></span> <span class='ocrx_word' id='word_1_417' title='bbox 3421 2233 3651 2289; x_wconf 88' lang='lat' dir='ltr'><strong>Domino</strong></span> <span class='ocrx_word' id='word_1_418' title='bbox 3687 2235 3790 2290; x_wconf 62' lang='lat' dir='ltr'><strong>no-é</strong></span> 
     </span>
    </p>
   </div>
   <div class='ocr_carea' id='block_1_53' title="bbox 2211 2323 3785 2394">
    <p class='ocr_par' dir='ltr' id='par_1_53' title="bbox 2211 2323 3785 2394">
     <span class='ocr_line' id='line_1_53' title="bbox 2211 2323 3785 2394; baseline 0.003 -16"><span class='ocrx_word' id='word_1_419' title='bbox 2211 2331 2324 2379; x_wconf 89' lang='lat' dir='ltr'><strong>stro</strong></span> <span class='ocrx_word' id='word_1_420' title='bbox 2360 2323 2489 2380; x_wconf 81' lang='lat' dir='ltr'><strong>Jesu</strong></span> <span class='ocrx_word' id='word_1_421' title='bbox 2517 2324 2761 2389; x_wconf 87' lang='lat' dir='ltr'><strong>Christo,</strong></span> <span class='ocrx_word' id='word_1_422' title='bbox 2793 2325 2884 2393; x_wconf 90' lang='lat' dir='ltr'><strong>qui</strong></span> <span class='ocrx_word' id='word_1_423' title='bbox 2922 2333 3110 2394; x_wconf 81' lang='lat' dir='ltr'><strong>regnat</strong></span> <span class='ocrx_word' id='word_1_424' title='bbox 3146 2325 3200 2380; x_wconf 92' lang='lat' dir='ltr'><strong>in</strong></span> <span class='ocrx_word' id='word_1_425' title='bbox 3230 2325 3424 2382; x_wconf 81' lang='lat' dir='ltr'><strong>saecula</strong></span> <span class='ocrx_word' id='word_1_426' title='bbox 3449 2326 3785 2383; x_wconf 62' lang='lat' dir='ltr'><strong>saeculorum.</strong></span> 
     </span>
    </p>
   </div>
   <div class='ocr_carea' id='block_1_54' title="bbox 2211 2417 2400 2472">
    <p class='ocr_par' dir='ltr' id='par_1_54' title="bbox 2211 2417 2400 2472">
     <span class='ocr_line' id='line_1_54' title="bbox 2211 2417 2400 2472; baseline -0.011 0"><span class='ocrx_word' id='word_1_427' title='bbox 2211 2417 2400 2472; x_wconf 80' lang='lat' dir='ltr'><strong>Amen.</strong></span> 
     </span>
    </p>
   </div>
   <div class='ocr_carea' id='block_1_55' title="bbox 2701 2505 3316 2564">
    <p class='ocr_par' dir='ltr' id='par_1_55' title="bbox 2701 2505 3316 2564">
     <span class='ocr_line' id='line_1_55' title="bbox 2701 2505 3316 2564; baseline 0.002 -1"><span class='ocrx_word' id='word_1_428' title='bbox 2701 2505 3017 2564; x_wconf 85' lang='lat' dir='ltr'><strong>PSALMUS</strong></span> <span class='ocrx_word' id='word_1_429' title='bbox 3052 2507 3316 2564; x_wconf 77' lang='lat' dir='ltr'><strong>XXXVII.</strong></span> 
     </span>
    </p>
   </div>
   <div class='ocr_carea' id='block_1_56' title="bbox 2377 2641 3608 2701">
    <p class='ocr_par' dir='ltr' id='par_1_56' title="bbox 2377 2641 3608 2701">
     <span class='ocr_line' id='line_1_56' title="bbox 2377 2641 3608 2701; baseline 0.002 -5"><span class='ocrx_word' id='word_1_430' title='bbox 2377 2641 2619 2700; x_wconf 87' lang='lat' dir='ltr'><strong>Psalmus</strong></span> <span class='ocrx_word' id='word_1_431' title='bbox 2647 2643 2813 2699; x_wconf 88' lang='lat' dir='ltr'><strong>David</strong></span> <span class='ocrx_word' id='word_1_432' title='bbox 2840 2645 2894 2698; x_wconf 90' lang='lat' dir='ltr'><strong>in</strong></span> <span class='ocrx_word' id='word_1_433' title='bbox 2913 2645 3362 2700; x_wconf 83' lang='lat' dir='ltr'><strong>rememoratione</strong></span> <span class='ocrx_word' id='word_1_434' title='bbox 3383 2644 3608 2701; x_wconf 79' lang='lat' dir='ltr'><strong>sabbati.</strong></span> 
     </span>
    </p>
   </div>
   <div class='ocr_carea' id='block_1_57' title="bbox 2279 2776 3788 2849">
    <p class='ocr_par' dir='ltr' id='par_1_57' title="bbox 2279 2776 3788 2849">
     <span class='ocr_line' id='line_1_57' title="bbox 2279 2776 3788 2849; baseline 0.001 -17"><span class='ocrx_word' id='word_1_435' title='bbox 2279 2776 2502 2832; x_wconf 82' lang='lat' dir='ltr'><strong>Domine</strong></span> <span class='ocrx_word' id='word_1_436' title='bbox 2521 2793 2585 2832; x_wconf 87' lang='lat' dir='ltr'><strong>ne</strong></span> <span class='ocrx_word' id='word_1_437' title='bbox 2609 2778 2666 2832; x_wconf 88' lang='lat' dir='ltr'><strong>in</strong></span> <span class='ocrx_word' id='word_1_438' title='bbox 2693 2779 2867 2849; x_wconf 78' lang='lat' dir='ltr'><strong>furore</strong></span> <span class='ocrx_word' id='word_1_439' title='bbox 2887 2785 2971 2831; x_wconf 89' lang='lat' dir='ltr'><strong>tuo</strong></span> <span class='ocrx_word' id='word_1_440' title='bbox 2999 2793 3188 2848; x_wconf 89' lang='lat' dir='ltr'><strong>arguas</strong></span> <span class='ocrx_word' id='word_1_441' title='bbox 3215 2794 3313 2842; x_wconf 81' lang='lat' dir='ltr'><strong>me,</strong></span> <span class='ocrx_word' id='word_1_442' title='bbox 3338 2793 3499 2848; x_wconf 86' lang='lat' dir='ltr'><strong>neque</strong></span> <span class='ocrx_word' id='word_1_443' title='bbox 3523 2777 3580 2830; x_wconf 90' lang='lat' dir='ltr'><strong>in</strong></span> <span class='ocrx_word' id='word_1_444' title='bbox 3598 2778 3680 2831; x_wconf 89' lang='lat' dir='ltr'><strong>ira</strong></span> <span class='ocrx_word' id='word_1_445' title='bbox 3699 2785 3788 2833; x_wconf 72' lang='grc' dir='ltr'><strong>ιω</strong></span> 
     </span>
    </p>
   </div>
   <div class='ocr_carea' id='block_1_58' title="bbox 2209 2867 3838 2942">
    <p class='ocr_par' dir='ltr' id='par_1_58' title="bbox 2209 2867 3838 2942">
     <span class='ocr_line' id='line_1_58' title="bbox 2209 2867 3838 2942; baseline -0.001 -17"><span class='ocrx_word' id='word_1_446' title='bbox 2209 2872 2459 2942; x_wconf 73' lang='lat' dir='ltr'><strong>corripias</strong></span> <span class='ocrx_word' id='word_1_447' title='bbox 2487 2888 2584 2925; x_wconf 87' lang='lat' dir='ltr'><strong>me.</strong></span> <span class='ocrx_word' id='word_1_448' title='bbox 2612 2867 2871 2934; x_wconf 85' lang='lat' dir='ltr'><strong>Quoniam</strong></span> <span class='ocrx_word' id='word_1_449' title='bbox 2890 2870 3094 2940; x_wconf 74' lang='lat' dir='ltr'><strong>sagitta:</strong></span> <span class='ocrx_word' id='word_1_450' title='bbox 3117 2878 3216 2924; x_wconf 68' lang='lat' dir='ltr'><strong>tua:</strong></span> <span class='ocrx_word' id='word_1_451' title='bbox 3237 2870 3417 2940; x_wconf 73' lang='lat' dir='ltr'><strong>inﬁxa:</strong></span> <span class='ocrx_word' id='word_1_452' title='bbox 3434 2879 3555 2924; x_wconf 88' lang='lat' dir='ltr'><strong>sunt</strong></span> <span class='ocrx_word' id='word_1_453' title='bbox 3570 2870 3716 2935; x_wconf 78' lang='lat' dir='ltr'><strong>mihi,</strong></span> <span class='ocrx_word' id='word_1_454' title='bbox 3737 2877 3789 2924; x_wconf 87' lang='lat' dir='ltr'><strong>et</strong></span> <span class='ocrx_word' id='word_1_455' title='bbox 3832 2900 3838 2901; x_wconf 36' lang='grc' dir='ltr'><em>γ</em></span> 
     </span>
    </p>
   </div>
   <div class='ocr_carea' id='block_1_59' title="bbox 2208 2959 3787 3033">
    <p class='ocr_par' dir='ltr' id='par_1_59' title="bbox 2208 2959 3787 3033">
     <span class='ocr_line' id='line_1_59' title="bbox 2208 2959 3787 3033; baseline -0.001 -17"><span class='ocrx_word' id='word_1_456' title='bbox 2208 2963 2528 3033; x_wconf 79' lang='lat' dir='ltr'><strong>conﬁrmasti</strong></span> <span class='ocrx_word' id='word_1_457' title='bbox 2556 2979 2708 3033; x_wconf 85' lang='lat' dir='ltr'><strong>super</strong></span> <span class='ocrx_word' id='word_1_458' title='bbox 2726 2978 2808 3015; x_wconf 88' lang='lat' dir='ltr'><strong>me</strong></span> <span class='ocrx_word' id='word_1_459' title='bbox 2829 2977 3037 3014; x_wconf 88' lang='lat' dir='ltr'><strong>manum</strong></span> <span class='ocrx_word' id='word_1_460' title='bbox 3064 2969 3224 3014; x_wconf 87' lang='lat' dir='ltr'><strong>tuam.</strong></span> <span class='ocrx_word' id='word_1_461' title='bbox 3251 2959 3375 3015; x_wconf 89' lang='lat' dir='ltr'><strong>Non</strong></span> <span class='ocrx_word' id='word_1_462' title='bbox 3402 2970 3480 3015; x_wconf 89' lang='lat' dir='ltr'><strong>est</strong></span> <span class='ocrx_word' id='word_1_463' title='bbox 3506 2963 3703 3015; x_wconf 88' lang='lat' dir='ltr'><strong>sanitas</strong></span> <span class='ocrx_word' id='word_1_464' title='bbox 3731 2961 3787 3015; x_wconf 74' lang='lat' dir='ltr'><strong>in</strong></span> 
     </span>
    </p>
   </div>
   <div class='ocr_carea' id='block_1_60' title="bbox 2209 3050 3786 3126">
    <p class='ocr_par' dir='ltr' id='par_1_60' title="bbox 2209 3050 3786 3126">
     <span class='ocr_line' id='line_1_60' title="bbox 2209 3050 3786 3126; baseline -0.003 -16"><span class='ocrx_word' id='word_1_465' title='bbox 2209 3073 2364 3110; x_wconf 89' lang='lat' dir='ltr'><strong>carne</strong></span> <span class='ocrx_word' id='word_1_466' title='bbox 2391 3071 2505 3108; x_wconf 90' lang='lat' dir='ltr'><strong>mea</strong></span> <span class='ocrx_word' id='word_1_467' title='bbox 2533 3072 2566 3108; x_wconf 92' lang='lat' dir='ltr'><strong>a</strong></span> <span class='ocrx_word' id='word_1_468' title='bbox 2587 3055 2722 3126; x_wconf 78' lang='lat' dir='ltr'><strong>facie</strong></span> <span class='ocrx_word' id='word_1_469' title='bbox 2741 3055 2837 3108; x_wconf 70' lang='lat' dir='ltr'><strong>irae</strong></span> <span class='ocrx_word' id='word_1_470' title='bbox 2875 3063 2993 3117; x_wconf 82' lang='lat' dir='ltr'><strong>tute,</strong></span> <span class='ocrx_word' id='word_1_471' title='bbox 3027 3070 3130 3107; x_wconf 89' lang='lat' dir='ltr'><strong>non</strong></span> <span class='ocrx_word' id='word_1_472' title='bbox 3150 3063 3224 3108; x_wconf 84' lang='lat' dir='ltr'><strong>est</strong></span> <span class='ocrx_word' id='word_1_473' title='bbox 3251 3050 3358 3124; x_wconf 69' lang='lat' dir='ltr'><strong>pati:</strong></span> <span class='ocrx_word' id='word_1_474' title='bbox 3383 3053 3581 3108; x_wconf 86' lang='lat' dir='ltr'><strong>ossibus</strong></span> <span class='ocrx_word' id='word_1_475' title='bbox 3601 3054 3726 3108; x_wconf 87' lang='lat' dir='ltr'><strong>meis</strong></span> <span class='ocrx_word' id='word_1_476' title='bbox 3751 3069 3786 3106; x_wconf 87' lang='lat' dir='ltr'><strong>a</strong></span> 
     </span>
    </p>
   </div>
   <div class='ocr_carea' id='block_1_61' title="bbox 518 3143 3783 3218">
    <p class='ocr_par' dir='ltr' id='par_1_61' title="bbox 518 3143 3783 3218">
     <span class='ocr_line' id='line_1_61' title="bbox 518 3143 3783 3218; baseline 0.001 -22"><span class='ocrx_word' id='word_1_477' title='bbox 518 3143 661 3197; x_wconf 88' lang='lat' dir='ltr'><strong>fame</strong></span> <span class='ocrx_word' id='word_1_478' title='bbox 689 3151 744 3197; x_wconf 90' lang='lat' dir='ltr'><strong>et</strong></span> <span class='ocrx_word' id='word_1_479' title='bbox 785 3145 873 3197; x_wconf 91' lang='lat' dir='ltr'><strong>siti</strong></span> <span class='ocrx_word' id='word_1_480' title='bbox 903 3144 1114 3199; x_wconf 90' lang='lat' dir='ltr'><strong>duranti</strong></span> <span class='ocrx_word' id='word_1_481' title='bbox 1139 3187 1153 3211; x_wconf 94' lang='lat'><strong>,</strong></span> <span class='ocrx_word' id='word_1_482' title='bbox 1187 3146 1241 3200; x_wconf 92' lang='lat' dir='ltr'><strong>in</strong></span> <span class='ocrx_word' id='word_1_483' title='bbox 1272 3147 1469 3213; x_wconf 76' lang='lat' dir='ltr'><strong>frigore</strong></span> <span class='ocrx_word' id='word_1_484' title='bbox 1497 3156 1552 3201; x_wconf 89' lang='lat' dir='ltr'><strong>et</strong></span> <span class='ocrx_word' id='word_1_485' title='bbox 1580 3147 1818 3201; x_wconf 89' lang='lat' dir='ltr'><strong>nuditate</strong></span> <span class='ocrx_word' id='word_1_486' title='bbox 1847 3163 2102 3218; x_wconf 80' lang='lat' dir='ltr'><strong>perseve-</strong></span> <span class='ocrx_word' id='word_1_487' title='bbox 2127 3147 2173 3211; x_wconf 87' lang='lat' dir='ltr'><strong><em>C</em></strong></span> <span class='ocrx_word' id='word_1_488' title='bbox 2205 3147 2340 3218; x_wconf 78' lang='lat' dir='ltr'><strong>facie</strong></span> <span class='ocrx_word' id='word_1_489' title='bbox 2354 3153 2677 3218; x_wconf 82' lang='lat' dir='ltr'><strong>peccatorum</strong></span> <span class='ocrx_word' id='word_1_490' title='bbox 2703 3161 2945 3200; x_wconf 89' lang='lat' dir='ltr'><strong>meorum.</strong></span> <span class='ocrx_word' id='word_1_491' title='bbox 2973 3143 3227 3207; x_wconf 85' lang='lat' dir='ltr'><strong>Quoniam</strong></span> <span class='ocrx_word' id='word_1_492' title='bbox 3249 3145 3783 3216; x_wconf 71' lang='lat' dir='ltr'><strong>iniquitatesmeaesu-</strong></span> 
     </span>
    </p>
   </div>
   <div class='ocr_carea' id='block_1_62' title="bbox 518 3235 2102 3307">
    <p class='ocr_par' dir='ltr' id='par_1_62' title="bbox 518 3235 2102 3307">
     <span class='ocr_line' id='line_1_62' title="bbox 518 3235 2102 3307; baseline 0.003 -18"><span class='ocrx_word' id='word_1_493' title='bbox 518 3235 678 3289; x_wconf 86' lang='lat' dir='ltr'><strong>ranti.</strong></span> <span class='ocrx_word' id='word_1_494' title='bbox 712 3235 817 3290; x_wconf 90' lang='lat' dir='ltr'><strong>Sed</strong></span> <span class='ocrx_word' id='word_1_495' title='bbox 864 3243 982 3290; x_wconf 89' lang='lat' dir='ltr'><strong>esto</strong></span> <span class='ocrx_word' id='word_1_496' title='bbox 1011 3237 1309 3302; x_wconf 87' lang='lat' dir='ltr'><strong>sollicitus,</strong></span> <span class='ocrx_word' id='word_1_497' title='bbox 1340 3239 1463 3306; x_wconf 89' lang='lat' dir='ltr'><strong>quia</strong></span> <span class='ocrx_word' id='word_1_498' title='bbox 1491 3240 1732 3307; x_wconf 88' lang='lat' dir='ltr'><strong>quotidie</strong></span> <span class='ocrx_word' id='word_1_499' title='bbox 1776 3249 1828 3294; x_wconf 90' lang='lat' dir='ltr'><strong>te</strong></span> <span class='ocrx_word' id='word_1_500' title='bbox 1856 3241 2102 3294; x_wconf 88' lang='lat' dir='ltr'><strong>diabolus</strong></span> 
     </span>
    </p>
   </div>
   <div class='ocr_carea' id='block_1_63' title="bbox 519 3325 2100 3397">
    <p class='ocr_par' dir='ltr' id='par_1_63' title="bbox 519 3325 2100 3397">
     <span class='ocr_line' id='line_1_63' title="bbox 519 3325 2100 3397; baseline 0.003 -15"><span class='ocrx_word' id='word_1_501' title='bbox 519 3325 842 3392; x_wconf 87' lang='lat' dir='ltr'><strong>considerat,</strong></span> <span class='ocrx_word' id='word_1_502' title='bbox 880 3335 936 3381; x_wconf 90' lang='lat' dir='ltr'><strong>et</strong></span> <span class='ocrx_word' id='word_1_503' title='bbox 960 3327 1140 3381; x_wconf 88' lang='lat' dir='ltr'><strong>fremit</strong></span> <span class='ocrx_word' id='word_1_504' title='bbox 1167 3343 1329 3397; x_wconf 90' lang='lat' dir='ltr'><strong>super</strong></span> <span class='ocrx_word' id='word_1_505' title='bbox 1358 3337 1411 3383; x_wconf 89' lang='lat' dir='ltr'><strong>te</strong></span> <span class='ocrx_word' id='word_1_506' title='bbox 1439 3329 1688 3384; x_wconf 86' lang='lat' dir='ltr'><strong>dentibus</strong></span> <span class='ocrx_word' id='word_1_507' title='bbox 1716 3331 1846 3395; x_wconf 89' lang='lat' dir='ltr'><strong>suis,</strong></span> <span class='ocrx_word' id='word_1_508' title='bbox 1875 3331 1971 3385; x_wconf 90' lang='lat' dir='ltr'><strong>sed</strong></span> <span class='ocrx_word' id='word_1_509' title='bbox 1992 3331 2100 3386; x_wconf 90' lang='lat' dir='ltr'><strong>Do-</strong></span> 
     </span>
    </p>
   </div>
   <div class='ocr_carea' id='block_1_64' title="bbox 516 3418 2098 3491">
    <p class='ocr_par' dir='ltr' id='par_1_64' title="bbox 516 3418 2098 3491">
     <span class='ocr_line' id='line_1_64' title="bbox 516 3418 2098 3491; baseline 0.003 -19"><span class='ocrx_word' id='word_1_510' title='bbox 516 3419 696 3473; x_wconf 90' lang='lat' dir='ltr'><strong>minus</strong></span> <span class='ocrx_word' id='word_1_511' title='bbox 725 3418 910 3472; x_wconf 85' lang='lat' dir='ltr'><strong>irridet</strong></span> <span class='ocrx_word' id='word_1_512' title='bbox 949 3433 1092 3481; x_wconf 90' lang='lat' dir='ltr'><strong>eum,</strong></span> <span class='ocrx_word' id='word_1_513' title='bbox 1124 3419 1249 3487; x_wconf 89' lang='lat' dir='ltr'><strong>quia</strong></span> <span class='ocrx_word' id='word_1_514' title='bbox 1282 3419 1386 3474; x_wconf 90' lang='lat' dir='ltr'><strong>scit</strong></span> <span class='ocrx_word' id='word_1_515' title='bbox 1411 3419 1556 3488; x_wconf 90' lang='lat' dir='ltr'><strong>quod</strong></span> <span class='ocrx_word' id='word_1_516' title='bbox 1583 3422 1795 3475; x_wconf 89' lang='lat' dir='ltr'><strong>eveniat</strong></span> <span class='ocrx_word' id='word_1_517' title='bbox 1822 3423 1937 3477; x_wconf 91' lang='lat' dir='ltr'><strong>dies</strong></span> <span class='ocrx_word' id='word_1_518' title='bbox 1963 3422 2098 3491; x_wconf 89' lang='lat' dir='ltr'><strong>ejus.</strong></span> 
     </span>
    </p>
   </div>
   <div class='ocr_carea' id='block_1_65' title="bbox 516 3508 2102 3580">
    <p class='ocr_par' dir='ltr' id='par_1_65' title="bbox 516 3508 2102 3580">
     <span class='ocr_line' id='line_1_65' title="bbox 516 3508 2102 3580; baseline 0.002 -14"><span class='ocrx_word' id='word_1_519' title='bbox 516 3508 588 3566; x_wconf 89' lang='lat' dir='ltr'><strong>Et</strong></span> <span class='ocrx_word' id='word_1_520' title='bbox 613 3518 1030 3580; x_wconf 87' lang='lat' dir='ltr'><strong>quantacunque</strong></span> <span class='ocrx_word' id='word_1_521' title='bbox 1057 3520 1246 3566; x_wconf 86' lang='lat' dir='ltr'><strong>contra</strong></span> <span class='ocrx_word' id='word_1_522' title='bbox 1288 3520 1343 3566; x_wconf 91' lang='lat' dir='ltr'><strong>te</strong></span> <span class='ocrx_word' id='word_1_523' title='bbox 1369 3511 1634 3567; x_wconf 62' lang='lat' dir='ltr'><strong>daemonia</strong></span> <span class='ocrx_word' id='word_1_524' title='bbox 1670 3513 1809 3568; x_wconf 87' lang='lat' dir='ltr'><strong>bella</strong></span> <span class='ocrx_word' id='word_1_525' title='bbox 1855 3516 2102 3569; x_wconf 89' lang='lat' dir='ltr'><strong>commit-</strong></span> 
     </span>
    </p>
   </div>
   <div class='ocr_carea' id='block_1_66' title="bbox 517 3603 2099 3675">
    <p class='ocr_par' dir='ltr' id='par_1_66' title="bbox 517 3603 2099 3675">
     <span class='ocr_line' id='line_1_66' title="bbox 517 3603 2099 3675; baseline 0.002 -18"><span class='ocrx_word' id='word_1_526' title='bbox 517 3609 674 3666; x_wconf 86' lang='lat' dir='ltr'><strong>tant,</strong></span> <span class='ocrx_word' id='word_1_527' title='bbox 727 3603 836 3657; x_wconf 91' lang='lat' dir='ltr'><strong>noli</strong></span> <span class='ocrx_word' id='word_1_528' title='bbox 865 3604 1056 3658; x_wconf 89' lang='lat' dir='ltr'><strong>timere</strong></span> <span class='ocrx_word' id='word_1_529' title='bbox 1109 3620 1122 3657; x_wconf 89' lang='lat'>:</span> <span class='ocrx_word' id='word_1_530' title='bbox 1166 3604 1293 3675; x_wconf 79' lang='lat' dir='ltr'><strong>quia</strong></span> <span class='ocrx_word' id='word_1_531' title='bbox 1339 3603 1500 3672; x_wconf 80' lang='lat' dir='ltr'><strong>gladii</strong></span> <span class='ocrx_word' id='word_1_532' title='bbox 1530 3619 1717 3658; x_wconf 92' lang='lat' dir='ltr'><strong>eorum</strong></span> <span class='ocrx_word' id='word_1_533' title='bbox 1749 3605 2099 3660; x_wconf 82' lang='lat' dir='ltr'><strong>intrabuntin</strong></span> 
     </span>
    </p>
   </div>
   <div class='ocr_carea' id='block_1_67' title="bbox 517 3692 2100 3764">
    <p class='ocr_par' dir='ltr' id='par_1_67' title="bbox 517 3692 2100 3764">
     <span class='ocr_line' id='line_1_67' title="bbox 517 3692 2100 3764; baseline 0.003 -16"><span class='ocrx_word' id='word_1_534' title='bbox 517 3692 681 3748; x_wconf 87' lang='lat' dir='ltr'><strong>corda</strong></span> <span class='ocrx_word' id='word_1_535' title='bbox 710 3710 897 3750; x_wconf 89' lang='lat' dir='ltr'><strong>eorum</strong></span> <span class='ocrx_word' id='word_1_536' title='bbox 921 3733 936 3759; x_wconf 90' lang='lat'><strong>,</strong></span> <span class='ocrx_word' id='word_1_537' title='bbox 987 3702 1043 3750; x_wconf 90' lang='lat' dir='ltr'><strong>et</strong></span> <span class='ocrx_word' id='word_1_538' title='bbox 1082 3709 1240 3750; x_wconf 91' lang='lat' dir='ltr'><strong>arcus</strong></span> <span class='ocrx_word' id='word_1_539' title='bbox 1267 3710 1456 3750; x_wconf 89' lang='lat' dir='ltr'><strong>eorum</strong></span> <span class='ocrx_word' id='word_1_540' title='bbox 1484 3696 1866 3764; x_wconf 88' lang='lat' dir='ltr'><strong>confringetur.</strong></span> <span class='ocrx_word' id='word_1_541' title='bbox 1912 3697 2100 3753; x_wconf 86' lang='lat' dir='ltr'><strong>Melius</strong></span> 
     </span>
    </p>
   </div>
   <div class='ocr_carea' id='block_1_68' title="bbox 516 3786 2101 3860">
    <p class='ocr_par' dir='ltr' id='par_1_68' title="bbox 516 3786 2101 3860">
     <span class='ocr_line' id='line_1_68' title="bbox 516 3786 2101 3860; baseline 0.003 -20"><span class='ocrx_word' id='word_1_542' title='bbox 516 3786 618 3842; x_wconf 85' lang='lat' dir='ltr'><strong>tibi</strong></span> <span class='ocrx_word' id='word_1_543' title='bbox 645 3787 716 3842; x_wconf 90' lang='lat' dir='ltr'><strong>sit</strong></span> <span class='ocrx_word' id='word_1_544' title='bbox 744 3788 1013 3843; x_wconf 90' lang='lat' dir='ltr'><strong>modicum</strong></span> <span class='ocrx_word' id='word_1_545' title='bbox 1053 3787 1120 3843; x_wconf 90' lang='lat' dir='ltr'><strong>de</strong></span> <span class='ocrx_word' id='word_1_546' title='bbox 1143 3787 1352 3857; x_wconf 89' lang='lat' dir='ltr'><strong>justitia</strong></span> <span class='ocrx_word' id='word_1_547' title='bbox 1378 3789 1658 3860; x_wconf 90' lang='lat' dir='ltr'><strong>possidere</strong></span> <span class='ocrx_word' id='word_1_548' title='bbox 1681 3831 1695 3856; x_wconf 92' lang='lat'><strong>,</strong></span> <span class='ocrx_word' id='word_1_549' title='bbox 1726 3806 1887 3859; x_wconf 89' lang='lat' dir='ltr'><strong>quam</strong></span> <span class='ocrx_word' id='word_1_550' title='bbox 1916 3791 1982 3845; x_wconf 88' lang='lat' dir='ltr'><strong>de</strong></span> <span class='ocrx_word' id='word_1_551' title='bbox 2023 3791 2101 3845; x_wconf 94' lang='lat' dir='ltr'><strong>in-</strong></span> 
     </span>
    </p>
   </div>
   <div class='ocr_carea' id='block_1_69' title="bbox 515 3878 2099 3952">
    <p class='ocr_par' dir='ltr' id='par_1_69' title="bbox 515 3878 2099 3952">
     <span class='ocr_line' id='line_1_69' title="bbox 515 3878 2099 3952; baseline 0 -18"><span class='ocrx_word' id='word_1_552' title='bbox 515 3878 664 3952; x_wconf 81' lang='lat' dir='ltr'><strong>juste</strong></span> <span class='ocrx_word' id='word_1_553' title='bbox 689 3879 900 3935; x_wconf 89' lang='lat' dir='ltr'><strong>divitias</strong></span> <span class='ocrx_word' id='word_1_554' title='bbox 928 3889 1270 3951; x_wconf 90' lang='lat' dir='ltr'><strong>peccatorum</strong></span> <span class='ocrx_word' id='word_1_555' title='bbox 1300 3881 1517 3936; x_wconf 89' lang='lat' dir='ltr'><strong>multas.</strong></span> <span class='ocrx_word' id='word_1_556' title='bbox 1567 3880 1700 3934; x_wconf 88' lang='lat' dir='ltr'><strong>Nam</strong></span> <span class='ocrx_word' id='word_1_557' title='bbox 1738 3881 1957 3934; x_wconf 86' lang='lat' dir='ltr'><strong>brachia</strong></span> <span class='ocrx_word' id='word_1_558' title='bbox 1989 3881 2099 3934; x_wconf 79' lang='lat' dir='ltr'><strong>dae-</strong></span> 
     </span>
    </p>
   </div>
   <div class='ocr_carea' id='block_1_70' title="bbox 515 3968 2102 4040">
    <p class='ocr_par' dir='ltr' id='par_1_70' title="bbox 515 3968 2102 4040">
     <span class='ocr_line' id='line_1_70' title="bbox 515 3968 2102 4040; baseline 0 -18"><span class='ocrx_word' id='word_1_559' title='bbox 515 3983 739 4025; x_wconf 91' lang='lat' dir='ltr'><strong>monum</strong></span> <span class='ocrx_word' id='word_1_560' title='bbox 767 3970 813 4024; x_wconf 91' lang='lat' dir='ltr'><strong>si</strong></span> <span class='ocrx_word' id='word_1_561' title='bbox 840 3970 1160 4040; x_wconf 80' lang='lat' dir='ltr'><strong>pugnaveris</strong></span> <span class='ocrx_word' id='word_1_562' title='bbox 1187 3969 1488 4036; x_wconf 77' lang='lat' dir='ltr'><strong>confringet</strong></span> <span class='ocrx_word' id='word_1_563' title='bbox 1515 3969 1790 4023; x_wconf 91' lang='lat' dir='ltr'><strong>Dominus.</strong></span> <span class='ocrx_word' id='word_1_564' title='bbox 1844 3968 2102 4034; x_wconf 84' lang='lat' dir='ltr'><strong>Dignatur</strong></span> 
     </span>
    </p>
   </div>
   <div class='ocr_carea' id='block_1_71' title="bbox 516 4055 2094 4130">
    <p class='ocr_par' dir='ltr' id='par_1_71' title="bbox 516 4055 2094 4130">
     <span class='ocr_line' id='line_1_71' title="bbox 516 4055 2094 4130; baseline -0.003 -15"><span class='ocrx_word' id='word_1_565' title='bbox 516 4062 662 4116; x_wconf 90' lang='lat' dir='ltr'><strong>enim</strong></span> <span class='ocrx_word' id='word_1_566' title='bbox 686 4059 861 4130; x_wconf 84' lang='lat' dir='ltr'><strong>justos</strong></span> <span class='ocrx_word' id='word_1_567' title='bbox 907 4074 1036 4114; x_wconf 87' lang='lat' dir='ltr'><strong>suos</strong></span> <span class='ocrx_word' id='word_1_568' title='bbox 1081 4060 1133 4112; x_wconf 90' lang='lat' dir='ltr'><strong>in</strong></span> <span class='ocrx_word' id='word_1_569' title='bbox 1180 4074 1277 4112; x_wconf 90' lang='lat' dir='ltr'><strong>sua</strong></span> <span class='ocrx_word' id='word_1_570' title='bbox 1322 4058 1689 4112; x_wconf 89' lang='lat' dir='ltr'><strong>misericordia</strong></span> <span class='ocrx_word' id='word_1_571' title='bbox 1737 4055 2094 4123; x_wconf 81' lang='lat' dir='ltr'><strong>conﬁrmare,</strong></span> 
     </span>
    </p>
   </div>
   <div class='ocr_carea' id='block_1_72' title="bbox 515 4149 2100 4223">
    <p class='ocr_par' dir='ltr' id='par_1_72' title="bbox 515 4149 2100 4223">
     <span class='ocr_line' id='line_1_72' title="bbox 515 4149 2100 4223; baseline -0.004 -15"><span class='ocrx_word' id='word_1_572' title='bbox 515 4168 747 4223; x_wconf 89' lang='lat' dir='ltr'><strong>quorum</strong></span> <span class='ocrx_word' id='word_1_573' title='bbox 793 4153 895 4206; x_wconf 88' lang='lat' dir='ltr'><strong>scit</strong></span> <span class='ocrx_word' id='word_1_574' title='bbox 931 4152 1047 4205; x_wconf 90' lang='lat' dir='ltr'><strong>vias</strong></span> <span class='ocrx_word' id='word_1_575' title='bbox 1083 4149 1570 4213; x_wconf 85' lang='lat' dir='ltr'><strong>immaculatorum,</strong></span> <span class='ocrx_word' id='word_1_576' title='bbox 1601 4163 1830 4217; x_wconf 88' lang='lat' dir='ltr'><strong>quorum</strong></span> <span class='ocrx_word' id='word_1_577' title='bbox 1875 4149 2100 4203; x_wconf 67' lang='lat' dir='ltr'><strong>incredi—</strong></span> 
     </span>
    </p>
   </div>
   <div class='ocr_carea' id='block_1_73' title="bbox 516 4241 2100 4313">
    <p class='ocr_par' dir='ltr' id='par_1_73' title="bbox 516 4241 2100 4313">
     <span class='ocr_line' id='line_1_73' title="bbox 516 4241 2100 4313; baseline -0.001 -14"><span class='ocrx_word' id='word_1_578' title='bbox 516 4253 602 4300; x_wconf 88' lang='lat' dir='ltr'><strong>tas</strong></span> <span class='ocrx_word' id='word_1_579' title='bbox 629 4260 818 4299; x_wconf 91' lang='lat' dir='ltr'><strong>eorum</strong></span> <span class='ocrx_word' id='word_1_580' title='bbox 846 4243 1090 4298; x_wconf 86' lang='lat' dir='ltr'><strong>Christus</strong></span> <span class='ocrx_word' id='word_1_581' title='bbox 1118 4250 1219 4297; x_wconf 89' lang='lat' dir='ltr'><strong>est.</strong></span> <span class='ocrx_word' id='word_1_582' title='bbox 1257 4241 1360 4309; x_wconf 91' lang='lat' dir='ltr'><strong>Qui</strong></span> <span class='ocrx_word' id='word_1_583' title='bbox 1388 4243 1440 4296; x_wconf 93' lang='lat' dir='ltr'><strong>in</strong></span> <span class='ocrx_word' id='word_1_584' title='bbox 1468 4249 1729 4297; x_wconf 63' lang='lat' dir='ltr'><strong>internum</strong></span> <span class='ocrx_word' id='word_1_585' title='bbox 1769 4252 1969 4305; x_wconf 90' lang='lat' dir='ltr'><strong>manet,</strong></span> <span class='ocrx_word' id='word_1_586' title='bbox 2002 4258 2100 4313; x_wconf 90' lang='lat' dir='ltr'><strong>per</strong></span> 
     </span>
    </p>
   </div>
   <div class='ocr_carea' id='block_1_74' title="bbox 516 4333 2098 4407">
    <p class='ocr_par' dir='ltr' id='par_1_74' title="bbox 516 4333 2098 4407">
     <span class='ocr_line' id='line_1_74' title="bbox 516 4333 2098 4407; baseline -0.001 -15"><span class='ocrx_word' id='word_1_587' title='bbox 516 4337 694 4407; x_wconf 88' lang='lat' dir='ltr'><strong>ipsum</strong></span> <span class='ocrx_word' id='word_1_588' title='bbox 741 4351 848 4390; x_wconf 91' lang='lat' dir='ltr'><strong>non</strong></span> <span class='ocrx_word' id='word_1_589' title='bbox 895 4333 1253 4392; x_wconf 91' lang='lat' dir='ltr'><strong>confundetur</strong></span> <span class='ocrx_word' id='word_1_590' title='bbox 1281 4335 1334 4389; x_wconf 88' lang='lat' dir='ltr'><strong>in</strong></span> <span class='ocrx_word' id='word_1_591' title='bbox 1373 4341 1616 4404; x_wconf 90' lang='lat' dir='ltr'><strong>tempore</strong></span> <span class='ocrx_word' id='word_1_592' title='bbox 1656 4334 1818 4389; x_wconf 90' lang='lat' dir='ltr'><strong>malo.</strong></span> <span class='ocrx_word' id='word_1_593' title='bbox 1866 4335 2098 4406; x_wconf 89' lang='lat' dir='ltr'><strong>Tempus</strong></span> 
     </span>
    </p>
   </div>
   <div class='ocr_carea' id='block_1_75' title="bbox 513 4424 2098 4496">
    <p class='ocr_par' dir='ltr' id='par_1_75' title="bbox 513 4424 2098 4496">
     <span class='ocr_line' id='line_1_75' title="bbox 513 4424 2098 4496; baseline -0.001 -12"><span class='ocrx_word' id='word_1_594' title='bbox 513 4428 718 4484; x_wconf 87' lang='lat' dir='ltr'><strong>malum</strong></span> <span class='ocrx_word' id='word_1_595' title='bbox 746 4435 827 4481; x_wconf 88' lang='lat' dir='ltr'><strong>est</strong></span> <span class='ocrx_word' id='word_1_596' title='bbox 871 4426 1197 4488; x_wconf 87' lang='lat' dir='ltr'><strong>Christiano,</strong></span> <span class='ocrx_word' id='word_1_597' title='bbox 1226 4424 1441 4492; x_wconf 84' lang='lat' dir='ltr'><strong>quando</strong></span> <span class='ocrx_word' id='word_1_598' title='bbox 1481 4425 1548 4479; x_wconf 92' lang='lat' dir='ltr'><strong>ad</strong></span> <span class='ocrx_word' id='word_1_599' title='bbox 1575 4431 1852 4494; x_wconf 88' lang='lat' dir='ltr'><strong>peccatum</strong></span> <span class='ocrx_word' id='word_1_600' title='bbox 1882 4427 2098 4496; x_wconf 90' lang='lat' dir='ltr'><strong>aliquod</strong></span> 
     </span>
    </p>
   </div>
   <div class='ocr_carea' id='block_1_76' title="bbox 2202 3235 3782 3310">
    <p class='ocr_par' dir='ltr' id='par_1_76' title="bbox 2202 3235 3782 3310">
     <span class='ocr_line' id='line_1_76' title="bbox 2202 3235 3782 3310; baseline 0 -19"><span class='ocrx_word' id='word_1_601' title='bbox 2202 3255 2488 3310; x_wconf 67' lang='lat' dir='ltr'><strong>per-gressis</strong></span> <span class='ocrx_word' id='word_1_602' title='bbox 2513 3246 2634 3292; x_wconf 87' lang='lat' dir='ltr'><strong>sunt</strong></span> <span class='ocrx_word' id='word_1_603' title='bbox 2672 3249 2824 3309; x_wconf 88' lang='lat' dir='ltr'><strong>caput</strong></span> <span class='ocrx_word' id='word_1_604' title='bbox 2857 3254 3044 3301; x_wconf 89' lang='lat' dir='ltr'><strong>meum,</strong></span> <span class='ocrx_word' id='word_1_605' title='bbox 3074 3245 3123 3290; x_wconf 90' lang='lat' dir='ltr'><strong>et</strong></span> <span class='ocrx_word' id='word_1_606' title='bbox 3142 3238 3276 3291; x_wconf 90' lang='lat' dir='ltr'><strong>sicut</strong></span> <span class='ocrx_word' id='word_1_607' title='bbox 3302 3253 3431 3291; x_wconf 87' lang='lat' dir='ltr'><strong>onus</strong></span> <span class='ocrx_word' id='word_1_608' title='bbox 3452 3235 3632 3308; x_wconf 71' lang='lat' dir='ltr'><strong>&#39;grave</strong></span> <span class='ocrx_word' id='word_1_609' title='bbox 3657 3254 3782 3309; x_wconf 84' lang='lat' dir='ltr'><strong>gra-</strong></span> 
     </span>
    </p>
   </div>
   <div class='ocr_carea' id='block_1_77' title="bbox 2201 3327 3782 3399">
    <p class='ocr_par' dir='ltr' id='par_1_77' title="bbox 2201 3327 3782 3399">
     <span class='ocr_line' id='line_1_77' title="bbox 2201 3327 3782 3399; baseline -0.001 -16"><span class='ocrx_word' id='word_1_610' title='bbox 2201 3336 2332 3384; x_wconf 76' lang='lat' dir='ltr'><strong>vata:</strong></span> <span class='ocrx_word' id='word_1_611' title='bbox 2353 3336 2471 3381; x_wconf 90' lang='lat' dir='ltr'><strong>sunt</strong></span> <span class='ocrx_word' id='word_1_612' title='bbox 2491 3344 2642 3397; x_wconf 80' lang='lat' dir='ltr'><strong>super</strong></span> <span class='ocrx_word' id='word_1_613' title='bbox 2669 3345 2767 3380; x_wconf 91' lang='lat' dir='ltr'><strong>me.</strong></span> <span class='ocrx_word' id='word_1_614' title='bbox 2801 3327 3117 3381; x_wconf 86' lang='lat' dir='ltr'><strong>Putruerunt</strong></span> <span class='ocrx_word' id='word_1_615' title='bbox 3146 3337 3194 3380; x_wconf 88' lang='lat' dir='ltr'><strong>et</strong></span> <span class='ocrx_word' id='word_1_616' title='bbox 3220 3328 3476 3399; x_wconf 67' lang='lat' dir='ltr'><strong>corruptae</strong></span> <span class='ocrx_word' id='word_1_617' title='bbox 3503 3335 3622 3382; x_wconf 87' lang='lat' dir='ltr'><strong>sunt</strong></span> <span class='ocrx_word' id='word_1_618' title='bbox 3645 3330 3782 3382; x_wconf 84' lang='lat' dir='ltr'><strong>cica-</strong></span> 
     </span>
    </p>
   </div>
   <div class='ocr_carea' id='block_1_78' title="bbox 2204 3419 3780 3491">
    <p class='ocr_par' dir='ltr' id='par_1_78' title="bbox 2204 3419 3780 3491">
     <span class='ocr_line' id='line_1_78' title="bbox 2204 3419 3780 3491; baseline -0.002 -16"><span class='ocrx_word' id='word_1_619' title='bbox 2204 3423 2352 3476; x_wconf 88' lang='lat' dir='ltr'><strong>trices</strong></span> <span class='ocrx_word' id='word_1_620' title='bbox 2373 3438 2519 3485; x_wconf 75' lang='lat' dir='ltr'><strong>mete,</strong></span> <span class='ocrx_word' id='word_1_621' title='bbox 2546 3438 2579 3473; x_wconf 91' lang='lat' dir='ltr'><strong>a</strong></span> <span class='ocrx_word' id='word_1_622' title='bbox 2606 3421 2738 3491; x_wconf 75' lang='lat' dir='ltr'><strong>facie</strong></span> <span class='ocrx_word' id='word_1_623' title='bbox 2763 3420 3079 3490; x_wconf 75' lang='lat' dir='ltr'><strong>insipientia:</strong></span> <span class='ocrx_word' id='word_1_624' title='bbox 3102 3437 3246 3474; x_wconf 73' lang='lat' dir='ltr'><strong>mete.</strong></span> <span class='ocrx_word' id='word_1_625' title='bbox 3281 3419 3443 3474; x_wconf 76' lang='lat' dir='ltr'><strong>Miser</strong></span> <span class='ocrx_word' id='word_1_626' title='bbox 3472 3422 3638 3491; x_wconf 78' lang='lat' dir='ltr'><strong>factus</strong></span> <span class='ocrx_word' id='word_1_627' title='bbox 3667 3436 3780 3474; x_wconf 87' lang='lat' dir='ltr'><strong>sum</strong></span> 
     </span>
    </p>
   </div>
   <div class='ocr_carea' id='block_1_79' title="bbox 2200 3513 3781 3583">
    <p class='ocr_par' dir='ltr' id='par_1_79' title="bbox 2200 3513 3781 3583">
     <span class='ocr_line' id='line_1_79' title="bbox 2200 3513 3781 3583; baseline 0 -16"><span class='ocrx_word' id='word_1_628' title='bbox 2200 3523 2251 3568; x_wconf 88' lang='lat' dir='ltr'><strong>et</strong></span> <span class='ocrx_word' id='word_1_629' title='bbox 2287 3521 2520 3567; x_wconf 86' lang='lat' dir='ltr'><strong>curvatus</strong></span> <span class='ocrx_word' id='word_1_630' title='bbox 2549 3529 2660 3566; x_wconf 86' lang='lat' dir='ltr'><strong>sum</strong></span> <span class='ocrx_word' id='word_1_631' title='bbox 2688 3529 2844 3583; x_wconf 86' lang='lat' dir='ltr'><strong>usque</strong></span> <span class='ocrx_word' id='word_1_632' title='bbox 2891 3513 2945 3565; x_wconf 93' lang='lat' dir='ltr'><strong>in</strong></span> <span class='ocrx_word' id='word_1_633' title='bbox 2973 3513 3128 3582; x_wconf 79' lang='lat' dir='ltr'><strong>ﬁnem</strong></span> <span class='ocrx_word' id='word_1_634' title='bbox 3147 3555 3160 3578; x_wconf 96' lang='lat'><strong>,</strong></span> <span class='ocrx_word' id='word_1_635' title='bbox 3191 3521 3298 3567; x_wconf 88' lang='lat' dir='ltr'><strong>tota</strong></span> <span class='ocrx_word' id='word_1_636' title='bbox 3326 3513 3408 3566; x_wconf 87' lang='lat' dir='ltr'><strong>die</strong></span> <span class='ocrx_word' id='word_1_637' title='bbox 3449 3515 3781 3567; x_wconf 83' lang='lat' dir='ltr'><strong>contristatus</strong></span> 
     </span>
    </p>
   </div>
   <div class='ocr_carea' id='block_1_80' title="bbox 2201 3601 3778 3676">
    <p class='ocr_par' dir='ltr' id='par_1_80' title="bbox 2201 3601 3778 3676">
     <span class='ocr_line' id='line_1_80' title="bbox 2201 3601 3778 3676; baseline -0.001 -18"><span class='ocrx_word' id='word_1_638' title='bbox 2201 3603 2546 3676; x_wconf 79' lang='lat' dir='ltr'><strong>ingrediebar:</strong></span> <span class='ocrx_word' id='word_1_639' title='bbox 2574 3601 2833 3668; x_wconf 83' lang='lat' dir='ltr'><strong>Quoniam</strong></span> <span class='ocrx_word' id='word_1_640' title='bbox 2861 3601 3017 3656; x_wconf 85' lang='lat' dir='ltr'><strong>lumbi</strong></span> <span class='ocrx_word' id='word_1_641' title='bbox 3044 3605 3143 3657; x_wconf 87' lang='lat' dir='ltr'><strong>mei</strong></span> <span class='ocrx_word' id='word_1_642' title='bbox 3171 3604 3366 3670; x_wconf 80' lang='lat' dir='ltr'><strong>impleti</strong></span> <span class='ocrx_word' id='word_1_643' title='bbox 3386 3611 3501 3657; x_wconf 85' lang='lat' dir='ltr'><strong>sunt</strong></span> <span class='ocrx_word' id='word_1_644' title='bbox 3521 3603 3778 3658; x_wconf 74' lang='grc' dir='ltr'><strong>ξιιαείοηὶ-</strong></span> 
     </span>
    </p>
   </div>
   <div class='ocr_carea' id='block_1_81' title="bbox 2203 3693 3779 3763">
    <p class='ocr_par' dir='ltr' id='par_1_81' title="bbox 2203 3693 3779 3763">
     <span class='ocr_line' id='line_1_81' title="bbox 2203 3693 3779 3763; baseline -0.001 -15"><span class='ocrx_word' id='word_1_645' title='bbox 2203 3695 2314 3759; x_wconf 88' lang='lat' dir='ltr'><strong>bus,</strong></span> <span class='ocrx_word' id='word_1_646' title='bbox 2340 3704 2390 3750; x_wconf 89' lang='lat' dir='ltr'><strong>et</strong></span> <span class='ocrx_word' id='word_1_647' title='bbox 2427 3711 2532 3749; x_wconf 87' lang='lat' dir='ltr'><strong>non</strong></span> <span class='ocrx_word' id='word_1_648' title='bbox 2559 3703 2636 3749; x_wconf 87' lang='lat' dir='ltr'><strong>est</strong></span> <span class='ocrx_word' id='word_1_649' title='bbox 2658 3695 2858 3748; x_wconf 79' lang='lat' dir='ltr'><strong>sanitas</strong></span> <span class='ocrx_word' id='word_1_650' title='bbox 2898 3694 2952 3746; x_wconf 90' lang='lat' dir='ltr'><strong>in</strong></span> <span class='ocrx_word' id='word_1_651' title='bbox 2981 3710 3136 3747; x_wconf 87' lang='lat' dir='ltr'><strong>carne</strong></span> <span class='ocrx_word' id='word_1_652' title='bbox 3163 3710 3294 3747; x_wconf 86' lang='lat' dir='ltr'><strong>mea.</strong></span> <span class='ocrx_word' id='word_1_653' title='bbox 3322 3693 3553 3763; x_wconf 74' lang='lat' dir='ltr'><strong>Aﬂiictus</strong></span> <span class='ocrx_word' id='word_1_654' title='bbox 3592 3710 3704 3748; x_wconf 86' lang='lat' dir='ltr'><strong>sum</strong></span> <span class='ocrx_word' id='word_1_655' title='bbox 3729 3702 3779 3747; x_wconf 87' lang='lat' dir='ltr'><strong>et</strong></span> 
     </span>
    </p>
   </div>
   <div class='ocr_carea' id='block_1_82' title="bbox 2202 3783 3774 3856">
    <p class='ocr_par' dir='ltr' id='par_1_82' title="bbox 2202 3783 3774 3856">
     <span class='ocr_line' id='line_1_82' title="bbox 2202 3783 3774 3856; baseline 0 -16"><span class='ocrx_word' id='word_1_656' title='bbox 2202 3787 2499 3840; x_wconf 78' lang='lat' dir='ltr'><strong>humiliatus</strong></span> <span class='ocrx_word' id='word_1_657' title='bbox 2528 3803 2641 3840; x_wconf 88' lang='lat' dir='ltr'><strong>sum</strong></span> <span class='ocrx_word' id='word_1_658' title='bbox 2679 3785 2853 3850; x_wconf 87' lang='lat' dir='ltr'><strong>nimis,</strong></span> <span class='ocrx_word' id='word_1_659' title='bbox 2887 3783 3148 3855; x_wconf 87' lang='lat' dir='ltr'><strong>rugiebam</strong></span> <span class='ocrx_word' id='word_1_660' title='bbox 3181 3802 3212 3836; x_wconf 89' lang='lat' dir='ltr'><strong>a</strong></span> <span class='ocrx_word' id='word_1_661' title='bbox 3240 3787 3428 3856; x_wconf 87' lang='lat' dir='ltr'><strong>gemitu</strong></span> <span class='ocrx_word' id='word_1_662' title='bbox 3457 3785 3627 3839; x_wconf 85' lang='lat' dir='ltr'><strong>cordis</strong></span> <span class='ocrx_word' id='word_1_663' title='bbox 3654 3786 3774 3840; x_wconf 84' lang='lat' dir='ltr'><strong>mei.</strong></span> 
     </span>
    </p>
   </div>
   <div class='ocr_carea' id='block_1_83' title="bbox 2195 3876 3778 3948">
    <p class='ocr_par' dir='ltr' id='par_1_83' title="bbox 2195 3876 3778 3948">
     <span class='ocr_line' id='line_1_83' title="bbox 2195 3876 3778 3948; baseline 0 -16"><span class='ocrx_word' id='word_1_664' title='bbox 2195 3878 2449 3941; x_wconf 84' lang='lat' dir='ltr'><strong>Domine,</strong></span> <span class='ocrx_word' id='word_1_665' title='bbox 2483 3886 2603 3930; x_wconf 87' lang='lat' dir='ltr'><strong>ante</strong></span> <span class='ocrx_word' id='word_1_666' title='bbox 2641 3886 2689 3930; x_wconf 91' lang='lat' dir='ltr'><strong>te</strong></span> <span class='ocrx_word' id='word_1_667' title='bbox 2734 3893 2881 3930; x_wconf 90' lang='lat' dir='ltr'><strong>omne</strong></span> <span class='ocrx_word' id='word_1_668' title='bbox 2918 3876 3228 3930; x_wconf 83' lang='lat' dir='ltr'><strong>desiderium</strong></span> <span class='ocrx_word' id='word_1_669' title='bbox 3254 3893 3452 3942; x_wconf 79' lang='lat' dir='ltr'><strong>meum,</strong></span> <span class='ocrx_word' id='word_1_670' title='bbox 3491 3885 3542 3930; x_wconf 89' lang='lat' dir='ltr'><strong>et</strong></span> <span class='ocrx_word' id='word_1_671' title='bbox 3564 3879 3778 3948; x_wconf 78' lang='lat' dir='ltr'><strong>gemitus</strong></span> 
     </span>
    </p>
   </div>
   <div class='ocr_carea' id='block_1_84' title="bbox 2201 3965 3778 4032">
    <p class='ocr_par' dir='ltr' id='par_1_84' title="bbox 2201 3965 3778 4032">
     <span class='ocr_line' id='line_1_84' title="bbox 2201 3965 3778 4032; baseline 0 -10"><span class='ocrx_word' id='word_1_672' title='bbox 2201 3987 2342 4024; x_wconf 89' lang='lat' dir='ltr'><strong>meus</strong></span> <span class='ocrx_word' id='word_1_673' title='bbox 2370 3987 2402 4022; x_wconf 87' lang='lat' dir='ltr'><strong>a</strong></span> <span class='ocrx_word' id='word_1_674' title='bbox 2430 3979 2476 4022; x_wconf 88' lang='lat' dir='ltr'><strong>te</strong></span> <span class='ocrx_word' id='word_1_675' title='bbox 2504 3986 2607 4023; x_wconf 89' lang='lat' dir='ltr'><strong>non</strong></span> <span class='ocrx_word' id='word_1_676' title='bbox 2631 3975 2707 4021; x_wconf 89' lang='lat' dir='ltr'><strong>est</strong></span> <span class='ocrx_word' id='word_1_677' title='bbox 2729 3968 3078 4022; x_wconf 83' lang='lat' dir='ltr'><strong>absconditus.</strong></span> <span class='ocrx_word' id='word_1_678' title='bbox 3107 3965 3210 4022; x_wconf 90' lang='lat' dir='ltr'><strong>Cor</strong></span> <span class='ocrx_word' id='word_1_679' title='bbox 3236 3984 3402 4028; x_wconf 85' lang='lat' dir='ltr'><strong>meum</strong></span> <span class='ocrx_word' id='word_1_680' title='bbox 3419 3969 3778 4032; x_wconf 79' lang='lat' dir='ltr'><strong>conturbatum</strong></span> 
     </span>
    </p>
   </div>
   <div class='ocr_carea' id='block_1_85' title="bbox 2200 4052 3779 4130">
    <p class='ocr_par' dir='ltr' id='par_1_85' title="bbox 2200 4052 3779 4130">
     <span class='ocr_line' id='line_1_85' title="bbox 2200 4052 3779 4130; baseline 0.001 -17"><span class='ocrx_word' id='word_1_681' title='bbox 2200 4070 2294 4125; x_wconf 87' lang='lat' dir='ltr'><strong>est,</strong></span> <span class='ocrx_word' id='word_1_682' title='bbox 2327 4060 2594 4130; x_wconf 85' lang='lat' dir='ltr'><strong>dereliquit</strong></span> <span class='ocrx_word' id='word_1_683' title='bbox 2621 4076 2702 4112; x_wconf 88' lang='lat' dir='ltr'><strong>me</strong></span> <span class='ocrx_word' id='word_1_684' title='bbox 2724 4061 2881 4114; x_wconf 86' lang='lat' dir='ltr'><strong>virtus</strong></span> <span class='ocrx_word' id='word_1_685' title='bbox 2910 4077 3044 4126; x_wconf 90' lang='lat' dir='ltr'><strong>mea,</strong></span> <span class='ocrx_word' id='word_1_686' title='bbox 3073 4067 3123 4113; x_wconf 89' lang='lat' dir='ltr'><strong>et</strong></span> <span class='ocrx_word' id='word_1_687' title='bbox 3156 4059 3326 4114; x_wconf 82' lang='lat' dir='ltr'><strong>lumen</strong></span> <span class='ocrx_word' id='word_1_688' title='bbox 3351 4052 3616 4114; x_wconf 81' lang='lat' dir='ltr'><strong>oculorum</strong></span> <span class='ocrx_word' id='word_1_689' title='bbox 3640 4077 3779 4114; x_wconf 84' lang='lat' dir='ltr'><strong>meo-</strong></span> 
     </span>
    </p>
   </div>
   <div class='ocr_carea' id='block_1_86' title="bbox 2201 4151 3780 4222">
    <p class='ocr_par' dir='ltr' id='par_1_86' title="bbox 2201 4151 3780 4222">
     <span class='ocr_line' id='line_1_86' title="bbox 2201 4151 3780 4222; baseline 0.001 -17"><span class='ocrx_word' id='word_1_690' title='bbox 2201 4168 2340 4217; x_wconf 89' lang='lat' dir='ltr'><strong>rum,</strong></span> <span class='ocrx_word' id='word_1_691' title='bbox 2382 4160 2430 4204; x_wconf 89' lang='lat' dir='ltr'><strong>et</strong></span> <span class='ocrx_word' id='word_1_692' title='bbox 2459 4152 2626 4221; x_wconf 90' lang='lat' dir='ltr'><strong>ipsum</strong></span> <span class='ocrx_word' id='word_1_693' title='bbox 2659 4167 2763 4205; x_wconf 90' lang='lat' dir='ltr'><strong>non</strong></span> <span class='ocrx_word' id='word_1_694' title='bbox 2790 4159 2867 4205; x_wconf 88' lang='lat' dir='ltr'><strong>est</strong></span> <span class='ocrx_word' id='word_1_695' title='bbox 2905 4168 3119 4205; x_wconf 85' lang='lat' dir='ltr'><strong>mecum.</strong></span> <span class='ocrx_word' id='word_1_696' title='bbox 3165 4152 3332 4205; x_wconf 85' lang='lat' dir='ltr'><strong>Amici</strong></span> <span class='ocrx_word' id='word_1_697' title='bbox 3355 4151 3454 4205; x_wconf 79' lang='lat' dir='ltr'><strong>mei</strong></span> <span class='ocrx_word' id='word_1_698' title='bbox 3485 4158 3534 4205; x_wconf 89' lang='lat' dir='ltr'><strong>et</strong></span> <span class='ocrx_word' id='word_1_699' title='bbox 3553 4151 3780 4222; x_wconf 74' lang='lat' dir='ltr'><strong>proximi</strong></span> 
     </span>
    </p>
   </div>
   <div class='ocr_carea' id='block_1_87' title="bbox 2199 4240 3779 4314">
    <p class='ocr_par' dir='ltr' id='par_1_87' title="bbox 2199 4240 3779 4314">
     <span class='ocr_line' id='line_1_87' title="bbox 2199 4240 3779 4314; baseline -0.001 -19"><span class='ocrx_word' id='word_1_700' title='bbox 2199 4243 2300 4295; x_wconf 90' lang='lat' dir='ltr'><strong>mei</strong></span> <span class='ocrx_word' id='word_1_701' title='bbox 2327 4241 2592 4296; x_wconf 81' lang='lat' dir='ltr'><strong>adversum</strong></span> <span class='ocrx_word' id='word_1_702' title='bbox 2634 4258 2715 4295; x_wconf 89' lang='lat' dir='ltr'><strong>me</strong></span> <span class='ocrx_word' id='word_1_703' title='bbox 2743 4243 3277 4314; x_wconf 84' lang='lat' dir='ltr'><strong>appropinquaverunt</strong></span> <span class='ocrx_word' id='word_1_704' title='bbox 3319 4249 3369 4295; x_wconf 84' lang='lat' dir='ltr'><strong>et</strong></span> <span class='ocrx_word' id='word_1_705' title='bbox 3401 4249 3666 4296; x_wconf 85' lang='lat' dir='ltr'><strong>steterunt.</strong></span> <span class='ocrx_word' id='word_1_706' title='bbox 3707 4240 3779 4295; x_wconf 87' lang='lat' dir='ltr'><strong>Et</strong></span> 
     </span>
    </p>
   </div>
   <div class='ocr_carea' id='block_1_88' title="bbox 2201 4316 3780 4403">
    <p class='ocr_par' dir='ltr' id='par_1_88' title="bbox 2201 4316 3780 4403">
     <span class='ocr_line' id='line_1_88' title="bbox 2201 4316 3780 4403; baseline -0.001 -18"><span class='ocrx_word' id='word_1_707' title='bbox 2201 4333 2288 4403; x_wconf 86' lang='lat' dir='ltr'><strong>qui</strong></span> <span class='ocrx_word' id='word_1_708' title='bbox 2306 4333 2462 4403; x_wconf 71' lang='lat' dir='ltr'><strong>juxta</strong></span> <span class='ocrx_word' id='word_1_709' title='bbox 2491 4349 2570 4386; x_wconf 89' lang='lat' dir='ltr'><strong>me</strong></span> <span class='ocrx_word' id='word_1_710' title='bbox 2589 4341 2739 4386; x_wconf 89' lang='lat' dir='ltr'><strong>erant</strong></span> <span class='ocrx_word' id='word_1_711' title='bbox 2768 4332 2830 4386; x_wconf 86' lang='lat' dir='ltr'><strong>de</strong></span> <span class='ocrx_word' id='word_1_712' title='bbox 2855 4316 3005 4401; x_wconf 84' lang='lat' dir='ltr'><strong>longe</strong></span> <span class='ocrx_word' id='word_1_713' title='bbox 3027 4339 3293 4397; x_wconf 87' lang='lat' dir='ltr'><strong>steterunt,</strong></span> <span class='ocrx_word' id='word_1_714' title='bbox 3318 4341 3368 4385; x_wconf 91' lang='lat' dir='ltr'><strong>et</strong></span> <span class='ocrx_word' id='word_1_715' title='bbox 3395 4332 3496 4386; x_wconf 80' lang='lat' dir='ltr'><strong>vim</strong></span> <span class='ocrx_word' id='word_1_716' title='bbox 3522 4330 3780 4402; x_wconf 80' lang='lat' dir='ltr'><strong>faciebant</strong></span> 
     </span>
    </p>
   </div>
   <div class='ocr_carea' id='block_1_89' title="bbox 2200 4422 3779 4497">
    <p class='ocr_par' dir='ltr' id='par_1_89' title="bbox 2200 4422 3779 4497">
     <span class='ocr_line' id='line_1_89' title="bbox 2200 4422 3779 4497; baseline 0.001 -20"><span class='ocrx_word' id='word_1_717' title='bbox 2200 4425 2288 4495; x_wconf 88' lang='lat' dir='ltr'><strong>qui</strong></span> <span class='ocrx_word' id='word_1_718' title='bbox 2311 4423 2606 4497; x_wconf 78' lang='lat' dir='ltr'><strong>quwrebant</strong></span> <span class='ocrx_word' id='word_1_719' title='bbox 2634 4426 2861 4478; x_wconf 90' lang='lat' dir='ltr'><strong>animam</strong></span> <span class='ocrx_word' id='word_1_720' title='bbox 2883 4440 3069 4478; x_wconf 88' lang='lat' dir='ltr'><strong>meam.</strong></span> <span class='ocrx_word' id='word_1_721' title='bbox 3093 4423 3163 4476; x_wconf 88' lang='lat' dir='ltr'><strong>Et</strong></span> <span class='ocrx_word' id='word_1_722' title='bbox 3181 4424 3267 4495; x_wconf 89' lang='lat' dir='ltr'><strong>qui</strong></span> <span class='ocrx_word' id='word_1_723' title='bbox 3291 4422 3615 4496; x_wconf 81' lang='lat' dir='ltr'><strong>inquirebant</strong></span> <span class='ocrx_word' id='word_1_724' title='bbox 3640 4424 3779 4478; x_wconf 83' lang='lat' dir='ltr'><strong>mala</strong></span> 
     </span>
    </p>
   </div>
   <div class='ocr_carea' id='block_1_90' title="bbox 514 4509 3780 4588">
    <p class='ocr_par' dir='ltr' id='par_1_90' title="bbox 514 4509 3780 4588">
     <span class='ocr_line' id='line_1_90' title="bbox 514 4509 3780 4588; baseline -0 -17"><span class='ocrx_word' id='word_1_725' title='bbox 514 4522 862 4588; x_wconf 88' lang='lat' dir='ltr'><strong>provocatur.</strong></span> <span class='ocrx_word' id='word_1_726' title='bbox 893 4513 1002 4568; x_wconf 92' lang='lat' dir='ltr'><strong>Sed</strong></span> <span class='ocrx_word' id='word_1_727' title='bbox 1048 4513 1094 4566; x_wconf 92' lang='lat' dir='ltr'><strong>si</strong></span> <span class='ocrx_word' id='word_1_728' title='bbox 1121 4513 1406 4568; x_wconf 83' lang='lat' dir='ltr'><strong>haereditas</strong></span> <span class='ocrx_word' id='word_1_729' title='bbox 1442 4514 1559 4584; x_wconf 88' lang='lat' dir='ltr'><strong>ejus</strong></span> <span class='ocrx_word' id='word_1_730' title='bbox 1591 4515 1646 4570; x_wconf 91' lang='lat' dir='ltr'><strong>in</strong></span> <span class='ocrx_word' id='word_1_731' title='bbox 1691 4523 1950 4572; x_wconf 76' lang='lat' dir='ltr'><strong>aeternum</strong></span> <span class='ocrx_word' id='word_1_732' title='bbox 1978 4533 2095 4572; x_wconf 83' lang='lat' dir='ltr'><strong>ma—</strong></span> <span class='ocrx_word' id='word_1_733' title='bbox 2123 4509 2175 4570; x_wconf 84' lang='grc' dir='ltr'><strong>ι)</strong></span> <span class='ocrx_word' id='word_1_734' title='bbox 2199 4515 2343 4581; x_wconf 84' lang='lat' dir='ltr'><strong>mihi,</strong></span> <span class='ocrx_word' id='word_1_735' title='bbox 2371 4515 2528 4569; x_wconf 89' lang='lat' dir='ltr'><strong>locuti</strong></span> <span class='ocrx_word' id='word_1_736' title='bbox 2546 4524 2666 4570; x_wconf 88' lang='lat' dir='ltr'><strong>sunt</strong></span> <span class='ocrx_word' id='word_1_737' title='bbox 2693 4516 2962 4580; x_wconf 86' lang='lat' dir='ltr'><strong>vanitates,</strong></span> <span class='ocrx_word' id='word_1_738' title='bbox 2987 4522 3034 4569; x_wconf 85' lang='lat' dir='ltr'><strong>et</strong></span> <span class='ocrx_word' id='word_1_739' title='bbox 3055 4515 3200 4570; x_wconf 88' lang='lat' dir='ltr'><strong>dolos</strong></span> <span class='ocrx_word' id='word_1_740' title='bbox 3223 4522 3328 4569; x_wconf 88' lang='lat' dir='ltr'><strong>tota</strong></span> <span class='ocrx_word' id='word_1_741' title='bbox 3355 4515 3439 4569; x_wconf 87' lang='lat' dir='ltr'><strong>die</strong></span> <span class='ocrx_word' id='word_1_742' title='bbox 3465 4516 3780 4570; x_wconf 83' lang='lat' dir='ltr'><strong>meditaban-</strong></span> 
     </span>
    </p>
   </div>
   <div class='ocr_carea' id='block_1_91' title="bbox 514 4605 2098 4675">
    <p class='ocr_par' dir='ltr' id='par_1_91' title="bbox 514 4605 2098 4675">
     <span class='ocr_line' id='line_1_91' title="bbox 514 4605 2098 4675; baseline -0.001 -9"><span class='ocrx_word' id='word_1_743' title='bbox 514 4617 648 4674; x_wconf 85' lang='lat' dir='ltr'><strong>net,</strong></span> <span class='ocrx_word' id='word_1_744' title='bbox 683 4607 736 4662; x_wconf 88' lang='lat' dir='ltr'><strong>id</strong></span> <span class='ocrx_word' id='word_1_745' title='bbox 765 4614 867 4669; x_wconf 87' lang='lat' dir='ltr'><strong>est,</strong></span> <span class='ocrx_word' id='word_1_746' title='bbox 899 4607 945 4660; x_wconf 89' lang='lat' dir='ltr'><strong>si</strong></span> <span class='ocrx_word' id='word_1_747' title='bbox 973 4613 1286 4675; x_wconf 86' lang='lat' dir='ltr'><strong>perseverat</strong></span> <span class='ocrx_word' id='word_1_748' title='bbox 1314 4606 1367 4660; x_wconf 91' lang='lat' dir='ltr'><strong>in</strong></span> <span class='ocrx_word' id='word_1_749' title='bbox 1397 4605 1631 4671; x_wconf 88' lang='lat' dir='ltr'><strong>Christo,</strong></span> <span class='ocrx_word' id='word_1_750' title='bbox 1676 4623 1784 4663; x_wconf 90' lang='lat' dir='ltr'><strong>non</strong></span> <span class='ocrx_word' id='word_1_751' title='bbox 1806 4609 2098 4666; x_wconf 68' lang='lat' dir='ltr'><strong>confunde-</strong></span> 
     </span>
    </p>
   </div>
   <div class='ocr_carea' id='block_1_92' title="bbox 514 4697 2095 4768">
    <p class='ocr_par' dir='ltr' id='par_1_92' title="bbox 514 4697 2095 4768">
     <span class='ocr_line' id='line_1_92' title="bbox 514 4697 2095 4768; baseline -0.001 -13"><span class='ocrx_word' id='word_1_752' title='bbox 514 4709 606 4755; x_wconf 88' lang='lat' dir='ltr'><strong>tur</strong></span> <span class='ocrx_word' id='word_1_753' title='bbox 632 4699 689 4754; x_wconf 92' lang='lat' dir='ltr'><strong>in</strong></span> <span class='ocrx_word' id='word_1_754' title='bbox 717 4705 958 4768; x_wconf 89' lang='lat' dir='ltr'><strong>tempore</strong></span> <span class='ocrx_word' id='word_1_755' title='bbox 984 4697 1144 4762; x_wconf 91' lang='lat' dir='ltr'><strong>malo,</strong></span> <span class='ocrx_word' id='word_1_756' title='bbox 1189 4703 1244 4751; x_wconf 87' lang='lat' dir='ltr'><strong>et</strong></span> <span class='ocrx_word' id='word_1_757' title='bbox 1272 4697 1326 4751; x_wconf 92' lang='lat' dir='ltr'><strong>in</strong></span> <span class='ocrx_word' id='word_1_758' title='bbox 1352 4697 1541 4752; x_wconf 91' lang='lat' dir='ltr'><strong>diebus</strong></span> <span class='ocrx_word' id='word_1_759' title='bbox 1570 4698 1723 4753; x_wconf 89' lang='lat' dir='ltr'><strong>famis</strong></span> <span class='ocrx_word' id='word_1_760' title='bbox 1751 4700 2095 4765; x_wconf 87' lang='lat' dir='ltr'><strong>saturabitur,</strong></span> 
     </span>
    </p>
   </div>
   <div class='ocr_carea' id='block_1_93' title="bbox 512 4789 2098 4863">
    <p class='ocr_par' dir='ltr' id='par_1_93' title="bbox 512 4789 2098 4863">
     <span class='ocr_line' id='line_1_93' title="bbox 512 4789 2098 4863; baseline -0.002 -15"><span class='ocrx_word' id='word_1_761' title='bbox 512 4802 760 4863; x_wconf 82' lang='lat' dir='ltr'><strong>tempore</strong></span> <span class='ocrx_word' id='word_1_762' title='bbox 785 4805 892 4860; x_wconf 88' lang='lat' dir='ltr'><strong>quo</strong></span> <span class='ocrx_word' id='word_1_763' title='bbox 939 4797 1254 4861; x_wconf 87' lang='lat' dir='ltr'><strong>peccatores</strong></span> <span class='ocrx_word' id='word_1_764' title='bbox 1299 4797 1562 4859; x_wconf 88' lang='lat' dir='ltr'><strong>pereunt,</strong></span> <span class='ocrx_word' id='word_1_765' title='bbox 1611 4789 1772 4844; x_wconf 91' lang='lat' dir='ltr'><strong>modo</strong></span> <span class='ocrx_word' id='word_1_766' title='bbox 1800 4797 1978 4845; x_wconf 86' lang='lat' dir='ltr'><strong>autem</strong></span> <span class='ocrx_word' id='word_1_767' title='bbox 2017 4807 2098 4846; x_wconf 85' lang='lat' dir='ltr'><strong>re-</strong></span> 
     </span>
    </p>
   </div>
   <div class='ocr_carea' id='block_1_94' title="bbox 514 4879 2096 4953">
    <p class='ocr_par' dir='ltr' id='par_1_94' title="bbox 514 4879 2096 4953">
     <span class='ocr_line' id='line_1_94' title="bbox 514 4879 2096 4953; baseline -0.002 -15"><span class='ocrx_word' id='word_1_768' title='bbox 514 4890 684 4953; x_wconf 89' lang='lat' dir='ltr'><strong>gnant</strong></span> <span class='ocrx_word' id='word_1_769' title='bbox 708 4883 868 4937; x_wconf 88' lang='lat' dir='ltr'><strong>etiam</strong></span> <span class='ocrx_word' id='word_1_770' title='bbox 898 4880 998 4950; x_wconf 88' lang='lat' dir='ltr'><strong>ipsi</strong></span> <span class='ocrx_word' id='word_1_771' title='bbox 1042 4880 1243 4935; x_wconf 91' lang='lat' dir='ltr'><strong>inimici</strong></span> <span class='ocrx_word' id='word_1_772' title='bbox 1285 4879 1516 4944; x_wconf 88' lang='lat' dir='ltr'><strong>Domini,</strong></span> <span class='ocrx_word' id='word_1_773' title='bbox 1545 4880 1636 4948; x_wconf 92' lang='lat' dir='ltr'><strong>qui</strong></span> <span class='ocrx_word' id='word_1_774' title='bbox 1678 4880 1801 4935; x_wconf 89' lang='lat' dir='ltr'><strong>licet</strong></span> <span class='ocrx_word' id='word_1_775' title='bbox 1826 4881 2096 4936; x_wconf 89' lang='lat' dir='ltr'><strong>honoren-</strong></span> 
     </span>
    </p>
   </div>
   <div class='ocr_carea' id='block_1_95' title="bbox 513 4957 2093 5045">
    <p class='ocr_par' dir='ltr' id='par_1_95' title="bbox 513 4957 2093 5045">
     <span class='ocr_line' id='line_1_95' title="bbox 513 4957 2093 5045; baseline -0.003 -15"><span class='ocrx_word' id='word_1_776' title='bbox 513 4982 622 5042; x_wconf 83' lang='lat' dir='ltr'><strong>tur,</strong></span> <span class='ocrx_word' id='word_1_777' title='bbox 653 4982 708 5030; x_wconf 89' lang='lat' dir='ltr'><strong>et</strong></span> <span class='ocrx_word' id='word_1_778' title='bbox 735 4974 801 5028; x_wconf 86' lang='lat' dir='ltr'><strong>ab</strong></span> <span class='ocrx_word' id='word_1_779' title='bbox 842 4971 1207 5028; x_wconf 83' lang='lat' dir='ltr'><strong>adulatoribus</strong></span> <span class='ocrx_word' id='word_1_780' title='bbox 1249 4957 1573 5036; x_wconf 82' lang='lat' dir='ltr'><strong>exaltentur,</strong></span> <span class='ocrx_word' id='word_1_781' title='bbox 1604 4964 2093 5045; x_wconf 77' lang='lat' dir='ltr'><strong>deiicientes&#39;quasi</strong></span> 
     </span>
    </p>
   </div>
   <div class='ocr_carea' id='block_1_96' title="bbox 513 5060 2088 5126">
    <p class='ocr_par' dir='ltr' id='par_1_96' title="bbox 513 5060 2088 5126">
     <span class='ocr_line' id='line_1_96' title="bbox 513 5060 2088 5126; baseline -0.004 -5"><span class='ocrx_word' id='word_1_782' title='bbox 513 5066 691 5122; x_wconf 87' lang='lat' dir='ltr'><strong>fumus</strong></span> <span class='ocrx_word' id='word_1_783' title='bbox 709 5066 966 5123; x_wconf 88' lang='lat' dir='ltr'><strong>continuo</strong></span> <span class='ocrx_word' id='word_1_784' title='bbox 992 5062 1261 5118; x_wconf 83' lang='lat' dir='ltr'><strong>deficient.</strong></span> <span class='ocrx_word' id='word_1_785' title='bbox 1285 5060 1426 5117; x_wconf 87' lang='lat' dir='ltr'><strong>Justi</strong></span> <span class='ocrx_word' id='word_1_786' title='bbox 1453 5070 1632 5116; x_wconf 89' lang='lat' dir='ltr'><strong>autem</strong></span> <span class='ocrx_word' id='word_1_787' title='bbox 1655 5062 2088 5126; x_wconf 85' lang='lat' dir='ltr'><strong>exabundabunt,</strong></span> 
     </span>
    </p>
   </div>
   <div class='ocr_carea' id='block_1_97' title="bbox 513 5152 2093 5226">
    <p class='ocr_par' dir='ltr' id='par_1_97' title="bbox 513 5152 2093 5226">
     <span class='ocr_line' id='line_1_97' title="bbox 513 5152 2093 5226; baseline -0.003 -16"><span class='ocrx_word' id='word_1_788' title='bbox 513 5165 570 5211; x_wconf 93' lang='lat' dir='ltr'><strong>et</strong></span> <span class='ocrx_word' id='word_1_789' title='bbox 595 5158 906 5226; x_wconf 88' lang='lat' dir='ltr'><strong>largientur,</strong></span> <span class='ocrx_word' id='word_1_790' title='bbox 940 5164 993 5211; x_wconf 90' lang='lat' dir='ltr'><strong>et</strong></span> <span class='ocrx_word' id='word_1_791' title='bbox 1022 5156 1276 5210; x_wconf 91' lang='lat' dir='ltr'><strong>tribuent.</strong></span> <span class='ocrx_word' id='word_1_792' title='bbox 1307 5152 1539 5222; x_wconf 90' lang='lat' dir='ltr'><strong>lnjustus</strong></span> <span class='ocrx_word' id='word_1_793' title='bbox 1579 5161 1757 5207; x_wconf 90' lang='lat' dir='ltr'><strong>autem</strong></span> <span class='ocrx_word' id='word_1_794' title='bbox 1787 5154 1947 5206; x_wconf 90' lang='lat' dir='ltr'><strong>etiam</strong></span> <span class='ocrx_word' id='word_1_795' title='bbox 1974 5169 2093 5206; x_wconf 87' lang='lat' dir='ltr'><strong>mu-</strong></span> 
     </span>
    </p>
   </div>
   <div class='ocr_carea' id='block_1_98' title="bbox 512 5243 2092 5316">
    <p class='ocr_par' dir='ltr' id='par_1_98' title="bbox 512 5243 2092 5316">
     <span class='ocr_line' id='line_1_98' title="bbox 512 5243 2092 5316; baseline -0.001 -14"><span class='ocrx_word' id='word_1_796' title='bbox 512 5251 768 5314; x_wconf 88' lang='lat' dir='ltr'><strong>tuabitur,</strong></span> <span class='ocrx_word' id='word_1_797' title='bbox 801 5259 856 5303; x_wconf 94' lang='lat' dir='ltr'><strong>ct</strong></span> <span class='ocrx_word' id='word_1_798' title='bbox 881 5266 990 5304; x_wconf 90' lang='lat' dir='ltr'><strong>non</strong></span> <span class='ocrx_word' id='word_1_799' title='bbox 1030 5251 1222 5304; x_wconf 90' lang='lat' dir='ltr'><strong>solvet.</strong></span> <span class='ocrx_word' id='word_1_800' title='bbox 1255 5247 1480 5316; x_wconf 88' lang='lat' dir='ltr'><strong>Semper</strong></span> <span class='ocrx_word' id='word_1_801' title='bbox 1507 5261 1701 5300; x_wconf 88' lang='lat' dir='ltr'><strong>avarus</strong></span> <span class='ocrx_word' id='word_1_802' title='bbox 1741 5254 1878 5313; x_wconf 84' lang='lat' dir='ltr'><strong>eget.</strong></span> <span class='ocrx_word' id='word_1_803' title='bbox 1911 5243 2092 5300; x_wconf 83' lang='lat' dir='ltr'><strong>Justus</strong></span> 
     </span>
    </p>
   </div>
   <div class='ocr_carea' id='block_1_99' title="bbox 515 5334 2088 5407">
    <p class='ocr_par' dir='ltr' id='par_1_99' title="bbox 515 5334 2088 5407">
     <span class='ocr_line' id='line_1_99' title="bbox 515 5334 2088 5407; baseline -0.001 -16"><span class='ocrx_word' id='word_1_804' title='bbox 515 5346 694 5392; x_wconf 90' lang='lat' dir='ltr'><strong>autem</strong></span> <span class='ocrx_word' id='word_1_805' title='bbox 723 5338 846 5405; x_wconf 87' lang='lat' dir='ltr'><strong>quia</strong></span> <span class='ocrx_word' id='word_1_806' title='bbox 875 5353 905 5390; x_wconf 90' lang='lat' dir='ltr'><strong>a</strong></span> <span class='ocrx_word' id='word_1_807' title='bbox 933 5338 1161 5392; x_wconf 91' lang='lat' dir='ltr'><strong>Domino</strong></span> <span class='ocrx_word' id='word_1_808' title='bbox 1191 5352 1406 5407; x_wconf 88' lang='lat' dir='ltr'><strong>gressus</strong></span> <span class='ocrx_word' id='word_1_809' title='bbox 1434 5337 1553 5405; x_wconf 90' lang='lat' dir='ltr'><strong>ejus</strong></span> <span class='ocrx_word' id='word_1_810' title='bbox 1581 5335 1894 5403; x_wconf 89' lang='lat' dir='ltr'><strong>dirigentur,</strong></span> <span class='ocrx_word' id='word_1_811' title='bbox 1927 5334 2088 5389; x_wconf 88' lang='lat' dir='ltr'><strong>etiam</strong></span> 
     </span>
    </p>
   </div>
   <div class='ocr_carea' id='block_1_100' title="bbox 513 5425 2091 5498">
    <p class='ocr_par' dir='ltr' id='par_1_100' title="bbox 513 5425 2091 5498">
     <span class='ocr_line' id='line_1_100' title="bbox 513 5425 2091 5498; baseline -0.004 -13"><span class='ocrx_word' id='word_1_812' title='bbox 513 5429 559 5486; x_wconf 88' lang='lat' dir='ltr'><strong>si</strong></span> <span class='ocrx_word' id='word_1_813' title='bbox 573 5427 845 5494; x_wconf 90' lang='lat' dir='ltr'><strong>ceciderit,</strong></span> <span class='ocrx_word' id='word_1_814' title='bbox 865 5443 972 5482; x_wconf 91' lang='lat' dir='ltr'><strong>non</strong></span> <span class='ocrx_word' id='word_1_815' title='bbox 989 5430 1288 5491; x_wconf 90' lang='lat' dir='ltr'><strong>collidetur,</strong></span> <span class='ocrx_word' id='word_1_816' title='bbox 1306 5429 1433 5498; x_wconf 91' lang='lat' dir='ltr'><strong>quia</strong></span> <span class='ocrx_word' id='word_1_817' title='bbox 1445 5428 1702 5483; x_wconf 87' lang='lat' dir='ltr'><strong>Dominus</strong></span> <span class='ocrx_word' id='word_1_818' title='bbox 1716 5425 1968 5496; x_wconf 88' lang='lat' dir='ltr'><strong>supponit</strong></span> <span class='ocrx_word' id='word_1_819' title='bbox 1984 5440 2091 5480; x_wconf 92' lang='lat' dir='ltr'><strong>ma-</strong></span> 
     </span>
    </p>
   </div>
   <div class='ocr_carea' id='block_1_101' title="bbox 511 5519 2090 5592">
    <p class='ocr_par' dir='ltr' id='par_1_101' title="bbox 511 5519 2090 5592">
     <span class='ocr_line' id='line_1_101' title="bbox 511 5519 2090 5592; baseline -0.003 -14"><span class='ocrx_word' id='word_1_820' title='bbox 511 5537 640 5578; x_wconf 86' lang='lat' dir='ltr'><strong>num</strong></span> <span class='ocrx_word' id='word_1_821' title='bbox 662 5536 830 5575; x_wconf 92' lang='lat' dir='ltr'><strong>suam.</strong></span> <span class='ocrx_word' id='word_1_822' title='bbox 856 5519 1162 5576; x_wconf 81' lang='lat' dir='ltr'><strong>Recordare</strong></span> <span class='ocrx_word' id='word_1_823' title='bbox 1183 5521 1249 5575; x_wconf 91' lang='lat' dir='ltr'><strong>ab</strong></span> <span class='ocrx_word' id='word_1_824' title='bbox 1270 5522 1443 5587; x_wconf 92' lang='lat' dir='ltr'><strong>initio,</strong></span> <span class='ocrx_word' id='word_1_825' title='bbox 1465 5530 1520 5578; x_wconf 90' lang='lat' dir='ltr'><strong>et</strong></span> <span class='ocrx_word' id='word_1_826' title='bbox 1534 5521 1738 5576; x_wconf 91' lang='lat' dir='ltr'><strong>videbis</strong></span> <span class='ocrx_word' id='word_1_827' title='bbox 1748 5519 1949 5590; x_wconf 90' lang='lat' dir='ltr'><strong>justum</strong></span> <span class='ocrx_word' id='word_1_828' title='bbox 1971 5537 2090 5592; x_wconf 89' lang='lat' dir='ltr'><strong>pre-</strong></span> 
     </span>
    </p>
   </div>
   <div class='ocr_carea' id='block_1_102' title="bbox 510 5613 2087 5685">
    <p class='ocr_par' dir='ltr' id='par_1_102' title="bbox 510 5613 2087 5685">
     <span class='ocr_line' id='line_1_102' title="bbox 510 5613 2087 5685; baseline -0.001 -15"><span class='ocrx_word' id='word_1_829' title='bbox 510 5613 693 5670; x_wconf 88' lang='lat' dir='ltr'><strong>batum</strong></span> <span class='ocrx_word' id='word_1_830' title='bbox 713 5613 892 5685; x_wconf 90' lang='lat' dir='ltr'><strong>potius</strong></span> <span class='ocrx_word' id='word_1_831' title='bbox 912 5627 1073 5682; x_wconf 89' lang='lat' dir='ltr'><strong>quam</strong></span> <span class='ocrx_word' id='word_1_832' title='bbox 1092 5613 1396 5683; x_wconf 88' lang='lat' dir='ltr'><strong>deceptum,</strong></span> <span class='ocrx_word' id='word_1_833' title='bbox 1421 5631 1528 5669; x_wconf 93' lang='lat' dir='ltr'><strong>non</strong></span> <span class='ocrx_word' id='word_1_834' title='bbox 1556 5613 1959 5683; x_wconf 88' lang='lat' dir='ltr'><strong>derelinquitur.</strong></span> <span class='ocrx_word' id='word_1_835' title='bbox 1986 5613 2087 5680; x_wconf 90' lang='lat' dir='ltr'><strong>Qui</strong></span> 
     </span>
    </p>
   </div>
   <div class='ocr_carea' id='block_1_103' title="bbox 510 5703 2086 5774">
    <p class='ocr_par' dir='ltr' id='par_1_103' title="bbox 510 5703 2086 5774">
     <span class='ocr_line' id='line_1_103' title="bbox 510 5703 2086 5774; baseline -0.001 -11"><span class='ocrx_word' id='word_1_836' title='bbox 510 5706 799 5774; x_wconf 72' lang='lat' dir='ltr'><strong>declinata</strong></span> <span class='ocrx_word' id='word_1_837' title='bbox 828 5707 970 5762; x_wconf 91' lang='lat' dir='ltr'><strong>malo</strong></span> <span class='ocrx_word' id='word_1_838' title='bbox 992 5713 1050 5761; x_wconf 93' lang='lat' dir='ltr'><strong>ut</strong></span> <span class='ocrx_word' id='word_1_839' title='bbox 1077 5703 1238 5762; x_wconf 90' lang='lat' dir='ltr'><strong>faciat</strong></span> <span class='ocrx_word' id='word_1_840' title='bbox 1257 5704 1477 5773; x_wconf 90' lang='lat' dir='ltr'><strong>bonum,</strong></span> <span class='ocrx_word' id='word_1_841' title='bbox 1501 5707 1556 5763; x_wconf 91' lang='lat' dir='ltr'><strong>in</strong></span> <span class='ocrx_word' id='word_1_842' title='bbox 1581 5714 1842 5764; x_wconf 64' lang='lat' dir='ltr'><strong>aeternum</strong></span> <span class='ocrx_word' id='word_1_843' title='bbox 1867 5721 2086 5763; x_wconf 89' lang='lat' dir='ltr'><strong>conser-</strong></span> 
     </span>
    </p>
   </div>
   <div class='ocr_carea' id='block_1_104' title="bbox 2201 4603 3778 4680">
    <p class='ocr_par' dir='ltr' id='par_1_104' title="bbox 2201 4603 3778 4680">
     <span class='ocr_line' id='line_1_104' title="bbox 2201 4603 3778 4680; baseline 0.001 -22"><span class='ocrx_word' id='word_1_844' title='bbox 2201 4615 2300 4680; x_wconf 75' lang='lat' dir='ltr'><strong>tur.</strong></span> <span class='ocrx_word' id='word_1_845' title='bbox 2335 4605 2447 4676; x_wconf 88' lang='lat' dir='ltr'><strong>Ego</strong></span> <span class='ocrx_word' id='word_1_846' title='bbox 2477 4617 2646 4660; x_wconf 86' lang='lat' dir='ltr'><strong>autem</strong></span> <span class='ocrx_word' id='word_1_847' title='bbox 2671 4613 2916 4675; x_wconf 87' lang='lat' dir='ltr'><strong>tanquam</strong></span> <span class='ocrx_word' id='word_1_848' title='bbox 2941 4604 3128 4660; x_wconf 89' lang='lat' dir='ltr'><strong>surdus</strong></span> <span class='ocrx_word' id='word_1_849' title='bbox 3166 4619 3269 4661; x_wconf 89' lang='lat' dir='ltr'><strong>non</strong></span> <span class='ocrx_word' id='word_1_850' title='bbox 3297 4603 3585 4670; x_wconf 87' lang='lat' dir='ltr'><strong>audiebam,</strong></span> <span class='ocrx_word' id='word_1_851' title='bbox 3609 4615 3660 4659; x_wconf 89' lang='lat' dir='ltr'><strong>et</strong></span> <span class='ocrx_word' id='word_1_852' title='bbox 3685 4606 3778 4659; x_wconf 55' lang='lat' dir='ltr'><strong>sic.</strong></span> 
     </span>
    </p>
   </div>
   <div class='ocr_carea' id='block_1_105' title="bbox 2198 4698 3776 4771">
    <p class='ocr_par' dir='ltr' id='par_1_105' title="bbox 2198 4698 3776 4771">
     <span class='ocr_line' id='line_1_105' title="bbox 2198 4698 3776 4771; baseline 0 -20"><span class='ocrx_word' id='word_1_853' title='bbox 2198 4705 2256 4751; x_wconf 89' lang='lat' dir='ltr'><strong>ut</strong></span> <span class='ocrx_word' id='word_1_854' title='bbox 2279 4707 2446 4752; x_wconf 90' lang='lat' dir='ltr'><strong>mutus</strong></span> <span class='ocrx_word' id='word_1_855' title='bbox 2472 4717 2577 4753; x_wconf 87' lang='lat' dir='ltr'><strong>non</strong></span> <span class='ocrx_word' id='word_1_856' title='bbox 2623 4699 2860 4769; x_wconf 81' lang='lat' dir='ltr'><strong>aperiens</strong></span> <span class='ocrx_word' id='word_1_857' title='bbox 2899 4716 2957 4752; x_wconf 88' lang='lat' dir='ltr'><strong>os</strong></span> <span class='ocrx_word' id='word_1_858' title='bbox 2989 4715 3154 4753; x_wconf 87' lang='lat' dir='ltr'><strong>suum.</strong></span> <span class='ocrx_word' id='word_1_859' title='bbox 3189 4698 3257 4752; x_wconf 88' lang='lat' dir='ltr'><strong>Et</strong></span> <span class='ocrx_word' id='word_1_860' title='bbox 3287 4701 3454 4771; x_wconf 79' lang='lat' dir='ltr'><strong>factus</strong></span> <span class='ocrx_word' id='word_1_861' title='bbox 3500 4715 3613 4753; x_wconf 83' lang='lat' dir='ltr'><strong>sum</strong></span> <span class='ocrx_word' id='word_1_862' title='bbox 3648 4700 3776 4753; x_wconf 84' lang='lat' dir='ltr'><strong>sicut</strong></span> 
     </span>
    </p>
   </div>
   <div class='ocr_carea' id='block_1_106' title="bbox 2199 4791 3776 4862">
    <p class='ocr_par' dir='ltr' id='par_1_106' title="bbox 2199 4791 3776 4862">
     <span class='ocr_line' id='line_1_106' title="bbox 2199 4791 3776 4862; baseline 0 -19"><span class='ocrx_word' id='word_1_863' title='bbox 2199 4792 2349 4846; x_wconf 82' lang='lat' dir='ltr'><strong>homo</strong></span> <span class='ocrx_word' id='word_1_864' title='bbox 2371 4807 2473 4845; x_wconf 90' lang='lat' dir='ltr'><strong>non</strong></span> <span class='ocrx_word' id='word_1_865' title='bbox 2501 4791 2736 4857; x_wconf 87' lang='lat' dir='ltr'><strong>audiens,</strong></span> <span class='ocrx_word' id='word_1_866' title='bbox 2777 4800 2825 4844; x_wconf 89' lang='lat' dir='ltr'><strong>et</strong></span> <span class='ocrx_word' id='word_1_867' title='bbox 2848 4808 2950 4845; x_wconf 89' lang='lat' dir='ltr'><strong>non</strong></span> <span class='ocrx_word' id='word_1_868' title='bbox 2980 4791 3170 4845; x_wconf 86' lang='lat' dir='ltr'><strong>habens</strong></span> <span class='ocrx_word' id='word_1_869' title='bbox 3213 4791 3268 4844; x_wconf 90' lang='lat' dir='ltr'><strong>in</strong></span> <span class='ocrx_word' id='word_1_870' title='bbox 3296 4808 3383 4845; x_wconf 89' lang='lat' dir='ltr'><strong>ore</strong></span> <span class='ocrx_word' id='word_1_871' title='bbox 3408 4807 3500 4846; x_wconf 86' lang='lat' dir='ltr'><strong>suo</strong></span> <span class='ocrx_word' id='word_1_872' title='bbox 3529 4791 3776 4862; x_wconf 85' lang='lat' dir='ltr'><strong>redargu-</strong></span> 
     </span>
    </p>
   </div>
   <div class='ocr_carea' id='block_1_107' title="bbox 2199 4880 3770 4952">
    <p class='ocr_par' dir='ltr' id='par_1_107' title="bbox 2199 4880 3770 4952">
     <span class='ocr_line' id='line_1_107' title="bbox 2199 4880 3770 4952; baseline 0.001 -18"><span class='ocrx_word' id='word_1_873' title='bbox 2199 4883 2382 4935; x_wconf 86' lang='lat' dir='ltr'><strong>tiones.</strong></span> <span class='ocrx_word' id='word_1_874' title='bbox 2403 4880 2659 4944; x_wconf 77' lang='lat' dir='ltr'><strong>Quoniam</strong></span> <span class='ocrx_word' id='word_1_875' title='bbox 2673 4883 2727 4935; x_wconf 90' lang='lat' dir='ltr'><strong>in</strong></span> <span class='ocrx_word' id='word_1_876' title='bbox 2749 4881 2819 4946; x_wconf 84' lang='lat' dir='ltr'><strong>te,</strong></span> <span class='ocrx_word' id='word_1_877' title='bbox 2840 4881 3078 4946; x_wconf 86' lang='lat' dir='ltr'><strong>Domine,</strong></span> <span class='ocrx_word' id='word_1_878' title='bbox 3094 4883 3312 4952; x_wconf 87' lang='lat' dir='ltr'><strong>speravi,</strong></span> <span class='ocrx_word' id='word_1_879' title='bbox 3338 4890 3390 4935; x_wconf 90' lang='lat' dir='ltr'><strong>tu</strong></span> <span class='ocrx_word' id='word_1_880' title='bbox 3410 4882 3656 4936; x_wconf 78' lang='lat' dir='ltr'><strong>exaudies</strong></span> <span class='ocrx_word' id='word_1_881' title='bbox 3675 4898 3770 4945; x_wconf 87' lang='lat' dir='ltr'><strong>me,</strong></span> 
     </span>
    </p>
   </div>
   <div class='ocr_carea' id='block_1_108' title="bbox 2200 4971 3772 5045">
    <p class='ocr_par' dir='ltr' id='par_1_108' title="bbox 2200 4971 3772 5045">
     <span class='ocr_line' id='line_1_108' title="bbox 2200 4971 3772 5045; baseline 0 -19"><span class='ocrx_word' id='word_1_882' title='bbox 2200 4973 2420 5027; x_wconf 89' lang='lat' dir='ltr'><strong>Domine</strong></span> <span class='ocrx_word' id='word_1_883' title='bbox 2439 4972 2581 5027; x_wconf 86' lang='lat' dir='ltr'><strong>Dens</strong></span> <span class='ocrx_word' id='word_1_884' title='bbox 2605 4990 2764 5028; x_wconf 89' lang='lat' dir='ltr'><strong>meus.</strong></span> <span class='ocrx_word' id='word_1_885' title='bbox 2811 4971 2945 5037; x_wconf 88' lang='lat' dir='ltr'><strong>Quin</strong></span> <span class='ocrx_word' id='word_1_886' title='bbox 2970 4974 3081 5028; x_wconf 70' lang='lat' dir='ltr'><strong>dixi</strong></span> <span class='ocrx_word' id='word_1_887' title='bbox 3119 4990 3136 5027; x_wconf 90' lang='lat'><em>:</em></span> <span class='ocrx_word' id='word_1_888' title='bbox 3169 4971 3460 5045; x_wconf 87' lang='lat' dir='ltr'><strong>Nequando</strong></span> <span class='ocrx_word' id='word_1_889' title='bbox 3491 4990 3772 5045; x_wconf 84' lang='lat' dir='ltr'><strong>supergau-</strong></span> 
     </span>
    </p>
   </div>
   <div class='ocr_carea' id='block_1_109' title="bbox 2197 5052 3771 5137">
    <p class='ocr_par' dir='ltr' id='par_1_109' title="bbox 2197 5052 3771 5137">
     <span class='ocr_line' id='line_1_109' title="bbox 2197 5052 3771 5137; baseline 0.002 -20"><span class='ocrx_word' id='word_1_890' title='bbox 2197 5065 2352 5118; x_wconf 86' lang='lat' dir='ltr'><strong>deant</strong></span> <span class='ocrx_word' id='word_1_891' title='bbox 2372 5065 2496 5118; x_wconf 84' lang='lat' dir='ltr'><strong>mihi</strong></span> <span class='ocrx_word' id='word_1_892' title='bbox 2513 5066 2710 5118; x_wconf 87' lang='lat' dir='ltr'><strong>inimici</strong></span> <span class='ocrx_word' id='word_1_893' title='bbox 2729 5066 2847 5129; x_wconf 89' lang='lat' dir='ltr'><strong>mei,</strong></span> <span class='ocrx_word' id='word_1_894' title='bbox 2864 5072 2912 5119; x_wconf 86' lang='lat' dir='ltr'><strong>et</strong></span> <span class='ocrx_word' id='word_1_895' title='bbox 2934 5057 3064 5118; x_wconf 24' lang='lat' dir='ltr'><strong>dum.</strong></span> <span class='ocrx_word' id='word_1_896' title='bbox 3077 5074 3453 5120; x_wconf 81' lang='lat' dir='ltr'><strong>commoventur</strong></span> <span class='ocrx_word' id='word_1_897' title='bbox 3472 5065 3626 5137; x_wconf 83' lang='lat' dir='ltr'><strong>pedes</strong></span> <span class='ocrx_word' id='word_1_898' title='bbox 3652 5052 3771 5129; x_wconf 75' lang='lat' dir='ltr'><strong>mei,</strong></span> 
     </span>
    </p>
   </div>
   <div class='ocr_carea' id='block_1_110' title="bbox 2196 5152 3773 5229">
    <p class='ocr_par' dir='ltr' id='par_1_110' title="bbox 2196 5152 3773 5229">
     <span class='ocr_line' id='line_1_110' title="bbox 2196 5152 3773 5229; baseline 0 -19"><span class='ocrx_word' id='word_1_899' title='bbox 2196 5173 2348 5227; x_wconf 85' lang='lat' dir='ltr'><strong>super</strong></span> <span class='ocrx_word' id='word_1_900' title='bbox 2375 5173 2454 5210; x_wconf 91' lang='lat' dir='ltr'><strong>me</strong></span> <span class='ocrx_word' id='word_1_901' title='bbox 2474 5173 2664 5228; x_wconf 89' lang='lat' dir='ltr'><strong>magna</strong></span> <span class='ocrx_word' id='word_1_902' title='bbox 2706 5157 2862 5210; x_wconf 84' lang='lat' dir='ltr'><strong>locuti</strong></span> <span class='ocrx_word' id='word_1_903' title='bbox 2889 5165 3026 5208; x_wconf 89' lang='lat' dir='ltr'><strong>sunt.</strong></span> <span class='ocrx_word' id='word_1_904' title='bbox 3057 5152 3328 5218; x_wconf 84' lang='lat' dir='ltr'><strong>&#39;Qnoniam</strong></span> <span class='ocrx_word' id='word_1_905' title='bbox 3360 5173 3454 5228; x_wconf 88' lang='lat' dir='ltr'><strong>ego</strong></span> <span class='ocrx_word' id='word_1_906' title='bbox 3484 5157 3536 5210; x_wconf 90' lang='lat' dir='ltr'><strong>in</strong></span> <span class='ocrx_word' id='word_1_907' title='bbox 3564 5155 3773 5229; x_wconf 81' lang='lat' dir='ltr'><strong>ﬂagella</strong></span> 
     </span>
    </p>
   </div>
   <div class='ocr_carea' id='block_1_111' title="bbox 2197 5246 3768 5318">
    <p class='ocr_par' dir='ltr' id='par_1_111' title="bbox 2197 5246 3768 5318">
     <span class='ocr_line' id='line_1_111' title="bbox 2197 5246 3768 5318; baseline -0.001 -19"><span class='ocrx_word' id='word_1_908' title='bbox 2197 5256 2410 5318; x_wconf 85' lang='lat' dir='ltr'><strong>paratus</strong></span> <span class='ocrx_word' id='word_1_909' title='bbox 2441 5264 2572 5311; x_wconf 89' lang='lat' dir='ltr'><strong>sum,</strong></span> <span class='ocrx_word' id='word_1_910' title='bbox 2605 5256 2654 5300; x_wconf 88' lang='lat' dir='ltr'><strong>et</strong></span> <span class='ocrx_word' id='word_1_911' title='bbox 2677 5247 2825 5300; x_wconf 87' lang='lat' dir='ltr'><strong>dolor</strong></span> <span class='ocrx_word' id='word_1_912' title='bbox 2846 5262 2985 5299; x_wconf 88' lang='lat' dir='ltr'><strong>meus</strong></span> <span class='ocrx_word' id='word_1_913' title='bbox 3029 5246 3082 5298; x_wconf 88' lang='lat' dir='ltr'><strong>in</strong></span> <span class='ocrx_word' id='word_1_914' title='bbox 3110 5255 3380 5317; x_wconf 84' lang='lat' dir='ltr'><strong>conspectu</strong></span> <span class='ocrx_word' id='word_1_915' title='bbox 3407 5263 3516 5301; x_wconf 87' lang='lat' dir='ltr'><strong>meo</strong></span> <span class='ocrx_word' id='word_1_916' title='bbox 3555 5264 3768 5318; x_wconf 78' lang='lat' dir='ltr'><strong>semper.</strong></span> 
     </span>
    </p>
   </div>
   <div class='ocr_carea' id='block_1_112' title="bbox 2199 5336 3770 5408">
    <p class='ocr_par' dir='ltr' id='par_1_112' title="bbox 2199 5336 3770 5408">
     <span class='ocr_line' id='line_1_112' title="bbox 2199 5336 3770 5408; baseline 0.001 -17"><span class='ocrx_word' id='word_1_917' title='bbox 2199 5339 2458 5403; x_wconf 79' lang='lat' dir='ltr'><strong>Quoniam</strong></span> <span class='ocrx_word' id='word_1_918' title='bbox 2487 5339 2813 5408; x_wconf 87' lang='lat' dir='ltr'><strong>iniquitatem</strong></span> <span class='ocrx_word' id='word_1_919' title='bbox 2851 5353 3018 5390; x_wconf 87' lang='lat' dir='ltr'><strong>meam</strong></span> <span class='ocrx_word' id='word_1_920' title='bbox 3065 5337 3414 5404; x_wconf 87' lang='lat' dir='ltr'><strong>annuntiabo,</strong></span> <span class='ocrx_word' id='word_1_921' title='bbox 3445 5347 3492 5392; x_wconf 82' lang='lat' dir='ltr'><strong>et</strong></span> <span class='ocrx_word' id='word_1_922' title='bbox 3538 5336 3770 5408; x_wconf 81' lang='lat' dir='ltr'><strong>cogitabo</strong></span> 
     </span>
    </p>
   </div>
   <div class='ocr_carea' id='block_1_113' title="bbox 2194 5426 3774 5501">
    <p class='ocr_par' dir='ltr' id='par_1_113' title="bbox 2194 5426 3774 5501">
     <span class='ocr_line' id='line_1_113' title="bbox 2194 5426 3774 5501; baseline -0.003 -16"><span class='ocrx_word' id='word_1_923' title='bbox 2194 5448 2286 5500; x_wconf 92' lang='lat' dir='ltr'><strong>pro</strong></span> <span class='ocrx_word' id='word_1_924' title='bbox 2315 5438 2523 5501; x_wconf 85' lang='lat' dir='ltr'><strong>peccato</strong></span> <span class='ocrx_word' id='word_1_925' title='bbox 2552 5445 2681 5482; x_wconf 89' lang='lat' dir='ltr'><strong>meo.</strong></span> <span class='ocrx_word' id='word_1_926' title='bbox 2718 5426 2926 5481; x_wconf 82' lang='lat' dir='ltr'><strong>Inimici</strong></span> <span class='ocrx_word' id='word_1_927' title='bbox 2963 5439 3132 5483; x_wconf 89' lang='lat' dir='ltr'><strong>autem</strong></span> <span class='ocrx_word' id='word_1_928' title='bbox 3160 5429 3261 5482; x_wconf 87' lang='lat' dir='ltr'><strong>mei</strong></span> <span class='ocrx_word' id='word_1_929' title='bbox 3288 5429 3476 5495; x_wconf 87' lang='lat' dir='ltr'><strong>vivunt,</strong></span> <span class='ocrx_word' id='word_1_930' title='bbox 3505 5438 3554 5482; x_wconf 87' lang='lat' dir='ltr'><strong>et</strong></span> <span class='ocrx_word' id='word_1_931' title='bbox 3580 5429 3774 5499; x_wconf 82' lang='lat' dir='ltr'><strong>con/ir-</strong></span> 
     </span>
    </p>
   </div>
   <div class='ocr_carea' id='block_1_114' title="bbox 2194 5512 3773 5592">
    <p class='ocr_par' dir='ltr' id='par_1_114' title="bbox 2194 5512 3773 5592">
     <span class='ocr_line' id='line_1_114' title="bbox 2194 5512 3773 5592; baseline -0.001 -16"><span class='ocrx_word' id='word_1_932' title='bbox 2194 5522 2320 5576; x_wconf 87' lang='lat' dir='ltr'><strong>mati</strong></span> <span class='ocrx_word' id='word_1_933' title='bbox 2339 5529 2456 5574; x_wconf 86' lang='lat' dir='ltr'><strong>sunt</strong></span> <span class='ocrx_word' id='word_1_934' title='bbox 2486 5537 2638 5590; x_wconf 87' lang='lat' dir='ltr'><strong>super</strong></span> <span class='ocrx_word' id='word_1_935' title='bbox 2656 5535 2753 5584; x_wconf 88' lang='lat' dir='ltr'><strong>me,</strong></span> <span class='ocrx_word' id='word_1_936' title='bbox 2777 5527 2826 5572; x_wconf 90' lang='lat' dir='ltr'><strong>et</strong></span> <span class='ocrx_word' id='word_1_937' title='bbox 2850 5518 3177 5591; x_wconf 86' lang='lat' dir='ltr'><strong>multiplicati</strong></span> <span class='ocrx_word' id='word_1_938' title='bbox 3205 5512 3323 5573; x_wconf 86' lang='lat' dir='ltr'><strong>sunt</strong></span> <span class='ocrx_word' id='word_1_939' title='bbox 3349 5520 3436 5592; x_wconf 88' lang='lat' dir='ltr'><strong>qui</strong></span> <span class='ocrx_word' id='word_1_940' title='bbox 3456 5513 3673 5575; x_wconf 82' lang='lat' dir='ltr'><strong>aderunt</strong></span> <span class='ocrx_word' id='word_1_941' title='bbox 3692 5535 3773 5574; x_wconf 87' lang='lat' dir='ltr'><strong>me</strong></span> 
     </span>
    </p>
   </div>
   <div class='ocr_carea' id='block_1_115' title="bbox 2192 5609 3770 5680">
    <p class='ocr_par' dir='ltr' id='par_1_115' title="bbox 2192 5609 3770 5680">
     <span class='ocr_line' id='line_1_115' title="bbox 2192 5609 3770 5680; baseline -0.003 -13"><span class='ocrx_word' id='word_1_942' title='bbox 2192 5615 2379 5678; x_wconf 84' lang='lat' dir='ltr'><strong>inique.</strong></span> <span class='ocrx_word' id='word_1_943' title='bbox 2415 5610 2516 5675; x_wconf 91' lang='lat' dir='ltr'><strong>Qui</strong></span> <span class='ocrx_word' id='word_1_944' title='bbox 2537 5609 2820 5664; x_wconf 79' lang='lat' dir='ltr'><strong>retribuunt</strong></span> <span class='ocrx_word' id='word_1_945' title='bbox 2849 5611 2989 5665; x_wconf 85' lang='lat' dir='ltr'><strong>mala</strong></span> <span class='ocrx_word' id='word_1_946' title='bbox 3018 5628 3112 5680; x_wconf 90' lang='lat' dir='ltr'><strong>pro</strong></span> <span class='ocrx_word' id='word_1_947' title='bbox 3133 5610 3280 5666; x_wconf 88' lang='lat' dir='ltr'><strong>bonis</strong></span> <span class='ocrx_word' id='word_1_948' title='bbox 3309 5609 3641 5665; x_wconf 74' lang='lat' dir='ltr'><strong>detrahebant</strong></span> <span class='ocrx_word' id='word_1_949' title='bbox 3669 5612 3770 5665; x_wconf 86' lang='lat' dir='ltr'><strong>mi-</strong></span> 
     </span>
    </p>
   </div>
   <div class='ocr_carea' id='block_1_116' title="bbox 2195 5701 3764 5778">
    <p class='ocr_par' dir='ltr' id='par_1_116' title="bbox 2195 5701 3764 5778">
     <span class='ocr_line' id='line_1_116' title="bbox 2195 5701 3764 5778; baseline -0.001 -18"><span class='ocrx_word' id='word_1_950' title='bbox 2195 5705 2266 5773; x_wconf 79' lang='lat' dir='ltr'><strong>lii,</strong></span> <span class='ocrx_word' id='word_1_951' title='bbox 2297 5704 2538 5776; x_wconf 81' lang='lat' dir='ltr'><strong>quoniam</strong></span> <span class='ocrx_word' id='word_1_952' title='bbox 2578 5701 2822 5775; x_wconf 86' lang='lat' dir='ltr'><strong>sequebar</strong></span> <span class='ocrx_word' id='word_1_953' title='bbox 2843 5703 3138 5758; x_wconf 82' lang='lat' dir='ltr'><strong>bonitatem.</strong></span> <span class='ocrx_word' id='word_1_954' title='bbox 3167 5701 3290 5760; x_wconf 86' lang='lat' dir='ltr'><strong>Non</strong></span> <span class='ocrx_word' id='word_1_955' title='bbox 3313 5703 3637 5778; x_wconf 74' lang='lat' dir='ltr'><strong>derelinquas</strong></span> <span class='ocrx_word' id='word_1_956' title='bbox 3665 5721 3764 5774; x_wconf 85' lang='lat' dir='ltr'><strong>me,</strong></span> 
     </span>
    </p>
   </div>
  </div>
