4246 6264
364 207 470 265 577

361 321 589 380 Domine
615 324 758 384 Dens
796 347 958 401 meus,
988 351 1051 391 ne
1088 340 1384 400 discesseris
1433 367 1465 402 a
1492 369 1588 405 me.
1625 354 1744 411 Inte

360 413 686 486 adiutorium
707 438 894 489 meum,
926 425 1145 483 Domine
1165 431 1304 488 Deus
1326 437 1511 494 salutis
1535 460 1679 500 mete.

936 574 1364 622 COIIENTARIUI.

431 680 582 740 Bene
606 685 820 756 quidam
846 690 1015 747 voluit
1041 695 1325 767 adtropare
1353 701 1406 755 in
1435 702 1578 760 beati
1605 704 1705 763 Job
1725 713 1935 780 passio-

357 789 484 829 nem
533 775 693 831 istum
720 780 980 848 psalmum
1019 791 1359 857 exponendo,
1390 795 1484 850 sed
1511 798 1602 868 q'ui
1631 775 1934 870 passionem

353 861 460 919 Job
486 864 666 935 legere
693 876 746 923 et
779 871 917 928 scire
967 874 1474 944 desiderat,.melius
1521 861 1648 944 facii
1689 891 1730 945 si
1763 893 1932 963 ipsum

351 955 472 1025 ejus
518 958 710 1014 librum
734 961 1000 1020 discutiat.
1044 967 1142 1026 llic
1170 981 1348 1028 autem
1394 977 1535 1033 idem
1562 982 1652 1049 qui
1682 983 1735 1038 in
1778 955 1934 1043 sexto

333 1047 561 1118 psalmo
600 1061 682 1108 est
708 1057 991 1125 paenitens,
1014 1060 1209 1116 clamat
1237 1065 1304 1119 ad
1331 1047 1634 1138 Dominum,
1662 1091 1729 1130 ne
1759 1077 1812 1130 in
1853 1079 1932 1133 ira

349 1138 562 1196 Domini
611 1155 885 1213 arguatur,
919 1159 1013 1205 aut
1041 1153 1095 1207 in
1124 1160 1517 1227 correptionem
1565 1164 1680 1232 ejus
1723 1168 1932 1226 divinus

345 1228 496 1285 furor
520 1241 800 1290 extestuet.
853 1236 996 1294 Sane
1033 1245 1456 1317 quotiescunque
1497 1228 1675 1310 motus
1701 1257 1833 1314 istos
1880 1260 1932 1315 in

345 1318 456 1376 Deo
483 1321 710 1392 legeris,
732 1342 842 1381 non
871 1332 1166 1388 secundum
1190 1335 1242 1390 id
1268 1339 1411 1408 quod
1452 1349 1506 1397 tu
1533 1348 1749 1414 pateris,
1797 1351 1930 1406 iram

343 1411 526 1477 sentit,
558 1413 686 1481 quia
715 1414 858 1472 Deus
877 1418 1218 1490 impassibilis
1245 1436 1343 1494 est,
1363 1439 1418 1484 et
1444 1411 1550 1487 non
1579 1449 1670 1490 sua
1692 1411 1929 1497 commo-

343 1503 510 1570 tione,
536 1506 632 1561 sed
661 1524 758 1563 sua
777 1513 1034 1581 aequitate
1063 1519 1304 1588 castigat.
1325 1522 1434 1579 Nos
1456 1533 1629 1583 tamen
1649 1546 1771 1586 cum
1790 1533 1924 1590 iram

336 1882 478 1937 mus,
501 1889 609 1929 non
637 1879 926 1935 secundum
946 1884 1089 1952 quod
1110 1886 1222 1956 ipse
1250 1899 1332 1945 est
1351 1901 1728 1961 protestamur.
1754 1901 1917 1957 Deni-

336 1976 443 2030 que
469 1966 711 2033 sequitur
743 1986 755 2020 :
783 1969 1048 2035 Quoniam
1073 1979 1276 2046 sagitta:
1304 1991 1409 2038 tuae
1457 1985 1633 2042 infixae
1660 1999 1782 2044 sunt
1810 1996 1913 2050 mi-

341 2054 414 2108 hi.
448 2053 693 2129 Nunquid
711 2064 833 2133 quia
853 2067 1074 2136 sagittas
1095 2075 1351 2141 nominat,
1375 2095 1512 2135 verae
1530 2085 1734 2151 sagittae
1754 2089 1914 2142 sunt?

339 2146 512 2204 Immo
554 2151 680 2222 ipsa:
707 2171 846 2211 verae
882 2162 1087 2228 sagittae
1113 2175 1252 2234 sunt,
1283 2168 1348 2224 de
1373 2172 1562 2239 quibus
1593 2146 1915 2245 spiritaliter

335 2241 640 2308 pungimur,
673 2254 731 2300 ut
773 2251 1167 2312 consideremus
1193 2260 1312 2328 quia
1354 2279 1461 2320 non
1502 2275 1585 2321 est
1629 2241 1830 2326 sanitas
1856 2273 1911 2327 in

331 2345 496 2388 carne
517 2344 718 2404 nostra,
748 2343 964 2409 quando
984 2344 1259 2405 libidinum
1282 2355 1590 2414 vulneribus
1613 2364 1904 2432 agitamur;

327 2421 400 2477 ibi
445 2426 631 2481 vulnus
656 2429 748 2484 irae
775 2431 1013 2504 Domini,
1066 2439 1139 2494 ibi
1187 2457 1375 2512 pacem
1403 2464 1524 2504 ossa
1568 2462 1752 2508 nostra
1796 2471 1907 2511 non

323 2515 524 2573 habent
542 2536 571 2574 a
593 2521 728 2579 facie
748 2536 1092 2596 peccatorum
1118 2544 1444 2594 nostrorum.
1464 2541 1689 2609 Quando
1711 2547 1906 2618 iniqui-

322 2614 460 2664 tates
503 2621 698 2668 nostra:
737 2621 1214 2689 supergrediuntur
1240 2639 1401 2700 caput
1428 2642 1690 2690 nostrum.
1731 2614 1905 2709 Caput

319 2712 560 2761 nostrum
587 2707 830 2768 Christus
858 2723 959 2770 est.
1001 2716 1228 2784 Quando
1266 2735 1453 2782 contra
1484 2730 1599 2799 ejus
1637 2707 1902 2807 praecepta

318 2795 514 2867 aliquid
542 2801 769 2868 agimus,
801 2805 1112 2874 iniquitates
1141 2821 1336 2868 nostrae
1364 2795 1528 2888 caput
1554 2795 1792 2880 nostrum
1814 2795 1903 2882 su-

315 2890 748 2958 pergrediuntur,
779 2903 835 2948 et
859 2897 1012 2960 ;sicut
1053 2915 1188 2956 onus
1229 2918 1393 2973 grave
1419 2922 1708 2977 gravantur
1743 2933 1904 2989 super

317 2979 542 3034 nos.‘Et
577 2983 704 3050 quia
745 2999 925 3042 moras
953 2987 1193 3059 facimus,
1226 2995 1278 3050 in
1308 2999 1437 3068 ipsis
1469 3004 1771 3063 vulneribus
1798 3025 1897 3066 no-

316 3069 446 3122 stris
474 3069 768 3139 putreﬁunt
797 3092 810 3127 :
835 3075 1162 3136 deteriorant
1188 3085 1300 3155 ipsa
1331 3089 1568 3158 vulnera,
1601 3110 1629 3148 a
1655 3097 1787 3153 facie
1809 3101 1893 3154 in-
1921 3103 1968 3168 C

313 3160 582 3230 sipientite
610 3173 806 3222 nostra:
833 3171 1013 3226 miseri
1043 3173 1318 3246 efficimur,
1353 3190 1408 3236 et
1423 3187 1699 3244 turbamur
1729 3208 1894 3263 usque

311 3253 364 3307 in
405 3253 586 3310 finem.
621 3257 757 3325 Quid
806 3270 982 3317 autem
1012 3266 1064 3319 in
1108 3268 1224 3338 ipso
1252 3284 1474 3342 peccato
1519 3280 1699 3336 tristes
1727 3253 1893 3340 elfici-

312 3347 465 3399 mur?
492 3345 627 3413 Quia
656 3354 1028 3419 cognoscimus
1070 3360 1301 3416 animam
1332 3374 1570 3422 nostram
1617 3371 1888 3442 impletam

312 3434 642 3494 illusionibus
669 3439 992 3512 daemonum,
1024 3455 1080 3502 et
1113 3449 1234 3506 ideo
1281 3470 1389 3510 non
1429 3472 1548 3514 esse
1602 3464 1890 3523 sanitatem

312 3529 361 3583 in
415 3545 577 3587 carne
623 3543 825 3590 nostra.
879 3537 1228 3598 lncurvemur
1282 3562 1412 3617 ergo
1453 3559 1508 3605 et
1549 3553 1890 3613 humiliemur

309 3633 701 3693 usquequaque,
733 3634 787 3681 et
813 3630 1078 3698 mugitum
1107 3637 1275 3692 nostri
1305 3641 1481 3696 cordis
1527 3647 1888 3719 gemitumque

307 3712 606 3783 reddentes,
629 3731 698 3773 ex
723 3720 849 3775 totis
876 3723 1169 3783 visceribus
1198 3732 1561 3792 exclamemus
1594 3757 1606 3791 :
1639 3739 1882 3810 Domine,

306 3811 428 3859 ante
451 3813 502 3860 te
525 3822 686 3864 omne
723 3811 1046 3871 desiderium
1093 3833 1290 3876 meum.
1324 3823 1695 3886 Desideremus
1742 3835 1884 3890 enim

304 3893 359 3948 in
389 3896 519 3965 ipsis
542 3901 776 3968 peccatis
802 3905 982 3973 positi,
1015 3907 1175 3964 alieni
1203 3910 1392 3968 cilicia
1417 3920 1681 3989 peccatis;
1706 3930 1761 3978 et
1781 3924 1886 3980 hoc

307 3986 574 4042 orandum
617 3989 887 4060 docemur,
929 4004 989 4051 ut
1016 3999 1142 4056 huic
1162 4001 1429 4062 desiderio
1466 3986 1673 4066 annuat
1704 4013 1882 4070 divina

304 4075 618 4145 clementia,
648 4082 770 4150 quia
799 4099 892 4140 cor
910 4096 1151 4145 nostrum
1182 4095 1445 4162 turbatur,
1479 4107 1532 4154 et
1558 4101 1758 4158 deserit
1784 4123 1884 4162 nos

300 4165 567 4222 fortitudo
593 4179 793 4239 nostra,
811 4181 866 4229 et
880 4176 1053 4235 lumen
1079 4185 1354 4241 oculorum
1381 4199 1705 4261 nostrorum,
1729 4197 1779 4250 id
1801 4208 1883 4255 est

297 4256 566 4326 Christus,
580 4269 636 4331 et
652 4261 882 4335 Spiritus
899 4281 1112 4330 sanctus
1127 4292 1234 4332 non
1250 4283 1636 4340 estnobiscum.
1655 4256 1881 4355 Quando

295 4348 685 4418 pollutionibus
696 4370 1038 4431 occupamur,
1060 4371 1188 4422 tunc
1202 4370 1359 4426 amici
1388 4375 1557 4428 nostri
1578 4348 1756 4447 apices
1785 4348 1879 4436 Dei

294 4438 580 4497 adversum
594 4460 694 4502 nos
705 4449 944 4518 veniunt,
959 4461 1184 4524 etstant,
1202 4459 1499 4532 increpant,
1513 4438 1782 4523 minantur
1797 4471 1876 4541 ig-

292 4546 422 4587 nem
443 4542 718 4606 :eternum,
733 4543 1006 4600 minantur
1024 4559 1251 4606 mortem
1271 4557 1622 4625 repentinam.
1643 4559 1879 4620 Proximi

294 4632 478 4679 autem
499 4626 706 4698 alonge
731 4640 894 4701 stant,
919 4636 970 4691 id
999 4647 1101 4706 est,
1125 4644 1299 4712 angeli
1319 4649 1508 4715 sancti,
1536 4653 1626 4720 qui
1647 4658 1877 4724 proximi

289 4715 447 4770 nobis
473 4725 628 4785 sunt,
651 4724 866 4790 quando
888 4726 1060 4797 juste,
1084 4741 1138 4787 et
1171 4734 1287 4804 pie,
1319 4745 1373 4792 et
1393 4749 1540 4796 caste
1553 4715 1875 4806 tractamur.

292 4802 358 4859 Et
405 4809 531 4876 quia
579 4811 963 4880 pollutionibus
1007 4831 1101 4878 aut
1144 4802 1508 4898 impietatibus
1553 4835 1706 4906 juxta
1759 4802 1878 4900 esse

293 4911 400 4972 non
429 4905 819 4972 possunt,_ideo
840 4925 870 4964 a
897 4911 1056 4983 longe
1084 4925 1229 4974 stant
1261 4940 1274 4975 :
1302 4932 1357 4979 et
1376 4925 1480 4982 illis
1500 4928 1658 5000 longe
1685 4939 1876 4993 stanti-

291 4987 390 5044 bus
417 4991 547 5048 vitio
575 5003 778 5065 nostro,
813 5002 921 5058 vim
949 5007 1104 5065 nobis
1141 5010 1343 5071 faciunt
1369 5020 1460 5088 qui
1491 4987 1734 5091 quaerunt
1758 5031 1875 5087 ani-

289 5091 433 5133 mam
476 5092 737 5151 nostram,
769 5099 826 5145 et
844 5106 1148 5162 quaerentes
1175 5107 1314 5161 mala
1343 5120 1546 5180 nostra,
1580 5132 1872 5189 suggerunt
1967 5136 1969 5138 '

285 5171 596 5242 vanitatem,
628 5186 684 5232 et
711 5179 866 5239 dolos
889 5193 1000 5242 tota
1027 5191 1114 5247 die
1135 5196 1472 5258 meditantur.
1499 5171 1626 5263 1am,
1758 5217 1871 5272 vult

285 5257 345 5282 ,λ
394 5263 492 5282 _._
690 5269 726 5282 ..

281 5257 347 5374 ἰὰ
394 5263 816 5328 misericordiam
861 5283 1164 5351 pervenire,
1209 5287 1337 5345 dicit
1381 5297 1522 5363 quod
1566 5257 1809 5374 seqiiitur
1851 5325 1862 5361 :

281 5344 394 5419 Ego
435 5361 614 5460 autem
644 5344 900 5432 tanquam
942 5344 1286 5464 surdusl'non
1319 5344 1866 5466 audiebamfillisque

277 5447 711 5520 provocantibus,
736 5464 795 5510 ut
822 5458 878 5513 in
907 5461 1090 5536 aliquo
1114 5459 1255 5542 turpi
1277 5481 1527 5537 autmalo
1552 5447 1716 5544 verbo
1744 5447 1863 5561 pio-

277 5545 580 5607 rumperem
612 5563 626 5598 :
657 5546 831 5608 factus
874 5571 992 5613 sum
1034 5569 1094 5615 ut
1160 5574 1337 5623 mutus
1366 5587 1471 5628 non
1516 5545 1763 5648 aperiens
1800 5603 1862 5642 os

274 5639 446 5684 suum.
478 5629 656 5702 Quare
704 5641 844 5700 hoc?
871 5647 1006 5715 Quia
1053 5653 1106 5709 in
1157 5663 1210 5713 te
1255 5675 1432 5734 spero,
1478 5629 1860 5752 Domine-isi):

1248 230 1711 298 COMMENTARII
1750 241 1815 302 IN
1855 246 2180 315 rsmms.
2224 259 2733 330 PSAL.XXXVII1.
3080 241 3103 315 ὲ
3249 236 3254 239 ’
3335 236 3340 241 ’
3523 303 3590 358 57

3568 331 3583 360 Ι

1745 360 1845 416 nde
1884 363 1938 418 in
1967 374 2012 429 A
2042 376 2183 430 enim
2213 369 2346 436 salvi
2385 384 2648 445 efﬁcimur
2686 400 2742 447 et
2768 396 3054 456 credimus.
3084 401 3346 470 Quoniam
3374 389 3430 468 tu
3470 433 3627 476 exau.

2043 464 2145 530 dis,
2176 468 2402 528 Domine
2429 476 2588 543 Deus,
2622 489 2681 536 ut
2707 500 2814 540 non
2844 464 3277 555 insultent-nobis
3305 502 3500 564 inimici
3528 528 3624 566 no-

2042 561 2155 614 stri.
2181 560 2282 628 Qui
2312 565 2510 625 inimici
2529 573 2552 624 ?
2570 573 2645 628 illi
2665 577 2758 644 qui
2785 583 3001 649 quando
3022 602 3430 653 commoventur
3455 603 3624 671 pedes

2040 655 2210 708 nostri
2246 655 2527 716 adversum
2566 680 2665 721 nos
2699 685 2891 740 magna
2938 675 3243 746 loquuntur.
3278 685 3404 743 Haec
3442 655 3622 753 autem

2037 742 2281 814 dicimus,
2309 751 2354 804 si
2389 765 2740 820 agnoscamus
2770 777 2870 818 nos
2905 742 3028 835 pro-
3047 776 3282 840 peccatis
3319 783 3518 840 nostris
3564 787 3620 844 in

2038 833 2241 904 ﬂagella
2257 850 2497 909 paratos,
2515 854 2570 900 et
2583 847 2740 906 dolor
2753 833 2932 912 cordis
2953 833 3125 918 nos-tri
3147 876 3270 936 agat
3282 880 3470 928 contra
3487 892 3587 934 nos
3598 919 3614 946 ,

2035 934 2196 998 atque
2225 930 2558 1001 iniquitatem
2578 948 2817 998 nostram
2839 930 3209 1023 pronuntians,
3229 959 3386 1017 faciat
3405 981 3506 1022 nos

2034 1018 2207 1087 gitare
2224 1038 2324 1092 pro
2355 1038 2578 1095 peccato
2607 1043 2812 1090 nostro.
2845 1039 3048 1099 Inimici
3075 1049 3218 1104 enim
3238 1056 3407 1111 nostri
3433 1060 3614 1118 vivunt

2032 1117 2089 1163 et
2118 1110 2398 1170 ﬁrmantur
2423 1133 2585 1189 super
2606 1139 2725 1190 nos,
2751 1131 2965 1196 quando
2989 1134 3345 1210 delinquimus
3362 1165 3376 1214 ;

2022 1211 2212 1282 autem
2241 1222 2348 1262 non
2378 1208 2754 1284 delinquimus,
2778 1208 3201 1295 multiplicantur
3224 1243 3284 1290 ut
3302 1208 3487 1298 odiant
3513 1208 3610 1306 nos

2031 1290 2228 1362 inique,
2281 1305 2339 1351 ut
2382 1302 2679 1360 retribuant
2705 1311 2860 1367 nobis
2889 1290 3027 1372 m-ala
3071 1337 3172 1390 pro
3219 1326 3401 1399 bonis,
3433 1334 3506 1390 ita
3552 1290 3609 1394 ui

2029 1386 2305 1443 orantibus
2345 1399 2401 1444 et
2445 1403 2591 1450 caste
2637 1413 2738 1454 nos
2785 1386 3153 1479 tractantibus,
3186 1415 3262 1472 illi
3289 1386 3406 1477 zelo
3442 1424 3606 1494 ducti,

2027 1491 2126 1546 pro
2141 1477 2223 1533 his
2237 1480 2391 1536 bonis
2411 1486 2551 1540 mala
2566 1491 2885 1560 retribuant,
2909 1507 2964 1552 et
2983 1477 3180 1560 faciant
3201 1510 3355 1567 nobis
3373 1477 3605 1587 detrahi:

2024 1567 2238 1634 quando
2279 1573 2554 1640 sequimur
2572 1575 2853 1645 justitiam.
2886 1586 2953 1642 Et
3003 1590 3122 1648 ideo
3150 1567 3484 1660 clamandum
3525 1567 3603 1665 es;

2024 1659 2092 1715 ad
2122 1661 2424 1732 Dominum,
2455 1683 2556 1723 nec
2602 1671 2939 1746 derelinquat
2964 1697 3064 1738 nos
3091 1701 3188 1754 pro
3216 1695 3452 1759 peccatis
3499 1715 3604 1757 ιω..

2024 1754 2166 1819 stris,
2198 1756 2293 1810 sed
2343 1758 2585 1816 intendat
2613 1763 2666 1818 in
2715 1766 3036 1834 adjutorium
3078 1754 3351 1849 nostrum,
3401 1787 3454 1841 in
3494 1754 3602 1860 quo

1893 1843 1918 1854 '
2019 1847 2291 1915 praeterita
2315 1851 2660 1918 pmnitemus,
2691 1863 2973 1926 praesentia
3005 1843 3491 1948 corrigimus,'-ipse
3506 1843 3600 1937 lfu-

2018 1945 2136 1992 tura
2165 1939 2375 2010 dirigat,
2411 1951 2469 1997 ut
2511 1946 2653 2001 sicut
2681 1949 2864 2006 titulus
2900 1939 3464 2026 commemorationem
3491 1973 3597 2034 diei

2016 2029 2225 2085 sabbati
2271 2032 2479 2101 psalmo
2507 2039 2714 2106 positus
2750 2052 3108 2117 protestatur,
3151 2055 3219 2109 ab
3247 2061 3392 2115 omni
3433 2029 3595 2134 opere

2014 2123 2194 2176 servili
2235 2139 2528 2194 cessemus,
2557 2139 2616 2184 ut
2665 2133 2955 2193 liberemur
2983 2157 3014 2196 a
3061 2148 3318 2206 servitute
3366 2161 3590 2225 peccati,

2011 2226 2110 2282 per
2136 2213 2421 2271 Dominum
2449 2229 2688 2293 nostrum
2726 2223 2905 2282 Iesum
2934 2230 3230 2304 Christum,
3260 2242 3350 2309 qui
3379 2243 3433 2299 in
3474 2248 3592 2304 uni-

2009 2307 2121 2357 tate
2147 2302 2372 2362 Deitatis
2398 2318 2588 2377 regnat
2614 2328 2736 2368 cum
2763 2313 2922 2374 Patre
2941 2329 2997 2374 et
3023 2302 3224 2394 Spiritu
3251 2302 3438 2390 sancto
3464 2302 3590 2396 ante

2007 2397 2206 2463 omnia,
2231 2406 2287 2453 et
2313 2415 2454 2456 nunc
2473 2411 2528 2457 et
2554 2418 2782 2477 semper,
2795 2417 2850 2466 et
2868 2411 2921 2467 in
2943 2426 3131 2473 cuncta
3152 2425 3342 2481 saecula
3361 2431 3586 2488 saeculo-

2005 2501 2144 2542 rum.
2175 2489 2364 2546 Amen.

2467 2605 2782 2668 PSALMUS
2820 2613 3099 2678 XXXVIII.

2213 2713 2273 2768 In
2315 2714 2474 2773 ﬁnem
2500 2735 2599 2790 pro
2628 2724 2868 2794 ydithum
2893 2734 3158 2792 canticum
3182 2738 3364 2797 David.

2070 2843 2200 2900 Dixi
2226 2851 2511 2906 custodiam
2533 2856 2643 2909 vias
2669 2875 2831 2927 meas,
2855 2871 2910 2916 ut
2939 2883 3043 2922 non
3072 2870 3366 2946 delinquam
3395 2882 3452 2936 in
3477 2885 3580 2940 lin-

1999 2952 2098 3007 gua
2129 2954 2261 2993 mea.
2293 2940 2458 2996 Posui
2504 2947 2583 3000 ori
2610 2965 2718 3004 meo
2767 2958 3086 3028 custodiam,
3119 2982 3233 3020 cum
3279 2974 3580 3033 consisteret

1997 3040 2234 3096 peccator
2262 3034 2534 3090 adversum
2561 3057 2658 3094 me.
2695 3039 2939 3102 Obmutui
2964 3061 3015 3104 et
3042 3055 3342 3117 humiliatus
3368 3084 3500 3133 sum,
3531 3079 3581 3125 et

1996 3119 2120 3174 silui
2143 3138 2175 3174 a
2221 3123 2397 3190 bonis,
2433 3137 2482 3181 et
2521 3130 2670 3186 dolor
2696 3151 2838 3190 meus
2873 3153 3148 3200 renovatus
3181 3159 3275 3204 est.
3311 3119 3581 3215 Concaluit

1956 3243 1959 3254 ι
1996 3227 2086 3265 cor
2113 3228 2280 3268 meum
2320 3216 2458 3273 intra
2487 3237 2591 3285 me,
2619 3233 2669 3276 et
2693 3226 2748 3280 in
2778 3230 3110 3291 meditatione
3137 3255 3250 3295 mea
3281 3249 3580 3308 exardescet

1994 3302 2149 3374 ignis.
2170 3304 2396 3363 Locutus
2417 3329 2528 3365 sum
2558 3315 2610 3368 in
2632 3316 2812 3390 lingua
2834 3340 2966 3392 mea,
2991 3338 3168 3385 notum
3188 3336 3273 3405 fac
3296 3341 3439 3405 milii,
3463 3342 3577 3399 Do-

1994 3394 2147 3461 mine,
2180 3398 2338 3466 ﬁne-m
2367 3419 2551 3459 meum.
2588 3405 2654 3460 Et
2682 3427 2951 3470 numerum
2980 3419 3180 3476 dierum
3207 3444 3435 3484 meorum
3461 3437 3576 3506 quis

1991 3494 2088 3551 est,
2112 3496 2166 3540 ut
2195 3493 2354 3546 sciam
2382 3497 2504 3566 quid
2527 3497 2658 3552 desit
2683 3506 2829 3558 mihi.
2856 3507 2991 3564 Ecce
3017 3519 3386 3575 mensurabiles
3407 3493 3575 3592 posui-

1989 3579 2057 3630 sti
2085 3578 2194 3634 dies
2218 3600 2376 3650 meos,
2408 3595 2456 3639 et
2481 3589 2776 3646 substantia
2799 3613 2912 3649 mea
2933 3607 3175 3671 tanquam
3204 3609 3336 3665 nillil
3363 3578 3483 3667 ante
3504 3625 3569 3669 te.

1998 3668 2358 3727 Verumtamen
2390 3678 2624 3731 universa
2652 3685 2850 3738 uanitas
2872 3692 3036 3742 omnis
3076 3693 3227 3750 homo
3255 3701 3439 3754 vivens.
3475 3703 3570 3758 Ve-

1987 3770 2273 3816 rumtamen
2300 3766 2355 3817 in
2382 3767 2606 3837 imagine
2628 3779 2912 3838 pertransit
2939 3779 3088 3836 homo
3107 3825 3121 3849 ,
3161 3788 3256 3840 sed
3290 3799 3350 3850 et,
3375 3788 3572 3863 frustra

1987 3850 2338 3909 canturbatur.
2356 3855 2709 3925 Thesaurizat,
2733 3873 2782 3917 et
2800 3866 3008 3936 ignorat
3033 3876 3114 3928 cui
3135 3850 3464 3952 congregdbit
3486 3906 3568 3944 ea.

1985 3940 2058 3995 Et
2084 3959 2220 3998 nunc
2251 3963 2366 4016 qua:
2392 3958 2468 4002 est
2490 3958 2804 4022 exspectatio
2827 3962 2975 4016 mea?
3006 3980 3177 4022 nonne
3202 3940 3495 4031 Dromvinus?
3520 3988 3570 4035 et

1983 4035 2274 4093 substantia
2309 4057 2423 4095 mea
2459 4045 2598 4114 apud
2626 4055 2673 4100 te
2701 4060 2795 4105 est.
2836 4054 2914 4118 Ab
2950 4060 3184 4117 omnibus
3215 4066 3568 4140 iniquitatibus

1983 4129 2108 4182 meis
2123 4146 2241 4184 erue
2255 4149 2363 4199 me,
2373 4135 2701 4207 approbrium
2721 4143 2986 4217 insipienti
2997 4153 3182 4211 dedisti
3203 4129 3485 4219 me.'0bmu
3492 4171 3564 4225 tui

1982 4227 2033 4271 et
2056 4236 2158 4273 non
2188 4228 2364 4294 aperui
2389 4243 2446 4281 os
2470 4245 2656 4299 meum,
2687 4240 2926 4306 quoniam
2957 4251 3009 4296 tu
3034 4248 3200 4317 fecisti
3225 4270 3258 4306 a
3284 4271 3364 4308 me
3381 4258 3566 4332 plagas

1986 4317 2116 4364 tuas.
2152 4312 2192 4365 Α
2229 4316 2534 4385 fortitudine
2559 4340 2744 4380 manus
2767 4336 2868 4384 tua:
2884 4350 2976 4404 ego
2997 4312 3164 4410 defeci
3181 4343 3235 4396 in
3255 4312 3565 4426 increpaiioa

1986 4401 2130 4426 ..ΖΙ-η-
2187 4417 2356 4426 --_-,,.,
2423 4412 2433 4422 ο
2480 4414 2490 4424 ι
2566 4416 2599 4426 a,

1984 4401 2149 4468 nibus,
2182 4417 2390 4477 prapter
2414 4412 2737 4484 iniquitatem
2764 4401 3074 4497 corripuisti.
3088 4433 3362 4493 hominem.
3386 4401 3458 4496 Iit
3486 4422 3567 4501 ta-I‘

2505 4480 2515 4484 ν
2902 4480 2914 4497 ,
3386 4480 3457 4496 ...
3486 4480 3564 4501 ..ι-ι

1901 4480 1955 4542 D
1979 4493 2180 4550 bescere
2201 4500 2386 4569 fecisti,
2417 4506 2547 4558 sicut
2573 4526 2838 4581 araneam,
2887 4523 3114 4580 animam
3142 4530 3272 4600 ejus,
3311 4549 3564 4593 verumta-

1980 4601 2094 4641 men
2123 4606 2253 4644 vane
2279 4597 2609 4678 conturbatur
2632 4607 2797 4660 omnis
2829 4609 3000 4668 homo.
3038 4597 3248 4676 Exaudi
3279 4629 3563 4687 orationem

1981 4693 2147 4732 meam
2170 4679 2409 4751 Domine,
2441 4673 2492 4740 et
2515 4690 2926 4761 deprecationem
2954 4720 3138 4774 meam,
3164 4712 3370 4771 auribus
3398 4723 3562 4789 perci-

1977 4784 2041 4837 pe
2068 4772 2324 4842 tacrymas
2349 4792 2507 4832 meas.
2533 4779 2618 4836 Ne
2636 4785 2790 4842 sileas
2813 4807 2830 4844 :
2851 4798 3093 4863 quoniam
3114 4803 3310 4860 advena
3337 4828 3430 4881 ego
3448 4831 3559 4869 sum

1987 4875 2078 4881 ...μ--
2092 4861 2117 4881 J
2142 4870 2156 4881 ι
2173 4880 2180 4881 κ
2227 4880 2232 4881 γ
2249 4873 2261 4881 ι
2472 4873 2483 4881 ⁵
2669 4879 2676 4881 ’

1979 4861 2117 4931 apud
2138 4870 2186 4916 te
2211 4873 2261 4917 et
2285 4873 2600 4941 peregrinus,
2633 4879 2762 4935 sicut
2787 4861 2960 4945 omnes
2988 4904 3160 4964 patres
3186 4902 3306 4954 mei.
3339 4861 3558 4963 Ilemitle
3653 4935 3656 4938 ι

1980 4952 2105 5006 mihi
2146 4963 2202 5008 ut
2246 4959 2520 5031 refrigerer
2564 4972 2862 5045 priusquam
2889 4952 3069 5041 abeam
3107 4998 3159 5044 et

1978 5061 2084 5100 ενο.

2545 5147 2976 5197 COIMENTARIUII.

2045 5229 2101 5284 In
2127 5234 2394 5297 tricesimo
2414 5252 2468 5297 et
2488 5257 2678 5305 octavo
2701 5253 2908 5322 psalmo
2923 5257 3146 5326 ingressi
3167 5265 3408 5329 videmus
3426 5290 3552 5335 san-

1972 5321 2042 5376 cti
2078 5333 2337 5397 propositi
2364 5321 2765 5406 professionem,
2796 5345 2851 5400 in
2877 5321 3005 5417 qua'
3021 5355 3228 5422 positus
3252 5361 3415 5424 homo
3453 5371 3549 5430 Dei

1962 5408 2096 5480 quid
2142 5418 2353 5488 dixerit,
2384 5427 2509 5493 quid
2561 5408 2909 5503 cogitaverit;
2944 5408 3071 5513 quid

1968 5506 2252 5535 metu-..“
2289 5512 2442 5535 ηηέει
2504 5533 2514 5535 _
2570 5522 2617 5535 ..
2847 5531 2858 5535 -
3191 5528 3193 5530 .

1968 5506 2254 5567 meditatus
2286 5512 2462 5583 fuerit,
2492 5522 2622 5588 quid
2649 5531 2885 5586 oraverit
2912 5506 3393 5617 explicatum—Quid
3412 5506 3547 5626 ἐξὲξ

1968 5593 2156 5626 Αἶπηητι
2205 5604 2468 5626 ...ηιμ-.-η
2546 5609 2585 5626 n

2983 5593 3003 5610 Ι
3021 5593 3228 5604 η-νν--υ...
3307 5593 3393 5607 ul“
3420 5593 3468 5610 νι
3514 5593 3545 5613 υ

1967 5593 2160 5652 dixerit
2203 5604 2496 5677 audiamus.
2543 5609 2813 5675 Ponamus
2853 5640 2976 5684 eum
3020 5637 3232 5695 audisse
3334 5593 3545 5704 Curriie

1969 5683 2080 5704 xl--.”
2128 5689 2140 5704 ι
2329 5695 2341 5704 ·
2400 5695 2412 5704 ·
2494 5699 2504 5704 ”
2829 5699 2832 5702 ί

1965 5683 2089 5742 dum
2126 5689 2297 5747 lucem
2327 5695 2553 5770 habetis,
2585 5719 2654 5760 ne
2681 5722 2777 5766 vos
2803 5683 3538 5799 tenebrze‘conip’reheii‘ddn‘t‘:
