4246 6264
590 324 696 402 $79

1880 268 2178 395 annona
2214 306 2519 393 JUNIORIS

3699 320 3711 331 .
3780 273 3888 332 380

593 460 663 517 Et
684 459 773 515 hic
798 424 988 511 volens
1014 456 1229 505 currere
1249 438 1464 506 diserit,
1489 446 1549 493 ut
1577 428 1872 513 custodiret
1898 431 2012 484 vias
2034 442 2175 482 suas.
2211 425 2258 483 Α
2288 423 2355 477 Et
2384 420 2642 477 exaudivit
2670 429 2843 488 preces
2862 427 3023 474 meas,
3037 411 3098 461 ‘et
3115 403 3298 459 eduxit
3316 416 3399 455 me
3417 398 3482 453 de
3507 398 3889 463 lacu'miseriqz,

2394 515 2403 517 _
2468 512 2478 517 -
2608 512 2623 517 -
2700 509 2712 517 .
2801 504 2863 517 πμ
2924 510 2937 517 -
2981 509 2993 517 .
3037 501 3072 517 ο,
3124 512 3266 517 γ--ι-..-
3315 501 3512 517 ..-ι..-...
3543 491 3698 517 _-.l--
3730 506 3873 517 μρλ-

503 618 509 622 ,
598 553 777 607 Primo
804 545 1043 603 omnium
1064 537 1171 608 egit
1199 542 1257 590 ut
1284 546 1396 588 non
1417 519 1753 599 delinqueret
1782 523 1834 578 in
1864 523 2041 590 lingua
2066 532 2188 582 sua,

599 642 778 716 posuit
798 636 880 693 ori
908 648 1005 691 suo
1035 627 1351 686 custodiam.
1398 619 1661 691 Quandoét
1707 616 1824 671 Non
1866 622 2079 683 semper
2106 619 2191 681 taf

601 702 746 791 linit?
769 736 879 784 non
909 722 1344 789 omnitempore,
1373 712 1469 770 sed
1498 728 1563 768 eo
1593 718 1839 780 tempore
1862 704 1987 762 dum
2018 702 2195 758 consi-

602 804 773 881 steret
814 823 1069 890 peccator
1097 810 1355 867 adversus
1385 816 1526 870 cum,
1569 802 1660 873 qui
1701 814 1822 855 eum
1852 796 2193 867 provocaret,

605 913 697 973 aut
710 913 776 971 ad
796 887 1242 971 maledicendum,
1258 910 1347 958 aut
1372 899 1439 955 ad
1457 895 1886 959 conviciandum,
1906 894 1997 947 aut
2024 887 2091 944 ad
2112 887 2202 943 ob-

606 1002 962 1080 tractandum,
994 1005 1088 1054 aut
1140 995 1317 1058 etiam,
1354 980 1570 1061 aliquod
1611 985 1810 1042 malum
1858 998 1923 1039 ex
1971 996 2065 1037 ore
2103 995 2203 1035 suo

609 1075 1004 1172 proferendum.
1048 1090 1149 1146 Hic
1192 1104 1258 1144 eo
1286 1092 1529 1157 tempore
1565 1080 1851 1145 obmutuit,
1877 1086 1932 1133 et
1959 1075 2205 1131 humilia-

612 1168 698 1247 tus
727 1184 828 1253 est,
852 1182 915 1241 et
941 1184 1108 1250 siluit,
1147 1196 1255 1236 non
1284 1179 1457 1235 solum
1484 1184 1514 1230 a
1538 1174 1712 1239 malis,
1745 1170 1840 1227 sed
1868 1171 2030 1225 etiam
2058 1184 2089 1223 a
2108 1168 2208 1223 bo-

614 1282 717 1339 his.
740 1270 1037 1335 Perfectius
1063 1274 1171 1343 egit
1199 1266 1416 1335 Paulus,
1442 1283 1551 1323 non
1573 1263 1883 1321 obmotuita
1904 1258 2083 1326 bonis,
2112 1256 2209 1313 sed

617 1364 649 1429 ὲ
679 1372 807 1429 salis
830 1368 1008 1425 malis.
1034 1366 1169 1421 Nam
1197 1363 1321 1418 dum
1343 1360 1665 1417 consisteret
1685 1361 1938 1426 peccator
1958 1350 2213 1406 adversus

620 1481 761 1531 eum,
787 1454 919 1519 dixit
952 1479 965 1514 ε
998 1448 1382 1523 Maledicimitr,
1413 1464 1462 1508 et
1490 1449 1831 1506 benedicimus
1846 1464 1864 1512 ;
1891 1439 2215 1517 blasphema-

621 1570 735 1611 mur
760 1558 809 1609 et
837 1551 1160 1608 obsecramus
1184 1547 1226 1620 (l
1255 1544 1375 1601 Cor.
1414 1543 1510 1614 ιγ).
1542 1541 1640 1596 llic
1664 1544 1850 1619 tamen
1880 1553 1980 1593 nec
2013 1536 2214 1593 bonum

624 1664 725 1704 nec
769 1644 969 1701 malum
1001 1639 1226 1713 protulit
1254 1658 1266 1692 :
1300 1630 1407 1693 Sed
1436 1633 1721 1699 obmutuit,
1753 1630 1956 1700 inquit,
1992 1628 2155 1683 etiam
2184 1643 2213 1681 a

624 1738 812 1804 bonis;
844 1743 900 1791 et
944 1728 1101 1790 dolor
1147 1746 1299 1787 meus
1342 1734 1633 1784 renovatus
1672 1729 1787 1787 est,
1820 1720 1875 1777 id
1919 1729 2021 1787 est,
2066 1719 2217 1775 novis

628 1829 902 1896 conviciis,
936 1826 1090 1883 novis
1118 1820 1395 1881 doloribus
1427 1818 1827 1877 commovebar.
1859 1810 1967 1870 Sed
1984 1813 2117 1885 quia
2146 1806 2220 1868 di-

629 1920 710 1997 xit
740 1938 754 1973 :
787 1916 859 1974 Ut
905 1932 1014 1973 non
1036 1912 1406 1983 delinquerem
1452 1910 1507 1965 in
1550 1908 1730 1978 lingua
1779 1921 1918 1974 mea,
1951 1902 2222 1960 concaluit

632 2022 727 2072 eor
754 2029 935 2069 meum
974 2011 1116 2066 intra
1146 2024 1250 2073 me,
1284 2013 1339 2061 et
1384 2006 1440 2060 in
1485 2000 1834 2058 meditatione
1872 2014 1993 2054 mea
2022 1997 2225 2054 exarsit

632 2100 771 2178 ignis
792 2103 1073 2176 genuinus,
1118 2099 1209 2171 qui
1231 2086 1437 2153 motum
1464 2094 1809 2152 conscientiae
1830 2091 2130 2147 innocentis
2152 2089 2227 2146 in-

634 2172 893 2253 tlammat.
942 2192 1175 2251 Locutus
1212 2198 1395 2246 tamen
1423 2186 1637 2244 tandem
1668 2172 1954 2256 aliquando
1982 2183 2092 2238 dixi
2123 2183 2229 2238 Do-

636 2291 785 2346 inino
816 2306 829 2342 :
859 2287 1055 2343 Notum
1084 2284 1168 2340 fac
1196 2283 1325 2339 mihi
1352 2281 1512 2337 finem
1540 2294 1740 2343 meum,
1773 2286 1833 2333 ut
1859 2276 2024 2333 sciam
2054 2291 2227 2347 quan-

639 2380 730 2440 diu
757 2380 1104 2454 opprobrium
1135 2375 1409 2448 insipienti
1438 2391 1552 2430 ero.
1577 2366 1950 2430 Consideravit
1973 2379 2147 2427 tamen
2179 2377 2234 2425 et

641 2476 764 2541 hoc,
787 2470 1153 2543 quiavanitati
1192 2467 1434 2535 subjacet
1459 2464 1637 2520 omnis
1666 2463 1829 2519 homo
1850 2463 2055 2530 vivens,
2087 2460 2234 2531 quis-

626 2581 749 2636 .que
769 2581 890 2621 cum
923 2563 975 2617 in
1004 2561 1237 2629 imagine
1268 2564 1524 2621 transeat,
1549 2555 1807 2611 sollicitus
1837 2542 1938 2617 est,
1971 2562 2026 2609 et
2049 2541 2237 2607 'condit

644 2658 948 2721 thesauros,
979 2656 1231 2722 ignorans
1279 2650 1365 2705 cui
1413 2650 1703 2717 congreget
1742 2658 1855 2700 eos.
1889 2644 2019 2711 Quae
2057 2651 2235 2697 autem

646 2763 806 2804 causa
849 2753 907 2809 ut
933 2744 1060 2801 dum
1079 2743 1196 2811 agit
1222 2742 1305 2797 de.
1328 2756 1415 2807 eo,
1443 2738 1537 2811 qui
1563 2751 1687 2793 eum
1715 2748 1813 2791 suo
1835 2734 2016 2805 jurgio
2042 2748 2240 2804 provo-

646 2839 806 2906 cabat
851 2836 918 2891 ad
956 2833 1292 2905 litigandum,
1342 2830 1522 2886 subito
1566 2828 1635 2884 ad
1658 2828 1820 2883 istum
1860 2825 2147 2881 devolutus
2172 2824 2243 2881 sit

650 2928 741 2998 qui
761 2926 1124 2993 thesaurizatj?
1150 2922 1345 2994 Utique
1366 2938 1474 2977 non
1495 2927 1642 2976 esset
1662 2917 1726 2973 lis
1753 2917 1805 2972 in
1826 2916 2045 2995 saeculo,
2069 2914 2112 2970 si
2136 2929 2245 2968 non

652 3034 792 3102 unus
821 3018 981 3076 vellet
1000 3018 1108 3073 alio
1138 3016 1300 3073 ditior
1328 3013 1465 3081 fieri,
1488 3012 1603 3069 sive
1632 3013 1685 3066 in
1706 3011 1918 3081 opibus,
1942 2988 2056 3064 sive
2074 3008 2133 3063 in
2152 3007 2246 3062 ho-

654 3097 894 3168 noribus.
920 3110 1019 3166 llic
1045 3117 1225 3164 autem
1251 3108 1343 3179 qui
1370 3104 1613 3164 custodit,
1630 3102 1745 3157 vias
1763 3117 1905 3165 suas,
1937 3100 2065 3156 dicit
2100 3117 2112 3153 :
2137 3097 2245 3152 Ex-

655 3204 917 3277 spectatio
939 3218 1059 3258 mea
1088 3218 1195 3255 non
1219 3208 1301 3255 est
1325 3198 1447 3263 alia,
1483 3197 1585 3251 nisi
1614 3195 1891 3260 Dominus,
1914 3201 1969 3248 et
1992 3193 2243 3248 substan-

657 3299 732 3353 tia
762 3304 882 3350 m'ea
910 3294 1024 3364 ipse
1061 3298 1175 3359 est,
1202 3291 1294 3361 qui
1338 3289 1405 3342 ab
1434 3285 1682 3343 omnibus
1710 3284 2080 3354 iniquitatibus
2113 3283 2249 3339 meis

660 3386 854 3457 eripiat
880 3398 988 3448 me,
1020 3389 1075 3437 et
1111 3386 1357 3435 amoveat
1384 3395 1414 3432 a
1460 3392 1546 3432 me
1574 3376 1761 3447 plagas
1789 3390 1931 3431 suas.
1965 3372 2011 3427 Α
2037 3372 2250 3427 fortitu-

660 3480 787 3535 dine
828 3475 972 3533 enim
1001 3488 1192 3529 manus
1222 3469 1434 3526 Domini
1463 3466 1635 3523 defeci
1672 3468 1724 3521 in
1774 3463 2248 3535 increpationibus,

660 3568 1010 3629 considerans
1032 3562 1399 3621 fortitudinem
1426 3559 1699 3633 patientia:
1727 3557 1823 3614 Dei
1863 3557 1955 3626 qui
2002 3567 2169 3624 usque
2199 3552 2254 3607 in

664 3672 879 3723 erucem
899 3668 1089 3717 manus
1109 3673 1235 3715 suas
1263 3654 1538 3727 expandit,
1556 3660 1610 3708 et
1631 3651 1759 3707 dum
1781 3650 1927 3705 illum
1950 3647 2110 3718 cupio
2137 3644 2255 3699 imi-

666 3754 787 3825 tari,
818 3754 990 3813 defeci
1010 3754 1066 3810 in
1090 3748 1567 3822 increpationibus.
1605 3742 1834 3815 Propter
1860 3738 2258 3812 praevaricatio-

667 3864 790 3906 nem
805 3848 1035 3919 primum
1055 3842 1327 3900 hominem
1355 3837 1679 3909 corripuisti,
1696 3843 1750 3891 et
1765 3835 1856 3907 qui
1876 3833 2050 3888 factus
2064 3831 2256 3896 fuerat,

667 3945 729 4013 ut
754 3937 1056 3996 efficeretur
1070 3951 1166 4006 per
1194 3930 1553 3989 obedientiam
1575 3924 1911 3990 immortalis,
1946 3939 2042 3992 per
2070 3921 2257 3977 inobe-

670 4031 928 4087 dientiam
954 4024 1197 4082 mortalis
1212 4020 1431 4077 effectus
1452 4025 1553 4083 est,
1572 4024 1763 4071 etcum
1784 4011 2028 4066 mortalis
2055 4019 2155 4075 est,
2190 4018 2263 4064 ta-

669 4110 855 4177 bescat
880 4116 1043 4173 veluti
1075 4128 1271 4168 aranea
1302 4109 1480 4163 anima
1508 4106 1641 4175 ejus.
1676 4104 1791 4158 Non
1822 4094 1955 4187 dixit
1981 4120 1992 4154 :
2020 4101 2152 4157 Mori
2181 4100 2259 4157 fe-

672 4213 812 4279 cisti,
831 4209 923 4266 sed
948 4208 1222 4273 tabescere
1251 4200 1442 4263 fecisti,
1472 4207 1527 4253 et
1549 4194 1640 4251 dat
1669 4178 2263 4264 aranete'comparatio-

676 4320 820 4370 nem,
836 4301 1046 4371 utsicut
1067 4298 1231 4353 scissa
1253 4292 1357 4349 tela
1371 4290 1487 4361 ejus
1513 4284 1793 4359 repentino
1813 4282 1961 4351 flatu,
1988 4285 2079 4349 ita,
2098 4284 2263 4339 scisso

676 4408 902 4467 corpore
924 4391 1039 4461 ejus
1068 4407 1098 4443 a
1127 4393 1322 4450 morte,
1341 4383 1517 4437 anima
1538 4376 1800 4442 tabescat,
1816 4393 1921 4432 non
1942 4377 2145 4433 habens
2166 4373 2265 4430 llo-

678 4500 791 4540 rem
807 4494 1154 4552 corporeum;
1178 4472 1232 4532 et
1251 4483 1429 4530 tamen
1446 4486 1583 4527 vane
1602 4470 1969 4535 conturbatur,
1987 4484 2109 4523 cum
2130 4467 2266 4544 sciat

2294 525 2342 572 et
2370 515 2433 567 de
2461 512 2567 566 luto
2599 509 2760 581 fwcis.
2794 504 2863 558 Et
2891 501 3073 556 statuit
3110 512 3269 567 supra
3312 501 3515 565 petram
3542 491 3698 563 pedes
3730 506 3892 557 meos,

2296 614 2345 661 et
2374 604 2564 659 direxit
2586 613 2794 673 gressus
2828 606 2986 650 meos.
3022 586 3089 643 Et
3117 587 3335 643 immisit
3357 586 3412 638 in
3441 599 3500 638 os
3527 599 3698 636 meum
3728 583 3891 635 canti-

2288 715 2414 761 cum
2436 709 2622 751 novum
2649 704 2859 744 carmen
2891 684 2998 739 Deo
3026 690 3225 737 nostra.
3276 675 3541 732 Videbunt
3558 674 3790 734 miti-et
3831 674 3895 727 (i-

2301 790 2529 853 mebunt,
2563 792 2611 839 et
2643 779 2920 854 sperabunt
2948 778 3003 831 in
3031 774 3275 829 Domino.
3311 769 3500 839 Beatus
3529 768 3606 823 vir
3632 765 3799 836 cujus
3820 774 3893 823 est

2294 895 2489 955 nomen
2520 872 2731 928 Domini
2759 886 2876 941 spes
2900 868 3040 939 ejus,
3067 872 3117 918 et
3146 878 3251 918 non
3296 859 3523 930 respexit
3566 857 3631 912 in
3651 857 3905 911 vanitates

2305 979 2355 1026 et
2406 968 2642 1024 insanias
2692 962 2875 1035 falsas.
2911 956 3084 1027 Multa
3134 954 3303 1027 fecisti
3350 960 3433 1016 tu,
3485 948 3710 1010 Densius
3762 946 3903 1001 Deus

2308 1078 2470 1124 meus,
2501 1054 2762 1114 mirabilia
2791 1062 2898 1117 tua,
2941 1060 2989 1104 et
3017 1043 3417 1119 cogitationibus
3446 1043 3550 1097 tuis
3578 1058 3689 1095 non
3702 1047 3793 1095 .est
3816 1039 3905 1111 qui

2310 1152 2495 1213 similis
2524 1151 2590 1205 sit
2620 1146 2727 1202 tibi.
2757 1141 3076 1198 Annuutiavi
3103 1147 3154 1193 et
3179 1137 3380 1203 locutus
3409 1151 3553 1200 sum,
3578 1130 3907 1203 multiplicati

2299 1252 2433 1305 .sunt
2461 1257 2611 1312 super
2639 1251 2928 1293 numerum.
2955 1231 3291 1301 Sacri/icium
3318 1236 3371 1283 et
3398 1226 3713 1286 oblationem
3737 1223 3911 1280 nolui-

2312 1337 2402 1402 sli,
2433 1350 2583 1388 aures
2624 1337 2797 1400 autem
2844 1321 3283 1398 perfecisti-milti.
3315 1319 3696 1374 Holoeaustum
3741 1324 3791 1369 et
3816 1330 3913 1386 pro

2300 1434 2525 1500 .peccato
2547 1439 2650 1478 non
2670 1418 2968 1493 postulasti,
2998 1425 3116 1469 tunc
3136 1412 3250 1467 dini
3273 1428 3291 1466 :
3314 1409 3451 1465 Ecce
3468 1409 3633 1465 venio.
3658 1406 3725 1465 In
3742 1408 3917 1477 capite

2317 1518 2437 1574 libri
2464 1517 2714 1586 scriptum
2741 1519 2817 1565 est
2845 1509 2910 1563 de
2935 1524 3017 1564 me
3056 1515 3115 1560 ut
3141 1506 3365 1575 facerem
3403 1500 3713 1559 voluntatem
3748 1507 3918 1562 tm,

2319 1609 2462 1664 Deus
2486 1622 2649 1669 meus,
2682 1603 2838 1666 volui,
2868 1609 2918 1655 et
2946 1599 3110 1671 legem
3138 1606 3281 1651 tuam
3317 1596 3374 1648 in
3398 1593 3562 1647 medio
3591 1590 3764 1647 cordis
3792 1590 3919 1647 nisi.

2312 1698 2636 1757 Annuntiavi
2658 1695 2919 1767 justitiam
2949 1700 3091 1745 tuam
3116 1691 3174 1742 in
3193 1685 3435 1743 Ecclesia
3462 1700 3678 1755 magna,
3704 1699 3822 1738 ecce
3841 1682 3923 1739 ιιι.

2252 1794 2409 1865 Bbia
2454 1810 2568 1847 mea
2608 1806 2711 1844 non
2750 1784 3050 1858 prohibebo,
3080 1781 3334 1845 Domine,
3365 1789 3419 1834 tu
3465 1780 3628 1835 scisti.
3656 1776 3926 1833 Inﬁtias!

2311 1897 2469 1954 .tuam
2513 1900 2617 1939 non
2646 1880 2893 1936 abscondi
2922 1880 2977 1932 in
3029 1874 3187 1931 corde
3213 1890 3347 1939 meo,
3390 1873 3663 1927 ceritatem
3691 1878 3830 1925 tuam
3877 1875 3928 1924 et

2327 1991 2558 2036 salutare
2583 1986 2723 2028 tuum
2752 1970 2882 2027 dixi.
2910 1966 3035 2023 Non
3065 1964 3318 2022 abscondi
3342 1960 3757 2027 misericordiam
3784 1951 3930 2013 me.

2327 2079 2379 2125 et
2399 2070 2663 2124 veritatem
2692 2072 2836 2118 tuam
2856 2078 2889 2114 α
2911 2058 3134 2115 consilio
3162 2055 3345 2112 multo.
3370 2052 3446 2109 Tu
3466 2061 3656 2133 autern,
3680 2050 3931 2115 Domine,

2318 2180 2397 2239 ne
2425 2162 2576 2233 longe
2603 2142 2774 2230 facias
2813 2153 3179 2209 miserationes
3220 2155 3336 2205 tuas
3362 2162 3397 2200 a
3437 2162 3549 2212 me,
3572 2141 3934 2199 misericordia

2332 2236 2425 2309 tua
2462 2230 2726 2307 etvveritas
2774 2253 2865 2299 tua
2901 2259 3101 2315 semper
3148 2242 3482 2310 susceperunt
3527 2251 3627 2299 me.

2328 2344 2776 2402 circumdederunt
2812 2356 2894 2394 me
2934 2336 3107 2402 mala,
3139 2348 3355 2406 quorum
3401 2347 3507 2385 non
3541 2336 3619 2385 est
3663 2341 3933 2391 immotus,

2328 2434 2833 2517 comprehenderunt
2867 2446 2948 2485 me
2974 2429 3273 2499 iniquitates
3302 2438 3450 2491 meat,
3483 2430 3532 2479 et
3560 2437 3665 2479 non
3694 2419 3843 2490 pomi
3876 2426 3939 2475 ut

2328 2512 2580 2597 :viderem.
2610 2524 2947 2596 Multiplicati
2993 2531 3111 2577 sunt
3148 2535 3304 2589 super
3319 2517 3547 2588 capillos
3591 2513 3778 2583 cupitis
3802 2510 3940 2577 Μ,

2336 2630 2506 2683 etcor
2529 2634 2699 2674 meum
2735 2614 3003 2686 dereliquit
3031 2628 3131 2667 me.
3168 2607 3500 2680 Complaceat
3538 2605 3651 2670 tibi,
3678 2601 3941 2667 Domine,

2342 2724 2397 2769 ut
2446 2728 2597 2768 eruas
2636 2727 2746 2774 me;
2787 2707 3045 2772 Domine,
3086 2702 3157 2757 ad
3194 2698 3553 2773 adiuvandum
3588 2712 3672 2751 me
3708 2695 3942 2766 respice.

2334 2803 2744 2878 ,Confundantur
2777 2808 2826 2854 et
2862 2802 3191 2854 recereantur
3218 2790 3392 2858 simul,
3434 2790 3523 2861 qui
3552 2793 3797 2861 quarunt
3824 2785 3947 2844 ani-

2346 2916 2485 2955 mam
2512 2900 2699 2961 meam,
2731 2903 2788 2948 ut
2814 2894 3056 2965 auferant
3076 2904 3209 2943 eam.
3236 2886 3551 2941 Aeertantur
3583 2891 3871 2938 retrorsum
3893 2886 3947 2955 et

2348 2996 2678 3046 recereantur
2700 2986 2789 3059 qui
2806 2980 3121 3039 votuntmilti
3129 2978 3288 3034 mala.
3308 2974 3507 3031 Ferant
3531 2974 3804 3049 confestim
3819 2988 3947 3027 con-

2353 3082 2610 3154 fusionem
2631 3091 2803 3142 suam,
2826 3074 2912 3147 qui
2938 3072 3117 3128 dicunt
3139 3069 3285 3135 mihi,
3306 3067 3475 3139 Euge,
3496 3078 3645 3138 euge.
3663 3063 3949 3123 Exsultat

2272 3185 2319 3248 ί]
2347 3185 2398 3231 et
2438 3174 2676 3229 (celentur
2711 3185 2864 3241 super
2900 3175 2974 3232 te,
3013 3179 3189 3221 omnes
3232 3168 3522 3234 quaerentes
3558 3167 3637 3224 te,
3676 3166 3725 3213 et
3770 3156 3951 3211 dicunt

2353 3274 2553 3338 semper
2583 3279 2598 3318 :
2643 3259 3011 3331 Magniﬁcetur
3032 3255 3315 3318 Dominus,
3342 3253 3433 3325 qui
3455 3251 3680 3322 diligunt
3716 3246 3953 3309 salutare

2354 3366 2516 3412 tuum.
2548 3352 2662 3429 Ego
2702 3359 2874 3405 autem
2905 3346 3170 3404 mendicus
3199 3361 3313 3401 sum
3341 3351 3391 3398 et
3422 3338 3949 3418 pauper,'Domiuus,

2353 3448 2604 3505 sollicitus
2645 3452 2720 3499 est
2744 3443 2867 3498 mei.
2910 3440 3133 3511 Adjutar
3157 3452 3298 3509 meus
3336 3443 3386 3492 et
3423 3441 3682 3506 protector
3725 3442 3865 3486 naeus
3896 3436 3951 3485 α

2355 3557 2442 3606 cs;
2469 3537 2611 3595 Deus
2632 3551 2794 3603 metu,
2820 3552 2887 3591 ne
2915 3530 3220 3588 tardaueris.

2932 3672 3370 3722 COIIINTABIUM.

2432 3810 2538 3868 iste
2564 3810 2616 3864 in
2644 3805 2914 3863 tricesimo
2942 3810 3135 3858 octavo
3162 3797 3374 3867 psalmo
3400 3794 3533 3850 dixit
3560 3810 3574 3848 :
3608 3790 3734 3859 Qua:
3759 3798 3837 3845 est
3857 3788 3959 3860 ex;

2352 3904 2612 3976 spectatio
2649 3893 2803 3955 mea?
2851 3912 3022 3952 nonne
3074 3890 3366 3950 Dominus?
3399 3889 3553 3947 Nunc
3575 3886 3630 3940 in
3676 3882 3957 3954 tricesimo

2363 4014 2510 4053 nono
2540 3996 2669 4051 dicit
2700 4014 2712 4049 :
2744 3993 3078 4063 Exspectans
3106 3986 3416 4058 exspectavi
3438 3980 3747 4047 Dominum,
3775 3986 3833 4031 et
3868 3991 3958 4039 re-

2365 4090 2542 4161 spexit
2560 4102 2666 4144 me.
2684 4086 2753 4141 Et
2771 4085 2865 4156 qui
2884 4084 2958 4139 ibi
2977 4083 3217 4138 dixerat:
3235 4076 3446 4135 Exaudi
3462 4074 3749 4131 orationem
3766 4082 3953 4134 meam,

2364 4158 2453 4238 hic
2476 4181 2606 4241 dicit
2638 4197 2651 4232 :
2683 4175 2968 4233 Exaudivit
3008 4174 3308 4241 orationem
3350 4180 3548 4229 meam.
3578 4161 3720 4230 Quid
3756 4158 3957 4223 orasti?

2367 4272 2500 4339 Hoc,
2518 4270 2726 4340 inquit,
2754 4266 2925 4334 oravi,
2969 4272 3030 4320 ut
3058 4264 3311 4319 educeret
3334 4256 3691 4327 cogitationes
3716 4265 3867 4318 meas
3888 4249 3958 4313 de

2367 4367 2488 4421 lacu
2517 4362 2767 4425 miseriae,
2791 4368 2848 4416 et
2867 4359 2936 4419 de
2962 4358 3075 4412 luto
3106 4354 3405 4417 libidinum,
3430 4364 3553 4420 quae
3573 4346 3778 4410 minito

2367 4458 2635 4521 dicuntur,
2664 4461 2720 4509 et
2762 4457 3024 4508 statueret
3069 4461 3231 4517 super
3258 4452 3464 4516 petram
3698 4451 3871 4501 meos.
3900 4441 3960 4495 ut

678 4514 791 4540 [ϋιιι
807 4514 888 4538 υυι
904 4514 1124 4552 μυιυυιιι
1141 4520 1154 4542 ν
1178 4514 1232 4532 νυ
1254 4514 1429 4530 ιιι-μνη
1456 4514 1583 4527 ειη-ν
1604 4514 1940 4525 νν...υ...,..-,..
1955 4514 1969 4535 ν
1991 4514 2109 4523 νυ..-
2130 4514 2265 4525 "Vn"
2618 4514 2631 4521 ,
3134 4514 3150 4517 _
3258 4514 3271 4516 ί

674 4578 737 4633 'se
774 4588 881 4630 non
902 4574 1064 4643 longo
1093 4578 1217 4643 post
1257 4578 1497 4649 tempore
1536 4566 1876 4622 moriturum.
1907 4562 2031 4619 Haec
2067 4563 2121 4618 in
2158 4535 2266 4618 alio
2294 4566 2342 4626 D
2369 4548 2505 4622 υῙῑιέθ
2536 4562 2644 4602 1³οη
2667 4556 3014 4600 commoveat
3039 4537 3307 4610 ﬂantibus
3330 4534 3527 4606 νεωίει
3555 4531 3609 4589 id
3632 4514 3741 4595 ἔδει
3766 4532 3958 4595 8.3880.-

2479 4640 2527 4649 ,..
2731 4638 2743 4648 .
2780 4635 2853 4649 .-.ι
2986 4633 2998 4645 ο
3038 4648 3047 4649 ,
3076 4629 3273 4649 ﬂuxas-
3325 4626 3391 4649 tu
3438 4626 3521 4649 LL.
3570 4622 3718 4649 0...“-
3766 4618 3957 4649 Ain-ﬁnal

679 4669 980 4738 increpans,
1010 4665 1061 4720 in
1087 4679 1146 4719 se
1175 4659 1445 4726 emendat,
1478 4668 1534 4714 et
1580 4674 1701 4713 cum
1731 4655 1981 4728 lacrymis
2010 4660 2129 4709 orat
2152 4694 2165 4718 ,
2209 4662 2266 4713 ut

676 4761 790 4817 ’non
820 4766 994 4814 taceat
1024 4756 1298 4817 Dominus,
1322 4752 1575 4822 loquatur
1595 4750 1648 4804 in
1674 4747 1838 4803 corde
1858 4745 1973 4815 ejus
2002 4746 2054 4800 in
2084 4732 2265 4802 consi-

681 4848 754 4910 lio
793 4851 928 4923 ejus,
962 4856 1021 4905 ut
1047 4850 1337 4917 cognoscat
1378 4858 1436 4898 se
1462 4841 1692 4899 incolam
1724 4846 1779 4894 et
1825 4837 2166 4909 peregrinum
2214 4834 2268 4888 in

679 4939 785 5003 hoc
806 4926 1113 5007 ‘szcculo,iet
1139 4936 1282 4994 dicat
1315 4955 1326 4990 :
1352 4934 1587 4990 Remitte
1614 4931 1744 4987 mihi
1772 4930 1861 4986 bic
1885 4935 2107 5002 peccata
2127 4941 2266 4991 mea,

683 5024 833 5097 ιιὶὶὴὶ
855 5034 1139 5105 refrigeret-
1172 5050 1184 5085 :
1216 5029 1334 5096 llic,
1368 5026 1557 5096 inquit,
1574 5024 1702 5080 mihi
1723 5024 1937 5079 remitte
1956 5006 2270 5091 priusquam

634 5170 637 5173 -
685 5134 893 5197 abeam,
912 5130 1037 5200 quia
1057 5128 1102 5183 si
1124 5125 1254 5181 mibi
1275 5124 1364 5179 hic
1388 5118 1661 5176 remiseris
1681 5116 1754 5172 ibi
1774 5113 2107 5183 refrigerium
2130 5112 2274 5166 inve-

687 5225 798 5290 nio,
827 5230 883 5278 et
910 5221 1138 5291 amplius
1167 5233 1274 5273 non
1304 5230 1399 5270 ero
1429 5211 1761 5284 peregrinus,
1792 5206 1917 5276 quia
1965 5201 2170 5259 elﬁcior
2196 5203 2272 5258 ci-

685 5311 769 5368 vis
812 5316 1116 5368 sanctorum
1147 5314 1204 5363 et
1239 5303 1563 5379 domesticus
1587 5298 1703 5362 Dei,
1736 5313 1832 5369 per
1858 5295 2143 5349 Dominum
2173 5307 2273 5371 nor-

690 5409 860 5458 strum
890 5398 1069 5455 Iesum
1098 5395 1389 5459 Christum,
1419 5392 1510 5462 qui
1540 5396 1725 5460 regnat
1756 5388 1809 5443 in
1834 5385 2027 5442 saecula
2054 5380 2278 5441 saeculo-

648 5508 656 5559 ρ
691 5502 829 5548 rum.
862 5490 1050 5547 Amen.

647 5548 653 5583 ⁵
1191 5556 1314 5613 νει
1324 5548 1509 5611 enus
1535 5549 1775 5609 xxxnx.

1120 5649 1181 5706 In
1208 5650 1368 5704 tinem
1394 5648 1632 5720 psalmus
1658 5640 1845 5699 David.

770 5746 1088 5841 Exspectata
1132 5764 1421 5835 exspectavi
1453 5756 1760 5824 Dominum,
1784 5760 1833 5812 et
1880 5754 2100 5811 intendit
2129 5753 2271 5807 mihi.

2370 4619 2614 4697 rentibus
2664 4635 2942 4707 spiritibus
2984 4629 3292 4687 immundis.
3325 4626 3413 4681 Et.
3438 4626 3524 4707 bis
3569 4622 3722 4679 factis
3765 4618 3963 4687 dirigat

2361 4746 2585 4812 .gressus
2614 4743 2783 4793 meos,
2815 4734 2942 4780 tunc
2970 4722 3119 4780 dabit
3157 4721 3239 4793 ori
3266 4734 3390 4775 meo
3429 4702 3697 4796 canticum
3737 4723 3959 4774 novum.

2371 4825 2556 4880 Omnis
2575 4823 2669 4894 qui
2694 4820 3119 4889 vicerit,_novum
3140 4813 3407 4881 canticum
3429 4810 3593 4873 canit,
3620 4805 3764 4886 canit
3782 4809 3963 4875 autem
4020 4829 4027 4841 -

2375 4934 2482 4973 non
2509 4915 2631 4979 sibi,
2661 4918 2921 4985 reputans
2937 4908 3064 4980 quia
3087 4907 3204 4962 sine
3221 4904 3335 4960 Deo
3356 4918 3465 4967 non
3485 4897 3777 4969 respondet
3796 4894 3960 4957 salus,

2364 5025 2474 5079 nec
2502 5005 2791 5069 Pharaoni,
2823 5001 2917 5059 sed
2945 4999 3091 5068 canit
3127 4998 3384 5070 hymnum
3423 4992 3557 5065 Dee,
3586 4989 3714 5060 quia
3742 4987 3803 5042 in
3845 4986 3964 5055 ipse

2371 5104 2628 5161 faciemus
2654 5102 2908 5156 virtutem
2926 5102 2987 5167 et
3014 5094 3130 5166 ipse
3158 5090 3225 5147 ad
3255 5088 3479 5144 nihilum
3500 5082 3696 5151 redigit
3721 5078 3968 5141 inimicas

2374 5203 2607 5253 nostros.
2641 5192 2754 5262 Ego
2782 5203 2910 5260 ergo
2939 5191 3258 5257 exspectans
3295 5178 3612 5243 Dominum,
3643 5174 3750 5233 hoc
3777 5183 3968 5227 conso-

2377 5272 2532 5346 cutus
2559 5260 2710 5341 sum;
2729 5281 3000 5349 Videbunt
3025 5293 3114 5333 me
3140 5272 3295 5331 multi
3319 5275 3625 5353 sperantem
3654 5266 3709 5319 in
3738 5260 3968 5322 Domitio

2376 5364 2447 5437 ad
2474 5394 2654 5435 meum
2693 5373 3019 5441 desiderium
3064 5367 3371 5441 pervenisse
3390 5402 3405 5428 ,
3449 5370 3505 5417 et
3552 5360 3653 5431 ipsi
3706 5355 3967 5413 timebam

2375 5470 2573 5540 Deum,
2604 5475 2660 5523 et
2678 5465 2972 5538 sperabunt
3000 5463 3056 5518 in
3082 5458 3328 5522 Domino.
3360 5453 3456 5519 Ille
3495 5451 3643 5507 enim
3668 5446 3971 5515 solueban—

2384 5569 2491 5627 tus,
2521 5559 2614 5630 qui
2642 5571 2835 5613 nomen
2864 5552 3076 5629 Domini
3124 5540 3275 5621 spem
3302 5560 3455 5603 suam
3481 5540 3713 5601 credens
3736 5552 3849 5614 non
3885 5548 3975 5595 ro.-

2384 5626 2824 5727 spicit-vanitates
2842 5626 3124 5717 mundi,,ct
3153 5641 3387 5715 insanias
3416 5637 3577 5701 falsas
3592 5626 3972 5709 dinh'cli.lltlr
4022 5632 4033 5637 “

2386 5716 2438 5801 ta
2468 5724 2593 5800 fecit
2618 5721 2874 5798 Dominus
2901 5735 3182 5801 mirabilia,
3211 5741 3267 5789 et
3291 5733 3343 5787 in
3368 5728 3694 5799 cogitatione
3718 5722 3833 5790 ejus
3850 5716 3974 5773 nul-
