4246 6264
363 315 465 372 581

1330 312 1797 370 COMMENTARH
1834 313 1899 366 IN
1939 310 2267 367 PSALMOS.
2312 311 2498 368 PSAL.
2539 310 2653 369 XL.

3509 307 3626 375 .383

364 392 447 489 ius
474 432 740 509 similatur
775 432 845 509 ei,
876 445 977 486 nec
1002 431 1056 485 in
1084 428 1253 509 ctelis,
1282 444 1381 484 nec
1408 430 1461 483 in
1495 430 1672 484 terris.
1705 426 1817 499 Ego
1846 445 1943 484 au-
1968 442 2015 495 Α
2045 424 2325 484 retribuam
2344 430 2437 484 eis.
2474 427 2540 482 In
2584 427 2678 483 hoc
2714 420 2950 500 cognovi,
2985 429 3233 502 quoniam
3266 430 3474 487 uoluisti
3498 448 3581 487 me
3600 472 3618 501 ,

364 534 479 583 tem
508 506 819 581 adnuntiari
837 523 962 593 quia
989 508 1292 592 exspectavi
1317 520 1623 588 Dominum,
1652 529 1707 577 et
1732 521 1943 577 locutus

365 630 486 674 sum
533 616 658 687 quia
683 613 919 686 respexit
943 626 1048 680 me,
1080 619 1137 667 et
1161 611 1497 682 multiplicati
1537 620 1664 667 sunt
1694 612 1791 682 qui
1841 627 1939 667 ex-

365 712 676 780 spectarent
694 704 1001 762 Dominum.
1032 700 1344 758 Didicerunt
1372 706 1516 758 enim
1544 718 1575 757 a
1597 719 1683 758 me
1706 703 1831 773 quia
1848 718 1938 758 sa-

364 799 626 857 criﬁcium
653 804 707 854 et
723 796 1047 853 oblationem
1073 792 1310 861 noluisti,
1334 809 1491 849 aures
1518 801 1696 849 autem
1718 792 1943 864 perfeci-

364 895 436 950 sti
474 876 623 949 mihi.
672 890 860 948 Dixisti
900 890 1043 945 enim
1075 908 1089 941 :
1139 886 1267 944 Plus
1293 896 1377 943 est
1404 887 1705 943 obedientia
1735 888 1943 942 aurium

364 1000 528 1056 quam
552 981 870 1041 sacriﬁcium
896 996 1171 1046 manuum,
1200 978 1345 1053 quod
1371 980 1466 1035 tibi
1492 994 1592 1050 pro
1613 988 1832 1051 peccato
1858 978 1941 1035 of-

364 1079 491 1134 ferri
518 1075 735 1133 minime
759 1075 1073 1148 postulasti;
1105 1083 1234 1129 tunc
1260 1072 1369 1128 dixi
1399 1092 1411 1125 :
1444 1070 1581 1128 Ecce
1624 1071 1851 1126 veniam.
1884 1068 1944 1126 In

362 1174 537 1245 capite
555 1170 674 1228 libri
698 1170 953 1241 scriptum
981 1167 1150 1225 estde
1176 1184 1283 1234 me,
1307 1165 1360 1222 id
1380 1174 1481 1231 est,
1512 1166 1564 1247 in
1579 1164 1731 1218 initio
1742 1161 1945 1218 Psalte-

362 1265 427 1321 rii
445 1264 513 1323 de
532 1277 621 1319 me
639 1263 901 1333 scriptum
923 1269 1023 1327 est,
1047 1268 1106 1315 ut
1123 1260 1313 1315 beatus
1334 1256 1537 1312 eiﬂciar
1563 1256 1660 1321 vir,
1677 1264 1737 1310 ut
1756 1254 1945 1310 faciam

361 1356 691 1413 voluntatem
719 1362 889 1419 tuam,
915 1359 969 1407 et
992 1348 1063 1408 sit
1086 1351 1140 1406 in
1162 1351 1279 1419 lege
1299 1357 1390 1404 tua
1412 1348 1659 1403 voluntas
1682 1362 1821 1413 mea,
1845 1347 1947 1402 hoc

357 1447 525 1514 volui,
557 1453 615 1503 et
658 1430 834 1514 legem
862 1451 1010 1499 tuam
1054 1443 1109 1496 in
1138 1429 1316 1496 medio
1344 1440 1521 1496 cordis
1572 1438 1695 1495 mei.
1733 1439 1947 1494 Annun-

357 1537 488 1594 tiavi
535 1536 803 1608 justitiam
846 1542 995 1591 tuam
1039 1534 1092 1588 in
1138 1530 1379 1589 Ecclesia
1422 1546 1645 1601 magna,
1676 1530 1727 1585 id
1757 1538 1859 1597 est,
1892 1531 1973 1586 in'

358 1636 630 1688 conventu
656 1638 975 1699 magnorum
990 1626 1136 1698 juste
1155 1626 1367 1682 locutus
1390 1640 1535 1703 sum,
1547 1623 1691 1693 juste
1711 1621 1945 1693 judicavi

362 1736 470 1778 non
491 1720 760 1793 accipiens
781 1732 1087 1791 personam.
1113 1715 1368 1772 Prohihui
1397 1714 1535 1770 labia
1562 1728 1701 1781 mea,
1725 1721 1784 1769 ut
1803 1714 1946 1783 quod

2046 522 2289 595 quoniam
2337 538 2443 578 non
2484 518 2721 593 gaudebit
2753 516 2996 576 inimicus
3028 539 3169 578 meus
3205 518 3363 596 super
3385 540 3486 579 me.
3532 522 3623 582 Ha

2045 619 2214 666 autem
2254 618 2470 684 propter
2503 612 2861 683 innocentiam
2889 610 3196 684 suscepisti,
3226 620 3276 668 et
3302 615 3623 686 conﬁrmasti

2042 719 2125 757 me
2153 704 2210 757 in
2232 710 2509 775 conspectu
2538 710 2625 758 tuo
2658 706 2710 758 in
2734 711 3003 759 (sternam.
3036 701 3341 761 Benedictus
3368 703 3623 765 Dominus

2042 797 2185 881 [Deus
2208 797 2378 854 Israel
2404 814 2437 851 a
2461 796 2651 854 sarculo
2670 797 2729 853 in
2747 798 2991 854 saeculum
3014 798 3110 870 fiat
3126 839 3142 866 ,
3171 799 3287 870 ﬁat.

2613 945 3048 1003 conuertuntur.

2114 1063 2362 1135 Quinque
2389 1079 2578 1120 sensus
2615 1078 2735 1121 esse
2762 1065 2817 1119 in
2864 1064 3113 1132 homine,
3152 1066 3399 1124 omnibus
3428 1075 3614 1127 notum

2046 1165 2148 1221 est,
2196 1157 2287 1227 qui
2333 1164 2477 1223 sunt,
2508 1157 2674 1222 visus,
2724 1157 2954 1223 auditus,
2986 1156 3241 1213 odoratus
3263 1197 3278 1223 ,
3302 1166 3497 1228 gustus
3520 1203 3536 1229 ,
3568 1169 3622 1219 et

2045 1255 2238 1305 tactus.
2279 1247 2386 1305 Sed
2413 1249 2496 1304 his
2528 1248 2780 1305 omnibus
2817 1244 3140 1320 propositus,
3171 1251 3263 1321 qui
3294 1253 3620 1311 nutrimento

2046 1341 2326 1417 sapientiai
2383 1341 2663 1409 coalescit,
2719 1349 2773 1397 et
2824 1344 3099 1399 memoriae
3136 1344 3257 1400 cibo
3304 1346 3621 1415 pinguescit.

2048 1434 2236 1503 Agitur
2259 1448 2387 1503 ergo
2415 1450 2538 1490 cum
2568 1450 2634 1489 eo
2660 1433 2713 1489 in
2734 1434 2909 1505 capite
2936 1435 3127 1505 psalmi
3157 1434 3345 1505 hujus,
3378 1444 3438 1491 ut
3465 1436 3624 1493 intelc

2047 1524 2176 1593 ligat
2214 1539 2379 1595 super
2398 1539 2628 1594 egenum
2675 1533 2731 1581 et
2770 1540 3079 1596 pauperem.
3121 1524 3254 1580 Nam
3279 1505 3460 1583 videre
3500 1542 3625 1584 eum

2030 1630 2237 1672 omnes
2275 1623 2531 1687 possunt,
2564 1616 2659 1672 sed
2695 1616 2797 1671 nisi
2838 1616 3191 1683 intellexerit,
3232 1618 3433 1688 inquit,
3465 1634 3626 1689 super
3722 1630 3727 1633 '

2049 1724 2276 1780 egenum
2301 1719 2357 1765 et
2378 1725 2688 1781 pauperem,
2717 1710 2907 1765 beatus
2928 1724 3036 1765 non
3066 1710 3184 1777 erit,
3215 1718 3269 1766 et
3297 1711 3348 1765 in
3378 1708 3464 1767 die
3483 1712 3623 1767 mala

361 1814 558 1883 justum
586 1819 673 1869 est
698 1827 807 1867 non
831 1809 1215 1866 absconderem
1239 1808 1294 1862 in
1321 1798 1483 1863 corde
1503 1820 1644 1872 meo,
1678 1803 1774 1861 sed
1802 1805 1945 1860 veri-
1976 1807 2025 1868 B
2051 1817 2158 1857 non
2186 1816 2307 1856 eum
2334 1800 2526 1855 liberat
2566 1801 2840 1856 Dominus.
2881 1800 3019 1856 Dicit
3047 1802 3190 1858 enim
3228 1809 3283 1857 et
3310 1803 3397 1859 hic
3425 1818 3626 1873 egenus

361 1913 529 1961 tatem
555 1914 704 1960 tuam
732 1904 787 1959 in
806 1900 1025 1971 judicio,
1059 1907 1113 1956 et
1148 1900 1385 1962 salutare
1417 1905 1570 1952 tuum
1614 1897 1666 1951 in
1714 1911 1944 1967 persona

362 1996 583 2061 humili;
612 1994 724 2049 dixi
752 2013 766 2047 :
797 1994 911 2048 Non
957 1992 1126 2049 celavi
1170 1988 1592 2046 misericordiam
1646 1997 1820 2055 tuam,
1849 1989 1945 2045 sed

368 2083 857 2142 diximiserendum
882 2085 1046 2154 inopi.
1076 2082 1185 2138 Nec
1226 2082 1370 2137 tacui
1405 2080 1687 2137 veritatem
1717 2084 1861 2135 tuam
1891 2076 1945 2135 in

372 2189 643 2250 synagoga
687 2174 892 2243 multa,
918 2173 971 2230 id
998 2178 1097 2239 est,
1138 2173 1191 2229 in
1219 2181 1481 2229 conventu
1523 2171 1834 2227 multorum.
1865 2169 1947 2226 Tu

373 2283 523 2339 ergo,
542 2267 783 2334 Domine,
805 2282 871 2323 ne
891 2260 1047 2337 longe
1068 2262 1230 2321 facias
1242 2262 1634 2321 misericordias
1650 2272 1770 2319 tuas
1784 2280 1813 2318 a
1835 2278 1942 2331 me,
1962 2266 1969 2279 '

368 2360 496 2430 quia
523 2358 885 2416 misericordia
912 2363 1001 2415 tua
1029 2364 1083 2414 et
1110 2359 1305 2414 veritas
1336 2365 1424 2413 tua
1452 2372 1668 2427 semper
1692 2372 1946 2429 suscepe-

352 2455 497 2504 runt
516 2460 641 2504 me:
667 2457 967 2520 susceptum
987 2464 1074 2503 me
1100 2463 1252 2503 suum
1284 2447 1544 2516 agnoscit,
1568 2447 1803 2518 (equitas‘
1818 2448 1944 2504 dum

354 2538 562 2606 judico,
593 2538 954 2594 misericordia
992 2538 1271 2594 subvenio.
1302 2538 1369 2594 Et
1418 2538 1673 2609 quoniam
1720 2540 1945 2596 adversa

364 2638 420 2685 et
443 2630 578 2685 mala
601 2629 1119 2701 comprehenderunt
1144 2646 1233 2686 me
1259 2629 1573 2700 fugientem,
1599 2641 1653 2688 et
1682 2649 1788 2687 non
1820 2648 1947 2704 pos-

350 2734 481 2776 sum
498 2721 630 2776 mihi
657 2719 870 2788 adesse,
893 2727 950 2776 et
974 2719 1397 2791 multiplicantur
1423 2737 1586 2792 super
1605 2723 1828 2793 capillos
1856 2738 1945 2777 ca-

361 2813 487 2883 pitis
528 2813 654 2879 mei,
687 2813 760 2867 ita
797 2820 859 2867 ut
908 2812 1083 2883 ipsum
1128 2829 1223 2867 cor
1250 2828 1428 2867 meum
1476 2813 1812 2885 derelinquat
1840 2831 1945 2881 me,

356 2905 641 2976 deprecor,
669 2911 729 2959 ut
755 2903 1090 2973 complaceat
1116 2900 1231 2967 tibi,
1263 2902 1507 2967 Domine,
1532 2910 1591 2956 ut
1609 2903 1808 2973 eripias
1823 2918 1941 2971 me;

357 2996 618 3061 Domine,
649 2995 718 3050 ad
745 2989 1104 3064 adjuvandum
1130 3009 1217 3049 me
1252 2992 1481 3065 respice.
1519 2994 1774 3063 Qum-unt
1801 2997 1943 3053 enim

358 3087 583 3158 spiritus
623 3084 883 3141 immundi
926 3085 1156 3140 animam
1201 3101 1393 3151 meam,
1427 3094 1485 3141 ut
1522 3086 1770 3142 auferant
1800 3103 1938 3155 eam,

2050 1902 2104 1949 et
2130 1908 2337 1964 pauper
2365 1910 2377 1945 :
2409 1891 2633 1957 Esurivi,
2670 1900 2719 1946 et
2746 1910 2849 1948 non
2880 1892 3092 1948 dedistis
3126 1895 3254 1949 mihi
3272 1895 3622 1963 manducare;

2048 1987 2276 2051 sitivi,,et
2296 2002 2399 2041 non
2424 1986 2641 2057 potastis
2678 2003 2792 2051 me;
2838 1987 3021 2057 hospes
3046 1988 3140 2060 fui,
3182 1995 3231 2042 et
3262 2006 3366 2043 non
3394 1992 3624 2059 suscepi-

2051 2081 2143 2134 stis
2191 2097 2303 2144 me;
2334 2079 2571 2149 inﬁrmus
2612 2072 2719 2151 fui,
2767 2088 2817 2133 et
2856 2096 2957 2135 non
3003 2082 3248 2136 visitastis
3298 2098 3379 2136 me
3409 2078 3621 2154 (Matth.

2049 2174 2196 2243 xxv).
2230 2170 2426 2227 Beatus
2455 2185 2583 2240 ergo
2605 2172 2696 2241 qui
2720 2171 2970 2240 intelligit
2991 2189 3152 2245 super
3179 2189 3404 2243 egenum
3427 2184 3481 2229 et
3501 2188 3624 2246 pau«

2048 2279 2253 2334 perem,
2286 2262 2554 2319 Christum
2584 2278 2732 2330 esse;
2759 2265 2931 2335 ipsum
2963 2266 3103 2320 enim
3133 2265 3178 2321 si
3217 2264 3481 2336 intelligit,
3516 2281 3623 2321 non

2050 2356 2427 2419 cunctabitur,
2478 2362 2696 2426 paratus
2737 2355 2839 2410 erit
2876 2371 3218 2412 succurrere.
3262 2356 3321 2410 In
3361 2356 3446 2411 die
3495 2357 3623 2426 ergo

2040 2444 2207 2511 'mala,
2264 2446 2475 2518 quando
2523 2446 2805 2503 dicendum
2835 2456 2917 2503 est
2971 2448 3135 2503 haedis
3175 2468 3187 2500 :
3234 2447 3313 2503 Ite
3357 2448 3413 2502 in
3454 2449 3624 2520 ignem

2048 2548 2297 2597 internum
2333 2539 2542 2612 (Ibid).
2587 2537 2734 2595 Tunc
2776 2541 2970 2595 liberat
3007 2556 3130 2596 eum
3152 2540 3426 2615 Dominus,
3469 2545 3525 2593 et
3565 2534 3623 2594 ut

2048 2639 2333 2690 conservet
2365 2646 2510 2698 eum,
2556 2638 2615 2686 ut
2643 2630 2903 2695 vivilicet,
2949 2638 3003 2685 et
3048 2631 3266 2685 beatum
3313 2628 3511 2694 faciat,
3563 2628 3623 2683 et

2049 2725 2306 2782 emundet
2335 2725 2388 2780 in
2411 2731 2556 2778 terra
2584 2724 2817 2785 animam
2837 2722 2971 2792 ejus,
3003 2730 3186 2776 etnon
3210 2719 3385 2775 tradat
3413 2733 3535 2773 eum
3565 2718 3620 2772 in

2048 2831 2238 2870 manus
2266 2815 2469 2870 inimici
2494 2814 2609 2884 ejus
2643 2833 2655 2867 :
2689 2824 2744 2869 et
2771 2815 3076 2869 universum
3114 2818 3344 2899 stratum
3372 2808 3488 2880 ejus
3501 2823 3622 2865 ver—

2047 2894 2176 2961 sasti
2206 2907 2259 2959 in
2290 2904 2603 2960 infirmitate
2627 2905 2759 2975 ejus.
2787 2904 3009 2960 Omnem
3040 2894 3393 2959 tentationem
3419 2900 3622 2956 inimici

2047 3009 2164 3055 esse
2191 3000 2294 3055 hoc
2322 3000 2442 3055 loco
2488 3013 2765 3054 censemus
2798 3017 2808 3050 :
2840 2996 3077 3053 Stratum
3113 3013 3242 3054 vero
3270 2998 3390 3070 ejus
3415 2998 3621 3056 oratio-

2046 3105 2167 3145 nem
2194 3090 2513 3156 asserimus,
2541 3089 2595 3144 iu
2632 3104 2738 3158 quo
2768 3089 3024 3145 inclamat
3061 3089 3289 3146 Domino
3320 3108 3332 3144 :
3367 3083 3627 3161 Miserere.

360 3184 421 3233 et
448 3177 636 3232 volunt
661 3177 793 3232 mihi
839 3178 999 3244 mala,
1031 3178 1104 3232 ita
1129 3184 1187 3232 ut
1211 3176 1338 3232 dum
1384 3179 1514 3233 satis
1558 3176 1659 3243 sibi
1687 3178 1938 3249 fecerint,
1968 3184 2013 3251 (ς
2045 3183 2171 3248 mei,
2205 3182 2346 3238 Sana
2378 3182 2608 3237 animam
2654 3198 2863 3250 meam,
2906 3183 3033 3253 quia
3074 3182 3294 3256 peccavi
3336 3183 3450 3239 tibi.
3485 3172 3631 3257 Dum;

356 3270 545 3327 dicant
572 3270 702 3326 mihi
745 3289 760 3325 :
808 3270 974 3343 Euge,
1023 3287 1177 3343 euge.
1230 3270 1430 3329 Praista
1461 3283 1520 3330 ut
1563 3276 1812 3345 quotiens
1856 3294 1944 3333 me

358 3363 548 3418 volunt
594 3377 815 3435 capere,
859 3362 1033 3420 ferant
1060 3363 1338 3421 confestim
1369 3365 1738 3424 confusionem
1766 3385 1941 3437 suam,

359 3455 630 3511 exsultent
656 3464 835 3511 autem
854 3457 946 3527 qui
973 3455 1198 3526 diligunt
1217 3457 1450 3514 salutare
1480 3469 1630 3515 tuum
1659 3460 1713 3515 in
1743 3476 1847 3517 me.
1875 3456 1942 3517 Et

362 3548 484 3617 quia
511 3562 711 3617 egenus
739 3550 791 3603 in
816 3548 1036 3616 viribus,
1067 3558 1121 3605 et
1148 3564 1350 3621 pauper
1396 3552 1450 3605 in
1480 3554 1676 3619 virtute
1703 3570 1853 3622 sum,
1887 3564 1941 3611 et

361 3637 477 3694 sine
500 3640 699 3695 auxilio
723 3646 819 3694 tuo
846 3653 1086 3711 pugnare
1110 3656 1218 3695 non
1237 3641 1410 3707 valeo,
1438 3648 1517 3708 tu,
1562 3642 1807 3711 Domine,
1841 3645 1936 3700 ad-

363 3728 482 3800 juva
544 3745 649 3786 me.
705 3729 982 3786 Festinant
1040 3729 1116 3785 illi
1175 3739 1236 3785 ut
1284 3728 1649 3799 interﬁciant;
1714 3733 1939 3790 Domine

362 3820 503 3876 Deus
527 3836 699 3889 meus,
730 3838 798 3877 ne
826 3820 1120 3877 tardaveris
1148 3820 1201 3875 in
1246 3821 1545 3889 resistendo
1595 3822 1691 3891 eis,
1722 3823 1813 3894 qui
1860 3836 1941 3879 re-

361 3926 495 3981 gnas
521 3925 641 3967 eum
668 3912 829 3969 Patre
852 3920 907 3969 et
933 3913 1135 3985 Spiritu
1161 3916 1367 3981 sancto,
1396 3927 1494 3985 per
1520 3914 1716 3971 ‘omnia
1742 3916 1935 3972 saecula

363 4005 699 4061 mulorum.
730 4006 917 4062 Amen.

913 4094 1131 4153 PSALM
1141 4094 1222 4153 US
1260 4095 1372 4152 X-L.

792 4186 848 4242 in
878 4185 1032 4243 linem
1061 4184 1307 4260 psalmus
1328 4186 1512 4245 David.

433 4276 627 4332 Beatus
653 4279 730 4334 uir
753 4282 838 4351 qui
856 4281 1096 4355 intelligit
1129 4299 1286 4354 super
1312 4299 1525 4354 egenum
1557 4290 1606 4336 et
1636 4275 1931 4353 pauperem,

361 4375 418 4427 in
451 4372 536 4426 die
560 4372 701 4426 mala
727 4371 958 4438 liberabit
985 4390 1097 4428 eum
1122 4373 1396 4430 Dominus.
1442 4374 1699 4449 Dominus
1729 4390 1935 4428 conser-

362 4470 439 4517 vet
456 4471 646 4541 cumet
672 4459 887 4534 viviﬁcet
912 4480 1047 4530 eum,
1070 4474 1120 4519 et
1140 4463 1341 4520 beatum
1373 4466 1533 4537 faciat
1555 4480 1670 4518 eum
1698 4465 1752 4518 in
1771 4473 1929 4530 terra,

2048 3286 2176 3344 ergo
2205 3282 2394 3330 sanata
2422 3274 2581 3331 fuerit
2606 3276 2811 3343 anima,
2843 3283 3043 3333 stratus
3087 3275 3235 3347 ejus,
3269 3273 3324 3333 id
3352 3283 3453 3340 est,
3494 3292 3623 3347 pro—

2045 3367 2231 3421 stratio
2274 3365 2389 3435 ejus
2431 3374 2676 3424 versatur
2724 3369 2775 3423 in
2805 3367 3134 3435 infirmitate,
3176 3365 3228 3422 id
3274 3376 3376 3435 est,
3426 3368 3481 3423 in
3529 3367 3624 3427 illo.

2044 3466 2291 3513 versatur
2340 3459 2431 3528 qui
2475 3460 2602 3515 fecit
2636 3460 2866 3515 animam
2910 3458 3174 3515 infirmam
3219 3457 3450 3514 inimicis
3489 3459 3636 3527 suis.

2042 3549 2169 3606 Ideo
2197 3551 2427 3620 denique
2447 3558 2500 3605 et
2522 3551 2763 3621 sequitur
2788 3569 2800 3602 :
2830 3549 3037 3605 Inimici
3065 3550 3171 3605 mei
3199 3548 3451 3603 dixerunt
3475 3548 3624 3609 mala.

2042 3640 2201 3705 mihi,
2230 3640 2445 3709 quando
2476 3640 2769 3693 morietur?
2801 3636 2859 3691 In
2889 3645 3111 3707 peccato
3136 3637 3296 3707 periit
3323 3637 3390 3691 ab
3418 3652 3484 3691 eo
3512 3626 3617 3692 hoc

2040 3728 2183 3800 quod
2210 3727 2405 3782 dicitur
2432 3728 2798 3781 Christianus.‘
2817 3725 2933 3780 Hoc
2960 3727 3103 3781 enim
3130 3722 3448 3792 nomen’est,
3471 3726 3636 3794 quod,

2039 3820 2218 3891 perire
2247 3817 2401 3874 nobis
2429 3816 2691 3873 dmmonia
2732 3815 2966 3871 student.
3015 3815 3082 3870 Et
3127 3815 3495 3885 ingrediuntur
3522 3833 3619 3872 cor

2041 3919 2302 3979 nostrum,
2330 3918 2388 3967 ut
2411 3911 2626 3967 videant
2647 3911 2691 3965 si
2713 3910 3104 3976 consentimus;
3136 3914 3191 3964 et
3211 3906 3255 3963 si
3278 3900 3637 3964 consenseri;

2038 4021 2176 4072 mus,
2199 4007 2357 4063 simul
2384 4008 2437 4062 in
2468 4010 2633 4061 unum
2659 4012 2956 4067 susurrant,
2990 4011 3044 4059 et
3065 4001 3304 4074 cogitant
3330 3994 3640 4057 adversum‘

2037 4111 2137 4152 nos
2157 4096 2316 4161 mala,
2351 4104 2405 4153 et
2431 4096 2652 4152 verbum
2677 4094 2915 4164 iniquum
2937 4094 3173 4163 cogitant
3188 4086 3469 4149 adversum
3490 4107 3614 4161 nos,
3636 4156 3639 4161 _

1954 4201 1957 4205 ‘
2036 4198 2098 4245 ut
2137 4191 2182 4245 si
2224 4190 2651 4261 peccaverimus,
2703 4204 2811 4244 non
2851 4188 3241 4258 pmniteamus,
3289 4185 3380 4243 sed
3424 4186 3617 4256 despe-

2037 4290 2217 4338 rantes
2243 4281 2725 4352 recuperationem,
2760 4281 2833 4334 ita
2857 4280 3043 4339 demus
3069 4282 3168 4334 no‘s
3200 4274 3443 4334 hostibus
3471 4293 3612 4349 prae-

2035 4373 2180 4439 dam,
2211 4372 2450 4428 dicentes
2474 4373 2553 4428 eis
2586 4390 2597 4426 :
2638 4371 2887 4442 Nunquid
2923 4371 3015 4441 qui
3040 4370 3238 4426 dormit
3264 4386 3371 4425 non
3403 4368 3618 4441 adjiciet

2036 4474 2093 4521 ut
2121 4466 2402 4534 resurgat?
2429 4464 2563 4519 Nam
2590 4472 2645 4519 et
2672 4465 2834 4543 homo
2856 4463 3004 4534 pacis
3028 4478 3161 4519 mem
3183 4505 3198 4530 ,
3250 4462 3304 4517 in
3333 4477 3443 4534 quo
3490 4477 3616 4532 spe-
3644 4452 3645 4459 “

362 4554 410 4608 ιι
436 4566 545 4608 non
570 4553 743 4607 tradat
764 4570 877 4609 eum
902 4557 957 4610 in
985 4557 1213 4611 animam
1243 4558 1573 4611 inimicorum
1594 4557 1725 4627 ejus.
1750 4554 1932 4610 Domi-
1958 4577 2012 4639 ι)
2036 4558 2168 4622 ravi,
2199 4556 2253 4610 id
2275 4562 2377 4622 est,
2404 4556 2567 4610 homo
2595 4567 2749 4611 meus
2778 4556 3014 4611 exterior
3032 4554 3307 4626 ampliavit
3334 4554 3617 4610 adversum
3644 4552 3647 4555 ’

360 4660 457 4699 nus
483 4660 633 4716 opem
656 4647 789 4717 [erat
813 4645 892 4701 illi
916 4662 1072 4718 super
1099 4647 1281 4703 lectum
1311 4648 1503 4702 doloris
1532 4649 1645 4720 ejus
1671 4690 1685 4714 ,
1726 4652 1930 4704 univer-

495 4742 717 4791 stratum
741 4737 852 4808 ejus
871 4741 1087 4793 versasti
1103 4740 1156 4792 in
1176 4740 1485 4809 inﬁmitate
1504 4742 1632 4811 ejus.
1661 4738 1772 4813 Ego
1800 4741 1929 4806 dixi,

359 4826 597 4895 Domine,
620 4829 864 4883 miserere
888 4830 1009 4897 mei,
1041 4845 1171 4885 sana
1200 4832 1425 4885 animam
1455 4844 1641 4899 meam,
1670 4837 1789 4904 quia
1814 4851 1933 4905 pec-

360 4918 466 4972 caui
495 4917 606 4973 tibi.
652 4916 859 4973 Inimici
901 4922 1002 4975 mei
1042 4922 1283 4976 dixerunt
1312 4923 1460 4996 mala:
1488 4926 1615 4978 mihi
1651 4940 1668 4978 :
1712 4923 1931 4989 Quando

359 5012 604 5071 morietur
629 5016 680 5065 et
697 5008 881 5082 peribit
910 5028 1095 5068 nomen
1122 5017 1252 5087 ejus.
1280 5014 1350 5069 Et
1378 5017 1422 5070 si
1452 5017 1835 5087 ingrediebatur
1878 5026 1933 5072 ut

359 5103 548 5158 videret
569 5144 584 5169 ,
632 5121 766 5159 uana
794 5105 1093 5177 loquebatur
1112 5123 1200 5163 cor
1232 5110 1364 5179 ejus,
1397 5113 1722 5181 congregavit
1744 5112 1934 5181 iniqui-

358 5201 514 5249 tatem
557 5193 673 5251 sibi.
719 5196 1099 5269 Egrediebatur
1144 5202 1316 5272 foras,
1346 5212 1395 5256 et
1424 5201 1720 5274 loquebatur
1751 5205 1803 5257 in
1848 5204 1931 5257 id-

356 5288 541 5359 ipsum.
562 5286 846 5345 Adversum
873 5308 957 5347 me
991 5290 1329 5347 susurrabant
1369 5310 1544 5348 omnes
1574 5295 1769 5361 inimici
1791 5294 1890 5347 mei
1912 5310 1930 5357 ,-

356 5379 627 5436 aduersum
650 5397 737 5438 me
774 5380 1071 5456 cogitabant
1098 5378 1240 5439 mala
1267 5387 1416 5440 mihi.
1455 5380 1676 5440 Verbum
1703 5388 1933 5457 iniquum

356 5475 730 5529 constituerunt
763 5475 1033 5530 adversum
1052 5494 1139 5534 me
1161 5517 1176 5541 ,
1220 5479 1449 5549 nunquid
1476 5479 1561 5551 qui
1611 5478 1800 5533 dormit
1830 5491 1931 5531 non

356 5563 567 5634 adjiciat
594 5575 650 5618 ut
678 5577 937 5643 resurgat.
969 5566 1177 5622 Etenim
1216 5569 1366 5624 homo
1402 5571 1543 5640 pacis
1582 5585 1707 5623 mea:
1735 5569 1789 5621 in
1837 5584 1933 5640 quo

355 5658 578 5726 speravi,
608 5659 695 5730 qui
723 5657 905 5714 edebat
932 5679 1093 5731 panes
1120 5679 1280 5725 meos,
1303 5664 1654 5733 magniﬁcavit
1673 5679 1825 5732 super
1854 5679 1934 5715 me

357 5750 848 5820 supplantationem.
877 5751 953 5807 Tu
982 5760 1170 5822 autem,
1207 5755 1442 5823 Domine,
1476 5757 1713 5811 miserere
1734 5757 1852 5823 mei,
1886 5760 1959 5809 et‘

2038 4638 2125 4705 me
2152 4647 2661 4719 supplantationem,
2694 4648 3036 4702 consentiens
3064 4645 3486 4715 subjectionibus
3524 4662 3617 4701 eo—
3646 4638 3649 4641 ¹

2038 4748 2157 4798 r‘um
2191 4762 2201 4795 :
2234 4741 2324 4812 qui
2353 4741 2544 4810 edebat
2564 4755 2770 4795 mecum
2799 4754 2993 4810 panem
3021 4738 3161 4804 vitae,
3204 4738 3316 4809 ipse
3345 4736 3637 4794 consensit

2039 4835 2136 4899 eis,
2168 4834 2377 4903 accepit
2405 4832 2472 4886 ab
2501 4832 2597 4896 eis,
2634 4839 2692 4885 ut
2718 4828 2914 4897 Judas,
2947 4837 3250 4899 argenteos,
3301 4835 3355 4882 et
3385 4827 3616 4899 prodidit

2039 4920 2342 4979 Dominum.
2371 4920 2451 4976 Ita
2490 4922 2578 4978 hic
2606 4920 2812 4993 accepit
2835 4910 2902 4977 ab
2926 4920 3005 4976 eis
3024 4919 3529 4989 concupiscentiam,
3561 4923 3615 4968 et

2040 5016 2273 5087 prodidit
2301 5030 2387 5071 me
2419 5034 2430 5069 :
2464 5015 2558 5071 sed
2587 5022 2662 5078 tu,
2696 5014 2942 5083 Domine,
2981 5014 3119 5070 sicut
3148 5009 3410 5067 suscitasii
3449 5000 3611 5060 lilium

2037 5115 2183 5161 tuum
2212 5122 2241 5160 a
2271 5108 2516 5173 mortuis,
2550 5108 2621 5162 ita
2663 5124 2750 5163 me
2778 5109 2976 5163 suscita
3005 5120 3034 5158 a
3060 5102 3371 5174 peccatore;
3414 5098 3609 5155 suscita

2036 5215 2142 5265 me,
2167 5207 2223 5255 et
2249 5200 2540 5256 retribuam
2568 5202 2689 5255 illis.
2733 5200 2794 5256 In
2833 5200 2938 5254 hoc
2974 5192 3200 5263 cognovi
3229 5190 3353 5260 quia
3392 5206 3490 5261 pro
3524 5206 3611 5245 me

2036 5307 2225 5361 passus
2251 5301 2394 5359 es,ut
2415 5309 2519 5348 non
2541 5288 3026 5362 gaudeatinimicus
3047 5298 3197 5338 meus
3207 5297 3371 5353 super
3384 5298 3488 5338 mc.
3504 5282 3610 5338 Vo-

2036 5381 2178 5439 luisti
2207 5374 2437 5450 mecum,
2466 5398 2563 5454 pro
2592 5394 2677 5435 me
2705 5380 2841 5435 mori
2879 5378 3039 5432 etiam
3058 5391 3166 5430 non
3212 5375 3491 5443 recusasti,
3518 5372 3610 5431 sed

2037 5484 2091 5530 te
2121 5475 2335 5545 jacente
2382 5477 2432 5530 in
2476 5472 2721 5543 sepulcro
2762 5468 2934 5533 timui,
2983 5476 3036 5523 te
3079 5474 3258 5522 autem
3299 5477 3611 5536 resurgente

2039 5582 2146 5622 non
2174 5567 2423 5636 gaudebit
2448 5563 2691 5619 inimicus
2717 5572 2868 5614 meus
2894 5575 3055 5631 super
3080 5575 3185 5628 me,
3217 5567 3436 5631 propter
3466 5560 3611 5613 inno-

2037 5661 2265 5715 centiam
2292 5658 2430 5712 enim
2460 5667 2634 5708 meam
2652 5652 2935 5724 suscepisti
2964 5669 3071 5711 me.
3102 5651 3217 5708 Hoc
3236 5649 3529 5705 Ecclesiam
3559 5648 3609 5700 in

2037 5752 2295 5822 apostolis
2321 5756 2376 5804 et
2409 5745 2687 5819 prophetis
2721 5744 2866 5815 dicit,
2910 5746 3032 5817 quia
3081 5760 3189 5819 non
3216 5730 3517 5813 philosophi
3561 5745 3613 5804 et
3650 5737 3656 5743 ’
