4246 6264
617 346 721 408 583

1945 351 2218 407 annona
2255 310 2558 408 lusionis
2641 383 2648 386 -

3800 349 3910 410 585

617 470 883 532 rhetores,
913 465 1008 521 sed
1028 463 1212 520 rustici
1241 470 1296 520 et
1322 462 1619 534 piscatores
1647 465 1882 535 suscepti
1904 480 1934 519 a
1963 465 2075 521 Deo
2103 465 2206 521 Ec-
2232 469 2282 528 Α
2309 465 2512 536 parebo
2544 471 2670 520 ante
2716 463 2910 520 faciem
2941 465 3075 521 Dei?
3103 462 3288 521 Patior
3335 463 3482 520 enim
3529 463 3910 525 insultationes

617 560 835 617 clesiam
865 564 1218 628 paraverunt,
1264 570 1426 624 quam
1463 554 1802 610 conﬁrmavit
1830 556 1882 610 in
1916 565 2210 627 compectu

617 670 717 709 suo
747 655 798 706 in
823 659 1103 706 mternum.
1133 649 1232 705 Cui
1273 650 1499 706 dicimus
1542 668 1554 702 :
1605 649 1924 705 Benedictus
1952 651 2211 705 Dominus

619 744 763 799 Deus
790 743 952 798 Israel
981 759 1012 796 a
1040 735 1236 797 saeculo
1265 752 1322 796 et
1350 741 1403 795 in
1433 741 1707 808 saeculum,
1743 741 1834 795 ﬁat
1866 740 1976 794 ﬁat.
2011 741 2126 796 Non
2154 750 2210 797 te

621 836 875 902 offendat,
907 835 1136 904 diligens
1165 835 1351 900 lector,
1383 833 1528 904 quod
1551 850 1666 889 rem
1687 835 1966 906 mysticam
1997 835 2063 889 ad
2092 849 2210 888 mo-

621 929 786 983 ralem
814 927 1074 981 traximus
1094 941 1330 981 causam.
1359 925 1490 979 Nam
1517 926 1656 980 sicut
1673 924 1701 979 J
1708 926 1862 980 udam
1884 926 1951 980 ad
1981 927 2210 995 proden-

620 1020 745 1075 dum
773 1019 1056 1074 Dominum
1086 1018 1554 1074 circumdederunt
1582 1016 1853 1084 Pharisaei,
1886 1025 1941 1072 et
1987 1034 2210 1073 munera

620 1112 669 1167 ei
698 1110 973 1167 offerendo
1001 1112 1244 1166 fecerunt
1272 1126 1395 1164 eum
1423 1110 1652 1164 salutem
1685 1126 1835 1165 suam
1863 1111 2103 1176 tradere,
2136 1111 2209 1165 ita

618 1201 896 1259 hominem
924 1218 1123 1266 meum,
1157 1203 1499 1269 exteriorem,
1532 1203 1623 1271 qui
1653 1203 1763 1258 edit
1791 1219 1984 1273 panem
2007 1219 2207 1270 meum,

619 1297 838 1366 spiritus
887 1297 1144 1351 immundi
1193 1296 1545 1361 circumdant,
1592 1303 1646 1349 et
1693 1295 1925 1350 offerunt
1970 1296 2020 1349 ei
2068 1312 2210 1350 nunc

620 1387 872 1459 pecunias
900 1402 1000 1456 per
1045 1387 1343 1451 avaritiam,
1379 1402 1517 1440 nunc
1557 1387 1822 1439 luxuriam
1867 1401 1964 1455 per
2006 1401 2208 1440 concu-

619 1478 951 1548 piscentiam,
984 1493 1014 1530 a
1043 1479 1236 1547 quibus
1261 1478 1305 1532 si
1335 1478 1625 1546 acceperit,
1653 1478 1863 1547 prodit;
1913 1479 2036 1532 dum
2077 1495 2208 1548 pro-

619 1567 832 1632 diderit,
863 1576 1026 1636 agunt
1054 1584 1173 1623 cum
1203 1583 1269 1622 eo
1300 1575 1357 1621 ut
1387 1568 1579 1638 laqueo
1605 1583 1664 1622 se
1692 1569 2002 1638 suspendat,
2029 1570 2080 1623 id
2105 1579 2208 1634 est,

619 1667 679 1714 ut
703 1659 953 1729 desperet
975 1675 1033 1714 se
1060 1675 1220 1729 posse
1249 1675 1278 1712 a
1309 1661 1622 1729 paenitentia
1658 1661 1901 1727 liberari;
1935 1662 2028 1716 sed
2051 1661 2210 1731 justis

619 1751 748 1807 dicit
781 1770 792 1804 :
825 1751 1071 1820 Nunquid
1099 1751 1188 1820 qui
1221 1746 1417 1806 dormit
1450 1769 1555 1806 non
1586 1751 1800 1820 adjicict
1830 1761 1888 1807 ut
1927 1755 2209 1822 resurgat?

2313 557 2615 612 daemonum
2642 557 2933 613 dicentium
2962 558 3089 612 mihi
3117 576 3129 610 ε
3165 557 3265 611 Ubi
3309 567 3393 612 est
3420 556 3488 611 ad
3517 557 3670 628 cujus
3712 559 3910 615 simili-

2313 652 2553 706 tudinem
2577 651 2748 707 factus
2777 653 2874 706 es?
2902 650 3130 721 projecit
3176 658 3229 704 te
3269 650 3339 705 de
3364 649 3616 720 paradiso
3645 667 3765 707 suo.
3790 651 3907 723 Ego

2314 751 2495 797 autem
2524 743 2686 798 credo
2713 743 2859 813 quod
2887 743 2959 797 ibi
2983 743 3257 811 ingrediar
3283 743 3336 797 in
3365 743 3540 798 locum
3572 744 3908 800 tabernaculi

2314 833 2662 901 admirabilis,
2691 833 2784 887 ubi
2829 832 3002 889 factus
3030 841 3113 887 est
3136 833 3322 898 homo,
3351 849 3454 889 nec
3481 825 3658 912 sollnn
3703 835 3777 890 ibi
3815 851 3907 891 re-

2313 934 2496 979 vertar
2520 941 2619 994 per
2645 925 2940 990 Christum,
2968 940 3156 980 verum
3186 925 3348 980 etiam
3370 927 3685 996 perveniam
3713 927 3780 982 ad
3807 927 3908 984 do—

2313 1032 2460 1070 mum
2483 1017 2652 1086 ipsius
2679 1017 2794 1072 Dei.
2829 1015 2896 1070 Et
2923 1016 3016 1086 qui
3045 1016 3170 1072 inde
3215 1017 3493 1088 projectus
3521 1035 3642 1075 sum
3689 1020 3742 1074 in
3771 1035 3907 1076 voce
3952 1042 3963 1088 λ

2313 1063 2460 1070 "'"""'
2483 1063 2651 1086 'l’"‘“’
2679 1063 2794 1072 "'""
2829 1063 2896 1070 “”“
2927 1063 3016 1086 ’1-⁵
3045 1063 3169 1072 """'
3216 1063 3492 1088 r-chvw"
3521 1063 3642 1075 “’“¹¹⁵’¹
3689 1063 3742 1074 "'
3782 1063 3907 1076 ’ννν

2295 1093 2677 1163 tribulationis
2701 1149 2716 1172 ,
2766 1114 3010 1163 revertar
3037 1108 3091 1162 in
3116 1123 3252 1163 voce
3280 1109 3658 1165 exsultationis
3695 1117 3752 1165 et
3777 1126 3908 1166 con-
3945 1063 3981 1152 ί

2312 1197 2581 1264 fessionis,
2611 1209 2776 1254 sonus
2805 1201 3090 1270 epulantis.
3117 1200 3236 1256 Noli
3264 1215 3394 1270 ergo
3417 1201 3532 1271 jam
3563 1203 3734 1259 tristis
3762 1219 3902 1272 esse,

2315 1292 2512 1357 anima,
2531 1291 2626 1346 sed
2653 1307 2811 1362 spera
2834 1293 2888 1346 in
2911 1291 3097 1359 Deum,
3121 1294 3246 1364 quia
3269 1293 3571 1349 conﬁtebor
3599 1295 3693 1350 illi.
3712 1294 3903 1350 Salva-

2293 1391 2403 1452 tor
2426 1382 2605 1436 vultus
2634 1383 2759 1448 mei,
2791 1382 2844 1437 id
2874 1391 2956 1438 est
2973 1424 2988 1449 ,
3015 1383 3262 1454 imaginis
3286 1399 3395 1439 sua:
3421 1393 3774 1455 recuperator
3799 1387 3906 1441 erit
3979 1437 3985 1442 .

2315 1473 2456 1527 Deus
2478 1489 2660 1536 meus.
2701 1475 2793 1542 qui
2839 1490 2925 1531 me
2971 1491 3001 1530 a
3048 1475 3183 1531 facie
3210 1492 3303 1531 sua
3322 1519 3336 1542 ,
3367 1493 3472 1532 non
3503 1486 3560 1532 ut
3589 1478 3702 1548 ipse
3731 1479 3904 1534 voluit

2315 1563 2562 1633 projecit,
2595 1564 2688 1620 sed
2717 1580 2818 1635 ego
2841 1581 2873 1620 a
2894 1581 2981 1620 me
3011 1567 3129 1636 ipso
3154 1567 3390 1622 animam
3417 1569 3763 1634 conturbavi,
3795 1584 3901 1639 ego

2315 1669 2437 1708 eam
2460 1655 2570 1710 laesi
2602 1671 2630 1709 a
2660 1671 2748 1710 me
2777 1657 2927 1726 ipso;
2960 1658 3138 1711 anima
3166 1673 3286 1713 mea
3312 1659 3521 1712 turbata
3551 1667 3653 1727 est,
3692 1667 3748 1714 et
3773 1675 3901 1730 pro-

2314 1754 2437 1817 pter
2465 1747 2568 1802 hoc
2595 1763 2804 1803 memor
2829 1764 2924 1803 ero
2945 1750 3179 1804 nominis
3207 1750 3284 1804 tui
3308 1749 3374 1804 ad
3401 1759 3600 1806 terram
3628 1749 3897 1816 Jordanis,

619 1842 776 1909 Quod
800 1844 1014 1912 quidem
1046 1844 1324 1914 mysticus,
1358 1852 1418 1897 ut
1445 1843 1586 1908 dixi,
1637 1860 1824 1900 sensus
1851 1845 1918 1898 ad
1964 1861 2206 1901 resurre-
2239 1843 2288 1902 Β
2316 1838 2388 1894 ibi
2416 1838 2675 1909 accipiam
2716 1841 3090 1896 remissionem
3135 1851 3498 1912 peccatorum.
3534 1842 3636 1898 Ubi
3681 1845 3900 1916 abyssus

619 1933 852 1989 ctionem
883 1934 1215 1989 Dominicam
1241 1933 1563 2000 manifestat,
1597 1935 1689 1990 sed
1720 1952 1819 1992 nos
1849 1937 2108 1991 moralem
2139 1953 2209 1992 ex

620 2025 845 2096 mystico
875 2025 1154 2093 genuimus
1184 2025 1381 2091 locum,
1414 2027 1505 2094 qui
1535 2029 1755 2096 propter
1784 2027 1889 2083 hoc
1935 2028 2078 2097 quod
2109 2044 2209 2084 nos

619 2117 721 2188 ipsi
751 2117 906 2171 nobis
933 2118 1230 2182 nocuimus,
1263 2117 1564 2186 abjicimur,
1593 2133 1865 2173 cessemus
1905 2121 2062 2175 nobis
2110 2137 2209 2176 no-

618 2221 761 2275 cere,
796 2215 851 2262 et
878 2209 1194 2264 innocentes
1219 2209 1500 2274 efﬁcimur,
1531 2219 1590 2264 ut
1617 2212 1811 2266 merito
1842 2213 2208 2284 unusquisque

618 2299 763 2355 dicat
804 2301 914 2356 Deo
949 2321 960 2354 :
997 2300 1225 2373 Propter
1272 2303 1632 2358 innocentiam
1674 2304 1955 2375 suscepisti
2003 2321 2107 2372 me,
2152 2314 2208 2361 et

619 2392 709 2464 qui
738 2393 1043 2463 projeceras
1089 2411 1119 2450 a
1168 2395 1305 2451 facie
1345 2404 1434 2450 tua
1466 2412 1561 2466 per
1589 2407 1889 2466 peccatum,
1921 2415 2063 2454 nunc
2107 2416 2212 2470 per-

619 2483 989 2554 poenitentiam
1015 2485 1302 2542 confirmas
1327 2502 1413 2540 me
1442 2487 1495 2542 iu
1525 2496 1817 2558 conspectu
1847 2498 1939 2544 tuo
1963 2491 2016 2545 in
2050 2500 2206 2547 teter-

618 2586 766 2640 num,
791 2575 883 2645 qui
912 2589 1104 2646 regnas
1133 2577 1187 2632 in
1217 2579 1409 2633 saecula
1437 2581 1774 2635 szcculorum.
1798 2580 1989 2637 Amen.

1161 2712 1384 2770 PSALM
1393 2715 1478 2771 US
1515 2715 1649 2771 XLI.

689 2820 748 2877 In
778 2819 936 2878 ﬁnem
966 2823 1268 2886 intellectus
1299 2825 1419 2882 ﬁliis
1449 2828 1644 2896 Cbore,
1675 2831 1914 2902 psalmus
1944 2831 2129 2887 David.

689 2921 1132 2996 Quemadmodum
1163 2937 1423 2994 desiderat
1446 2957 1621 2996 cervus
1644 2943 1715 2996 ad
1737 2946 1905 3015 fontes
1931 2962 2203 3018 aquarum,

621 3024 697 3076 ita
718 3023 976 3080 desiderat
997 3030 1172 3082 anima
1192 3047 1305 3084 mea
1334 3032 1404 3084 ad
1425 3041 1488 3096 te,
1517 3033 1673 3087 Deus.
1701 3034 1874 3089 Sitivit
1900 3039 2077 3091 anima
2091 3055 2205 3092 mea

615 3112 686 3164 ad
718 3113 884 3168 Deum
927 3119 1118 3186 fontem
1147 3122 1338 3186 vivum,
1383 3124 1589 3193 quando
1624 3127 1822 3179 veniant
1859 3137 1910 3180 et
1945 3129 2202 3200 apparebo
2246 3167 2250 3171 -

2312 1931 2562 2001 abyssum
2602 1931 2835 1987 invocat.
2887 1932 3052 1988 Filius
3089 1931 3305 1989 Patrem
3329 1934 3396 1989 de
3445 1934 3711 2005 profundo
3738 1945 3898 1993 terra:

2312 2029 2368 2076 et
2396 2021 2646 2090 fluminis,
2698 2032 2753 2079 et
2799 2026 3000 2095 apertis
3043 2027 3328 2082 cataractis
3368 2027 3491 2084 οωιί
3537 2029 3898 2087 descendente

2313 2113 2517 2184 Spiritu
2545 2124 2768 2183 sancto;
2818 2116 2979 2173 Pater
3007 2119 3242 2189 appellat
3281 2119 3474 2175 Filium
3519 2120 3586 2176 de
3615 2122 3897 2180 altitudine

2311 2206 2590 2262 caelorum.
2623 2206 2758 2262 Cum
2780 2195 2910 2278 ergo
2936 2209 3163 2265 altitudo
3191 2210 3258 2264 ad
3280 2211 3620 2302 altitudinem
3664 2214 3894 2280 clamat,

2310 2300 2525 2355 excelsa
2555 2301 2650 2357 Dei
2680 2302 2734 2355 in
2764 2317 2850 2356 me
2879 2303 3118 2371 ingressa
3141 2300 3299 2358 sunt;
3314 2303 3486 2360 Homo
3507 2307 3650 2361 enim
3673 2323 3899 2379 recupe-

2310 2397 2460 2443 ratus
2489 2397 2591 2456 est,
2638 2407 2746 2446 non
2777 2392 3001 2456 angelus
3023 2433 3038 2458 ,
3092 2408 3199 2448 non
3248 2394 3426 2464 aliqua
3471 2396 3577 2451 alia
3607 2407 3852 2453 creatura
3878 2439 3896 2464 ,

2309 2483 2525 2549 quando
2581 2482 2634 2536 in
2686 2483 2773 2538 die
2821 2483 3092 2539 mandavit
3158 2484 3419 2541 Dominus
3470 2487 3896 2556 misericordiam

2308 2585 2495 2634 suam,
2545 2573 2710 2640 gratis
2755 2573 2808 2626 in
2855 2573 3123 2644 baptismo
3162 2575 3492 2632 remittendo
3535 2587 3792 2648 peccata,
3840 2587 3900 2636 et

2310 2662 2483 2731 ipsam
2511 2663 2934 2719 misericordiam
2962 2680 3114 2720 suam
3135 2666 3267 2721 mihi
3299 2667 3353 2721 iu
3381 2667 3617 2724 tenebris
3643 2678 3897 2740 peccato-

2308 2771 2427 2809 rum
2453 2756 2630 2825 posito
2658 2757 2805 2812 velut
2838 2758 2892 2812 in
2919 2757 3148 2813 obscuro
3179 2759 3369 2825 noctis,
3393 2760 3465 2815 ibi
3488 2759 3627 2816 hanc
3652 2762 3897 2818 eamdem

2307 2847 2732 2903 misericordiam
2759 2849 3067 2906 declaravit.
3088 2849 3213 2906 Plus
3235 2859 3319 2906 est
3343 2852 3487 2906 enim
3513 2853 3816 2910 misericors
3834 2855 3890 2912 in

2307 2939 2606 3008 pmnitente
2633 2955 2798 3009 quam
2840 2941 2894 2995 in
2935 2942 3190 2998 credente
3241 2960 3253 2994 :
3304 2943 3377 2998 ibi
3417 2958 3515 3014 per
3559 2945 3893 3016 baptismatis

2307 3031 2534 3098 gratiam
2578 3031 2804 3102 simplex
2834 3039 2918 3087 est
2955 3033 3318 3101 indulgentia;
3360 3034 3446 3090 hic
3489 3036 3811 3104 geminatur,
3838 3046 3894 3092 et

2306 3123 2472 3177 veluti
2495 3123 2694 3193 duplici
2725 3125 2926 3180 lumine
2973 3125 3299 3194 declaratur,
3327 3127 3544 3196 quando
3575 3125 3705 3184 dicit
3732 3131 3894 3187 homo

615 3214 736 3259 ante
764 3208 951 3278 faciem
998 3209 1114 3264 Dei.
1158 3211 1392 3266 Fuerunt
1435 3217 1560 3269 mihi
1606 3217 1852 3288 lacryma:
1889 3237 2014 3275 mea:
2040 3239 2201 3291 panes
2229 3221 2276 3286 (ξ
2305 3230 2426 3270 cum
2457 3216 2705 3287 lacrymis
2751 3215 2898 3283 Deo,
2942 3216 3236 3289 Susceptor
3280 3235 3432 3275 meus
3466 3236 3551 3286 es.
3595 3237 3762 3290 quare
3808 3238 3896 3280 me

614 3293 698 3348 die
718 3311 780 3348 ac
805 3305 969 3362 nocte,
1001 3298 1122 3351 dum
1153 3300 1342 3355 dicitur
1381 3304 1508 3356 mihi
1541 3306 1794 3374 quotidie,
1835 3306 1931 3360 Ubi
1953 3319 2028 3362 est
2057 3310 2198 3364 Deus

615 3395 752 3440 tuus.
797 3385 926 3441 Hac
965 3391 1261 3445 recordatus
1304 3410 1444 3460 sum,
1488 3405 1537 3448 et
1570 3397 1730 3466 eﬁ‘udi
1767 3401 1820 3451 in
1849 3416 1931 3452 me
1969 3405 2196 3457 animam

613 3493 797 3542 meam,
829 3481 1072 3550 quoniam
1111 3471 1340 3538 transibo
1382 3486 1436 3539 in
1465 3487 1633 3542 locum
1663 3487 1986 3547 tabernaculi
2029 3495 2198 3549 admi-

613 3569 797 3624 rabilis
818 3589 976 3644 usque
1008 3575 1078 3628 ad
1111 3575 1318 3631 domum
1347 3578 1466 3634 Dei.
1512 3579 1579 3636 In
1608 3599 1726 3638 voce
1757 3587 2118 3642 exsultationis
2147 3598 2196 3642 et

613 3665 977 3736 confessionis,
1003 3684 1160 3723 sonus
1189 3672 1462 3742 epulantis.
1514 3673 1688 3740 Quare
1718 3679 1878 3733 tristis
1906 3698 1979 3746 es,
2019 3683 2196 3737 anima

611 3772 744 3821 mea,
777 3765 827 3811 et
851 3775 1008 3830 quare
1040 3764 1314 3818 conturbas
1351 3767 1464 3843 me?
1503 3767 1670 3838 Spera
1696 3771 1749 3823 in
1779 3752 1909 3837 Deo,
1953 3777 2194 3845 quoniam

612 3850 780 3904 adhuc
808 3853 1090 3924 confitebor
1114 3857 1211 3923 illi,
1243 3859 1473 3913 salutare
1492 3862 1658 3916 vultus
1679 3865 1777 3916 mei
1797 3873 1846 3917 et
1870 3863 2009 3920 Deus
2031 3885 2188 3922 meus.

610 3941 694 3995 Ad
739 3960 819 3998 me
862 3946 1030 4015 ipsum
1075 3950 1250 4002 anima
1278 3967 1391 4004 mea
1435 3952 1738 4006 conturbata
1784 3963 1878 4020 est,
1923 3970 2210 4032 propterea

610 4051 805 4090 memor
831 4054 918 4092 ero
963 4040 1035 4090 tui
1089 4040 1151 4092 de
1196 4049 1333 4094 terra
1379 4040 1650 4106 Iordanis,
1700 4055 1750 4097 et
1793 4045 2118 4103 Hermoniim
2159 4070 2191 4105 a

610 4135 783 4179 monte
809 4127 1029 4181 modico.
1062 4127 1290 4199 Abyssus
1313 4131 1554 4201 abyssum
1590 4134 1793 4188 invocat
1820 4136 1876 4188 in
1905 4153 2023 4192 voce
2047 4150 2192 4194 cata-

609 4227 873 4273 ractarum
903 4229 1125 4274 tuarum.
1161 4219 1350 4276 Omnia
1377 4225 1581 4279 excelsa
1609 4235 1696 4278 tua
1715 4237 1764 4279 et
1791 4229 1974 4296 fluctus
2005 4233 2079 4285 tui
2101 4249 2192 4286 su-

608 4325 700 4379 per
726 4326 806 4364 me
831 4315 1162 4367 transierunt.
1197 4313 1264 4368 In
1296 4315 1380 4368 die
1412 4317 1677 4372 mandavit
1707 4318 1961 4375 Dominus
1989 4305 2191 4378 iniseri-

609 4399 837 4454 cordiam
857 4418 1022 4468 suam,
1047 4411 1098 4457 et
1115 4413 1262 4458 nocte
1282 4407 1537 4460 canticum
1569 4396 1698 4478 ejus.
1733 4411 1884 4481 Apud
1913 4431 1993 4466 me
2018 4416 2186 4470 oratio

606 4487 718 4544 Deo
747 4490 863 4544 vitae
889 4509 1033 4557 mete,
1067 4493 1236 4547 dicam
1272 4494 1380 4550 Deo
1420 4510 1684 4568 susceptor
1720 4519 1860 4558 meus
1907 4521 1980 4558 es.
2015 4504 2188 4570 Quare

2305 3307 2501 3362 oblitus
2530 3323 2608 3373 es,
2639 3325 2763 3363 cum
2792 3311 2963 3378 possis
2993 3310 3320 3380 indulgendo
3346 3318 3697 3370 succurrere?
3717 3315 3893 3381 Quare

2299 3415 2386 3454 me
2415 3400 2678 3470 repulisti,
2727 3417 2849 3455 cum
2896 3403 3072 3472 possis
3101 3403 3384 3474 expulsum
3433 3415 3500 3464 et,
3536 3407 3775 3462 exsulem
3824 3408 3892 3462 ad

2299 3491 2528 3560 patriam
2553 3493 2850 3547 revocare?
2875 3491 2944 3547 Et
2971 3509 3136 3562 quare
3172 3495 3338 3550 triStis
3367 3496 3578 3562 incedo,
3615 3515 3736 3554 cum
3765 3515 3892 3570 pos-

2297 3583 2370 3636 sis
2400 3582 2636 3637 ltctitiam
2666 3583 2938 3639 reddere?
2964 3584 3180 3651 Incedo,
3213 3587 3404 3657 inquit,
3437 3589 3622 3656 tristis,
3655 3591 3781 3646 dum
3809 3593 3890 3646 af-

2297 3673 2432 3743 fligit
2458 3690 2544 3731 me
2572 3675 2840 3742 inimicus,
2871 3676 2998 3732 dum
3027 3676 3334 3755 confringit
3372 3679 3553 3734 omnia
3593 3695 3714 3735 ossa
3743 3697 3883 3738 mea.

2301 3766 2534 3821 Tristitia
2583 3769 2725 3823 enim
2776 3769 2976 3835 animi,
3027 3770 3102 3824 ait
3157 3769 3446 3838 Salomon,
3498 3773 3723 3826 exsiccet
3763 3791 3885 3828 ossa

2297 3857 2488 3924 (Prov.
2523 3875 2648 3926 xvu,
2680 3858 2805 3929 25).
2839 3853 2999 3915 Cessa
3028 3875 3156 3930 ergo
3181 3863 3397 3918 tristitia
3415 3903 3432 3929 ,
3455 3871 3510 3920 et
3535 3863 3719 3920 desine
3747 3880 3882 3921 con-

2294 3947 2513 4003 turbare
2552 3964 2665 4015 me,
2699 3965 2794 4020 spe
2841 3951 2982 4004 enim
3011 3953 3192 4007 salvus
3237 3953 3464 4021 efﬁcior,
3510 3963 3566 4010 et
3593 3956 3695 4010 erit
3737 3956 3886 4016 salus

2292 4039 2469 4095 vultus
2490 4041 2615 4106 mei,
2646 4042 2890 4121 reddens.
2905 4043 3210 4101 libertatem
3258 4048 3562 4118 aspectibus
3583 4049 3719 4106 meis
3743 4049 3886 4115 Deus

2291 4145 2462 4196 meus,
2493 4132 2584 4202 qui
2612 4143 2802 4203 regnat
2831 4135 2885 4190 in
2914 4137 3109 4192 saecula
3139 4139 3477 4194 saeculorum.
3510 4137 3702 4197 Amen.

2825 4271 3141 4331 PSALMUS
3176 4259 3362 4329 xw.‘

2717 4360 2779 4439 In,
2805 4383 2964 4440 ﬁnem
2997 4387 3234 4458 psalmus
3270 4387 3456 4442 David.

2357 4495 2549 4551 Judica
2575 4515 2674 4563 me,
2699 4498 2856 4565 Deus,
2883 4511 2933 4556 et
2961 4502 3198 4557 discerne
3223 4520 3434 4558 causam
3455 4521 3624 4559 meam
3646 4505 3711 4560 de
3729 4517 3880 4578 gente

607 4577 791 4632 oblitus
819 4597 872 4634 es
900 4583 1030 4648 mei,
1078 4592 1128 4636 et
1155 4601 1312 4656 quare
1337 4589 1672 4645 contristatus
1692 4579 2019 4649 incedo-dum
2049 4597 2186 4667 aliti-
2215 4599 2263 4660 ι)
2289 4607 2390 4645 non
2420 4603 2622 4656 sancta.
2649 4591 2714 4646 ab
2742 4594 2946 4648 homine
2965 4595 3141 4666 iniquo
3161 4606 3210 4651 et
3239 4597 3418 4653 doloso
3440 4599 3580 4669 eripe
3598 4616 3697 4653 me.
3729 4577 3892 4663 Quid.

606 4671 680 4743 git
707 4687 789 4725 me
806 4673 1064 4730 inimicus.
1097 4675 1236 4731 Dum
1270 4679 1673 4751 confringuntur
1699 4701 1819 4738 ossa
1847 4703 1980 4751 mea,
2006 4705 2190 4759 expro-
2212 4740 2214 4742 .

605 4762 876 4817 braverunt
904 4766 1031 4820 mihi
1056 4769 1142 4840 qui
1162 4771 1414 4825 tribulant
1454 4790 1535 4826 me
1572 4774 1770 4829 inimici
1796 4774 1914 4832 me'i.
1944 4778 2077 4834 Dum
2106 4781 2188 4834 di-

604 4863 723 4908 cunt
762 4856 889 4911 milii
910 4875 1002 4927 per
1024 4861 1258 4932 singulos
1286 4863 1414 4928 dies,
1449 4864 1550 4918 Ubi
1576 4876 1652 4921 est
1681 4866 1819 4923 Deus
1846 4879 1980 4935 tuus,
2029 4890 2188 4943 quare

602 4946 766 5001 tristis
793 4964 848 5002 es
866 4950 1043 5003 anima
1069 4968 1183 5005 mea
1199 4993 1213 5017 ,
1238 4965 1286 5007 et
1314 4947 1770 5027 quare’conturbas
1793 4979 1890 5016 me.
1925 4963 2094 5034 Spera
2130 4966 2186 5019 in

601 5036 731 5101 Deo,
785 5041 1028 5112 quoniam
1074 5043 1242 5098 adhuc
1279 5047 1560 5117 conﬁtebor
1614 5035 1711 5118 illi,
1743 5053 1973 5108 salutare
2019 5056 2216 5130 cultus

601 5131 700 5183 mei
727 5137 778 5184 et
804 5130 947 5188 Deus
968 5151 1127 5190 meus.

1171 5223 1602 5266 COMMENTARIUI.

671 5309 822 5366 Sicut
864 5330 1053 5375 cervus
1099 5324 1419 5392 serpentinis
1440 5325 1687 5380 carnibus
1735 5334 1945 5396 pastus,
1973 5344 2182 5386 veneno

602 5411 901 5460 exaestuans
931 5407 1146 5466 festinat
1192 5413 1260 5467 ad
1305 5412 1501 5481 fontes,
1547 5416 1617 5469 ita
1658 5419 1924 5488 serpentis
1973 5421 2180 5489 antiqui

601 5503 784 5565 pastus
811 5499 1034 5554 consilio
1083 5501 1296 5558 festinat
1325 5507 1502 5560 anima
1546 5523 1666 5564 mea
1705 5508 1775 5563 ad
1814 5518 1887 5575 te,
1919 5510 2079 5566 Deus.
2113 5511 2178 5566 Et

599 5588 723 5659 quia
770 5587 1043 5660 projecisti
1070 5608 1156 5648 me
1181 5611 1212 5648 a
1242 5595 1373 5652 facie
1413 5606 1501 5654 tua
1548 5617 1646 5670 per
1683 5604 2176 5673 przevaricationem
2216 5671 2221 5680 ι

599 5693 797 5748 meam,
818 5697 961 5739 nunc
987 5701 1083 5756 per
1099 5687 1464 5757 pmnitentiam
1496 5709 1670 5750 meam
1700 5708 1824 5752 sunt
1845 5697 1976 5752 mihi
2005 5697 2175 5769 lacry-

599 5785 702 5827 ma:
737 5788 904 5844 panes
941 5775 1030 5835 die
1054 5793 1118 5836 ac
1159 5788 1319 5838 nocte
1355 5782 1578 5855 dicenti,
1622 5788 1837 5856 quando
1865 5789 2076 5845 veniam
2121 5797 2177 5846 et

2296 4694 2347 4738 tu
2387 4702 2466 4750 es,
2513 4684 2664 4750 Deus,
2716 4686 2964 4757 fortitudo
3011 4705 3145 4755 mea,
3176 4706 3334 4761 quare
3383 4706 3466 4744 me
3513 4689 3780 4760 repulisti,
3826 4698 3878 4744 et

2289 4794 2447 4848 quare
2485 4778 2648 4831 tristis
2683 4777 2868 4832 incedo
2898 4778 3021 4832 dum
3043 4780 3227 4852 afﬂigit
3266 4799 3347 4835 me
3386 4770 3646 4836 inimicus.
3681 4780 3878 4836 Emitte

2291 4868 2454 4922 lucem
2483 4876 2626 4922 tuam
2645 4877 2695 4922 et
2727 4869 2995 4926 veritatem
3023 4879 3187 4937 tuam,
3211 4873 3328 4943 ipsa
3361 4889 3442 4926 me
3464 4872 3794 4927 deduxerunt
3822 4873 3876 4926 in

2290 4967 2514 5012 montem
2559 4969 2794 5013 sanctum
2817 4970 2976 5027 tuum,
3019 4973 3070 5015 et
3090 4963 3145 5016 in
3176 4961 3514 5017 tabernacula
3550 4973 3656 5018 tua.
3688 4963 3761 5018 Et
3787 4966 3874 5018 in-

2286 5050 2452 5105 troibo
2479 5052 2549 5104 ad
2566 5053 2732 5107 altare
2752 5052 2868 5119 Dei,
2899 5054 2970 5108 ad
2997 5054 3162 5108 Deum
3189 5057 3276 5128 qui
3303 5057 3534 5127 laetiﬁcat
3553 5059 3870 5128 jucentutem

2287 5159 2472 5196 meam.
2525 5141 2820 5215 Conﬁtebor
2860 5144 2953 5198 tibi
2991 5145 3044 5198 in
3073 5147 3296 5209 cithara,
3330 5146 3491 5215 Deus,
3522 5147 3667 5202 Deus
3695 5167 3836 5204 meus
3859 5169 3877 5206 :

2285 5248 2444 5310 quare
2480 5239 2642 5292 tristis
2667 5255 2740 5303 es,
2787 5240 2962 5292 anima
3002 5255 3138 5302 mea,
3181 5249 3232 5293 et
3276 5257 3438 5311 quare
3464 5239 3741 5295 conturbas
3772 5258 3898 5306 mea

2285 5331 2452 5402 Spera
2479 5329 2533 5383 in
2562 5329 2692 5395 Deo,
2721 5330 2966 5401 quoniam
2995 5331 3164 5384 adhuc
3187 5331 3471 5402 conﬁtebor
3490 5331 3612 5398 illi;
3642 5331 3876 5390 salutare

2281 5423 2446 5476 vultus
2466 5422 2568 5476 mei
2591 5429 2640 5474 et
2659 5420 2797 5475 Deus
2818 5435 2958 5476 meus
3201 5495 3204 5498 _

2854 5529 3290 5572 COIHENTARIUM.
3331 5586 3334 5589 _

2353 5604 2496 5660 Gens
2543 5622 2651 5660 non
2699 5614 2884 5663 sancta
2903 5649 2918 5674 ,
2950 5607 3334 5679 cogitationum
3363 5611 3717 5682 pessimarum
3744 5619 3868 5666 sunt

2283 5699 2506 5766 semina,
2556 5714 2676 5768 quae
2700 5700 2901 5755 zizania
2949 5701 3000 5755 in
3050 5702 3339 5771 Evangelio
3380 5720 3410 5756 a
3459 5703 3602 5758 malo
3652 5701 3865 5756 homine

2283 5806 2442 5860 super
2463 5791 2662 5847 bonum
2686 5807 2876 5849 semen
2899 5803 3013 5849 sata
3043 5801 3352 5850 nascuntur.
3397 5794 3478 5850 Ab
3515 5796 3620 5851 hoc
3645 5791 3863 5849 homine
