4246 6264
360 359 471 415 585

366 562 628 619 fortitudo
652 579 772 618 mea
793 604 809 630 ,
837 563 947 619 noli
975 577 1062 618 me
1105 561 1368 632 repellere
1395 578 1426 616 a
1457 572 1529 628 te,
1562 569 1621 616 ut
1649 577 1756 618 non
1789 561 1959 616 tristis

368 651 615 707 incedam
662 653 875 723 quando
902 650 1086 722 allligit
1133 667 1221 706 me
1268 652 1542 718 inimicus;
1592 653 1686 708 sed
1728 653 1959 707 immitte

369 743 550 799 lucem
576 753 718 799 tuam
741 753 798 800 et
827 746 979 800 vince
1008 745 1260 799 tenebras
1287 760 1466 810 meas;
1494 745 1645 800 mitte
1673 745 1956 800 veritatem

370 843 539 904 tuam,
570 847 625 892 et
651 837 806 894 vince
833 837 1115 893 mendacia
1145 853 1285 892 mea.
1332 838 1451 893 Lux
1477 838 1622 893 enim
1663 847 1755 893 tua
1777 847 1832 894 et
1863 853 1956 892 ve-

372 928 507 982 ritas
551 937 671 994 tua,
711 929 827 999 ipsa
871 945 958 984 me
1004 928 1304 999 perducunt
1331 929 1400 984 ad
1438 937 1678 984 montem
1714 938 1959 983 sanctum

372 1027 546 1086 tuum,
576 1027 630 1074 et
668 1019 722 1074 in
753 1019 1099 1075 tabernacula
1126 1029 1239 1086 tua,
1271 1036 1391 1075 cum
1423 1020 1629 1089 ingredi
1657 1036 1742 1074 me
1769 1019 1961 1074 feceris

371 1111 439 1166 ad
467 1111 637 1166 altare
658 1111 773 1177 Dei,
799 1112 894 1166 ubi
917 1113 1164 1182 quamvis
1190 1119 1466 1166 senectute
1495 1111 1770 1166 confectus
1798 1126 1961 1165 vene—

372 1201 492 1268 rim,
522 1202 594 1257 ibi
617 1200 831 1271 juvenis
861 1201 1004 1268 liam,
1036 1210 1095 1256 ut
1123 1203 1278 1270 quasi
1308 1203 1484 1256 infans
1515 1201 1775 1256 coulitear
1800 1201 1854 1254 in
1881 1201 1962 1254 ci-

375 1291 530 1346 thara
559 1292 792 1347 Domino
816 1292 929 1347 Deo
950 1308 1073 1348 meo
1107 1311 1118 1345 :
1139 1293 1252 1361 jam
1278 1293 1386 1346 noli
1410 1292 1575 1346 tristis
1599 1307 1746 1357 esse,
1785 1291 1963 1346 anima

375 1394 517 1447 mea,
547 1381 734 1437 desine
774 1383 1098 1438 conturbare
1128 1398 1215 1437 me
1238 1421 1252 1446 ,
1311 1382 1462 1437 aufer
1489 1398 1520 1436 a
1551 1391 1602 1437 te
1629 1382 1963 1452 desperatio-

359 1478 518 1538 ‘hem,
551 1481 606 1528 et
634 1489 793 1542 spera
822 1473 876 1527 in
905 1473 1108 1536 Deum,
1135 1474 1390 1542 quoniam
1419 1472 1716 1528 conlitebor
1738 1472 1832 1526 illi.
1866 1469 1966 1526 Sa-

378 1563 461 1620 lus
489 1566 634 1644 enim
663 1565 841 1621 vultus
878 1565 986 1619 mei
1015 1566 1118 1620 erit
1160 1564 1302 1620 Deus
1336 1579 1510 1630 meus,
1539 1564 1631 1634 qui
1677 1571 1868 1633 regnat
1910 1562 1964 1616 in

382 1657 572 1714 sucula
599 1657 938 1713 seculorum.
971 1656 1162 1712 Amen.

909 1773 1224 1864 PSALMUS
1263 1806 1441 1862 xuu.

387 1943 446 2003 In
473 1945 631 2002 linem
658 1961 758 2016 pro
787 1944 907 2000 ﬁliis
926 1944 1132 2011 Chore,
1165 1944 1473 2000 intellectus
1502 1943 1741 2015 psalmus
1779 1942 1964 2000 David.

411 2196 414 2198 η
469 2123 608 2181 Deus
651 2125 858 2179 auribus
887 2125 1078 2180 nostris
1107 2123 1411 2188 audivimus,
1459 2132 1636 2196 patres
1676 2125 1840 2179 nostri
1879 2140 1975 2177 an—

399 2209 759 2273 nuntiaverunt
800 2214 964 2270 nobis.
1009 2212 1154 2285 Opus
1182 2214 1314 2286 quod
1358 2225 1596 2286 operatus
1636 2232 1690 2269 es
1719 2216 1772 2267 in
1801 2213 1977 2268 diebus

397 2325 574 2380 eorum
604 2318 653 2361 et
675 2309 728 2361 in
751 2307 927 2361 diebus
954 2307 1196 2377 antiquis.
1223 2305 1412 2360 Manus
1451 2317 1537 2360 tua
1575 2316 1750 2378 gentes
1779 2307 1978 2375 disper-

397 2405 550 2470 didit,
571 2413 620 2457 et
637 2403 889 2474 plantasti
915 2419 1021 2468 eos,
1045 2401 1276 2472 amisisti
1294 2401 1514 2470 populos
1539 2411 1587 2454 et
1606 2401 1851 2471 expulisti
1869 2416 1974 2454 eos.

396 2491 510 2546 Nec
549 2494 689 2560 enim
714 2495 768 2546 in
795 2492 969 2564 gladio
999 2510 1091 2547 suo
1136 2492 1475 2563 possederunt
1524 2502 1743 2558 terram,
1784 2500 1833 2545 et
1856 2490 1978 2544 bra—

291 2595 296 2598 ‘
398 2587 569 2640 citium
591 2603 765 2640 eorum
788 2603 892 2641 non
921 2587 1139 2641 salvabit
1161 2603 1267 2640 eos.
1294 2586 1402 2641 Sed
1427 2586 1643 2639 dextera
1674 2595 1759 2638 tua
1781 2595 1828 2638 et
1860 2583 1981 2637 bra-

401 2677 572 2731 chium
602 2686 743 2731 tuum
761 2716 776 2740 ,
813 2686 863 2730 et
889 2677 1204 2731 illuminatio
1245 2677 1414 2730 vultus
1445 2677 1537 2742 tui,
1568 2676 1813 2746 quoniam
1842 2690 1982 2727 com-

394 2770 630 2841 placuisti
657 2771 712 2823 in
731 2769 825 2823 eis.
860 2769 936 2822 Tu
960 2787 1014 2823 es
1036 2770 1147 2838 ipse
1167 2787 1261 2823 rex
1283 2785 1425 2822 meus
1446 2777 1492 2820 et
1521 2767 1663 2820 Deus
1691 2783 1834 2821 meus
1852 2807 1867 2831 ,
1898 2767 1985 2836 qui

395 2862 617 2916 mandas
637 2862 829 2936 salutes
854 2859 1038 2915 Iacob.
1066 2859 1132 2913 In
1156 2869 1204 2914 te
1231 2860 1468 2914 inimicos
1489 2870 1694 2914 nostros
1716 2858 1985 2913 ventilabi-

398 2968 512 3006 nnis
540 2968 722 3014 cornu,
745 2960 794 3004 et
821 2952 878 3004 in
907 2951 1118 3004 nomine
1141 2960 1226 3006 tuo
1259 2967 1555 3022 spernemus
1583 2951 1905 3022 insurgentes
1932 2952 1986 3005 in

401 3043 572 3097 nobis.
604 3041 731 3097 Non
748 3043 886 3096 enim
908 3043 962 3096 in
988 3059 1113 3096 arcu
1145 3059 1256 3096 meo
1279 3040 1516 3112 sperabo,
1545 3049 1596 3095 et
1624 3042 1826 3113 gladius
1847 3059 1988 3096 meus

404 3149 511 3187 non
553 3131 774 3187 salvabit
812 3149 909 3186 me.
954 3131 1186 3187 Salvasti
1223 3133 1360 3186 enim
1411 3150 1507 3186 nos
1544 3132 1608 3186 de
1651 3132 1989 3203 affligcntibus

1317 345 1784 412 COMMENTARII
1822 351 1892 410 [Ν
1929 349 2258 411 PSALMOS.
2301 346 2492 407 PSAL.
2533 343 2719 402 XLIV.

364 473 572 542 iniquo,
603 470 658 527 id
686 476 790 539 est,
813 466 1045 536 diabolo,
1083 465 1253 526 libera
1281 485 1398 535 me,
1426 469 1551 539 quia
1597 478 1656 524 tu
1680 483 1758 534 es,
1791 469 1952 533 Deus,
1983 471 2038 531 Α

3531 338 3640 402 586

2637 474 3072 516 (ΞΟΙΙΕΝΤΔΒΙυΙ.

2131 577 2254 634 Tria
2283 590 2481 645 genera
2508 574 2742 631 nostium
2771 573 3078 629 Christiano
3117 572 3399 641 insurgunt
3431 589 3444 626 :
3480 587 3645 630 unum

2058 685 2229 740 genus
2251 668 2451 724 diaboli
2471 676 2526 722 et
2545 667 2847 722 daemonum
2867 663 3015 734 ejus;
3041 663 3183 718 aliud
3207 670 3644 733 persecutorum;

2059 763 2275 816 tertium
2302 759 2446 829 quod
2485 773 2770 814 commune
2797 765 2880 812 est
2917 755 3164 811 omnibus
3204 755 3496 810 barbarica:
3523 754 3647 810 feri-

2061 853 2206 907 tatis.
2239 851 2346 906 Sed
2376 859 2488 906 tota
2519 851 2619 904 tria
2645 864 2843 918 genera
2867 864 2974 902 non
3003 863 3132 902 arcu
3159 855 3363 911 nostro,
3393 860 3494 901 nec
3519 846 3647 900 bra-

2061 943 2184 997 chio
2212 950 2400 995 nostro
2429 948 2770 1008 superantur,
2798 936 2890 993 sed
2917 937 3136 992 dextera
3165 935 3260 991 Dei
3289 944 3344 991 et
3386 935 3648 990 illumina-

2063 1033 2210 1086 tione
2241 1031 2417 1084 vultus
2463 1030 2597 1098 ejus,
2630 1027 2696 1082 de
2741 1044 2848 1096 quo
2887 1036 3070 1097 patres
3100 1027 3268 1082 nostri
3297 1034 3650 1080 narraverunt

2064 1122 2238 1176 nobis.
2272 1118 2552 1184 Quomodo
2583 1134 2773 1172 manus
2801 1118 2941 1171 illius
2982 1117 3140 1186 ejecit
3182 1125 3384 1185 gentes,
3415 1125 3470 1172 et
3498 1117 3648 1188 plan-

2063 1210 2200 1262 tavit
2239 1223 2353 1261 eos.
2385 1206 2538 1262 Sicut
2566 1220 2696 1274 ergo
2725 1206 2799 1259 illi
2828 1221 2935 1260 non
2978 1205 3030 1258 in
3060 1204 3235 1272 gladio
3271 1221 3369 1261 suo
3398 1204 3650 1275 possede-

2065 1286 2190 1352 runt
2218 1305 2436 1361 terram,
2467 1297 2544 1350 sic
2591 1302 2646 1349 et
2692 1311 2791 1350 nos
2820 1311 2925 1350 nou
2955 1294 3007 1349 in
3036 1295 3232 1349 virtute
3260 1304 3443 1350 nostra
3481 1295 3649 1352 conli-

2067 1390 2254 1445 dentes
2285 1399 2482 1444 terram
2504 1387 2673 1443 nostri
2703 1387 2947 1456 corporis
2974 1387 3324 1457 possidemus,
3349 1387 3442 1442 sed
3468 1397 3524 1442 tu
3545 1389 3650 1442 sal-

2066 1498 2162 1537 vas
2190 1497 2290 1536 nos
2335 1497 2401 1534 ex
2431 1479 2788 1548 allligentibus
2834 1496 2954 1543 nos,
2999 1480 3112 1534 sive
3155 1480 3368 1548 regibus
3412 1478 3646 1549 perﬁdis,

2069 1575 2182 1629 sive
2220 1572 2516 1638 dmmoniis,
2565 1571 2677 1626 sive
2722 1573 2814 1643 (ut
2841 1570 2979 1641 dixi)
3010 1571 3250 1626 hostibus
3278 1571 3503 1638 usitatis,
3525 1571 3651 1641 quia

2070 1665 2261 1720 damur
2286 1665 2364 1720 eis
2393 1680 2492 1734 pro
2513 1663 2746 1732 peccatis
2773 1664 2991 1727 nostris,
3024 1663 3169 1717 velut
3209 1678 3336 1718 oves
3364 1678 3605 1719 escarum
3634 1681 3648 1716 :

2072 1758 2168 1813 sed
2206 1758 2251 1811 si
2293 1757 2672 1820 exclamemus,
2701 1755 2940 1810 dicentes
2974 1774 2986 1808 :
3019 1755 3143 1811 llaec
3183 1756 3359 1810 omnia
3392 1766 3654 1814 venerunt

1997 1834 2046 1894 Β
2071 1865 2233 1919 super
2270 1864 2388 1913 nos,
2431 1857 2487 1903 et
2527 1847 2678 1901 obliti
2708 1863 2815 1901 non
2865 1863 3048 1902 sumus
3078 1857 3150 1912 te,
3184 1848 3428 1903 Domine.
3462 1849 3567 1904 Aut
3606 1850 3654 1906 si

2073 1940 2227 1996 obliti
2266 1954 2452 1998 sumus
2493 1955 2688 1994 nomen
2729 1939 2823 1993 Dei
2870 1939 3058 2004 nostri,
3090 1948 3181 1994 aut
3231 1940 3276 1994 si
3304 1940 3655 2010 expandimus

2074 2047 2267 2086 manus
2294 2031 2395 2086 diis
2423 2031 2642 2094 alienis,
2676 2038 2733 2084 tu
2766 2046 2924 2086 verus
2971 2031 3108 2086 Deus
3149 2032 3362 2101 require
3392 2032 3513 2098 ista,
3561 2033 3690 2102 qui-

2076 2123 2280 2193 optime
2327 2123 2470 2176 nosti
2519 2122 2728 2176 occulta
2760 2121 2954 2177 cordis.
2987 2120 3090 2178 Pro
3120 2121 3230 2178 Deo
3256 2123 3472 2192 patitur,
3503 2124 3658 2192 quid-

2077 2216 2206 2285 quid
2228 2214 2436 2269 adversi
2463 2214 2772 2269 sustinuerit
2791 2215 2964 2270 omnis
2984 2225 3214 2270 sanctus.
3248 2215 3381 2282 Quia
3409 2217 3548 2272 sicut
3566 2218 3658 2286 qui

2079 2307 2337 2378 pecunias
2362 2307 2557 2360 multas
2583 2306 2764 2370 habet,
2793 2307 2839 2361 si
2879 2323 3066 2376 passus
3093 2309 3251 2363 fuerit
3277 2307 3529 2377 gladium,
3559 2325 3660 2380 pro

2082 2398 2326 2468 pecuniis
2347 2398 2457 2452 suis
2500 2413 2690 2466 passus
2718 2405 2831 2463 est;
2863 2398 2936 2452 ita
2975 2398 3066 2468 qui
3095 2400 3433 2455 sanctitatem
3462 2401 3515 2454 in
3544 2415 3660 2454 mo-

2082 2488 2234 2543 ribus
2259 2490 2482 2552 obtinet,
2507 2488 2763 2556 quidquid
2786 2504 2974 2558 passus
2993 2489 3150 2543 fuerit
3171 2489 3398 2556 adversi,
3431 2506 3528 2560 pro
3551 2491 3674 2546 Deo'

2085 2581 2304 2651 patitur,
2331 2595 2448 2647 quae
2475 2595 2680 2632 summa
2710 2586 2792 2633 est
2812 2579 3404 2647 integritas‘sanctitatis
3436 2598 3448 2634 :
3480 2589 3535 2635 et
3563 2596 3651 2651 pa-

2087 2671 2216 2724 titur
2245 2669 2535 2736 inimicum,
2568 2670 2681 2724 sive
2726 2679 3124 2739 persecutorem
3155 2671 3296 2734 lidei,
3323 2671 3441 2727 'sive
3480 2687 3663 2742 perse.

2087 2770 2328 2818 cutorem
2359 2761 2539 2814 mundi
2569 2761 3032 2830 corporeum,sive
3056 2778 3152 2831 per
3171 2763 3343 2832 ipsum
3370 2763 3665 2834 principem

2089 2852 2272 2908 mundi
2298 2860 2352 2906 et
2379 2852 2650 2906 ministros
2678 2851 2811 2919 ejus.
2845 2851 3110 2908 Tenentes
3145 2868 3275 2922 ergo
3302 2855 3661 2921 sanctitatem,

2089 2943 2382 2997 clamemus
2406 2941 2632 2996 Domino
2657 2959 2669 2994 :
2697 2940 2959 3007 Quoniam
2982 2953 3202 3014 propter
3221 2954 3274 3000 te
3302 2954 3478 3002 morte
3497 2943 3666 3002 allici-

2089 3049 2212 3088 mur
2239 3041 2351 3087 tota
2379 3032 2487 3098 die,
2527 3046 2776 3100 rogamus
2803 3040 2861 3086 ut
2901 3048 3152 3103 exsurgas
3193 3045 3248 3091 et
3285 3053 3395 3092 non
3442 3023 3669 3109 repellas

2093 3142 2192 3181 nos
2213 3127 2266 3180 in
2295 3127 2473 3192 linem,
2505 3141 2573 3180 ne
2594 3125 2925 3181 obliviscaris
2944 3127 3178 3198 inapiam
3207 3138 3463 3197 nostram,
3491 3138 3548 3186 et
3573 3132 3670 3186 tri-

404 3239 530 3290 nos,
578 3231 630 3277 et
668 3223 898 3277 odientes
945 3239 1040 3277 nos
1079 3223 1376 3294 confudisti.
1414 3222 1480 3276 In
1522 3223 1630 3278 Deo
1659 3223 1985 3277 laudabimur
2011 3203 2058 3266 C
2087 3218 2417 3274 bulationem
2446 3227 2717 3284 nostram,
2746 3220 3000 3288 quoniam
3047 3220 3323 3277 humiliata
3350 3231 3434 3279 est
3470 3224 3524 3278 in
3553 3224 3672 3295 pul~

405 3322 512 3368 tota
554 3313 659 3376 die,
696 3321 748 3366 et
774 3314 828 3366 in
854 3315 1062 3367 nomine
1110 3320 1198 3367 tuo
1225 3311 1582 3382 conﬁtebimur
1625 3313 1681 3366 in
1717 3313 1983 3367 swculum.

405 3400 560 3456 Nunc
589 3411 762 3456 autem
795 3403 1030 3472 repulisti
1059 3420 1174 3468 nos,
1206 3412 1256 3457 et
1282 3403 1565 3474 confudisti
1607 3420 1704 3457 nos
1726 3442 1742 3467 ,
1794 3412 1845 3458 et
1882 3419 1988 3456 non

404 3494 702 3566 egredieris,
744 3491 904 3560 Deus,
937 3495 991 3548 in
1041 3493 1311 3548 virtutibus
1350 3495 1559 3549 nostris.
1617 3495 1859 3549 Avertisti
1895 3511 1989 3548 nos

407 3597 685 3643 retrorsum
727 3595 845 3656 post
871 3588 1112 3642 inimicos
1141 3598 1348 3643 nostros
1370 3628 1386 3653 ,
1436 3597 1486 3642 et
1522 3589 1611 3659 qui
1638 3587 1859 3642 oderunt
1894 3605 1988 3642 nos

409 3678 718 3751 diripiebant
738 3677 857 3732 sibi.
891 3677 1095 3733 Dedisti
1125 3696 1220 3734 nos
1253 3689 1499 3751 tanquam
1521 3695 1636 3733 oves
1665 3693 1918 3740 escarum,
1941 3685 1991 3730 et

411 3771 463 3824 in
485 3770 718 3842 gentibus
753 3771 1046 3841 dispersisti
1093 3787 1208 3824 nos.
1251 3770 1540 3825 Vendidisti
1577 3770 1821 3841 populum
1851 3777 1992 3822 tuum

411 3863 520 3918 sine
543 3865 729 3933 pretio,
757 3871 807 3917 et
831 3879 937 3917 non
984 3862 1081 3934 fuit
1109 3863 1383 3917 multitudo
1425 3864 1478 3916 in
1507 3861 1993 3916 commutationibus

414 3969 607 4008 eorum.
637 3954 870 4008 Posuisti
899 3971 993 4008 nos
1024 3952 1355 4025 opprobrium
1385 3954 1566 4009 vicinis
1614 3954 1825 4019 nostris,
1869 3953 1992 4006 sub-

418 4049 782 4103 sannationem
825 4057 875 4102 et
902 4049 1125 4102 derisum
1155 4048 1257 4113 his,
1301 4048 1390 4120 qui
1417 4057 1536 4102 sunt
1579 4048 1635 4100 in
1661 4046 1877 4101 circuitu
1903 4061 1997 4098 no-

418 4149 546 4194 stro.
592 4139 825 4193 Posuisti
855 4155 948 4194 nas
969 4139 1023 4192 in
1055 4138 1446 4193 similitudinem
1485 4135 1736 4210 gentibus,
1767 4152 1996 4192 commo-

419 4231 613 4285 tionem
656 4230 839 4300 capitis
882 4231 936 4283 in
982 4230 1209 4301 populis.
1258 4228 1387 4284 Tota
1419 4229 1503 4283 die
1538 4228 1842 4283 verecundia
1885 4244 1998 4280 mea

416 4333 599 4378 contra
637 4337 718 4374 me
743 4329 839 4385 est,
867 4328 917 4374 et
943 4320 1176 4391 confusio
1206 4320 1361 4389 faciei
1388 4335 1515 4374 mea!
1537 4317 1804 4388 cooperuit
1831 4332 1931 4369 me.
1954 4315 1995 4367 Α

415 4430 534 4469 voce
554 4413 919 4481 exprobrantis
943 4421 992 4465 et
1020 4409 1357 4482 ablaqueatis,
1376 4427 1409 4463 a
1431 4411 1566 4482 facie
1593 4407 1794 4460 inimici
1813 4415 1861 4458 et
1889 4423 1999 4475 per-

419 4506 698 4577 sequentis.
739 4504 871 4560 Haec
901 4505 1077 4559 omnia
1103 4511 1347 4558 venerunt
1393 4519 1549 4574 super
1595 4517 1710 4565 nos,
1741 4515 1834 4554 nec
1856 4497 2002 4554 obliti

418 4615 596 4654 sumus
626 4608 691 4663 te,
731 4607 778 4652 et
821 4599 996 4668 inique
1021 4613 1124 4652 non
1151 4598 1351 4668 egimus
1376 4598 1431 4649 in
1463 4602 1769 4649 testamento
1792 4602 1898 4647 tuo.
1934 4591 2004 4645 Et

416 4708 522 4746 non
553 4691 761 4745 recessit
792 4699 931 4744 retro
973 4706 1062 4744 cor
1091 4697 1349 4752 nostrum,
1379 4698 1428 4742 et
1474 4685 1748 4741 declinasti
1793 4686 2003 4740 semitas

416 4793 625 4837 nostras
663 4801 696 4836 a
725 4784 807 4837 via
838 4792 946 4836 tua.
977 4781 1234 4845 Quoniam
1254 4780 1542 4834 humiliasti
1571 4796 1666 4833 nos
1684 4779 1741 4832 in
1767 4779 1878 4832 loco
1919 4778 2003 4848 af-

419 4876 689 4943 flictionis,
719 4885 770 4928 et
796 4875 1058 4942 cooperuit
1087 4890 1182 4928 nos
1201 4871 1386 4926 umbra
1412 4873 1616 4926 mortis.
1653 4870 1712 4926 Si
1742 4869 1886 4924 obliti
1914 4885 2005 4922 su-

420 4983 534 5020 mus
564 4979 752 5020 nomen
793 4964 892 5020 Dei
918 4967 1102 5030 nostri,
1132 4975 1182 5018 et
1221 4966 1267 5018 si
1293 4964 1634 5034 expandimus
1682 4979 1866 5016 manus
1906 4978 2002 5015 no-

421 5067 558 5112 stras
585 5056 656 5109 ad
684 5055 853 5110 Deum
875 5056 1120 5109 alienum.
1149 5053 1340 5108 Nonne
1365 5053 1500 5108 Deus
1521 5054 1740 5125 requiret
1761 5055 1882 5118 ista,
1899 5053 2009 5122 ipse

422 5149 562 5202 enim
588 5147 730 5202 novit
763 5145 1068 5200 abscondita
1090 5146 1280 5200 cordis.
1306 5143 1560 5210 Quoniam
1581 5154 1789 5216 propter
1811 5154 1860 5196 te
1877 5161 2011 5197 mor-

424 5241 691 5311 tificamur
713 5249 819 5294 tota
839 5240 942 5306 die,
965 5239 1206 5294 cestimati
1229 5255 1402 5293 sumus
1424 5239 1554 5292 sicut
1582 5253 1697 5291 oves
1713 5236 2004 5292 occisionis.

425 5328 696 5404 Exsurge,
745 5350 905 5404 quare
948 5331 1235 5397 obdormis,
1286 5330 1536 5393 Domine;
1566 5344 1801 5399 exsurge,
1850 5336 1899 5380 et
1946 5342 2010 5378 ne

427 5425 653 5494 repellas
691 5425 747 5477 in
776 5424 952 5493 linem.
1003 5421 1175 5486 Quare
1219 5423 1402 5494 faciem
1447 5431 1586 5473 tuam
1635 5419 1842 5480 avertis,
1875 5414 2006 5470 obli-

369 5510 374 5512 ’
429 5516 640 5570 visceris
667 5515 860 5586 inopia
871 5523 1062 5570 nostra:
1081 5525 1128 5568 et
1151 5513 1492 5568 tribulationis
1521 5521 1731 5566 nostris.
1757 5510 2015 5575 Quoniam

429 5605 710 5661 Inntiliata
737 5615 815 5661 est
842 5609 897 5661 in
924 5608 1129 5677 pulvere
1170 5609 1348 5661 anima
1388 5615 1584 5670 nostra,
1631 5603 2015 5672 conglutinatus

430 5706 518 5762 est
537 5699 593 5751 in
637 5707 776 5752 terra
820 5707 990 5754 venter
1017 5707 1209 5754 noster.
1239 5696 1502 5770 Exsurge,
1551 5697 1791 5762 Domine,
1825 5695 2015 5767 adjuva

415 5804 556 5861 μοι,
582 5800 633 5846 et
662 5791 860 5850 redime
890 5809 986 5849 nos
1011 5800 1220 5862 propter
1246 5807 1431 5846 nomen
1459 5800 1622 5845 tuum.

2089 3326 2218 3368 vere
2263 3313 2439 3366 anima
2485 3322 2687 3378 nostra,
2717 3313 2941 3370 adhmsit
2976 3314 3029 3368 in
3065 3323 3206 3370 terra
3235 3325 3426 3372 venter
3467 3325 3668 3373 noster.

2091 3403 2316 3471 Quando
2337 3405 2477 3460 enim
2498 3405 2865 3476 corporalibus
2877 3407 3282 3462 necessitatibus
3301 3391 3671 3478 aggravamur,

2091 3506 2318 3553 vexatur
2345 3499 2397 3552 in
2429 3500 2647 3568 pulvere
2676 3501 2853 3555 anima
2891 3509 3092 3556 nostra.
3126 3501 3261 3555 Dum
3289 3507 3468 3554 autem
3488 3508 3675 3556 venter

2093 3597 2280 3644 noster
2299 3589 2526 3642 terrenis
2549 3589 2775 3658 dapibus
2821 3590 3087 3653 adhaeret,
3115 3599 3372 3644 aeternum
3399 3589 3554 3643 nobis
3571 3589 3676 3643 mi-

2093 3687 2253 3734 natur
2277 3679 2570 3732 interitum.
2621 3677 2964 3732 Ostendimus
3003 3679 3100 3732 tibi
3127 3678 3343 3731 vulnera
3379 3686 3582 3744 nostra,
3619 3687 3678 3738 tu

2092 3771 2185 3839 qui
2207 3769 2441 3824 salvator
2467 3783 2545 3831 es,
2569 3768 2762 3822 exhibe
2782 3767 3091 3822 vulneribus
3109 3766 3481 3821 medicamina.
3506 3765 3677 3824 Nemo

2095 3861 2239 3916 enim
2267 3861 2335 3915 ab
2354 3857 2654 3913 humilitate
2683 3857 2918 3926 pulveris
2939 3857 3162 3910 liberam
3182 3855 3401 3912 habebit
3418 3856 3675 3925 animam,

2075 3954 2200 4014 nisi
2230 3962 2288 4008 tu
2313 3967 2412 4023 per
2439 3931 2759 4006 invisibilem
2785 3949 3070 4005 donaveris
3097 3948 3288 4004 animae
3312 3956 3679 4018 contemptum

2097 4047 2333 4118 pulveris
2369 4043 2683 4116 corporalis.
2725 4041 2836 4099 Nec
2867 4041 3086 4098 habebit
3112 4056 3350 4096 amorem
3389 4039 3578 4110 jejunii
3626 4049 3681 4096 et

2099 4138 2360 4193 orationis
2388 4137 2455 4192 ad
2501 4133 2951 4192 contemnendum
2981 4142 3242 4199 ventrem,
3271 4133 3364 4203 qui
3393 4141 3548 4188 terra:
3581 4133 3681 4187 ad-

2100 4228 2288 4293 haeret,
2319 4228 2420 4282 nisi
2459 4237 2515 4280 tu
2542 4227 2892 4282 concesseris.
2922 4225 3181 4295 Exsurge,
3214 4224 3459 4292 Domine,
3489 4224 3683 4294 adjuva

2101 4335 2220 4384 nos,
2253 4330 2306 4374 et
2339 4321 2502 4375 libera
2532 4337 2649 4388 nos,
2679 4329 2902 4392 propter
2928 4323 3032 4378 hoc
3058 4323 3229 4392 ipsum
3277 4322 3422 4392 quod
3451 4321 3687 4376 nominis

2102 4409 2180 4465 tui
2207 4411 2494 4481 splendore
2513 4427 2823 4477 censemur;
2852 4412 3018 4468 libera
3039 4427 3138 4468 nos
3160 4412 3227 4467 ab
3243 4412 3688 4484 occupationibus

2027 4499 2079 4559 D
2105 4505 2358 4576 pulveris,
2404 4506 2458 4560 in
2506 4506 2700 4576 quibus
2727 4505 3056 4560 \bumiliatur
3090 4505 3266 4559 anima
3295 4512 3498 4573 nostra,
3536 4504 3690 4560 etab

2105 4598 2484 4668 aggravatione
2498 4597 2716 4652 ventris.
2737 4596 2872 4664 Quia
2889 4599 2934 4654 si
2951 4597 3137 4654 harum
3147 4597 3372 4654 duarum
3391 4597 3690 4669 specierum

2107 4691 2261 4746 nobis
2289 4691 2617 4745 concesseris
2644 4690 2805 4757 dona,
2830 4700 3195 4762 contemptum
3215 4693 3460 4763 corporis
3482 4700 3537 4747 et
3559 4706 3688 4748 ven-

2107 4783 2225 4847 tris,
2258 4782 2413 4836 liberi
2454 4783 2654 4837 erimus
2693 4781 2747 4836 in
2775 4781 2989 4836 Christo
3015 4781 3142 4837 Iesu
3180 4782 3409 4839 Domino
3456 4791 3646 4838 nostro
3670 4819 3686 4843 ν

2108 4889 2206 4945 per
2231 4889 2392 4942 quem
2420 4881 2476 4928 et
2513 4888 2635 4928 cum
2659 4888 2767 4942 quo
2806 4872 2904 4928 tibi
2945 4880 3029 4928 est
3055 4873 3167 4928 Deo
3203 4871 3349 4928 Patri
3388 4881 3444 4927 et
3469 4869 3691 4939 Spiritui

2110 4973 2298 5021 sancto
2325 4965 2500 5022 honor
2525 4973 2581 5022 et
2618 4965 2786 5035 gloria
2817 4965 2870 5020 in
2904 4965 3098 5022 saecula
3127 4965 3465 5021 seculorum.
3494 4959 3687 5014 Amen.

2637 5097 2948 5155 PSALMUS
2984 5095 3163 5152 XLIV.

2112 5212 2171 5269 ln
2201 5212 2360 5271 linem
2388 5231 2487 5287 pro
2513 5215 2597 5287 his
2633 5215 2725 5284 qui
2754 5204 3368 5287 commutabantu_r_llliis
3397 5201 3594 5273 Chore,
3625 5203 3693 5262 ad

2405 5275 2735 5342 intellectum
2764 5282 3029 5336 canticum
3052 5291 3151 5347 pro
3169 5275 3384 5332 dilecto.

2101 5431 2135 5458 -‘
2191 5418 2456 5475 Eructavit
2482 5438 2570 5476 cor
2595 5432 2762 5473 meum
2779 5415 2980 5469 verbum
3007 5411 3193 5465 bonum
3210 5452 3224 5477 ,
3266 5411 3382 5466 dico
3406 5428 3498 5483 ego
3537 5426 3695 5481 opera

2118 5529 2232 5566 mea
2261 5515 2387 5584 regi.
2422 5511 2624 5581 Lingua
2665 5523 2777 5561 mea
2819 5503 3046 5558 calamus
3081 5501 3264 5558 scriba:
3309 5501 3544 5557 velociter
3569 5499 3698 5552 scri-

2120 5603 2300 5657 bentis.
2341 5603 2612 5672 Speciosus
2657 5602 2824 5669 forma
2863 5613 2970 5666 prie
3009 5595 3132 5666 ﬁliis
3171 5595 3464 5657 hominum,
3504 5590 3696 5658 diffusa

2118 5705 2194 5749 est
2221 5693 2470 5765 gratiain
2501 5691 2650 5744 labiis
2681 5690 2807 5754 tuis;
2848 5699 3117 5759 propterea
3164 5685 3423 5740 benedixit
3465 5689 3512 5734 te
3555 5677 3697 5738 Deus
3776 5743 3787 5752 κ

2119 5789 2171 5842 in
2202 5796 2466 5842 wternnm.
2498 5783 2777 5850 Accingere
2802 5781 2980 5852 gladio
3019 5790 3102 5835 tuo
3139 5793 3294 5844 super
3327 5777 3498 5845 femur
3532 5779 3699 5837 tuum.
