4246 6264
586 372 695 433 387

1918 359 2195 422 ἈΒΝΟΒΠ
2214 358 2528 423 ﬂiNlORlS

3740 326 3865 432 588:

589 484 951 562 potentissime.
996 483 1175 555 Specie
1203 492 1289 536 tua
1318 440 1370 537 et
1407 482 1785 554 pulchritudine
1812 491 1898 537 tua
1926 484 2152 547 intende,
2261 500 2326 539 ex
2354 500 2458 554 qua
2489 499 2659 540 caecos
2684 456 3031 552 illuminabat,
3063 484 3302 543 inﬁrmos
3329 483 3573 553 curabat,
3606 500 3853 549 mortuos

590 594 831 653 prospere
857 575 1088 649 procede,
1112 583 1162 628 et
1190 591 1364 646 regna.
1399 573 1620 646 Propter
1652 576 1913 630 ueritatem
1941 585 1991 630 et
2015 593 2166 631 man-

589 666 922 729 suetudinem,
952 673 1003 719 et
1014 663 1295 734 justitiam,
1320 674 1368 720 ct
1400 663 1613 719 deducet
1636 672 1685 718 te
1711 665 2022 720 mirabiliter
2042 666 2168 720 dea:-

592 767 699 811 tera
727 766 831 810 tua.
876 754 1094 825 Sagitta:
1135 762 1236 809 tuae
1262 763 1446 819 acutce,
1478 756 1655 826 populi
1692 754 1785 809 sub
1828 765 1875 809 te
1905 756 2090 810 cadent
2110 772 2167 810 tn

590 848 747 904 corda
769 847 1096 901 inimicorum
1126 847 1285 919 regis.
1322 847 1482 901 Sedes
1507 855 1611 911 tua,
1645 846 1800 913 Deus,
1841 847 1898 901 in
1925 847 2169 901 stcculum

590 938 782 1005 seaculi,
808 938 952 1009 virga
971 936 1268 991 directionis
1290 938 1435 1008 virga
1462 938 1609 1008 regni
1629 938 1719 991 tui.
1748 937 1992 993 Dilexisti
2012 938 2179 1010 justiv

590 1034 735 1099 tiam,
777 1040 827 1085 et
854 1030 1009 1085 odisti
1048 1030 1399 1101 iniquitatem,
1432 1039 1700 1100 propterea
1738 1030 1891 1084 ausit
1925 1040 1972 1084 te
2008 1029 2165 1095 Deus,

591 1125 733 1179 Deus
760 1132 892 1188 usus,
922 1122 1034 1176 oleo
1060 1122 1257 1176 lmtitim
1295 1138 1404 1192 pne
1431 1122 1748 1176 consortibus
1778 1122 1894 1176 tuis.
1930 1122 2167 1193 Myrrha,

591 1222 642 1268 et
668 1221 831 1285 gutta,
854 1222 903 1266 et
923 1214 1064 1266 casia
1110 1229 1142 1264 a
1183 1212 1492 1266 uestimentis
1522 1213 1649 1279 tuis,
1686 1229 1718 1265 a
1758 1210 1990 1266 domibus
2018 1213 2168 1266 ebur-

590 1307 720 1371 neis,
750 1322 815 1360 ea:
842 1304 1021 1377 quibus
1049 1304 1421 1358 delectaverunt
1456 1313 1503 1358 te
1538 1304 1665 1375 [ilice
1693 1322 1870 1376 regum
1896 1305 1952 1357 in
1981 1305 2172 1359 honore

592 1408 697 1453 tuo.
728 1397 904 1451 Astitit
930 1398 1109 1467 regina
1142 1413 1174 1448 ιι
1213 1396 1409 1450 dextris
1452 1396 1551 1451 tuis
1587 1397 1643 1450 in
1679 1398 1858 1451 vestitu
1898 1396 2167 1462 deaurato,

592 1488 911 1542 circumdata
959 1487 1221 1541 varietate.
1265 1486 1429 1551 Audi,
1461 1487 1604 1557 ﬁlia,
1635 1497 1682 1540 et
1720 1486 1858 1552 vide,
1888 1496 1939 1540 et
1975 1486 2171 1541 inclina

592 1587 771 1631 aurem
802 1585 960 1643 tuam,
1003 1584 1053 1630 et
1080 1575 1376 1631 obliviscere
1417 1574 1661 1648 pupulum
1699 1585 1839 1631 tuum
1877 1586 1925 1631 et
1964 1577 2172 1633 domum

593 1668 756 1739 patris
777 1668 869 1721 tui.
904 1666 972 1720 Et
988 1669 1329 1740 concupiscet
1355 1685 1448 1723 rea:
1469 1669 1702 1724 decorem
1729 1680 1870 1724 tuum
1887 1709 1901 1733 ,
1931 1671 2172 1742 quoniam

592 1758 702 1829 ipse
727 1767 803 1812 est
844 1757 1097 1813 Dominus
1136 1758 1276 1813 Deus
1318 1769 1450 1825 tuus,
1500 1769 1549 1815 et
1595 1762 1888 1816 adorabunt
1924 1778 2058 1816 eum.
2103 1760 2174 1815 Et

2265 575 2575 629 suscitabat.
2603 574 2820 643 Sagittae
2856 584 3033 630 autem
3083 576 3198 647 ejus
3241 585 3429 644 acum,
3472 580 3721 634 omnibus
3761 597 3851 636 uo-

2270 673 2377 719 tum
2405 673 2505 731 est,
2538 665 2615 719 sic
2656 675 2715 719 ut
2755 665 2855 735 ipsl
2903 666 3085 721 mundi
3131 674 3401 723 amatores
3437 669 3720 743 pingerent
3748 673 3848 728 sibi

2268 756 2513 826 spiritum
2541 755 2874 812 immundum
2912 758 2965 811 in
2999 759 3180 829 specie
3207 760 3489 831 cupidinis,
3525 762 3850 820 intendentis

2268 862 2470 911 arcum,
2499 854 2555 902 et
2596 847 2944 917 exprimentis
2981 848 3224 916 sagittas,
3256 849 3308 903 in
3339 867 3578 907 amorem
3617 850 3849 909 libidinis

2266 936 2627 993 vulnerantes.
2678 938 2754 992 Ita
2795 952 2924 1007 ergo
2960 940 3046 994 hic
3092 948 3280 995 noster
3312 943 3576 1012 exprimet
3628 945 3850 1014 sagittas

2269 1035 2455 1083 acutas
2477 1028 2876 1098 potentissimas
2906 1029 2957 1082 in
2982 1045 3165 1085 amore
3192 1033 3339 1100 regni
3370 1033 3651 1102 caelorum,
3681 1035 3754 1090 ita
3794 1045 3852 1092 ut

2270 1119 2579 1173 renuntient
2606 1119 2851 1175 homines
2880 1128 2935 1175 et
2961 1128 3169 1190 patrem
3210 1129 3263 1176 et
3303 1129 3557 1191 matrem,
3589 1135 3645 1181 et
3672 1126 3849 1182 omnia

2271 1226 2389 1280 quae
2432 1211 2724 1281 possident.
2764 1212 2987 1283 Insuper
3015 1222 3068 1267 et
3112 1214 3318 1284 seipsos
3355 1217 3619 1288 abnegent
3659 1227 3711 1275 et
3760 1235 3847 1275 sc-

2271 1310 2503 1372 quantur
2530 1318 2672 1358 eum.
2701 1303 2823 1359 Istae
2848 1306 3056 1375 sagittas
3085 1307 3286 1361 amicos
3315 1308 3457 1377 regis
3478 1299 3724 1376 liberant,
3749 1304 3850 1367 ini?

2272 1393 2441 1447 micos
2487 1394 2628 1461 regis
2666 1394 2931 1449 occidunt.
2964 1396 3021 1449 In
3069 1396 3232 1452 corde
3274 1398 3416 1452 enim
3456 1403 3879 1475 percutiuntur,.

2273 1483 2362 1538 ubi
2382 1499 2568 1539 eorum
2590 1487 2956 1554 suggestiones
2976 1488 3270 1545 inveniunt.
3290 1488 3421 1545 Cum
3444 1494 3580 1547 enim
3603 1495 3849 1552 obtinue-

2272 1572 2381 1627 rint
2409 1574 2522 1629 ista:
2550 1574 2757 1643 sagitta:
2787 1576 2838 1629 in
2868 1577 3030 1632 corde
3059 1586 3245 1633 nostro
3272 1580 3573 1649 victoriam,
3606 1590 3732 1639 tunc
3758 1601 3848 1641 se-

2274 1665 2395 1721 dem
2422 1665 2619 1722 Christi
2650 1668 2701 1722 in
2731 1677 2911 1723 mente
2953 1678 3155 1725 nostra”
3179 1672 3525 1742 suscipimus,
3558 1682 3612 1731 et
3646 1676 3849 1745 virgam

2275 1766 2493 1822 rectam,
2526 1759 2629 1813 hoc
2669 1768 2767 1824 est,
2800 1761 3035 1830 regulam
3076 1770 3235 1818 rectae
3277 1762 3427 1829 ﬁdei,
3462 1766 3662 1834 virgam
3701 1769 3848 1837 regni

593 1848 731 1919 ﬁlim
749 1846 870 1919 Tyri
906 1850 962 1902 in
1002 1850 1293 1905 muneribus
1336 1852 1528 1933 uultum
1571 1862 1710 1905 tuum
1748 1852 2172 1924 deprecabuntur,
2206 1843 2251 1904 Β
2274 1847 2394 1917 ejus
2423 1849 2741 1917 appetimus,
2772 1850 2824 1903 in
2852 1865 2956 1919 qua
2982 1852 3081 1905 sub
3110 1852 3389 1923 disciplina
3423 1866 3643 1924 agentes
3673 1856 3856 1927 diligi-~

593 1955 770 1994 ontttes
798 1938 975 1994 divites
1012 1939 1193 2009 plebis.
1230 1940 1410 1996 Omnis
1440 1943 1607 2014 gloria
1638 1944 1749 2014 ejus
1785 1943 1912 2014 ﬁlim
1936 1946 2070 2016 regis
2108 1944 2172 1997 ab

594 2026 765 2093 intus,
814 2029 869 2082 in
912 2028 1131 2098 ﬁmbriis
1170 2031 1341 2084 aureis
1387 2033 1770 2086 eircumamicta
1817 2032 2168 2087 varietatibus.

595 2116 1052 2189 Adducenturregi
1077 2117 1298 2190 uirgines
1325 2130 1441 2191 post
1467 2138 1601 2187 eam,
1630 2123 1883 2192 proxima:
1907 2124 2018 2193 ejus
2040 2123 2172 2191 affe—

592 2214 773 2263 rentur
807 2206 914 2261 tibi.
945 2202 1247 2277 A/j'erentur
1278 2211 1368 2264 tibi
1407 2212 1464 2265 in
1505 2213 1687 2267 laetitia
1724 2221 1773 2266 et
1810 2214 2169 2279 exsultatione,

596 2295 918 2353 adducentur
944 2298 998 2351 in
1042 2300 1283 2368 templum
1326 2302 1482 2372 regis.
1514 2300 1622 2355 Pro
1661 2303 1888 2373 patribus
1930 2306 2027 2359 tuis
2065 2305 2174 2359 nati

596 2398 716 2445 sunt
744 2388 835 2444 tibi
866 2390 1000 2460 ﬁlii,
1044 2392 1317 2446 constitues
1355 2410 1442 2448 eos
1488 2396 1745 2465 principes
1784 2413 1934 2466 super
1973 2413 2173 2453 omnem

600 2489 810 2537 terram.
841 2481 1094 2536 Memores
1121 2491 1271 2538 erunt
1294 2485 1519 2539 nominis
1549 2488 1648 2550 tui,
1682 2486 1918 2553 Domine,
1942 2488 1998 2541 In
2033 2489 2176 2543 omni

600 2573 928 2642 generatione
948 2582 1000 2627 et
1017 2576 1413 2645 generationem.
1449 2575 1731 2649 Propterea
1764 2580 1938 2649 populi
1969 2582 2177 2648 conﬁte-

594 2660 787 2717 buntur
806 2661 897 2718 tibi
914 2660 1264 2733 in-aeternum,
1293 2675 1344 2720 et
1360 2667 1418 2720 in
1443 2667 1687 2722 saeculum
1714 2668 1908 2723 seaculi.

1170 2815 1602 2858 COIIENTARIUI.

671 2929 950 2987 Eructavit
978 2946 1073 2988 cor
1112 2931 1287 2991 Patris
1325 2936 1548 2992 verbum
1586 2935 1815 3004 bonum,
1867 2940 2039 2993 omnia
2084 2956 2174 3011 per

599 3023 776 3097 ipsum.
794 3024 933 3092 facta
958 3031 1077 3077 sunt
1107 3023 1297 3095 (Joan.
1330 3026 1400 3096 l).
1430 3026 1567 3093 Quia
1597 3029 1841 3084 universa
1871 3046 2025 3085 suum
2051 3045 2173 3086 eum

600 3110 910 3172 Creatorem
955 3124 1267 3180 agnoscunt.
1312 3115 1445 3185 Regi
1492 3133 1590 3173 suo
1630 3134 1794 3189 opera
1834 3135 1929 3174 sua
1969 3121 2169 3187 dicunt,

2275 1953 2393 1992 mus
2421 1937 2699 2007 justitiam,
2732 1949 2786 1993 et
2820 1938 3030 1995 odimus
3070 1941 3403 2012 iniquitatem
3448 1962 3460 1996 :
3493 1960 3613 2000 eum
3648 1947 3855 2003 scilicet

2275 2030 2546 2084 imitantes
2564 2046 2721 2098 quem
2751 2032 3065 2087 unxitDeus
3087 2034 3209 2089 oleo
3230 2034 3425 2089 lmtitim
3452 2051 3562 2105 prae
3590 2039 3847 2094 consorti-

2275 2122 2375 2175 bus
2392 2106 2524 2175 suis.
2555 2119 2705 2175 Sicut
2733 2121 2874 2176 enim
2904 2116 3181 2194 speciosus
3208 2123 3375 2180 forma
3398 2142 3508 2196 pro:
3536 2126 3657 2182 iiliis
3679 2128 3847 2183 homi‘

2275 2229 2401 2267 num
2432 2214 2483 2268 in
2512 2214 2672 2269 carne
2713 2224 2869 2271 natus
2904 2217 3176 2287 apparuit,
3209 2219 3288 2274 sic
3325 2226 3519 2275 unctus
3562 2206 3853 2275 chrismate:

2275 2322 2385 2377 prta
2410 2306 2656 2361 omnibus
2682 2307 2924 2362 Christus
2950 2307 3105 2363 Jesus
3145 2310 3410 2380 apparuit.
3445 2309 3594 2366 Multi
3631 2310 3723 2366 lilii
3751 2313 3854 2368 ho-'

2274 2399 2475 2453 minum
2500 2399 2671 2454 sancti
2701 2399 2768 2454 ab
2794 2399 2926 2456 Abel
2948 2415 3116 2470 usque
3141 2399 3209 2456 ad
3234 2399 3524 2471 Christum,
3548 2404 3646 2459 sed
3674 2404 3845 2460 nullus

2213 2546 2223 2557 ,
2275 2503 2342 2543 ex
2368 2488 2587 2558 Virgine
2624 2498 2798 2544 natus.
2820 2490 3006 2546 Nullus
3035 2492 3137 2547 hac
3161 2494 3343 2564 specie
3370 2493 3564 2562 editus,
3597 2494 3698 2550 hac
3734 2495 3842 2552 for-

2276 2593 2362 2632 ma
2391 2577 2782 2635 manilestatus.
2816 2578 2965 2646 Quis,
3000 2581 3188 2652 inquit,
3221 2584 3326 2638 erit
3352 2585 3540 2640 similis
3567 2584 3677 2641 Deo
3709 2586 3845 2641 inter

2275 2667 2439 2724 Filios
2476 2669 2610 2724 Dei?
2639 2678 2696 2725 ut
2720 2671 3129 2740 subaudiamus,
3162 2672 3239 2728 illi
3264 2674 3437 2744 gratia
3479 2676 3573 2730 lilii
3592 2716 3606 2740 ,
3634 2677 3720 2732 hic
3747 2691 3843 2733 na-

2273 2763 2393 2813 tura
2417 2776 2430 2811 :
2462 2768 2517 2814 et
2543 2760 2695 2815 multi
2719 2759 2917 2817 Christi
2946 2765 3197 2819 unctione
3223 2764 3347 2832 olei,
3373 2766 3461 2822 hic
3484 2775 3662 2822 autem
3691 2782 3845 2838 ange-

2274 2852 2341 2907 lis
2367 2852 2730 2920 adorantibus,
2761 2854 2933 2911 stellis
2970 2856 3351 2923 indicantibus,
3382 2859 3659 2929 prophetis
3702 2876 3851 2931 ιιι-ωε

2273 2944 2617 3011 conantibus,
2648 2943 2854 3001 Joanne
2891 2954 3179 3014 metuente,
3212 2948 3362 3005 cmlis
3402 2950 3631 3020 apertis,
3685 2949 3851 3009 Patre"

2272 3031 2342 3087 de
2387 3034 2538 3089 omlis
2581 3035 2872 3099 clamante,
2923 3037 3125 3107 Spiritu
3170 3048 3359 3096 sancto
3408 3040 3724 3099 adveniente
3776 3044 3842 3101 de

2273 3122 2442 3188 omits,
2470 3132 2526 3181 et
2563 3124 2616 3179 in
2657 3140 2724 3181 eo
2752 3134 3020 3194 manente,
3045 3127 3289 3185 Christus
3330 3138 3413 3186 est
3449 3147 3558 3202 prae
3596 3135 3841 3191 omnibus

601 3201 705 3263 hoc
729 3210 829 3267 est,
861 3204 1040 3259 omnia
1068 3220 1186 3273 quae
1226 3207 1564 3264 subsistimus
1590 3216 1646 3263 et
1669 3225 1963 3278 movemur,
1990 3220 2045 3267 et
2082 3229 2170 3267 su-
2197 3215 2242 3278 ο
2271 3213 2648 3284 participibus,
2678 3217 2872 3285 quibus
2890 3217 2995 3273 hoc
3020 3201 3486 3291 comparticipatus
3513 3230 3596 3278 est
3619 3240 3836 3282 nomen.

601 3305 720 3351 mus
739 3306 903 3360 opera
923 3299 1033 3349 tua.
1064 3292 1267 3362 Lingua
1293 3311 1413 3350 mea
1441 3297 1678 3352 calamus
1707 3306 1805 3354 est.
1838 3299 2002 3369 Cujus
2029 3303 2171 3358 cala-

602 3383 751 3445 mus?
779 3371 997 3447 Scribat,
1028 3383 1218 3453 inquit,
1266 3385 1523 3442 velociter
1559 3389 1857 3445 scribentis.
1890 3390 2028 3457 Quid
2055 3400 2170 3448 tur-

594 3470 807 3539 bantur,
858 3472 985 3542 quid
1035 3472 1347 3533 festinanter
1393 3476 1571 3546 lingua
1615 3481 1888 3550 propheta:
1932 3476 2173 3551 proferre

584 3561 731 3628 Vult,
780 3563 1100 3621 audiamus:
1132 3563 1272 3630 Hoc,
1317 3565 1520 3635 inquit,
1560 3567 1795 3625 Verbum
1833 3573 1977 3640 quod
2016 3571 2174 3629 Pater

582 3655 878 3723 mactavit,
902 3655 1054 3724 cujus
1080 3658 1259 3713 omnia
1281 3671 1401 3727 qua:
1417 3672 1601 3715 simus
1627 3676 1807 3732 opera-
1820 3677 2021 3732 sumus,
2052 3680 2173 3735 spe-

600 3744 778 3807 ciosus
803 3745 974 3807 forma
1017 3748 1323 3827 apparebit,
1356 3757 1411 3805 et
1455 3752 1670 3820 praeerit
1716 3752 1838 3810 liliis
1876 3755 2168 3823 hominum,

601 3837 875 3906 speciosus
889 3837 1083 3906 forma,
1107 3838 1160 3895 id
1179 3848 1280 3907 est,
1304 3842 1542 3910 virginea
1560 3842 1731 3899 forma
1745 3846 1848 3901 erit
1867 3855 2017 3902 m‘tus
2035 3846 2167 3916 ejus.

602 3925 667 3991 Et
693 3928 859 3987 ellusa
885 3930 1054 3997 gratia
1099 3946 1132 3987 a
1175 3931 1327 3988 labiis
1353 3931 1470 4000 ejus
1504 3916 1834 4002 egredietur,
1875 3952 1975 4004 per
2011 3950 2180 4005 quam.

601 4016 911 4083 benedictus
964 4019 1067 4075 erit
1112 4019 1165 4075 in
1213 4028 1488 4079 aeternum.
1541 4020 1611 4079 Et
1660 4024 1886 4091 accingit
1936 4027 2170 4094 gladium

599 4123 755 4171 suum
782 4124 941 4180 super
966 4110 1165 4176 femur,
1197 4111 1265 4167 ad
1303 4112 1654 4181 amputandus
1681 4129 1869 4170 omnes
1904 4116 2167 4174 libidines.

601 4194 899 4257 Ostendens
924 4200 1158 4270 speciem
1177 4215 1347 4267 suam,
1372 4201 1426 4257 id
1444 4208 1546 4267 est,
1570 4203 1918 4262 manifestans
1934 4204 2167 4277 Patrem,

602 4294 656 4345 et
681 4287 1127 4359 pulchritudinem
1154 4305 1326 4358 suam,
1351 4292 1404 4348 id
1423 4300 1525 4356 est,
1551 4301 1603 4349 et
1625 4291 1880 4363 Spiritum
1907 4306 2167 4354 sanctum.

582 4375 817 4447 Species
861 4379 1003 4435 enim
1049 4377 1168 4435 Filii
1205 4378 1362 4437 Pater
1406 4390 1508 4447 est,
1548 4391 1605 4439 et
1647 4385 1987 4455 pulchritudo
2032 4389 2167 4460 ejus,

601 4466 831 4536 Spiritus
856 4477 1072 4526 sanctus
1099 4488 1111 4523 :
1143 4480 1198 4526 et
1223 4471 1277 4526 in
1305 4472 1389 4531 his
1414 4473 1641 4531 intendit
1678 4483 1734 4533 et
1757 4493 2015 4550 prospere
2042 4497 2169 4551 pro-

2269 3302 2484 3373 Myrrha
2514 3313 2567 3359 et
2584 3314 2733 3375 gutta
2766 3317 2821 3362 et
2859 3309 3001 3364 casia
3037 3326 3067 3363 a
3095 3312 3426 3370 vestimentis
3450 3314 3582 3385 ejus.
3624 3316 3839 3400 Myrrha

2270 3393 2325 3447 in
2351 3396 2770 3465 assumptionem
2797 3401 3060 3469 corporis.
3089 3399 3252 3456 Gutta
3277 3419 3401 3459 cum
3438 3395 3641 3461 attactu
3678 3407 3839 3463 vesti-

2270 3493 2572 3542 menton
2593 3488 2709 3559 ejus
2735 3490 2979 3548 homines
3005 3494 3365 3550 salvabantur.
3384 3494 3540 3552 Caﬁa
3557 3511 3689 3555 cum
3706 3499 3842 3555 odor

2271 3577 2392 3633 vitae
2417 3580 2757 3638 credentibus
2782 3585 3056 3653 probatur.
3082 3586 3279 3642 Contra
3302 3590 3406 3645 hoc
3424 3591 3587 3657 venit,
3613 3597 3673 3647 ut
3693 3592 3838 3650 dica-

2270 3675 2375 3736 tur,
2405 3679 2461 3726 et
2485 3670 2650 3728 Jndas
2673 3675 3047 3731 vestimentum
3076 3678 3191 3747 ejus
3210 3680 3384 3749 tetigit
3409 3689 3464 3735 et
3490 3683 3666 3752 periit.
3696 3683 3837 3739 Mili-

2271 3768 2354 3817 tes
2380 3770 2557 3818 autem
2603 3767 2763 3820 etiam
2799 3767 3152 3836 possederunt
3189 3771 3562 3827 vestimentum
3592 3774 3735 3843 'ejus.
3767 3775 3841 3830 Et

2270 3866 2370 3921 pro
2397 3854 2499 3910 hoc
2526 3855 2701 3924 ipsum
2726 3856 2793 3911 ad
2819 3857 3091 3913 interitum
3124 3868 3250 3916 sunt
3275 3863 3527 3919 devoluti.
3556 3865 3835 3933 Quomodo

2270 3957 2398 4012 ergo
2437 3945 2605 4002 odore
2645 3948 3082 4006 vestimentorum
3124 3953 3240 4023 ejus
3265 3955 3409 4011 salus
3437 3957 3625 4012 animat
3649 3958 3837 4028 gigne-'

2268 4033 2444 4089 batur.
2474 4035 2611 4090 Audi
2640 4037 2953 4108 Apostolum
2980 4042 3245 4100 dicentem
3279 4063 3292 4099 :
3323 4047 3452 4102 Aliis
3480 4049 3679 4120 quidem
3707 4050 3841 4105 odor

2268 4128 2386 4182 vita
2410 4127 2466 4181 in
2493 4130 2668 4196 vitam,
2700 4131 2820 4186 aliis
2842 4150 2959 4189 vero
2986 4135 3116 4191 odor
3141 4139 3324 4193 mortis
3341 4141 3397 4193 in
3418 4149 3632 4195 mortem
3652 4141 3695 4212 (Ι
3713 4142 3834 4198 Cor.

2269 4215 2350 4288 ιι).
2383 4216 2525 4273 Sane
2552 4218 2681 4274 illud
2703 4222 3148 4282 considerandum
3176 4235 3288 4295 est,
3319 4229 3461 4297 quod
3487 4229 3677 4286 domus
3715 4247 3837 4287 eum

2269 4308 2518 4373 eburneae
2563 4311 2850 4369 delectant.
2891 4315 3137 4373 Eburnea
3167 4319 3358 4376 domus
3401 4329 3483 4376 est
3527 4338 3724 4394 corpus
3748 4339 3839 4380 ca-

2269 4407 2428 4487 stum,
2459 4402 2512 4456 in
2541 4416 2646 4471 qua
2676 4405 2819 4460 tinea
2847 4423 2953 4463 non
2979 4407 3104 4465 facit
3125 4411 3284 4466 ullam
3312 4413 3583 4470 libidinem
3612 4416 3835 4487 peccati.

2272 4486 2423 4545 Unde
2467 4493 2659 4548 animae
2703 4495 2914 4563 dicitur,
2947 4499 3001 4553 in
3040 4500 3191 4569 cujus
3226 4510 3494 4573 potestate
3538 4505 3720 4561 datum
3758 4514 3843 4563 est

601 4556 761 4654 cedit.
781 4565 848 4654 et
884 4568 1073 4654 regnat
1099 4569 1319 4654 propter
1342 4565 1623 4621 veritatem
1654 4585 1666 4620 :
1695 4577 1916 4639 propter
1942 4571 2080 4629 hanc
2106 4575 2173 4631 de
2202 4583 2251 4642 1)
2274 4592 2469 4649 corpus
2497 4599 2510 4633 ε
2543 4581 2699 4648 Audi,
2733 4582 2859 4652 tilia,
2891 4556 2948 4641 et
2973 4556 3123 4654 vide:
3142 4556 3728 4651 ιηοίίὲιέᾘᾷὶὲωῗζιὲὦ

600 4648 739 4707 aulo
765 4647 1058 4716 descendit,
1089 4651 1215 4721 quia
1239 4654 1475 4723 perierat
1492 4670 1523 4710 a
1551 4654 1974 4718 ﬁliis'hominum
2004 4681 2016 4717 :
2047 4679 2174 4733 pro-

582 4747 718 4811 pter
744 4741 881 4798 hanc
922 4743 1184 4813 procede,
1216 4753 1271 4802 et
1296 4761 1459 4817 regna
1486 4758 1706 4821 propter
1734 4754 2031 4811 veritatem.
2062 4755 2172 4813 Nec

599 4833 772 4893 solum
797 4840 1019 4904 propter
1044 4836 1350 4905 veritatem,
1382 4840 1478 4896 sed
1514 4850 1569 4899 et
1605 4852 1825 4913 propter
1863 4856 2171 4906 mansuetu-

598 4925 796 4997 dinem,
828 4935 883 4987 et
910 4935 1127 4999 propter
1158 4927 1423 4999 justitiam
1450 4931 1682 4989 Trinitas
1708 4946 1914 5006 regnat.
1955 4937 2060 4996 Pro
2087 4940 2169 4996 bis

600 5020 765 5075 tribus
793 5021 1073 5090 speciebus
1096 5022 1149 5077 in
1175 5019 1407 5092 Christo,
1439 5035 1659 5097 propter
1684 5030 1984 5097 veritatem,
2008 5030 2168 5087 Pater

598 5109 837 5164 veritatis
865 5118 965 5165 est.
1001 5108 1228 5181 Propter
1246 5116 1705 5171 mansuetudinem
1734 5118 1925 5186 Filius,
1949 5121 2036 5192 qui
2055 5123 2168 5175 exi-

576 5196 793 5254 nanivit
826 5202 1076 5271 seipsum,
1097 5210 1151 5258 et
1178 5218 1299 5259 cum
1335 5214 1476 5260 esset
1511 5208 1730 5275 aequalis
1758 5206 1920 5275 Patri,
1946 5213 2166 5281 formam

596 5289 726 5340 servi
755 5292 973 5358 suscepit
993 5291 1157 5362 (Phil.
1189 5295 1269 5364 ιι),
1299 5295 1354 5349 in
1380 5311 1485 5364 qua
1512 5298 1784 5366 speciosus
1816 5301 2079 5369 apparuit,
2112 5311 2166 5357 et

595 5382 814 5445 propter
835 5378 1095 5448 justitiam
1116 5384 1231 5453 ejus
1250 5385 1478 5457 Spiritus
1504 5396 1749 5455 sanctus;
1772 5391 1853 5445 sic
1875 5391 2017 5447 enim
2039 5392 2167 5449 dicit

574 5466 664 5525 ,ad
687 5463 951 5525 Joannem
978 5485 1099 5527 cum
1127 5474 1517 5543 baptizaretur,
1547 5478 1637 5535 Sic
1663 5480 1805 5535 decet
1836 5497 1929 5538 nos
1955 5483 2164 5551 implere

596 5574 795 5628 omnem
814 5558 1073 5629 justitiam
1092 5562 1303 5632 (Matth.
1332 5569 1432 5639 ιιι).
1463 5568 1532 5623 Ει
1552 5570 1632 5625 his
1660 5570 1816 5627 dictis
1843 5573 2016 5642 aperti
2042 5584 2166 5631 sunt

586 5648 736 5719 retuli,
767 5656 823 5706 et
850 5649 905 5709 in
927 5650 1105 5723 specie
1125 5653 1382 5712 columbae.
1404 5660 1547 5714 venit
1569 5660 1624 5716 in
1649 5660 1769 5716 eum
1791 5662 2022 5733 Spiritus
2039 5680 2167 5720 san-

758 5737 890 5811 Post
1052 5741 1273 5801 deduxit
1293 5760 1418 5804 eum
1442 5749 1757 5829 mirabiliter
1781 5753 2005 5811 dextera
2024 5754 2164 5826 ejus,
2190 5754 2199 5763 ’

2273 4669 2466 4736 verbis,
2498 4660 2556 4726 ut
2582 4674 2911 4733 obliviscaris
2934 4679 3208 4748 populum,
3240 4682 3293 4737 id
3319 4692 3419 4749 est,
3448 4687 3690 4756 exempla
3714 4702 3839 4758 pec»

2271 4763 2526 4827 cautium,
2571 4773 2628 4818 et
2663 4765 2881 4827 domum
2925 4772 3094 4841 patris
3123 4774 3227 4837 tui,
3262 4774 3313 4829 id
3350 4785 3457 4841 est,
3488 4768 3837 4835 imitationem

2271 4851 2400 4907 Adae
2426 4855 2597 4924 patris
2625 4858 2702 4910 tui
2743 4860 3033 4917 secundum
3061 4879 3295 4920 carnem.
3329 4866 3507 4933 Quare
3540 4869 3678 4926 hoc?
3703 4871 3840 4938 Quia

2269 4944 2577 5013 concupivit
2617 4960 2713 5000 rex
2758 4946 3009 5006 decorem
3053 4960 3218 5008 tuum.
3269 4955 3400 5022 Quis
3446 4957 3548 5013 iste
3583 4973 3679 5015 rex
3724 4961 3840 5016 est?
3924 4984 3933 4989 -

2269 5030 2439 5098 Quem
2484 5030 2726 5101 adorant,
2766 5039 2956 5108 inquit,
2999 5042 3119 5098 tiliae
3166 5044 3290 5116 Tyri
3316 5047 3371 5102 in
3400 5049 3739 5106 muneribus.
3781 5050 3841 5106 Si

2266 5123 2409 5178 enim
2454 5124 2651 5196 Tyrus,
2681 5143 2801 5196 qua:
2835 5134 3258 5200 superstitiosior
3293 5140 3501 5195 materia
3537 5141 3840 5199 civitatibus

2268 5227 2480 5284 semper
2505 5214 2622 5283 luit,
2653 5217 2745 5273 dat
2769 5219 3056 5279 adorantes
3083 5227 3292 5282 animas
3334 5226 3580 5286 Christo.
3625 5239 3679 5286 et
3716 5247 3837 5289 mue

2266 5320 2397 5361 nera
2423 5305 2729 5377 olfereutes,
2757 5320 2959 5380 quanto
2985 5317 3155 5386 magis
3184 5318 3383 5374 vultum
3404 5320 3523 5390 ejus
3540 5324 3839 5379 adorabunt

2267 5412 2456 5456 omnes
2475 5400 2665 5458 divites
2689 5403 2896 5473 plebis?
2923 5406 3064 5466 Sane
3090 5411 3315 5480 gloriam
3343 5427 3556 5470 omnem
3593 5429 3757 5486 quam
3782 5416 3838 5471 in
3888 5484 3895 5490 ἢ

2268 5490 2491 5556 gemmis
2517 5492 2713 5560 regiius
2755 5495 3135 5555 circumtonat
3177 5502 3508 5560 extrinsecus
3546 5505 3623 5559 ad
3648 5505 3838 5562 viden-

2269 5578 2397 5634 dum
2438 5579 2762 5648 hominibus,
2805 5587 2892 5643 hic
2930 5604 3145 5646 omnem
3167 5592 3397 5661 gloriam
3440 5593 3565 5649 ﬁlim
3600 5596 3745 5664 regis
3769 5595 3839 5651 ab

2271 5670 2414 5727 intus
2440 5687 2559 5729 esse
2596 5666 2710 5731 vult
2746 5678 2803 5733 in
2828 5683 3192 5750 penetralibu
3215 5686 3430 5753 mentis,
3462 5687 3534 5743 ibi
3577 5702 3701 5743 eam
3726 5688 3839 5743 vult

2274 5761 2330 5816 in
2375 5761 2598 5823 ﬁmbriis
2650 5770 2825 5826 aureis
2880 5772 3198 5837 circumdari
3246 5777 3509 5836 varietate
3556 5779 3839 5836 virtut-2

3022 5896 3089 5906 _.
