4246 6264
384 268 512 347 ιὸθθ

1299 263 1771 325 GOMMENTARII
1807 263 1874 327 1N
1908 259 2242 354 essuries.
2284 263 2476 355 esse
2518 263 2720 320 xnvu.

295 363 299 368 ’
404 388 561 457 Tunc
589 386 923 460 adducentur
948 384 1213 459 virgines,
1241 385 1547 464 incorrupta
1588 384 1750 451 ﬁdes,
1781 382 1989 454 patien-
2015 386 2065 453 Α
2092 396 2278 443 eorum
2308 389 2621 449 conteram,
2654 388 2710 435 et
2748 394 2896 435 arma
2943 395 3131 461 eortun
3176 384 3532 456 confringant.
3573 389 3675 465 Qui

402 481 500 548 tia,
534 479 840 551 prudentia,
870 486 924 539 et
951 479 1206 552 proximas
1233 494 1417 541 earum
1445 477 1789 557 adducentur
1812 477 1866 532 in
1895 476 1989 532 la:-

402 571 579 641 titiam
607 578 665 629 et
683 570 1088 653 exsultationem
1105 608 1120 639 ,
1145 577 1204 624 ut
1231 570 1432 625 intrent
1458 568 1514 623 in
1544 567 1801 638 templum
1826 567 1987 637 regis.

321 735 323 737 ι
400 662 508 721 Ubi
536 680 639 736 pro
665 662 943 735 duodecim
975 662 1293 735 patriarchis
1320 661 1434 716 nati
1471 669 1596 716 sunt
1622 659 1737 716 Deo
1765 659 1857 718 ﬁlii
1898 658 1991 719 alii

400 754 723 823 duodecim,
773 768 908 824 quos
952 753 1228 809 constituit
1274 752 1543 824 principes
1585 751 1742 809 Jesus
1763 792 1780 819 ,
1829 766 1991 824 super

398 863 620 918 omnem
651 855 847 907 terram
875 861 1144 902 memores
1173 846 1406 903 nominis
1439 846 1523 903 sui
1550 846 1606 900 in
1632 846 1781 903 omni
1806 853 1984 915 gente,

398 951 524 1007 cum
553 937 633 995 eis
656 935 884 1009 diceret,
907 934 1183 1008 Baptizate
1210 953 1386 992 omnes
1417 945 1592 1009 gentes
1624 934 1817 1010 (Marc.
1850 935 1983 1008 xvr).

394 1026 695 1099 Propterea
730 1029 919 1100 populi
948 1028 1274 1087 conﬁtentur
1299 1028 1415 1085 Deo
1453 1030 1509 1085 in
1533 1038 1824 1098 aeternum,
1851 1037 1906 1085 et
1932 1029 1988 1085 in

397 1118 579 1177 omnia
822 1118 1159 1187 seculorum.
1184 1119 1379 1175 Amen.

707 1329 710 1332 ῃ
939 1251 1255 1309 PSALMUS
1289 1251 1451 1308 XLV.

388 1442 394 1447 .
698 1368 758 1441 in
788 1368 950 1459 linem
979 1370 1101 1426 ﬁliis
1128 1371 1306 1428 Chore
1326 1387 1426 1443 pro
1454 1371 1680 1426 arcanis.
1944 1372 1965 1453 "

465 1482 607 1547 Deus
634 1492 810 1545 noster
835 1478 1094 1555 refugiunt
1120 1493 1171 1540 et
1196 1486 1354 1543 uirtus
1371 1521 1389 1551 ,
1417 1483 1628 1555 adjutor
1673 1484 1728 1537 in
1765 1482 1985 1539 tribula-

290 1616 303 1626 .
392 1577 620 1644 tionibus
664 1594 779 1650 quia
822 1578 1130 1639 inuenerunt
1175 1594 1270 1633 nos
1324 1578 1500 1645 rtimis.
1551 1575 1838 1649 Propterea
1880 1592 1986 1631 non

388 1666 681 1733 timebimus
711 1667 831 1737 dum
859 1665 1145 1725 turbabitur
1174 1677 1330 1735 terra,
1357 1676 1410 1722 et
1437 1668 1811 1739 transferentur
1838 1682 1985 1723 mon-

2092 478 2196 536 hoc
2224 465 2460 536 faciunt?
2488 480 2580 555 qui
2608 489 2801 537 vacant
2828 482 2897 536 ab
2932 480 3179 536 omnibus
3206 478 3389 535 mundi
3419 480 3590 551 curis,
3623 490 3678 535 et

2090 571 2276 631 vident
2294 560 2551 643 quoniam
2581 573 2697 643 ipse
2725 582 2808 629 est
2827 571 2969 630 Deus
2996 573 3087 645 qui
3112 578 3337 642 negatur
3356 587 3385 627 a
3405 572 3673 642 gentibus,

2072 663 2182 735 sui
2210 680 2241 718 a
2269 661 2466 723 ludatis
2494 665 2841 736 cruciﬁgitur,
2871 666 2958 720 bic
2995 674 3239 723 nostrum
3272 663 3557 734 refugium,
3588 664 3676 720 hic

2090 763 2275 813 nostra
2304 756 2491 824 virtus,
2525 756 2612 815 hic
2640 766 2823 811 noster
2850 755 3081 827 adiutor,
3114 756 3201 810 hic
3228 753 3369 811 Deus
3395 742 3670 823 virtutum,

2090 848 2181 903 hic
2219 859 2500 920 susceptor
2544 859 2729 905 noster
2755 858 2856 916 est,
2898 850 2989 919 qui
3019 857 3101 904 est
3124 849 3285 903 etiam
3324 844 3466 902 Deus
3510 844 3675 901 Jacob

2088 953 2320 1010 regnans
2347 957 2468 996 cum
2497 939 2657 996 Patre
2687 950 2741 996 et
2765 939 2966 1012 Spiritu
2994 947 3182 995 sancto
3204 955 3347 995 nunc
3366 946 3420 997 et
3440 954 3671 1011 semper,

2090 1037 2146 1086 et
2165 1030 2218 1086 in
2248 1032 2429 1089 omnia
2449 1031 2641 1088 saecula
2672 1033 3008 1087 saeculorum.
3043 1030 3232 1085 Amen.

2609 1163 2929 1221 PSALMUS
2963 1164 3149 1221 XLVI.

2210 1236 2215 1241 ﬂ
2264 1276 2324 1332 In
2352 1274 2511 1332 ﬁnem
2536 1292 2638 1348 pro
2668 1276 2790 1332 ﬁliis
2814 1275 3011 1344 Chore,
3044 1276 3280 1347 psalmus
3300 1274 3487 1333 David.

2162 1390 2356 1445 Omnes
2384 1401 2557 1463 gentes
2579 1391 2809 1462 plaudite
2828 1389 3083 1458 manibus,
3106 1389 3329 1461 jubilate
3350 1388 3460 1444 Deo
3480 1391 3534 1443 in
3558 1388 3674 1445 voce

2065 1484 2469 1547 ,exsultationis.
2507 1482 2763 1548 Quoniam
2811 1482 3065 1538 Dominus
3113 1483 3365 1549 excelsus,
3409 1480 3673 1557 terribilis,

2086 1592 2179 1631 rea:
2223 1593 2441 1650 magnus
2481 1593 2632 1649 super
2678 1594 2880 1631 omnem
2929 1588 3137 1632 (errant.
3184 1574 3415 1648 Subjecit
3462 1576 3676 1648 populos

2086 1667 2253 1734 nobis,
2286 1676 2335 1721 et
2362 1678 2536 1739 gentes
2566 1666 2657 1722 sub
2695 1667 2907 1740 pedibus
2936 1669 3151 1724 nostris.
3184 1667 3359 1741 Elegit
3396 1666 3543 1723 nobis
3572 1658 3676 1723 Ιιαές

392 1768 468 1823 tes
512 1761 571 1813 in
617 1776 707 1816 cor
749 1762 925 1817 maris.
974 1758 1271 1825 Sonuerunt
1316 1768 1366 1833 et
1407 1757 1631 1814 turbate
1676 1768 1799 1813 sunt
1833 1774 1983 1831 aqum
2013 1755 2063 1818 B
2088 1758 2357 1812 reditatem
2382 1775 2527 1813 suam
2557 1760 2774 1830 speciem
2802 1758 2965 1814 Jacob
3006 1777 3160 1832 quam
3190 1759 3390 1814 dilexit.
3436 1759 3678 1815 Ascendit

390 1867 597 1919 eorum
617 1851 904 1921 conturbati
923 1862 1044 1909 sunt
1068 1860 1267 1909 montes
1289 1854 1344 1911 in
1367 1852 1671 1925 fortitudine
1696 1851 1828 1924 ejus.
1860 1852 1986 1908 Flu-

390 1944 568 2009 acinis,
588 1945 805 2014 impetus
833 1944 1060 2015 lietificat
1088 1945 1342 2003 civitatein
1369 1944 1494 2013 Dei,
1527 1946 1871 2018 sanctiﬁcavit
1901 1939 1983 2000 ta?

402 2030 735 2087 bernaculum
760 2051 905 2088 suum
940 2036 1254 2091 Altissimus.
1286 2035 1424 2092 Deus
1450 2039 1506 2092 in
1545 2039 1716 2094 medio
1742 2039 1855 2111 ejus
1880 2056 1985 2111 non

399 2124 832 2192 commovebitur,
883 2124 1150 2197 adﬁwdit
1185 2144 1300 2181 eam
1344 2128 1477 2183 Deus
1527 2147 1682 2184 mane
1737 2130 1982 2185 diluculo.

399 2212 736 2285 Contuer
756 2226 877 2285 sunt
896 2227 1093 2292 gentes,
1122 2226 1173 2275 et
1198 2219 1450 2285 inclinata
1474 2230 1596 2276 sunt
1623 2238 1808 2294 regna,
1844 2221 1987 2276 dedit

386 2326 570 2387 paceni
598 2328 761 2385 suum,
791 2321 933 2383 gnata
955 2322 1033 2383 est
1060 2323 1215 2379 terra,
1250 2314 1503 2371 Dominus
1530 2318 1776 2372 virtutum
1804 2317 1983 2371 nobis-

392 2418 536 2471 cum,
568 2414 830 2476 susceptor
870 2416 1047 2461 noster
1089 2403 1231 2463 Deus
1267 2406 1449 2463 Jacob.
1506 2408 1686 2464 Venite
1728 2419 1778 2464 et
1819 2409 1986 2464 videte

388 2484 545 2568 Opera
572 2493 803 2565 Domini,
826 2514 940 2570 qua:
973 2500 1143 2565 posuit
1169 2500 1411 2571 prodigia
1438 2517 1593 2572 super
1629 2511 1839 2568 terram,
1884 2516 1982 2554 au-

384 2586 556 2662 ferent
597 2586 730 2655 bella
768 2604 923 2662 usque
951 2590 1021 2653 ad
1058 2590 1218 2661 finem
1261 2600 1432 2646 terrae.
1463 2590 1654 2645 Arcum
1682 2602 1909 2645 conteret
1932 2601 1983 2647 et

385 2679 678 2757 confringet
713 2697 882 2747 arma,
927 2690 977 2735 et
1018 2692 1164 2736 scuta
1210 2665 1473 2738 comburat
1512 2685 1641 2756 igni.
1695 2682 1887 2740 Vacate
1932 2695 1982 2741 et

384 2770 569 2853 uidete,
600 2773 844 2845 quoniam
886 2791 983 2846 ego
1004 2790 1120 2829 sum
1147 2775 1308 2843 Deus,
1341 2776 1615 2832 exaltabor
1641 2779 1696 2832 in
1725 2758 1976 2850 gentibus,

382 2869 433 2923 et
485 2860 762 2919 exaltabor
802 2864 858 2917 in
903 2874 1063 2920 terra.
1110 2866 1365 2925 Dominus
1409 2870 1651 2924 uirtutum
1692 2870 1975 2939 nobiscum,

385 2962 657 3026 susceptor
685 2965 859 3013 noster
879 2956 1022 3013 Deus
1050 2956 1231 3015 Iacob.

957 3068 1389 3113 COIIENTLRIUII.

2089 1849 2229 1905 Deus
2258 1853 2312 1905 in
2336 1850 2521 1922 jubilo,
2550 1861 2600 1906 et
2624 1851 2878 1908 Dominus
2906 1855 2961 1908 in
2990 1870 3110 1908 voce
3137 1852 3290 1909 tubw.
3320 1852 3541 1908 Psallite
3568 1846 3678 1909 Deo

2088 1955 2295 2011 nostro,
2343 1948 2551 2016 psallite
2595 1948 2701 2017 regi
2749 1956 2957 2014 nostro,
3005 1948 3231 2019 psallite.
3284 1946 3542 2011 Quoniam
3586 1961 3678 2000 res

2088 2038 2256 2101 omnis
2299 2046 2456 2095 term
2496 2036 2668 2104 Deus,
2699 2038 2907 2111 psallite
2931 2040 3211 2111 sapienter.
3256 2036 3512 2109 Regnabit
3538 2036 3678 2093 Deus

2088 2145 2242 2201 super
2267 2138 2463 2201 gentes,
2494 2128 2635 2187 Deus
2665 2130 2807 2187 sedet
2848 2148 2999 2203 super
3039 2131 3209 2189 sedem
3252 2139 3484 2185 sanctam
3509 2123 3677 2209 suam.

2088 2218 2363 2292 Principes
2391 2221 2697 2293 populorum
2725 2223 3023 2294 congregati
3061 2232 3181 2278 sunt
3209 2240 3323 2277 cum
3359 2221 3469 2285 Deo
3508 2222 3678 2307 Mra-

2088 2310 2230 2381 born,
2287 2312 2534 2383 quoniam
2581 2311 2653 2367 dii
2707 2313 2868 2385 fortes
2925 2320 3074 2368 terrae
3126 2312 3445 2379 uehementer
3497 2309 3679 2391 elevati

2087 2410 2228 2469 sunt.

2658 2489 3090 2531 COIIENTARIUI.

2158 2582 2358 2642 Omnes
2384 2592 2592 2655 gentes,
2623 2585 2862 2657 plaudite
2890 2586 3154 2643 manibus.
3186 2585 3337 2641 Sicut
3364 2584 3419 2639 in
3448 2582 3678 2649 adventu

2084 2676 2287 2733 diaboli
2315 2678 2566 2735 omnibus
2593 2678 2841 2747 gentibus
2881 2678 3128 2749 planctus
3158 2677 3390 2735 indictus
3423 2682 3507 2730 est
3532 2694 3543 2728 :
3570 2673 3678 2729 Au-

2085 2770 2317 2833 divimus
2347 2771 2491 2827 enim
2517 2786 2707 2829 vocem
2737 2771 2805 2827 de
2831 2771 2973 2827 caelo
3011 2770 3299 2836 dicentem,
3337 2769 3425 2826 Vae
3455 2779 3607 2825 terra:
3631 2778 3678 2824 et

2082 2864 2238 2929 mari,
2269 2864 2391 2936 quia
2419 2862 2681 2935 projectus
2718 2872 2795 2918 est
2825 2862 3061 2919 diabolus
3098 2863 3169 2921 ad
3192 2880 3279 2918 vos
3321 2861 3502 2936 (Apoc.
3536 2860 3630 2933 xu)
3657 2879 3671 2929 ;

2083 2951 2161 3009 ita
2190 2953 2244 3008 in
2273 2954 2508 3011 adventu
2537 2953 2751 3012 Domini
2776 2953 2923 3023 Jesu,
2953 2955 3006 3011 in
3037 2970 3169 3011 voce
3197 2953 3572 3011 exsultationis
3592 2953 3675 3013 di-

2081 3042 2223 3105 eitur
2250 3062 2264 3098 :
2292 3042 2492 3103 Omnes
2519 3052 2707 3117 gentes
2758 3044 2995 3117 plaudite
3041 3045 3309 3112 manibus,
3342 3042 3487 3103 Deus
3535 3045 3679 3129 enim

457 3140 685 3219 Quando
712 3143 767 3209 in
804 3144 1057 3221 lacrymis
1080 3154 1135 3201 et
1172 3147 1228 3202 in
1257 3148 1422 3211 animi
1452 3148 1797 3209 tribulatione
1821 3149 1977 3209 fude-
2004 3127 2054 3192 (ἶ
2083 3149 2345 3204 summus:
2385 3136 2529 3193 Deus
2560 3137 2832 3206 ιθιτίδίιίε,
2864 3138 2957 3209 (llli
2985 3144 3069 3195 εει
3097 3152 3323 3208 magnus
3362 3153 3526 3209 super
3565 3127 3678 3193 Om‘

370 3232 455 3311 ris
485 3234 789 3293 orationem
816 3233 949 3302 Deo,
983 3252 1206 3295 securus
1252 3248 1390 3305 esto,
1421 3240 1568 3310 quod
1613 3241 1753 3298 Deus
1795 3243 1891 3303 tibi
1920 3253 1977 3301 et

381 3325 644 3397 refugium
684 3325 773 3394 ﬁt,
818 3337 873 3391 et
911 3328 1081 3399 uirtus
1125 3328 1371 3385 efﬁcitur.
1415 3329 1614 3402 Incipis
1641 3347 1749 3389 non
1780 3333 1976 3391 timere

381 3418 505 3491 dum
532 3421 889 3489 conturbatur
917 3428 1061 3478 terra
1090 3424 1334 3495 corporis
1348 3425 1456 3493 \tui.
1478 3424 1615 3493 Quia
1635 3427 1973 3489 transfer-un-

376 3519 467 3583 illr-
490 3519 706 3582 ωοιιιθδ
734 3514 967 3586 apostoli
992 3513 1229 3582 Domini,
1259 3514 1597 3573 altitudinem
1630 3518 1748 3589 ejus
1775 3502 1969 3590 prmiti-

382 3612 581 3663 cantes.
613 3604 722 3675 ipsi
751 3604 1164 3675 transferuntur,
1190 3607 1244 3663 in
1270 3606 1434 3671 corde
1454 3609 1661 3677 amaris,
1694 3611 1749 3667 in
1776 3614 1971 3689 menti-

379 3694 478 3767 bss
505 3696 687 3755 εωουιὶ
715 3696 1042 3770 ﬂuctuantis,
1072 3700 1416 3771 quantumvis
1447 3711 1643 3763 sonent
1665 3712 1720 3759 et
1748 3705 1971 3765 turben-

379 3794 468 3849 tur
494 3800 649 3858 aqum
675 3788 811 3858 ejus,
832 3798 892 3857 et
919 3792 1311 3861 conturbentur
1337 3792 1501 3851 etiam
1526 3794 1629 3866 ipsi
1656 3804 1890 3864 montes,
1917 3797 1971 3853 id

379 3888 487 3949 est,
516 3882 750 3953 apostoli
782 3883 834 3938 iu
877 3882 1191 3955 fortitudine
1220 3884 1357 3955 eius,
1393 3884 1449 3943 id
1487 3894 1590 3950 est,
1633 3887 1688 3949 in
1717 3889 1970 3957 passione

374 3973 518 4043 ejus,
548 3975 1066 4046 quantavispeccata
1093 3977 1202 4047 sint
1229 3991 1348 4048 qua:
1386 3980 1705 4037 conturbent
1736 3981 1965 4048 animas,

377 4075 437 4126 et
462 4067 876 4139 praedicantibus
898 4070 1173 4139 apostolis,
1205 4071 1261 4127 bi
1281 4073 1375 4142 qui
1412 4080 1757 4142 peccatorum
1783 4071 1971 4144 oppri-av

374 4167 602 4221 utuntur
624 4160 950 4225 conseientia
970 4201 986 4228 ,
1025 4162 1375 4231 tribulentur;
1407 4180 1542 4221 unus
1583 4165 1814 4235 impetus
1840 4163 1966 4221 Jor-

372 4251 533 4316 danis
557 4252 651 4318 dat
678 4253 955 4321 remissam
993 4264 1369 4341 peccatorum,
1401 4265 1457 4312 et
1497 4255 1736 4328 lmtiﬁcat
1777 4258 1965 4317 civita-

371 4352 485 4408 ιω
510 4343 630 4410 Dei,
659 4360 783 4403 cum
823 4347 1121 4411 sanctiﬁcat
1156 4348 1558 4411 tabernaculum
1601 4351 1847 4416 corporis
1887 4353 1963 4415 tui

369 4435 609 4507 Spiritus
632 4447 864 4501 meum.
895 4439 1038 4496 Dens
1058 4440 1172 4511 jam
1210 4442 1265 4497 in
1293 4449 1348 4497 te
1374 4455 1483 4497 non
1511 4444 1959 4511 commovebitur,

368 4543 495 4591 eum
537 4528 753 4599 adjuvat
785 4532 1018 4591 animam
1056 4541 1205 4591 tuam
1244 4532 1388 4595 Deus
1428 4540 1655 4604 aspectu
1699 4550 1818 4591 suo.
1850 4535 1963 4592 He-

366 4621 546 4686 nricus
567 4622 696 4686 dicit
727 4642 740 4676 :
772 4622 1059 4694 Adjuvavit
1084 4641 1211 4685 eum
1248 4624 1391 4683 Deus
1424 4640 1585 4687 mane
1609 4627 1875 4697 diluculo,
1908 4629 1962 4699 id

364 4721 597 4776 meum
625 4715 860 4785 tenebrae
906 4725 1250 4787 peccatorum
1287 4731 1384 4788 per
1422 4715 1657 4777 ﬂuminis
1701 4721 1984 4791 impetum

365 4806 715 4872 tumuit,
756 4806 1053 4877 itemqui
1080 4808 1174 4865 lux
1199 4816 1310 4875 est,
1341 4808 1554 4865 initium
1604 4809 1739 4866 lucis
1782 4810 1876 4867 dat
1903 4812 1961 4868 in

364 4906 463 4959 eor
485 4898 629 4967 ejus,
659 4905 716 4961 et
742 4898 963 4969 adjuvat
991 4914 1130 4966 eam,
1154 4900 1209 4955 id
1235 4908 1336 4967 est,
1379 4902 1612 4961 animam
1641 4917 1762 4972 qua:
1781 4902 1911 4960 dicit
1939 4922 1955 4957 :

348 4985 626 5053 Dominus
654 4990 910 5053 virtutum
940 4991 1245 5059 nobiscum,
1277 5001 1561 5066 susceptor
1605 5002 1790 5055 noster
1815 4996 1960 5055 Deus

344 5081 1061 5154 ’hcob,.quanMcunque
1085 5088 1712 5159 conturbantur-gentes,
1756 5090 1810 5145 id
1854 5099 1986 5157 estV

365 5172 505 5231 idola
535 5174 777 5237 colentes
815 5174 1075 5237 adversus
1101 5185 1364 5250 martyres
1389 5179 1626 5247 Domini,
1662 5189 1959 5250 quantum-

364 5266 442 5322 vis
471 5268 798 5323 inclinentur
823 5281 990 5338 regna
1019 5270 1088 5324 ad
1130 5273 1563 5340 persecutionem
1610 5288 1815 5340 eorum,
1864 5275 1958 5330 dat

361 5371 550 5411 vocem
577 5372 730 5412 suam
760 5358 1065 5416 Altissimus
1092 5361 1145 5415 in
1174 5361 1337 5417 corde
1358 5369 1653 5430 eorum,.et
1680 5364 1753 5418 ita
1778 5380 1957 5421 move-
2036 5392 2041 5397 λ
2096 5394 2097 5397 η

340 5457 448 5505 'tnr
466 5456 614 5504 terra
638 5438 893 5521 corporis
914 5467 1125 5519 eorum,
1153 5460 1214 5506 ut
1239 5453 1455 5522 penitus
1482 5470 1586 5509 non
1626 5456 1841 5509 timeant
1863 5473 1951 5511 eos

304 5606 317 5613 '
357 5544 445 5615 qui
482 5538 725 5598 occidunt
764 5550 953 5615 corpus
990 5559 1010 5597 :
1060 5545 1296 5597 timentes
1342 5551 1515 5599 autem
1554 5545 1727 5608 illum,
1778 5546 1866 5618 qui
1903 5554 1955 5600 et

357 5626 601 5689 meum
636 5643 687 5690 et
727 5652 914 5709 corpus
958 5642 1124 5708 potest
1165 5636 1384 5704 perdere
1422 5637 1480 5691 in
1527 5638 1832 5707 gehennam.
1875 5637 1954 5690 Ita

336 5720 723 5784 ιοιιιοωιιὺιιι
743 5722 952 5787 animas
977 5744 1187 5797 eorum,
1215 5737 1278 5785 ut
1295 5728 1637 5797 passionibus
1662 5729 1777 5783 suis
1796 5744 1959 5784 arcus

2085 3245 2211 3285 nem
2256 3238 2488 3300 terram,
2520 3232 2606 3289 hic
2649 3230 2880 3301 subjecit
2923 3232 3153 3313 populos
3199 3232 3376 3288 nobis.
3410 3231 3524 3288 Hoc
3550 3248 3680 3305 apo-

2082 3320 2212 3377 stoli
2252 3320 2439 3379 dicunt
2468 3342 2480 3377 :
2513 3323 2754 3395 Subjecit
2781 3324 3012 3399 populos
3060 3324 3236 3391 nobis,
3270 3333 3325 3379 et
3364 3332 3551 3395 gentes
3578 3322 3681 3393 sub

2060 3412 2310 3489 pedibus
2359 3417 2577 3472 nostris.
2628 3414 2855 3484 Quando
2902 3416 3007 3473 hoc
3052 3415 3212 3472 fecit?
3254 3412 3481 3481 Quando
3520 3413 3678 3489 elegit

2082 3486 2275 3567 nobis.
2293 3508 2664 3573 haereditatem
2713 3524 2872 3567 suam
2919 3510 2975 3563 in
3021 3509 3201 3579 specie
3243 3505 3424 3561 Maria:
3446 3539 3465 3575 ,ι
3515 3486 3675 3576 quam

2080 3598 2271 3657 dilexit
2299 3598 2532 3668 Spiritus
2560 3606 2811 3665 sanctus,
2855 3606 2981 3654 tunc
3009 3598 3250 3655 ascendit
3279 3598 3333 3653 in
3363 3598 3592 3671 strepitu
3621 3606 3676 3659 et

2079 3691 2136 3749 in
2167 3705 2298 3746 voce
2327 3689 2487 3751 tubae.
2521 3689 2765 3745 Herodes
2793 3689 3055 3756 turbatur,
3086 3697 3334 3761 pastores
3381 3696 3670 3756 terrentur,

2079 3783 2223 3852 magi
2268 3781 2495 3851 fugiunt,
2529 3781 2759 3839 infantes
2805 3780 3143 3848 occiduntur,
3194 3778 3369 3853 an'geli
3417 3780 3671 3857 psallunt,

2079 3874 2322 3933 dicentes
2354 3893 2366 3928 :
2403 3873 2583 3933 Gloria
2611 3873 2724 3930 Deo
2743 3876 2799 3932 in
2824 3871 3075 3939 excelsis;
3105 3872 3198 3943 qui
3226 3869 3411 3927 dicunt
3439 3872 3673 3942 pastori-

2077 3969 2206 4036 bus,
2232 3970 2358 4041 quia
2387 3985 2516 4027 ecce
2538 3977 2729 4038 regnat
2745 3968 2889 4027 Deus
2915 3979 3287 4038 supergomnes
3307 3972 3514 4035 gentes,
3533 3962 3673 4021 Deus

2074 4062 2231 4121 sedet
2256 4080 2420 4135 super
2447 4063 2635 4121 sedem
2663 4070 2906 4121 sanctam
2933 4075 3106 4119 suam.
3143 4057 3200 4114 Si
3227 4058 3386 4115 sedes
3414 4056 3531 4131 ejus
3555 4056 3669 4112 ubi-

2077 4173 2291 4228 cunque
2339 4158 2617 4227 virginitas
2660 4157 2865 4213 illibata
2912 4155 3101 4219 fuerit,
3150 4160 3354 4223 quanto
3401 4150 3571 4225 magis
3618 4150 3672 4211 in

2074 4244 2281 4303 Maria?
2310 4246 2589 4318 Principes
2635 4245 2957 4318 populorum
2995 4251 3364 4303 convenerunt
3407 4239 3672 4321 cum‘Deo

2072 4339 2367 4396 Abraham.
2418 4339 2696 4410 Principes
2733 4340 2841 4397 hoc
2885 4339 3007 4395 loco
3056 4336 3275 4407 angelos
3314 4335 3546 4402 indicat,
3578 4333 3670 4415 qpi

2070 4446 2197 4488 cum
2225 4431 2340 4489 Deo
2368 4432 2644 4489 Abraham
2671 4431 2740 4487 ad
2767 4430 2992 4489 Mariam
3017 4436 3424 4493 convenerunt,
3456 4426 3671 4508 quando

1988 4502 2049 4569 ³
2070 4524 2300 4593 gloriam
2324 4524 2658 4580 cecinerunt.
2694 4521 2764 4578 Ut
2789 4522 2920 4592 quid
2948 4530 3131 4579 autem
3159 4530 3319 4581 natus
3347 4520 3418 4575 sit
3445 4533 3541 4575 rex
3563 4503 3673 4579 init-

2070 4630 2235 4685 gnua,
2285 4624 2341 4672 et
2387 4624 2447 4672 ut
2493 4614 2622 4685 quid
2669 4623 3039 4673 convenerunt
3085 4615 3356 4685 principes
3396 4627 3517 4668 cum
3556 4609 3670 4693 Deo

2068 4709 2365 4775 Abraham,
2394 4708 2695 4765 audiamus.
2726 4706 2875 4773 Ideo,
2899 4707 3091 4775 inquit,
3123 4711 3511 4771 convenerunt,
3542 4703 3678 4778 quia.

2066 4804 2141 4860 dii
2170 4802 2341 4858 fortes
2371 4810 2528 4859 terra:
2557 4804 2611 4859 in
2631 4799 3106 4873 superstitionibus
3133 4800 3263 4865 suis,
3297 4807 3353 4855 et
3380 4799 3432 4851 in
3455 4796 3669 4866 templis

2042 4897 2183 4952 ~suis
2211 4896 2435 4953 nisnium
2481 4894 2682 4952 elevati
2707 4902 2867 4959 sunt,
2898 4891 2966 4951 ut
2984 4891 3069 4955 his
3098 4888 3338 4959 expulsis
3384 4894 3549 4956 atque
3573 4884 3667 4938 dc-

2062 4990 2243 5060 jectis,
2277 4995 2468 5056 regnet
2507 4986 2769 5055 Dominus
2812 4985 2972 5045 Iesus
2998 4982 3244 5057 Christus
3288 4991 3450 5046 super
3477 4988 3665 5030 omnes

2066 5090 2256 5153 Gentes
2285 5080 2337 5135 in
2361 5080 2555 5137 saecula
2582 5078 2920 5135 saeculorum.
2954 5075 3143 5131 Amen.
3286 5060 3295 5080 ’

2590 5209 2906 5270 PSALMUS
2943 5204 3147 5275 xnvn.

2194 5331 2439 5399 Psalmus
2466 5327 2661 5391 cantici
2692 5323 2813 5383 ﬁliis
2840 5319 3018 5403 Chore
3048 5314 3283 5377 secunda
3312 5315 3541 5372 sabbati.
3607 5287 3615 5293 δ

2138 5446 2365 5518 Magnus
2393 5443 2648 5498 Dominus
2675 5444 2725 5492 et
2745 5430 3023 5495 laudabilis
3052 5432 3225 5499 nimis,
3249 5432 3305 5503 in
3333 5431 3540 5495 civitate
3560 5424 3659 5481 Dei

2063 5543 2230 5597 nostri
2278 5541 2337 5593 in
2376 5544 2553 5592 mu
2594 5538 2775 5586 sancto
2822 5528 2951 5600 ejus.
2998 5526 3273 5595 Fundatur
3316 5521 3660 5585 exsultatione

2060 5636 2316 5692 uniuersa!
2362 5638 2515 5682 terra
2553 5638 2704 5679 mons
2750 5619 2903 5685 Sion,
2953 5620 3119 5683 latera
3162 5616 3434 5689 Aquilonis
3466 5608 3658 5703 civitas

2064 5731 2203 5791 regis
2238 5720 2438 5787 magni.
2476 5718 2609 5785 ntus
2647 5717 2705 5772 in
2733 5713 2970 5787 domibus
3008 5713 3122 5781 ejus
3164 5711 3495 5779 cognosceatr
3540 5714 3659 5781 eum
