4246 6264
660 341 759 404 ³91

2006 351 2275 413 ΑΒΝΟΒΙῙ
2310 357 2610 417 JUNlORlS

3821 359 3928 431 39!

656 467 898 538 suscipiet
939 482 1070 522 eam.
1105 461 1362 538 Quoniam
1407 485 1521 526 ecce
1561 486 1707 544 reges
1754 482 1904 529 terra:
1937 475 2242 546 congregati
2265 475 2317 536 Δ
2343 491 2498 531 mons
2525 476 2675 544 Sion,
2708 475 2915 532 laetatur
2941 474 3201 544 Ecclesia,
3232 484 3289 533 et
3314 477 3585 539 exsultant
3612 479 3733 536 ﬁliae
3751 481 3920 551 ludas,

654 566 792 622 sunt,
821 567 1159 611 convenerunt
1177 559 1234 612 in
1263 575 1440 614 unum.
1475 559 1587 631 Ipsi
1614 563 1844 618 videntes
1869 564 1945 618 sic
1986 564 2237 618 admirati

651 658 790 714 sunt,
821 650 1108 703 conturbati
1137 662 1274 717 sunt,
1300 655 1540 708 commoti
1561 665 1699 722 sunt,
1734 665 1923 711 tremor
1943 657 2233 727 apprehen-

650 738 727 792 dit
760 756 866 792 eos.
901 737 981 794 Ibi
1029 740 1234 796 dolores
1280 753 1335 797 ut
1373 746 1727 814 parturientis,
1776 749 1830 801 in
1867 748 2052 818 spiritu
2087 746 2234 800 vehe-

645 835 805 888 menti
853 843 1080 890 conteres
1123 853 1280 891 naves
1329 836 1559 893 Tharsis.
1613 839 1761 894 Sicut
1802 840 2109 902 audivimus,
2160 840 2234 892 sic

644 923 863 978 vidimus
890 926 945 979 in
983 928 1187 981 civitate
1225 927 1438 982 Domini
1481 931 1756 996 virtutum,
1788 933 1843 984 in
1886 932 2087 985 civitate
2134 930 2231 984 Dei

642 1019 830 1083 nostri,
872 1016 1014 1072 Deus
1043 1019 1280 1090 fundavit
1323 1039 1439 1075 eam
1476 1023 1532 1075 in
1561 1032 1829 1077 aeternum.
1877 1024 2228 1095 Suscepimus,

641 1105 804 1173 Deus,
848 1109 1258 1165 misericordiam
1307 1121 1466 1178 tuam,
1514 1115 1568 1167 in
1597 1115 1766 1169 medio
1797 1117 1970 1186 templi
2011 1118 2101 1170 tui.
2136 1116 2232 1171 Se-

640 1199 868 1253 cundum
914 1217 1100 1256 nomen
1151 1212 1311 1268 tuum,
1356 1204 1514 1271 Deus,
1556 1208 1630 1258 sic
1674 1216 1724 1259 et
1757 1207 1872 1261 laus
1902 1217 1987 1261 tua
2016 1210 2070 1262 in
2099 1209 2231 1278 ﬁnes

640 1298 813 1359 teme,
849 1293 1058 1362 justitia
1102 1295 1258 1364 plena
1298 1304 1373 1348 est
1409 1296 1621 1350 dextera
1665 1307 1770 1351 tua.
1815 1297 2046 1354 Laetetur
2082 1317 2230 1354 mons

639 1383 792 1449 Sion,
842 1394 892 1438 et
937 1386 1194 1464 exsultent
1239 1387 1368 1458 ﬁlim
1412 1388 1582 1453 ludar,
1611 1399 1823 1460 propter
1862 1391 2066 1460 judicia
2118 1400 2222 1456 tua,

637 1475 879 1530 Domine.
911 1477 1234 1532 Circumdate
1262 1478 1393 1533 Sion
1438 1489 1487 1532 et
1515 1481 1915 1551 complectimini
1942 1500 2078 1550 eam,
2103 1499 2227 1536 nar-

637 1569 827 1622 ratein
866 1569 1089 1622 turribus
1129 1570 1262 1640 ejus.
1293 1568 1483 1625 Ponite
1518 1570 1679 1625 corda
1728 1580 1898 1625 vestra
1940 1572 1995 1625 in
2042 1575 2228 1626 virtute

533 1724 543 1730 _
635 1652 768 1732 ejus,
798 1668 848 1714 et
875 1659 1164 1715 distribuite
1189 1661 1370 1716 domos
1404 1663 1514 1733 ejus
1533 1703 1546 1727 ,
1580 1671 1634 1715 ut
1661 1664 1913 1716 enarretis
1949 1664 2002 1716 in
2040 1680 2225 1735 proge-

635 1754 723 1808 nie
749 1752 933 1807 altera.
970 1751 1232 1817 Quoniam
1258 1754 1342 1819 hic
1370 1761 1448 1809 est
1475 1754 1616 1808 Deus
1645 1761 1824 1810 noster
1867 1757 1922 1808 in
1952 1764 2218 1818 aeternum,

636 1852 686 1898 et
710 1832 765 1898 in
785 1844 1029 1900 swculum
1049 1842 1243 1911 saeculi,
1274 1845 1385 1914 ipse
1407 1851 1547 1915 reget
1574 1860 1670 1899 nos
1697 1846 1752 1899 in
1778 1845 1989 1901 swcula.

1214 1974 1648 2030 cenulam-smmi.

705 2109 928 2182 Magnus
952 2108 1211 2166 Dominus
1239 2095 1294 2166 et
1320 2107 1600 2166 laudabilis
1628 2107 1805 2164 nimis.
1838 2107 1980 2163 Laus
2009 2106 2221 2162 Domini

633 2219 736 2277 pro
761 2203 1073 2259 diversitate
1104 2202 1368 2258 donorum
1409 2202 1527 2271 ejus
1555 2207 1611 2256 et
1647 2215 1871 2271 operum
1899 2208 1985 2255 est
2025 2200 2220 2269 praedi-

633 2296 827 2352 canda.
861 2295 1131 2351 Laudatur
1178 2294 1233 2349 in
1279 2294 1506 2360 sanctis,
1539 2287 1788 2347 laudatur
1815 2292 1869 2346 in
1917 2291 2074 2346 donis
2116 2291 2221 2345 cibi

633 2390 838 2446 carnali
865 2399 922 2445 et
947 2388 1224 2460 spiritalis,
1256 2387 1505 2443 laudatur
1530 2387 1584 2441 in
1611 2386 1816 2441 fabrica
1854 2385 2060 2451 mundi,
2084 2391 2138 2438 et
2165 2383 2220 2438 in

632 2481 877 2547 diversis,
909 2489 969 2536 ut
995 2480 1245 2546 diximus,
1278 2478 1650 2549 largitionibus
1693 2491 1807 2532 sua:
1835 2474 2220 2531 inaastimabilis

631 2571 867 2642 pietatis.
894 2571 955 2626 ln
983 2571 1089 2626 isto
1117 2578 1300 2624 autem
1326 2569 1536 2639 psalmo
1555 2609 1569 2634 ,
1601 2582 1708 2637 qua
1735 2567 1803 2622 de
1837 2581 1999 2622 causa
2037 2565 2219 2620 lauda-

631 2663 750 2717 tur?
778 2661 913 2728 Quia
942 2661 1202 2726 dilatavit,
1251 2660 1442 2730 inquit,
1491 2660 1906 2715 exsultationem
1956 2658 2218 2712 universa:

630 2767 786 2813 terra:
816 2773 846 2811 a
868 2763 1053 2811 monte
1080 2755 1232 2822 Sion,
1260 2771 1291 2810 a
1331 2756 1500 2811 latere
1527 2755 1808 2826 Aquilonis
1839 2773 1850 2808 :
1878 2755 1950 2809 ibi
1977 2762 2062 2810 est
2089 2754 2219 2809 civi—

629 2856 712 2904 tas
738 2848 917 2916 magni
945 2829 1107 2915 regis,
1139 2847 1329 2901 civitas
1357 2846 1654 2901 Bethleem.
1687 2846 1745 2900 ln
1789 2845 1948 2914 hujus
1986 2843 2217 2898 civitatis

628 2919 898 3007 gravibus.
929 2937 981 2992 id
1009 2946 1112 3003 est,
1143 2938 1195 2991 in
1221 2937 1304 2992 bis
1332 2937 1424 3006 qui
1453 2937 1600 2991 nulla
1628 2944 1754 2991 sunt
1781 2936 2000 2990 levitate
2028 2949 2218 3005 super-

628 3030 747 3097 llui,
780 3032 834 3085 in
881 3031 965 3084 his
1002 3031 1249 3098 cognitus
1289 3037 1372 3085 est
1400 3029 1680 3094 Dominus,
1722 3028 1937 3100 quando
1981 3029 2218 3099 suscepit

627 3137 765 3176 eam.
797 3119 970 3187 Quam
998 3122 1156 3176 eam?
1183 3120 1614 3176 Exsultationem
1645 3121 1858 3188 utique,
1889 3135 2050 3188 quam
2078 3119 2214 3174 dila-

627 3213 761 3267 tavit
789 3212 935 3266 omni
964 3219 1140 3266 terrae.
1172 3210 1231 3264 In
1260 3211 1512 3279 gravibus
1543 3224 1711 3278 usque
1743 3209 1904 3264 hodie
1929 3210 2212 3277 cognosci-

627 3311 715 3358 tur
741 3301 1019 3356 Dominus.
1053 3299 1204 3355 Sicut
1232 3300 1377 3355 enim
1405 3301 1450 3353 si
1481 3299 1664 3353 videas
1695 3299 1930 3367 aliquem
1958 3299 2132 3353 levem
2161 3306 2218 3353 et

626 3409 841 3459 vanum,
873 3392 947 3447 ibi
995 3392 1276 3460 cognoscis
1305 3390 1607 3456 diabolum;
1640 3390 1718 3445 sic
1745 3391 1789 3444 si
1818 3405 1980 3458 quem
2019 3389 2214 3445 videris

624 3483 886 3553 gravitate
912 3482 1280 3552 conspicuum,
1307 3481 1380 3536 ibi
1408 3475 1690 3550 cognoscis
1717 3478 2213 3562 DominumJesum

624 3573 914 3629 Christum.
964 3573 1116 3628 Sicut
1164 3581 1291 3628 tunc
1337 3572 1584 3641 cognitus
1624 3578 1707 3626 est
1753 3571 1807 3625 in
1853 3571 2122 3640 gravibus,
2158 3571 2211 3625 in

623 3663 801 3720 Mariae
831 3665 1166 3732 integritate,
1198 3670 1253 3718 et
1280 3664 1335 3718 in
1362 3661 1564 3733 Joseph
1592 3663 1860 3718 castitate.
1893 3661 2085 3717 Statim
2117 3678 2211 3718 au-

622 3765 730 3812 tem
759 3765 818 3811 ut
847 3755 902 3812 in
929 3756 1012 3811 his
1038 3756 1286 3824 cognitus
1324 3764 1427 3822 est,
1458 3769 1614 3826 reges
1652 3765 1809 3812 terrae
1838 3757 2036 3810 turbati
2062 3764 2204 3811 sunt.

623 3845 898 3903 Venerunt
923 3847 1068 3901 enim
1107 3846 1378 3916 principes
1425 3847 1768 3902 sacerdotum
1811 3855 1866 3902 et
1893 3847 2083 3902 scriba:
2111 3862 2210 3915 po-

621 3937 729 4009 puli
771 3937 840 3992 ad
887 3941 1088 4007 regem,
1133 3945 1188 3992 et
1234 3925 1303 3991 ad
1351 3937 1518 3992 stella:
1567 3937 1822 3992 indicium
1869 3938 2204 4005 interrogati,

620 4029 872 4084 dixerunt
900 4039 1083 4082 natum
1111 4026 1382 4082 Christum
1408 4029 1463 4080 in
1493 4027 1752 4081 Bethleem
1792 4026 1945 4082 Iuda:
1986 4044 2003 4081 :
2035 4027 2202 4092 Tunc,

619 4118 810 4187 inquit,
842 4135 935 4172 rex
964 4117 1194 4170 turbatus
1214 4125 1308 4180 est,
1333 4126 1382 4170 et
1404 4117 1570 4169 onmis
1609 4115 1976 4187 Hierosolyma
2005 4134 2120 4172 cum
2145 4136 2206 4173 eo

619 4208 833 4280 (Matth.
866 4209 946 4280 ιι).
973 4207 1148 4262 Etiam
1169 4209 1270 4278 ipsi
1299 4208 1544 4263 videntes
1571 4208 1784 4263 stellam
1812 4215 1940 4264 tunc
1955 4209 2205 4266 admirati

617 4310 762 4368 sunt,
793 4309 848 4356 et
875 4311 1078 4356 tremor
1118 4301 1474 4372 apprehendit
1501 4315 1624 4368 eos,
1657 4302 1729 4356 ita
1758 4298 1818 4357 ut
1845 4303 2105 4360 admoniti
2151 4304 2205 4361 in
2284 4333 2290 4338 -

617 4394 819 4451 somnis
847 4410 954 4450 non
985 4393 1219 4448 redirent
1246 4393 1313 4447 ad
1341 4391 1610 4448 Herodem
1631 4409 1833 4463 regem.
1863 4395 2005 4450 Misit
2025 4404 2204 4451 autem

616 4499 715 4540 rex
742 4493 797 4539 et
824 4485 1020 4540 occidit
1067 4500 1254 4539 omnes
1300 4483 1530 4540 infantes
1559 4494 1615 4540 et
1660 4486 1732 4540 ibi
1773 4496 1973 4544 matres
2018 4504 2205 4544 eorum

617 4575 873 4631 dolebant
917 4575 971 4629 in
1015 4590 1146 4630 nece
1193 4590 1410 4641 eorum,
1443 4576 1579 4630 sicut
1624 4578 1987 4646 parturientes
2012 4579 2204 4636 dolue-

615 4675 758 4724 rant.
789 4665 1056 4722 Dolebant
1081 4677 1262 4723 autem
1291 4668 1346 4722 in
1371 4669 1564 4739 spiritu
1591 4672 1916 4727 vehementi.
1944 4672 2202 4730 Contritze

615 4764 740 4812 sunt
790 4756 951 4812 etiam
985 4771 1147 4812 naves
1175 4755 1411 4812 Tharsis.
1446 4754 1837 4831 Etymologiam
1867 4760 1994 4819 fecit
2037 4779 2203 4821 naves

615 4845 838 4904 Tharsis
866 4842 1212 4916 neminando,
1243 4850 1390 4919 quod
1437 4858 1680 4922 tempore
1725 4869 1834 4923 quo
1871 4871 1981 4910 non
2007 4865 2091 4911 est
2118 4857 2201 4912 in-

613 4949 808 4997 ventus
832 4939 1109 5006 Dominus,
1143 4948 1199 4997 et
1226 4934 1456 4996 infantes
1477 4943 1641 4999 occisi
1665 4954 1820 5012 sunt,
1853 4949 2020 5003 etiam
2046 4949 2199 5004 navi-

612 5033 698 5102 gia
725 5033 876 5103 regio
915 5039 1040 5087 sunt
1073 5030 1229 5100 jussu
1254 5040 1480 5099 vexata,
1510 5033 1704 5103 quibus
1750 5036 1924 5105 magi,
1953 5037 2047 5105 qui
2090 5053 2200 5093 non

611 5123 886 5180 redierant
913 5121 982 5177 ad
1025 5135 1206 5191 regem
1250 5122 1542 5178 credebant
1587 5124 1772 5193 fugere
1799 5128 2058 5196 potuisse.
2090 5128 2200 5186 Nos

611 5221 793 5269 autem
837 5215 979 5269 sicut
1005 5213 1304 5269 audivimus
1343 5214 1412 5268 ab
1451 5215 1530 5268 eis
1575 5221 1760 5270 natum
1787 5215 2010 5284 Regem,
2040 5218 2115 5273 ita
2144 5227 2201 5274 et

611 5301 840 5357 vidimus
868 5303 922 5356 in
950 5303 1170 5358 civitate
1195 5302 1294 5359 Dei
1322 5305 1512 5368 nostri,
1544 5295 1705 5374 quam
1745 5304 1988 5362 fundavit
2014 5307 2201 5364 Domi-

613 5407 715 5446 nus
744 5392 795 5447 in
816 5401 1094 5450 aeternum.
1125 5394 1204 5450 lbi
1224 5397 1562 5466 suscipimus,
1588 5395 1750 5464 Deus,
1776 5399 2196 5457 misericordiam

611 5491 778 5547 tuam,
811 5484 864 5538 in
891 5485 1069 5543 medio
1114 5489 1300 5558 templi
1327 5489 1406 5544 tui
1452 5489 1747 5546 secundum
1784 5505 1982 5548 nomen
2021 5501 2193 5564 tuum,

611 5591 720 5645 quo
748 5574 995 5631 Salvator
1039 5578 1252 5644 diceris,
1285 5580 1360 5635 ita
1395 5589 1451 5635 et
1491 5581 1608 5637 laus
1638 5590 1729 5637 tua
1757 5583 1812 5638 in
1843 5583 1976 5642 lines
2008 5594 2195 5656 teme;

603 5666 811 5738 justitia
863 5660 1214 5741 enim'plena
1262 5678 1344 5726 est
1380 5671 1620 5738 dextera,
1664 5689 1771 5744 qua
1819 5693 1919 5732 nos
1960 5678 2196 5748 dignaris

609 5773 802 5816 eruere
847 5768 902 5816 et
944 5762 1222 5822 diabolum
1265 5762 1552 5834 aubjugare
1585 5784 1598 5822 :
1641 5781 1750 5835 quo
1798 5767 1943 5828 facta
1983 5771 2198 5830 laetatur

2337 581 2524 622 omnes
2565 568 2756 622 anima:
2797 583 2862 622 ex
2902 576 3055 623 utero
3099 567 3352 624 Ecclesia
3398 571 3591 626 iterata
3637 572 3922 630 nativitate

2321 659 2644 728 .progenitaz,
2677 669 2898 731 propter
2929 661 3129 730 judicia
3159 671 3270 730 tua,
3301 661 3547 731 Domine,
3579 666 3775 737 quibus
3814 669 3917 724 hoc

2328 747 2603 817 judicasti,
2635 761 2694 804 ut
2720 751 2994 808 diabolum
3031 753 3367 823 subjugares,
3398 763 3455 810 et
3497 758 3705 814 animas
3744 760 3918 816 homi-

2334 855 2460 894 num
2490 841 2765 897 liberares.
2793 842 2946 899 Nunc
2971 859 3087 911 vos,
3110 861 3144 900 ο
3165 847 3357 902 animae
3377 848 3614 904 liberatae
3642 859 3698 907 et
3723 853 3914 908 iterum

2333 932 2543 998 genitze,
2576 932 2900 989 circumdate
2919 943 3149 990 matrem
3174 944 3405 992 vestram
3433 938 3584 1007 Sion,
3605 951 3661 996 et
3686 942 3913 998 duorum

2333 1028 2779 1076 testamentorum
2807 1023 2964 1092 plena
3006 1025 3232 1081 lactibus
3261 1027 3425 1083 ubera
3465 1030 3665 1098 sugite,
3697 1043 3912 1089 narrate

2333 1111 2389 1165 in
2446 1112 2683 1168 turribus
2745 1113 2862 1183 ejus
2917 1117 3359 1184 misericordiam,
3412 1135 3574 1190 quam
3633 1125 3912 1180 consecuti

2331 1200 2479 1256 estis.
2528 1201 2586 1256 ln
2615 1203 2852 1260 turribus
2891 1205 2983 1269 qui
3011 1214 3155 1273 sunt,
3185 1209 3460 1264 civitatem
3505 1209 3825 1279 defendunt,
3857 1222 3914 1269 et

2331 1289 2574 1345 hostibus
2622 1292 2893 1366 resistunt.
2945 1293 3137 1350 Ponite
3182 1297 3343 1353 corda
3388 1306 3569 1354 vestra
3612 1300 3667 1356 in
3712 1303 3912 1359 virtute

2331 1381 2463 1451 ejus.
2497 1382 2849 1442 Considerate
2894 1402 2999 1456 qua
3028 1388 3226 1444 virtute
3266 1406 3365 1461 pro
3406 1393 3559 1448 vobis
3603 1405 3821 1464 pugnat,
3853 1405 3911 1453 et

2327 1472 2631 1554 distribuite
2671 1476 2868 1544 gradus
2893 1476 3039 1545 ejus,
3070 1495 3504 1551 unumquemque
3543 1500 3641 1554 pro
3668 1501 3767 1541 suo
3794 1503 3913 1542 me-

2327 1559 2432 1617 rito
2461 1551 2621 1619 tacite
2650 1565 2718 1620 ad
2741 1566 2964 1635 gradlun
2993 1570 3269 1637 accedere,
3314 1581 3372 1626 ut
3411 1573 3487 1628 illi
3513 1551 3658 1643 juste
3695 1577 3907 1647 episco-

2325 1662 2483 1724 patus
2530 1655 2734 1723 sedem,
2767 1659 2843 1712 illi
2877 1658 3023 1729 juste
3070 1663 3388 1735 presbyterii
3434 1667 3656 1734 gradum
3703 1669 3904 1725 tradas.

2325 1744 2415 1801 Sic
2442 1748 2744 1806 distribuite
2773 1752 2972 1822 gradus
2997 1754 3283 1824 ejus,'sine
3325 1759 3572 1827 pecunia,
3603 1761 3720 1816 sine
3749 1777 3908 1816 acce-

2250 1847 2298 1907 Β
2324 1842 2510 1912 ptione
2538 1859 2796 1914 personm,
2829 1856 2889 1901 ut
2909 1850 3172 1905 enarretis
3194 1851 3249 1905 in
3275 1853 3529 1921 progenie
3553 1853 3742 1908 altera.
3769 1854 3918 1922 Quia

2327 1934 2415 1990 hic
2443 1943 2523 1990 est
2552 1935 2808 1994 Dominus
2833 1937 2978 1996 Deus
3016 1949 3228 2008 noster,
3259 1942 3353 2012 qui
3381 1951 3572 2012 regnat
3597 1960 3717 2000 cum
3747 1942 3908 2001 Patre

2325 2035 2381 2082 et
2424 2026 2626 2098 Spiritu
2654 2039 2844 2086 sancto
2871 2030 3038 2088 Filius
3065 2031 3192 2099 Dei,
3224 2034 3342 2105 ipse
3387 2044 3540 2106 reget
3579 2052 3677 2092 nos
3723 2037 3776 2093 in
3805 2053 3909 2093 sa:—

2324 2118 2465 2172 cula.
2498 2119 2689 2175 Amen.

2818 2189 3134 2250 PSALMUS
3169 2194 3397 2254 XLVIII.
3469 2250 3472 2253 .

2490 2303 2546 2357 in
2578 2302 2737 2360 tinem
2765 2320 2864 2376 pro
2892 2305 3012 2363 ﬁliis
3039 2307 3250 2375 Chore,
3281 2311 3518 2381 psalmus
3541 2311 3727 2369 David.

2393 2417 2577 2471 Audite
2595 2419 2722 2486 hcce,
2757 2436 2930 2476 omnes
2958 2433 3162 2495 gentes,
3193 2427 3401 2481 auribus
3429 2429 3690 2499 percipite,
3725 2446 3905 2484 omnes

2321 2510 2407 2580 qui
2436 2510 2681 2566 habitatis
2709 2513 2900 2568 orbem.
2927 2512 3124 2589 Quique
3145 2519 3413 2589 terrigena:
3430 2530 3480 2574 et
3496 2521 3594 2590 filii
3615 2523 3904 2593 hominum,

2320 2602 2474 2655 simul
2491 2603 2543 2655 in
2574 2621 2730 2658 unum
2761 2605 2899 2660 dives
2919 2617 2968 2660 et
2995 2625 3208 2680 pauper.
3254 2608 3326 2664 0s
3355 2629 3520 2666 meum
3548 2615 3782 2686 loquetur
3811 2633 3906 2670 sa-

2319 2694 2598 2764 pientiam,
2639 2704 2687 2750 et
2715 2699 2980 2753 meditatio
3014 2701 3183 2778 cordis
3210 2705 3309 2756 mei
3342 2704 3687 2774 prudentiam.
3736 2705 3906 2762 Incli-

2319 2785 2454 2839 nabo
2474 2788 2528 2840 in
2567 2789 2869 2858 parabolam
2906 2808 3081 2846 aurem
3105 2811 3297 2861 meam,
3324 2797 3554 2865 aperiam
3580 2798 3635 2850 in
3658 2799 3905 2868 psalterio

2319 2880 2724 2948 prepositionem
2756 2897 2941 2934 meam.
2994 2881 3099 2936 Cur
3127 2883 3308 2940 timebo
3331 2887 3386 2939 in
3421 2887 3505 2940 die
3521 2889 3683 2953 mala,
3707 2889 3904 2959 iniqui-

2323 2977 2403 3020 tas
2444 2970 2674 3023 calcanei
2713 2972 2813 3024 mei
2852 2973 3187 3028 circumdabit
3225 2992 3322 3029 me.
3399 2974 3499 3040 Qui
3539 2979 3806 3049 conﬁdunt
3846 2980 3904 3033 in

2315 3060 2501 3113 virtute
2524 3059 2650 3126 sua,
2680 3071 2732 3114 et
2755 3063 2809 3115 in
2841 3065 3166 3118 multitudine
3212 3066 3504 3121 divitiarum
3542 3058 3750 3122 suarum
3786 3070 3905 3141 glo-

2317 3152 2541 3204 riantur.
2583 3151 2775 3207 Frater
2796 3170 2902 3208 non
2922 3155 3158 3220 redimit,
3190 3157 3404 3212 redimet
3429 3159 3599 3226 homo,
3631 3179 3735 3216 non
3761 3162 3905 3216 dabit

2240 3215 2285 3278 C
2321 3242 2429 3297 Deo
2456 3245 2799 3308 placationem
2827 3263 2995 3301 suam.
3037 3246 3109 3301 Et
3133 3251 3350 3319 pretium
3382 3251 3746 3324 redemptionis
3779 3258 3902 3309 ani-

2316 3351 2417 3389 mae
2435 3351 2541 3389 sua:
2561 3343 2608 3389 et
2624 3335 2876 3391 laborabit
2896 3341 2949 3390 in
2971 3348 3235 3406 ceternum,
3253 3349 3303 3394 et
3320 3342 3447 3396 vivet
3460 3340 3628 3397 adhuc
3645 3346 3699 3398 in
3719 3346 3901 3416 ﬁnem.

2317 3421 2440 3477 Non
2462 3422 2648 3478 videbit
2678 3426 2942 3480 interitum
2965 3443 3078 3481 cum
3105 3427 3286 3483 viderit
3313 3432 3572 3502 sapientes
3600 3436 3900 3503 morientes,

2313 3515 2470 3569 simul
2495 3516 2746 3587 insipiens
2775 3526 2824 3570 et
2853 3517 3040 3574 stultus
3064 3519 3317 3591 peribunt.
3362 3519 3431 3575 Et
3461 3522 3752 3597 relinquent
3771 3526 3905 3581 alie-

2313 3608 2396 3660 nis
2417 3606 2620 3661 divitias
2639 3623 2794 3674 suas;
2835 3618 2885 3663 et
2921 3609 3159 3682 sepulcra
3196 3628 3377 3666 eorum
3410 3614 3591 3672 domus
3611 3617 3816 3672 illorum
3838 3621 3897 3674 in

2315 3708 2580 3752 externum.
2625 3698 2982 3755 Tabernacula
3021 3719 3197 3758 eorum
3247 3707 3303 3759 in
3345 3709 3587 3778 progenie
3625 3719 3676 3763 et
3707 3692 3901 3783 proge-

2313 3791 2468 3857 niem,
2485 3801 2806 3846 vocaverunt
2834 3794 3046 3848 nomina
3072 3812 3167 3850 sua
3195 3797 3250 3851 in
3292 3800 3441 3853 terris
3483 3801 3606 3854 suis.
3647 3799 3720 3854 Et
3741 3801 3900 3859 homo

2313 3899 2428 3936 cum
2449 3885 2504 3937 in
2531 3884 2725 3938 honore
2755 3895 2889 3939 esset
2914 3903 3018 3941 non
3045 3888 3316 3956 intellexit,
3354 3899 3680 3963 comparatus
3700 3903 3779 3947 est
3800 3894 3898 3964 ju-

2312 3975 2496 4027 mentis
2541 3974 2932 4046 insipientibus,
2981 3987 3032 4032 et
3067 3979 3251 4034 similis
3281 3981 3448 4052 factus
3475 3991 3551 4036 est
3594 3982 3721 4038 illis.
3764 3983 3900 4040 Haec

2310 4064 2394 4117 via
2415 4063 2621 4118 illorum
2647 4067 2950 4122 scandalum
2979 4070 3138 4141 ipsis,
3167 4079 3216 4124 et
3247 4080 3424 4143 postea
3451 4074 3507 4127 in
3533 4090 3623 4128 ore
3641 4090 3735 4129 suo
3756 4090 3899 4129 com-

2311 4154 2603 4224 placebunt.
2653 4155 2802 4212 Sicut
2834 4177 2949 4215 oves
2979 4162 3034 4215 in
3055 4163 3260 4234 inferno
3280 4166 3434 4235 positi
3471 4174 3611 4230 sunt,
3640 4183 3780 4221 mors
3806 4167 3896 4222 de-

2311 4256 2485 4316 pascet
2504 4265 2608 4302 eos.
2680 4248 2750 4302 Et
2771 4251 3172 4308 dominabuntur
3197 4272 3370 4309 eorum
3387 4258 3518 4328 justi
3545 4259 3599 4312 in
3620 4259 3891 4326 matutino,

2310 4346 2361 4393 et
2380 4338 2630 4420 auxilium
2651 4357 2824 4397 eorum
2845 4353 3122 4400 veteraseet
3144 4347 3200 4415 in
3228 4347 3430 4419 inferno
3457 4364 3489 4402 a
3508 4349 3676 4421 gloria
3696 4368 3893 4406 eorum.

2321 4417 2685 4487 Verumtamen
2734 4434 2873 4489 Deus
2918 4438 3132 4492 redimet
3176 4441 3407 4494 animam
3443 4457 3610 4495 meam
3652 4442 3716 4496 de
3738 4458 3895 4496 manu

2310 4523 2488 4594 inferi,
2522 4542 2637 4579 cum
2679 4530 2936 4598 acceperit
2975 4546 3073 4584 me.
3117 4529 3203 4585 Ne
3235 4533 3464 4588 timueris
3492 4550 3607 4588 cum
3631 4535 3770 4588 dives
3808 4537 3894 4606 fa-

2230 4591 2284 4652 Ῑ)
2309 4591 2420 4670 ctus
2450 4618 2604 4688 fuerit
2632 4591 2814 4683 homo,
2844 4631 2893 4674 et
2913 4637 3026 4675 cum
3048 4623 3390 4695 multiplicata
3421 4626 3580 4697 fuerit
3597 4627 3766 4697 gloria
3795 4591 3893 4681 do-

2307 4724 2420 4762 mus
2443 4709 2574 4780 ejus.
2629 4708 2887 4773 Quoniam
2929 4729 3042 4767 cum
3084 4716 3340 4770 interierit
3364 4733 3467 4771 non
3506 4728 3674 4773 sumet
3693 4721 3889 4785 omnia,

2306 4815 2468 4870 neque
2494 4799 2763 4854 descendet
2789 4818 2903 4856 cum
2923 4819 2982 4858 eo
3001 4804 3169 4875 gloria
3195 4807 3374 4863 domus
3398 4809 3530 4880 ejus.
3561 4807 3699 4874 Quia
3719 4811 3896 4866 anima

2305 4891 2420 4961 ejus
2448 4892 2503 4944 in
2546 4892 2649 4944 vita
2689 4893 2850 4963 ipsius
2891 4893 3234 4964 benedicatur,
3280 4899 3603 4968 conﬁtebitur
3648 4897 3740 4953 tibi
3775 4916 3894 4955 cum

2288 4980 2619 5054 ’benefeceris
2665 4985 2730 5038 ei.
2790 4984 3034 5042 Introibit
3076 5006 3233 5061 usque
3286 4992 3343 5044 in
3380 4993 3648 5064 progenies
3685 5004 3894 5065 patrum

2308 5090 2536 5141 suorum,
2567 5087 2616 5130 et
2643 5092 2800 5148 usque
2818 5079 2873 5132 in
2899 5089 3144 5134 wternum
3164 5099 3265 5136 non
3297 5081 3480 5137 videbit
3497 5084 3689 5139 lumen.
3722 5085 3896 5141 Homo

2310 5181 2425 5220 cum
2455 5167 2510 5220 in
2531 5168 2723 5224 honore
2740 5179 2871 5223 esset
2898 5186 3000 5225 non
3037 5173 3321 5240 intellexit,
3353 5185 3683 5247 comparatus
3709 5185 3789 5232 est
3807 5178 3896 5248 ju-

2309 5259 2495 5313 mentis
2521 5260 2901 5331 insipientibus,
2924 5272 2975 5318 et
2999 5264 3183 5319 similis
3204 5266 3370 5336 factus
3391 5275 3469 5320 est
3494 5267 3595 5325 illi;

2883 5411 3297 5456 COIIENTABIUI

2384 5504 2510 5560 Sola
2539 5504 2740 5562 Christi
2767 5525 2872 5564 vox
2901 5525 3090 5566 omnes
3116 5520 3275 5569 vocat
3301 5514 3460 5570 simul
3487 5515 3545 5570 in
3573 5531 3760 5583 unum,
3792 5530 3894 5590 ex-

2310 5594 2459 5649 clusa
2487 5597 2632 5652 omni
2661 5601 2975 5670 acceptione
2993 5617 3234 5672 persona:
3253 5604 3470 5661 divitem
3500 5615 3556 5661 et
3575 5621 3893 5678 pauperem,

2311 5685 2546 5740 nobilem
2575 5696 2633 5742 et
2661 5688 2971 5757 ignobilem,
3004 5708 3104 5749 nec
3129 5710 3344 5750 omnem
3371 5697 3593 5753 omnino
3619 5707 3892 5755 terrenum

2311 5775 2522 5847 apicem
2547 5777 2821 5852 dignitatis
2841 5783 3168 5857 excludens;
3193 5801 3385 5846 omnes
3407 5787 3625 5859 invitat.
3649 5805 3720 5850 ex
3734 5802 3900 5861 aqua
