4246 6264
326 406 331 412 ~
368 364 499 428 395

1336 363 1806 422 COMMENTABII
1844 363 1911 419 IN
1951 363 2276 422 PSALMOS.
2321 365 2509 422 PSAL.
2554 366 2729 421 XLIX.

3578 378 3680 436 394

392 484 649 569 aperiens
677 482 731 538 in
759 481 1015 554 psalterio
1042 469 1467 551 pr0positioneni
1486 495 1657 544 suam,
1691 476 1981 534 ostendens
2007 480 2054 538 Α
2085 479 2139 532 in
2186 487 2446 535 aeternum
2497 498 2602 536 non
2647 482 2849 537 videbit
2896 484 3093 540 lumen.
3161 488 3448 548 Servantes
3495 504 3674 553 autem

368 577 525 649 quid
568 576 867 660 timendum
892 574 963 629 sit
1010 572 1166 628 nobis
1206 572 1262 627 in
1284 572 1372 627 die
1400 571 1559 626 mala.
1603 570 1681 627 Ne
1708 570 1982 640 iniquitas,

392 668 602 739 inquit,
631 665 869 723 calcanei
906 663 1204 721 circumdet
1230 678 1338 719 me.
1378 663 1437 717 In
1466 678 1526 718 se
1552 662 1712 727 dicit,
1756 660 1902 730 quod
1932 659 1984 713 in

394 768 451 816 te
481 759 694 815 timeas.
734 755 1029 811 Calcaneus
1056 753 1219 810 ﬁnem
1247 754 1492 825 corporis
1515 761 1686 817 notat,
1719 752 1788 806 ad
1807 752 1983 822 ipsum

390 869 619 926 serpens
663 850 926 917 attendit,
958 848 1032 905 ibi
1072 848 1374 905 insidiatur.
1427 847 1543 903 Hoc
1582 846 1757 902 solum
1786 845 2001 933 timene

388 947 518 1002 dum
549 953 633 1001 est
660 943 908 1000 omnibus
929 984 945 1009 ,
996 957 1065 998 ne
1106 941 1160 996 in
1190 934 1424 996 ﬁne'suo
1446 938 1738 1009 iniquitate
1766 951 1862 992 sua
1892 952 1984 991 ca-

387 1038 629 1110 piantur.
668 1035 728 1091 In
775 1050 885 1105 quo
931 1033 1078 1089 enim
1119 1047 1287 1103 opere
1313 1033 1435 1101 quis
1464 1030 1712 1086 inventus
1738 1027 1900 1083 fuerit
1926 1028 1982 1081 in
2068 1048 2077 1054 ο

386 1128 515 1194 line,
547 1129 603 1182 in
644 1141 711 1181 eo
748 1126 853 1181 erit
880 1139 1053 1194 usque
1099 1124 1154 1178 in
1182 1123 1590 1193 sempiternum.
1654 1119 1765 1175 Vos
1803 1125 1985 1173 autem
2072 1146 2077 1149 -

385 1220 478 1289 qui
506 1216 781 1274 conﬁditis
807 1216 862 1271 in
891 1215 1092 1270 virtute
1118 1224 1299 1269 vestra
1317 1252 1332 1277 ,
1372 1219 1426 1266 ct
1467 1212 1522 1266 in
1551 1208 1877 1265 abundantia
1903 1208 1985 1264 di-

387 1311 641 1365 vitiatum
671 1306 1011 1378 gloriamini,
1042 1306 1148 1361 hoc
1173 1304 1386 1369 sciatis,
1417 1300 1563 1372 quod
1591 1301 1893 1355 nullus'vos
1917 1299 1984 1355 ab

376 1402 609 1458 interitu
634 1399 901 1466 redimat,
952 1412 1060 1454 non
1099 1404 1274 1467 pater,
1304 1410 1414 1450 non
1441 1400 1633 1457 mater,
1684 1392 1785 1447 nisi
1833 1393 1983 1448 homo

387 1492 629 1548 Christus
656 1491 845 1553 Jesus,
877 1491 965 1561 qui
1004 1487 1146 1542 dedit
1183 1488 1406 1557 seipsum
1456 1484 1854 1555 redemptionem
1889 1501 1983 1555 pro

388 1583 630 1638 omnibus
663 1580 706 1652 (I
737 1580 874 1635 Tim.
906 1580 987 1651 η).
1031 1578 1217 1633 Nullus
1259 1585 1497 1632 vestrum
1537 1575 1687 1631 dabit
1713 1575 1825 1630 Deo
1853 1591 1983 1645 por-

388 1675 590 1730 tionem
619 1687 771 1728 suam
793 1712 809 1737 ,
842 1669 1073 1742 pretium
1098 1667 1489 1738 redemptionis
1529 1666 1720 1720 anima:
1746 1682 1856 1721 sua:
1877 1706 1892 1732 ,
1924 1674 1985 1721 ut

387 1764 600 1821 laboret
629 1765 681 1820 in
708 1762 1001 1826 aeternum,
1025 1768 1080 1816 et
1108 1759 1254 1814 vivat
1280 1759 1337 1813 in
1359 1757 1521 1813 linem
1537 1800 1551 1824 ,
1584 1764 1641 1811 et
1668 1771 1775 1812 non
1801 1756 1984 1812 videat

2092 571 2494 629 similitudinem
2525 574 2743 643 Dei,,ct
2773 592 2878 629 non
2909 592 2972 631 ca
3002 578 3244 648 abiecta,
3276 584 3676 646 similitudinem

2093 658 2144 713 in
2176 676 2236 716 se
2272 672 2621 731 peccatorum
2652 674 2926 721 sumentes
2948 709 2963 734 ,
3016 672 3220 724 uenient
3261 672 3326 726 ab
3370 672 3600 744 Oriente,
3631 694 3679 736 et

2067 749 2389 816 .Occidente,
2430 762 2481 807 et
2527 755 2820 810 recumbent
2858 774 2973 811 cttm
3011 759 3306 829 Abraham,
3338 776 3388 819 et
3416 767 3601 836 Isaac,
3632 787 3677 827 et

2087 841 2251 898 Iacob
2285 846 2341 899 in
2366 863 2523 917 regno
2554 846 2765 920 (Matth.
2800 850 2911 918 vni)
2944 851 3137 920 Patris,
3167 863 3221 911 et
3246 857 3394 924 Filii,
3427 869 3481 914 et
3510 861 3652 932 Spiri

2090 943 2177 992 tus
2204 939 2395 1004 sancti,
2424 940 2514 1009 qui
2541 948 2731 1009 regnat
2759 942 2811 995 in
2840 944 3035 999 saecula
3078 948 3414 1004 saeculorum.
3449 950 3637 1008 Amen.

2582 1147 2586 1151 ι
2617 1074 2935 1131 PSALMUS
2963 1077 3146 1133 xux.

2650 1187 2891 1244 Psalmus
2916 1190 3115 1262 Asaph.

2170 1300 2311 1354 Deus
2359 1300 2581 1354 Deorum
2620 1300 2872 1356 Dominus
2901 1304 3101 1358 locutus
3123 1310 3225 1370 es’t,
3271 1316 3321 1361 et
3348 1312 3541 1364 vocarit
3571 1322 3663 1366 ter-

2088 1408 2219 1445 ram.
2262 1390 2304 1443 Α
2335 1392 2461 1445 solis
2493 1401 2609 1445 ortu
2645 1408 2805 1462 usque
2832 1394 2904 1446 ad
2931 1411 3195 1462 occasum,
3230 1414 3295 1451 ea:
3323 1398 3453 1454 Sion
3482 1404 3674 1471 species
3752 1384 3760 1390 ’
3814 1400 3822 1408 ’

2088 1483 2287 1536 decoris
2324 1483 2455 1552 ejus.
2516 1482 2650 1536 Deus
2694 1492 2869 1538 noster
2896 1488 3169 1555 manifeste
3195 1491 3387 1549 ueniet,
3422 1490 3555 1545 Deus
3585 1509 3650 1546 no

2087 1585 2192 1628 ster
2214 1583 2263 1627 et
2302 1591 2404 1628 non
2435 1574 2621 1628 silebit.
2685 1574 2834 1646 Ignis
2859 1586 2982 1631 ante
3011 1579 3179 1647 ipsum
3199 1580 3491 1650 pra’cedet,
3513 1594 3562 1636 et
3590 1585 3677 1637 in-v
3724 1592 3725 1595 ‘

2088 1668 2374 1737 ﬂammabit
2395 1669 2450 1721 in
2479 1669 2693 1721 circuitu
2723 1670 3134 1741 ejus'tempestas
3167 1673 3358 1726 valida.
3403 1652 3673 1731 Advocavit

2087 1759 2266 1812 caelum
2295 1758 2562 1813 desursum
2579 1800 2594 1823 ,
2621 1768 2669 1812 et
2699 1767 2887 1813 terram
2917 1760 3202 1816 discernere
3236 1765 3477 1834 populum
3503 1783 3671 1820 suum.

394 1858 694 1923 Interitum,
723 1871 843 1911 cum
861 1854 1076 1919 viderit,
1106 1852 1381 1923 sapientes
1406 1850 1719 1905 morientes.
1761 1847 1817 1903 Si
1838 1849 1984 1904 enim
2010 1856 2064 1919 Β
2087 1850 2408 1923 Congregate
2444 1851 2547 1905 illis
2587 1861 2795 1905 sanctos
2833 1868 2972 1918 suos,
3009 1856 3095 1924 qui
3135 1856 3372 1910 ordinent
3401 1867 3663 1912 testamen-

389 1965 582 2005 omnes
610 1949 686 2004 illi
714 1947 920 2017 magni,
944 1957 999 2002 et
1026 1945 1271 2016 opimati,
1293 1952 1353 2000 et
1376 1941 1759 2015 sapientissimi
1786 1943 1985 1997 mortui

396 2049 546 2105 sunt,
572 2038 846 2108 quomodo
876 2053 981 2093 non
1006 2036 1318 2107 insipientes
1343 2035 1614 2106 peribunt,
1636 2033 1728 2103 qui
1757 2049 1985 2104 congre-

396 2140 529 2202 gant
554 2130 786 2195 divitias,
819 2137 875 2184 et
892 2128 1095 2188 miseri
1123 2128 1249 2183 dum
1273 2134 1497 2199 possunt
1524 2128 1807 2196 egentibus
1833 2126 1982 2191 dare,

396 2227 605 2281 nolunt.
647 2224 714 2279 Hi
743 2224 1055 2293 relinquent
1094 2223 1283 2277 alienis
1326 2222 1533 2277 divitias
1577 2237 1720 2276 suas.
1768 2220 1903 2275 Nam
1930 2228 1986 2275 et

391 2334 518 2373 cum
548 2317 729 2389 plures
765 2316 957 2372 domos
1001 2316 1270 2379 habeant,
1314 2315 1557 2385 sepulcra
1585 2322 1796 2369 tantum
1825 2320 1984 2368 erunt

389 2408 582 2465 domus
608 2424 795 2464 eorum
823 2408 877 2462 in
905 2415 1185 2462 mternum.
1215 2406 1378 2461 Miser
1404 2407 1567 2462 homo
1591 2408 1603 2459 !
1638 2406 1744 2461 hoc
1769 2405 1898 2459 dum
1925 2404 1981 2459 in

386 2516 621 2571 corpore
647 2509 732 2556 est
768 2516 875 2556 non
906 2499 1184 2568 intelligit,
1215 2499 1342 2553 dum
1381 2499 1533 2568 quasi
1561 2514 1728 2569 pecus
1756 2498 1984 2568 eteperit

386 2594 544 2657 mori,
576 2592 767 2647 similis
794 2593 897 2647 erit
922 2592 1048 2647 illis.
1088 2591 1310 2646 Interim
1353 2591 1408 2644 in
1437 2590 1538 2645 hac
1564 2590 1652 2644 via
1682 2590 1735 2643 in
1762 2604 1869 2658 qua
1896 2590 1983 2643 vi-

384 2691 544 2750 vunt,
576 2685 779 2739 monita
807 2692 995 2739 sancta
1032 2683 1348 2739 scandalum
1388 2690 1514 2736 sunt
1542 2683 1645 2736 illis
1664 2723 1680 2747 ,
1708 2689 1898 2751 postea
1926 2682 1982 2736 in

386 2792 481 2833 ore
508 2792 609 2833 suo
634 2776 976 2832 benedicent.
1017 2773 1157 2829 Cum
1183 2776 1324 2830 sicut
1366 2789 1497 2830 oves
1544 2774 1601 2828 in
1632 2772 1844 2828 inferno
1878 2771 1980 2844 po-

381 2868 518 2924 sitos
545 2909 561 2934 ,
613 2883 761 2923 mors
807 2882 902 2921 eos
929 2860 1268 2935 depasce'tur,
1298 2872 1431 2918 tunc
1454 2863 1875 2918 dominabuntur
1902 2863 1981 2919 eis

385 2961 515 3031 justi
537 2961 589 3014 in
618 2958 886 3013 matutino
914 2967 1181 3027 tempore,
1212 2956 1428 3026 quando
1456 2957 1548 3010 lux
1574 2956 1980 3011 resurrectionis

388 3050 749 3114 inchoaverit,
777 3048 993 3118 quando
1020 3048 1241 3117 gloriosi
1269 3062 1299 3101 a
1328 3048 1497 3117 gloria
1526 3063 1623 3103 sua
1648 3049 1854 3119 expulsi
1881 3065 1978 3120 pa-

391 3143 607 3207 rebunt,
641 3148 767 3195 tunc
793 3140 935 3195 Deus
972 3138 1220 3194 liberabit
1247 3138 1478 3192 animam
1514 3153 1692 3194 meam
1718 3139 1786 3194 de
1810 3155 1972 3194 manu

2091 1953 2197 1996 tum
2217 1944 2327 2013 ejus
2372 1959 2526 2013 super
2545 1944 2824 2012 sacriﬁcia.
2874 1943 2946 1997 Et
2978 1946 3361 2001 annuntiabunt
3387 1949 3497 2003 caeli
3519 1951 3671 2019 justi-

2089 2036 2214 2088 tiam
2252 2035 2364 2104 ejus
2388 2075 2403 2098 ,
2441 2037 2684 2105 quoniam
2723 2034 2862 2091 Deus
2904 2037 3067 2107 judea:
3107 2047 3200 2092 est.
3259 2040 3414 2106 Audi,
3456 2043 3672 2112 populus

2087 2142 2249 2188 meus,
2272 2135 2320 2179 et
2340 2126 2555 2196 loquar;
2588 2124 2775 2191 Israel,
2799 2138 2849 2181 et
2872 2128 3184 2198 testiﬁcabor
3205 2131 3327 2195 tibi;
3351 2130 3510 2195 Deus,
3535 2132 3673 2189 Deus

2088 2227 2204 2270 tuus
2223 2233 2317 2288 ego
2336 2233 2466 2271 sum.
2511 2215 2636 2271 Non
2676 2220 2731 2271 in
2760 2221 3035 2289 sacrificiis
3057 2223 3156 2275 tuis
3186 2238 3400 2292 arguam
3431 2231 3494 2285 te,
3524 2222 3675 2277 Italo-

2084 2317 2267 2362 causta
2292 2319 2461 2363 autem
2484 2318 2571 2363 tua
2600 2311 2654 2363 in
2695 2321 2966 2379 conspectu
3003 2330 3115 2367 meo
3156 2322 3276 2367 sunt
3302 2294 3514 2384 semper.
3550 2313 3671 2368 Non

2086 2401 2340 2471 accipiam
2367 2400 2429 2454 de
2453 2400 2604 2454 domo
2627 2410 2713 2454 tua
2751 2402 2954 2467 vitulos,
2987 2419 3147 2474 neque
3187 2404 3250 2458 de
3296 2406 3531 2475 gregibus
3573 2408 3673 2460 tuis

2087 2491 2279 2545 hircos.
2323 2488 2581 2554 Quoniam
2623 2508 2750 2546 mea:
2787 2502 2906 2547 sunt
2932 2497 3262 2565 omnesfera:
3288 2495 3554 2561 siluarum,
3581 2498 3677 2566 jus.

2082 2589 2257 2635 menta
2300 2582 2357 2633 in
2386 2579 2646 2642 montibus~
2671 2590 2722 2634 et
2749 2582 2917 2635 boves.
2961 2581 3184 2653 Cognoui
3231 2584 3405 2637 omnia
3443 2586 3673 2639 ralatilia

2084 2677 2214 2742 cteli,
2247 2684 2297 2730 et
2333 2676 2662 2747 pulchritudo
2689 2678 2804 2747 agri
2831 2694 3028 2732 mecum
3067 2687 3161 2732 est.
3211 2677 3273 2732 Si
3290 2678 3538 2743 esuriero,
3571 2696 3673 2733 non

2084 2766 2256 2821 dicam
2301 2764 2434 2833 tibi,
2484 2783 2627 2822 meus
2658 2776 2734 2821 est
2777 2767 2915 2821 enim
2953 2767 3091 2821 orbis
3121 2776 3301 2831 terrm,
3334 2777 3384 2822 et
3408 2768 3671 2837 plenitudo

2081 2858 2215 2929 ejus.
2266 2857 2520 2931 Nunquid
2541 2857 2868 2913 manducabo
2896 2876 3078 2914 carnes
3108 2870 3391 2926 taurorum,
3428 2870 3517 2914 aut
3545 2878 3669 2915 san-

2081 2950 2286 3021 guinem
2332 2950 2594 3005 hircorum
2638 2948 2842 3021 putabo.
2922 2949 3147 3005 Immola
3204 2950 3314 3006 Deo
3353 2954 3670 3023 sacriﬁcium

2078 3041 2271 3108 laudis,
2299 3051 2349 3096 et
2362 3042 2519 3096 redde
2531 3041 2798 3096 Altissimo
2819 3052 2935 3097 rota
2964 3052 3070 3097 tua.
3103 3042 3177 3097 Et
3203 3045 3383 3105 invoca,
3410 3062 3491 3098 me
3514 3046 3569 3099 in
3592 3047 3674 3101 die

2080 3132 2457 3203 tribulationis,
2488 3150 2664 3188 eruam
2688 3143 2734 3188 te
2772 3142 2824 3187 et
2848 3133 3215 3204 honoriﬁcabis
3245 3154 3343 3191 me.
3404 3136 3672 3194 Peccatori

389 3232 604 3297 inferni,
632 3232 903 3301 accipiens
927 3246 1033 3286 me.
1067 3231 1184 3287 Non
1225 3245 1355 3301 ergo
1385 3232 1577 3297 timeas
1602 3239 1977 3302 paupertatem
1997 3205 2063 3286 lC‘
2082 3231 2255 3277 autem
2283 3224 2417 3278 dixit
2442 3222 2603 3289 Deus,
2643 3222 2817 3288 Quare
2845 3234 2897 3279 ιιι
2927 3242 3143 3280 enarrat
3164 3228 3398 3298 iustitiae
3433 3247 3591 3295 meas,
3620 3240 3673 3286 et

386 3333 554 3389 tuam,
584 3337 707 3377 cum
734 3322 952 3377 divitias
988 3321 1223 3392 attendis
1262 3322 1495 3388 alienas,
1545 3338 1682 3392 quas
1708 3323 1848 3378 bene
1877 3339 1976 3380 no-

387 3416 453 3470 sti
480 3415 568 3470 hic
608 3429 638 3468 a
678 3414 942 3469 moriente
962 3414 1426 3485 derelinquendas.
1452 3414 1568 3470 Non
1589 3415 1732 3469 enim
1759 3415 1977 3484 quando

388 3507 632 3570 moritur,
664 3521 850 3562 secum
870 3506 1029 3562 'tollit
1056 3505 1256 3572 omnia,
1299 3521 1476 3574 neque
1501 3505 1659 3560 simul
1698 3505 1979 3561 descendit

371 3615 506 3660 cum
552 3614 620 3654 co
666 3599 838 3667 gloria
882 3598 1074 3653 domus
1102 3598 1237 3667 ejus.
1290 3595 1482 3650 Anima
1504 3596 1736 3665 denique
1763 3596 1882 3666 ejus
1906 3596 1975 3651 ab

389 3690 752 3747 adulatoribus
792 3690 849 3744 in
894 3690 1003 3744 vita
1053 3690 1219 3760 ipsius
1262 3688 1629 3744 benedicetur.
1688 3687 1817 3743 Post
1860 3688 1975 3745 haec

390 3785 733 3842 conﬁtebitur
778 3784 892 3840 Deo
926 3784 1154 3850 invitus,
1185 3782 1330 3852 quod
1376 3782 1494 3851 ejus
1538 3781 1779 3837 bonitate
1806 3781 1974 3836 multa

389 3877 653 3943 habuerit,
682 3877 850 3931 multa
879 3875 1140 3947 potuerit,
1182 3856 1453 3944 paenitens
1475 3874 1619 3944 quod
1642 3889 1764 3929 cum
1788 3882 1977 3945 posset

391 3967 581 4037 inopes
603 3966 820 4035 iuvare,
866 3965 1117 4021 noluerit.
1152 3962 1217 4016 Et
1245 3963 1370 4032 quia
1409 3978 1528 4019 sera
1560 3963 1831 4020 confessio
1857 3963 1971 4018 fru-

387 4068 540 4116 ctmn
568 4058 903 4127 indulgentiae
926 4073 1036 4113 non
1063 4056 1238 4126 capit,
1279 4064 1523 4126 tempore
1549 4071 1659 4125 quo
1687 4057 1974 4126 progenies

387 4150 687 4220 ingreditur
712 4156 917 4219 patrum
946 4163 1164 4203 suorum
1183 4188 1197 4213 ,
1224 4147 1335 4217 jam
1364 4147 1551 4216 utique
1575 4146 1823 4217 deposito
1844 4163 1970 4203 cor-

382 4239 536 4314 pore,
568 4254 737 4308 usque
766 4240 819 4294 in
844 4246 1106 4295 aeternum
1146 4254 1254 4294 non
1284 4238 1484 4294 videbit
1520 4238 1721 4293 lumen.
1755 4238 1972 4305 Quare?

379 4331 515 4399 Quia
544 4345 666 4386 cum
696 4338 840 4385 esset
867 4330 919 4384 in
947 4343 1197 4399 corpore,
1229 4328 1330 4383 ista
1361 4344 1468 4382 non
1490 4328 1775 4395 intellexit,
1807 4330 1971 4386 m‘odo

377 4430 727 4495 comparatus
748 4421 1008 4492 jumentis
1034 4420 1410 4491 insipientibus
1428 4461 1443 4487 ,
1476 4419 1665 4474 similis
1693 4419 1866 4476 factus
1887 4430 1970 4477 est

379 4516 505 4571 illis.
546 4513 606 4569 In
634 4529 741 4583 quo
772 4522 949 4568 tamen
989 4514 1198 4568 honore
1224 4511 1412 4577 fuerit,
1461 4511 1507 4565 si
1537 4509 1676 4565 forte
1706 4512 1955 4582 requiris,

2083 3316 2305 3370 assumis
2347 3324 2705 3371 testamentum
2742 3333 2910 3372 meum
2956 3334 3048 3390 per
3094 3335 3150 3373 os
3196 3329 3337 3374 tuum
3353 3322 3378 3373 ξ)
3437 3321 3512 3374 Tu
3558 3338 3671 3377 vere

2081 3405 2239 3460 odisti
2265 3404 2615 3478 disciplinam,
2658 3415 2708 3461 et
2728 3409 2995 3480 projecisti
3021 3427 3283 3466 sermones
3311 3429 3451 3466 meos
3481 3422 3671 3467 retror-

2028 3526 2035 3533 ν
2081 3514 2213 3551 sum.
2246 3496 2309 3553 Si
2329 3497 2535 3553 videbas
2567 3501 2751 3570 furem,
2777 3500 3018 3554 currebas
3051 3518 3166 3554 cum
3192 3518 3270 3565 eo,
3300 3513 3351 3555 et
3379 3520 3494 3557 cum
3520 3505 3670 3557 adul-

2081 3589 2202 3642 teris
2232 3590 2518 3659 portionem
2549 3597 2689 3642 tuam
2712 3590 2959 3658 ponebas.
2990 3590 3062 3643 0s
3084 3599 3227 3644 tuum
3250 3591 3529 3646 abundarit
3557 3611 3669 3647 ma-

2079 3678 2214 3742 litia,
2238 3686 2287 3731 et
2315 3678 2492 3748 lingua
2508 3687 2597 3729 tua
2623 3677 2967 3731 concinnabat
2994 3678 3159 3731 dolos.
3195 3677 3394 3732 Sedens
3423 3680 3666 3736 adversus

2079 3770 2296 3838 fratrem
2317 3777 2456 3820 tuum
2480 3767 2792 3838 loquebaris,
2812 3777 2862 3820 et
2889 3768 3132 3821 adversus
3161 3770 3327 3838 ﬁlium
3355 3773 3547 3826 matris
3566 3785 3667 3831 tua

2035 3892 2041 3900 -
2078 3856 2304 3929 ponebas
2346 3852 2684 3918 scandalum,
2736 3858 2845 3912 [nec
2873 3857 3041 3928 fecisti
3062 3869 3112 3911 et
3144 3860 3299 3912 tacui.
3333 3860 3665 3920 Existimasti

2077 3949 2250 4021 inique
2274 3948 2409 4021 quod
2426 3966 2515 4003 ero
2539 3948 2612 4002 tui
2634 3948 2841 4012 similis,
2874 3964 3090 4018 arguam
3122 3959 3168 4004 te
3187 3957 3237 4002 et
3265 3938 3493 4005 statuam
3531 3970 3658 4008 con-

2079 4051 2158 4096 tra
2174 4043 2360 4114 faciem
2383 4053 2541 4096 tuam.
2563 4040 2847 4114 Intelligite
2865 4042 2974 4096 [nec
2996 4042 3085 4113 qui
3107 4040 3662 4113 oblivisciminiDeum,

2075 4151 2141 4188 ne
2167 4135 2374 4206 quando
2401 4136 2601 4205 rapiat,
2625 4142 2674 4187 et
2712 4149 2815 4187 non
2854 4133 2923 4187 sit
2962 4134 3049 4204 qui
3094 4133 3298 4204 eripiat.
3330 4132 3662 4205 Sacriﬁcium

2076 4226 2245 4280 laudis
2290 4226 2656 4295 honorificabit
2678 4242 2778 4291 me,
2801 4235 2853 4280 et
2889 4226 3000 4279 illic
3039 4226 3136 4281 iter
3166 4243 3264 4298 quo
3292 4229 3559 4285 ostendam
3581 4232 3662 4285 illi

2076 4317 2304 4379 salutare
2327 4313 2444 4369 Dei.

2598 4414 2602 4420 '
2656 4400 3090 4441 COIIENTARIUM.

2143 4500 2286 4555 Deus
2312 4514 2422 4555 non
2452 4513 2653 4555 nomen
2682 4506 2768 4553 est
2788 4498 2906 4563 Dei,
2936 4499 3032 4554 sed
3069 4498 3322 4555 indicium
3358 4516 3468 4571 quo
3497 4519 3658 4576 supe.

375 4606 570 4663 similis
616 4604 728 4660 Deo
772 4604 903 4669 luit,
937 4612 993 4659 et
1038 4619 1181 4658 nunc
1219 4602 1409 4658 similis
1438 4609 1521 4656 est
1544 4600 1801 4669 iumentis
1828 4602 1988 4659 insi»

2068 4592 2181 4648 rius
2207 4589 2405 4660 aliquid
2430 4590 2653 4646 indicari
2675 4590 2913 4645 humana
2939 4590 3119 4659 lingua
3145 4607 3249 4648 non
3280 4595 3468 4664 possit.
3502 4598 3660 4664 Quod

371 4701 665 4774 pientibus.
698 4698 816 4755 Non
836 4699 991 4754 enim
1018 4697 1221 4752 habens
1253 4696 1308 4750 in
1335 4710 1394 4750 se
1421 4694 1823 4750 similitudinem
1845 4695 1961 4760 Dei,

372 4811 481 4851 non
512 4792 716 4850 videbit
742 4792 941 4856 lumen,
973 4788 1081 4845 sed
1098 4788 1294 4844 amissa
1324 4785 1668 4842 similitudine
1694 4785 1810 4850 Dei,
1836 4785 1961 4841 dum

371 4889 598 4959 cmperit
635 4885 791 4958 quasi
820 4899 985 4955 pecus
1018 4880 1194 4937 ventri
1223 4887 1279 4935 et
1316 4877 1519 4934 libidini
1558 4877 1835 4932 inservire.
1878 4875 1963 4931 Si-

371 4982 511 5036 milis
553 4979 843 5052 pecoribus
882 4975 992 5045 jam
1024 4973 1228 5038 factus,
1260 4973 1333 5026 ita
1361 4970 1478 5026 vilis
1506 4970 1609 5025 erit
1632 4970 1765 5034 Deo,
1798 4985 1959 5040 quam

370 5073 476 5128 vile
503 5080 589 5127 est
610 5085 800 5140 pecus.
842 5065 911 5121 Et
944 5066 1067 5122 ideo
1108 5064 1187 5120 sic
1213 5064 1376 5119 intrat
1401 5060 1684 5132 progenies
1712 5068 1952 5116 mortuo-

371 5180 487 5220 rum
516 5164 571 5219 in
594 5160 834 5233 peccatis
861 5158 974 5214 suis
994 5198 1010 5223 ,
1059 5171 1197 5226 quos
1223 5156 1310 5211 hic
1339 5155 1392 5209 in
1422 5155 1523 5209 ista
1558 5153 1667 5208 vita
1695 5153 1955 5216 imitatus,

367 5258 495 5328 quia
543 5256 615 5311 ibi
661 5261 788 5310 sunt
820 5260 1001 5322 patres
1046 5264 1266 5313 eorum,
1315 5263 1424 5303 non
1464 5262 1692 5318 quorum
1721 5252 1847 5300 sunt
1872 5260 1970 5313 se:

369 5349 517 5404 mine
540 5344 819 5418 propagati
840 5383 856 5408 ,
888 5342 982 5398 sed
1010 5355 1240 5411 quorum
1263 5346 1389 5395 sunt
1415 5352 1579 5409 opera
1608 5336 1818 5391 imitati.
1853 5334 1956 5389 De-

366 5441 531 5510 nique
569 5437 739 5493 Judtei
768 5450 912 5491 scum
960 5433 1054 5488 lilii
1096 5432 1322 5487 Abrahae
1343 5439 1551 5494 essent,
1582 5428 1710 5484 dicit
1738 5428 1817 5484 eis
1845 5427 1953 5483 Do-

364 5534 573 5588 minus:
609 5531 668 5586 Si
691 5529 789 5599 filii
810 5527 1034 5582 Abrahae
1048 5527 1250 5589 essetis,
1271 5541 1427 5594 opera
1442 5522 1664 5577 Abrahae
1694 5521 1947 5593 faceretis.

363 5625 498 5681 Vide
543 5632 599 5680 et
644 5620 773 5693 quid
823 5618 1019 5687 adjecit
1064 5638 1075 5671 :
1122 5617 1223 5672 Vos
1269 5634 1334 5672 ea:
1372 5624 1519 5687 patre
1559 5612 1763 5668 diabolo
1805 5614 1947 5675 estis,

359 5733 519 5787 opera
547 5714 684 5769 enim
715 5711 876 5783 patris
906 5711 1059 5765 patri
1089 5709 1238 5763 vultis
1268 5710 1438 5780 facere
1465 5704 1644 5777 (Joan.
1683 5704 1815 5774 vni).
1863 5702 1952 5758 Sic

360 5821 491 5868 ergo
519 5807 609 5862 hic
648 5805 816 5858 intrat
844 5801 893 5855 in
924 5800 1212 5872 {rogenies
1239 5807 1452 5870 patrum
1482 5812 1701 5854 suorum
1720 5836 1735 5861 ,
1778 5810 1947 5862 usque

647 5906 920 5981 Panos.
967 5902 1126 5963 LIII.

2070 4700 2268 4741 nomen
2307 4685 2630 4754 participare
2676 4684 2865 4739 volens
2907 4684 3203 4740 cultoribus
3248 4687 3377 4748 suis,
3429 4688 3534 4743 hoc
3561 4705 3657 4745 eos

2069 4778 2196 4834 fecit
2221 4777 2438 4832 nomine
2466 4776 2723 4841 vocitari,
2775 4782 2831 4829 ut
2860 4775 2976 4844 ipse
3007 4775 3222 4843 quidem
3251 4791 3373 4831 cum
3411 4779 3481 4832 sit
3512 4779 3655 4834 Deus

2068 4870 2330 4932 deorum,
2381 4868 2472 4937 qui
2520 4866 2807 4923 serviendo
2855 4866 2905 4921 ei
2953 4865 3058 4921 hoc
3095 4868 3389 4922 meruerint
3435 4871 3653 4923 nomine

2068 4958 2381 5030 nuncupari.
2463 4959 2688 5025 Quando
2744 4974 2873 5028 ergo
2921 4957 3133 5015 locutus
3175 4966 3257 5013 est
3305 4957 3500 5011 Pater?
3546 4958 3651 5013 Aut

2067 5052 2282 5122 quando
2329 5052 2545 5107 vocavit
2592 5053 2829 5107 terram?
2876 5051 3027 5107 Tunc
3065 5051 3181 5105 sine
3220 5047 3401 5112 dubio,
3433 5048 3649 5113 quando

2050 5144 2133 5200 ex
2162 5143 2291 5201 Sion
2321 5144 2529 5215 species
2554 5145 2766 5201 decoris
2804 5144 3070 5213 apparuit.
3121 5140 3241 5209 Ipse
3273 5146 3397 5193 tunc
3424 5139 3649 5194 manife-

2066 5247 2148 5293 ste
2176 5236 2356 5293 veniet
2387 5236 2630 5305 judicare
2676 5234 2928 5290 saeculum
2958 5247 3054 5301 per
3081 5232 3277 5298 ignem.
3322 5227 3463 5298 Ignis
3489 5230 3646 5287 deni-

2064 5347 2171 5403 que
2215 5331 2267 5385 in
2318 5338 2608 5401 conspectu
2654 5327 2772 5395 ejus
2817 5321 3050 5388 ardebit,
3102 5329 3156 5376 et
3202 5320 3345 5378 circa
3383 5339 3506 5380 eum
3545 5326 3649 5382 erit

2064 5432 2357 5496 tempestas
2384 5422 2577 5478 valida.
2621 5421 2769 5475 Tunc
2811 5414 3279 5484 congregabuntur
3331 5420 3561 5490 apostoli
3591 5429 3647 5475 et

2064 5526 2344 5587 martyres,
2369 5522 2424 5569 et
2445 5510 2747 5574 orthodoxi,
2774 5507 2973 5576 quique
2992 5506 3259 5575 doctores,
3282 5506 3375 5578 qui
3397 5510 3645 5565 ordinant

2063 5614 2435 5665 testamentum
2464 5602 2579 5670 ejus
2612 5613 2774 5669 super
2799 5598 3060 5654 sacriﬁcia
3079 5639 3094 5665 ,
3126 5598 3178 5653 in
3208 5600 3459 5669 praesenti
3488 5606 3643 5652 erunt

2059 5700 2388 5759 munitores,
2441 5693 2691 5747 doctores
2738 5690 2987 5759 apostoli.
3039 5690 3143 5761 Ipsi
3190 5699 3313 5744 sunt
3358 5688 3511 5751 cmli,
3546 5688 3639 5755 qui

2060 5796 2278 5845 narrant
2324 5785 2548 5852 gloriam
2592 5783 2706 5837 Dei.
2775 5783 2923 5839 Tunc
2957 5797 3100 5857 ergo
3147 5796 3266 5833 cum
3314 5778 3637 5847 Deusjudex

3266 5872 3356 5932 ³13
