4244 6258
601 370 708 427 595

1919 344 2193 402 ABNOBII
2230 344 2530 402 JUNIORIS

3774 345 3880 401 396

599 500 722 542 esse
749 478 1006 550 cmperit,
1046 466 1438 527 annuntiabunt
1465 462 1520 519 hi
1549 475 1740 518 omnes
1754 458 2019 550 justitiam
2049 457 2182 528 ejus,
2215 461 2265 520 Α
2294 461 2472 550 tritum
2489 471 2538 515 et
2561 460 2909 522 humiliatum,
2930 457 3088 525 Deus,
3109 473 3212 512 non
3235 457 3505 528 despicies.
3524 438 3753 548 Benigne
3770 464 3876 532 fac,

601 577 694 647 qui
740 549 1034 643 praedicant
1072 574 1216 616 nunc
1243 553 1675 613 misericordiam
1704 551 1841 647 ej_us.
1890 549 2188 647 Audiergo

602 639 723 732 hoc,
742 639 988 735 populus
1033 667 1216 718 meus,
1246 649 1452 706 audiet
1487 648 1696 717 loquar.
1739 643 1891 699 Tunc
1931 639 2191 735 testiﬁcor

603 771 656 816 te
684 733 774 813 me
797 759 1082 809 venturum
1111 759 1230 802 esse
1271 742 1342 797 ad
1365 738 1742 811 judieandum,
1774 735 1866 805 qui
1897 749 2040 790 nunc
2065 733 2189 788 veni

601 851 668 906 ad
695 842 1086 904 redimendum.
1128 835 1240 906 Ego
1267 834 1452 903 utique
1477 830 1624 886 Deus
1653 836 1796 895 tuus,
1828 842 1934 881 non
1958 825 2192 880 aestimes

600 942 727 1013 quia
755 939 811 994 in
830 931 1106 992 sacriﬁciis
1129 940 1353 997 arguam
1379 931 1466 990 te;
1488 921 1851 1013 obedientiam
1871 919 1994 1013 volo
2019 917 2190 986 magis
2248 910 2261 926 ⁸

600 1009 763 1103 quam
792 1023 1131 1085 sacrificium.
1165 1018 1438 1087 Praecepta
1466 1029 1588 1070 mea
1626 1009 1885 1068 custodiri
1912 1025 2075 1080 super
2102 1024 2190 1064 sa-

600 1101 800 1181 criﬁcia
847 1116 1031 1174 statui.
1073 1106 1190 1167 Non
1221 1109 1365 1164 enim
1403 1101 1740 1160 manducabo
1780 1117 1972 1158 carnes
1999 1109 2187 1156 tauro-

599 1231 739 1280 rum,
773 1217 865 1266 aut
890 1205 1204 1276 sanguinem
1231 1201 1504 1255 hircorum
1531 1196 1754 1267 putabo,
1786 1192 2046 1264 quidquid
2073 1207 2189 1246 am-

598 1308 750 1364 bulat
774 1311 830 1359 et
855 1301 1023 1362 volat,
1067 1309 1245 1351 meum
1278 1299 1378 1347 est.
1435 1288 1573 1356 Quid
1597 1287 1729 1343 mihi
1756 1302 1936 1342 meum
1962 1300 2064 1357 pro
2096 1294 2187 1340 tuo

598 1394 881 1469 porriges?
911 1389 1025 1445 Hoc
1053 1395 1200 1442 tuum
1229 1389 1338 1447 est,
1381 1381 1426 1436 si
1467 1394 1604 1450 puro
1645 1377 1808 1434 corde
1841 1376 1974 1431 mihi
2000 1375 2188 1469 laudes

599 1468 840 1544 eflundas
858 1524 874 1549 ,
905 1490 960 1539 et
984 1479 1177 1537 reddas
1204 1475 1335 1532 mihi
1362 1481 1579 1536 votum,
1609 1470 1755 1540 quod
1783 1470 1836 1523 in
1863 1468 2188 1538 baptismate

599 1582 806 1655 positus
850 1573 1150 1636 devovisti,
1220 1583 1328 1638 quo
1373 1575 1438 1620 te'
1494 1563 1925 1655 renuntiaturum
1971 1559 2186 1615 diabolo

599 1654 974 1742 spopondisti,
1019 1670 1076 1718 et
1121 1675 1242 1715 mea
1277 1654 1573 1728 promisisti
1615 1659 1958 1708 servaturum
1986 1658 2041 1704 te
2067 1661 2186 1704 esse

599 1763 870 1819 mandata.
911 1758 1026 1814 Hoc
1052 1755 1180 1810 dum
1208 1752 1398 1807 feceris
1421 1789 1437 1815 ,
1467 1749 1658 1803 invoca
1692 1762 1780 1802 me
1817 1745 1873 1800 in
1899 1745 1986 1801 die
2015 1744 2183 1801 tribu-

2291 549 2515 606 Domine
2535 593 2549 618 ,
2601 551 2654 606 in
2685 551 2819 606 bona
2848 551 3104 605 voluntate
3136 560 3224 616 tua
3264 550 3428 615 Sion,
3471 560 3528 604 ut
3560 545 3882 622 aediﬁcentur

2290 645 2425 698 muri
2449 645 2758 700 Jerusalem.
2805 644 2946 700 Tanc
2974 643 3266 715 acceptabis
3298 644 3618 714 sacri/icium
3637 648 3878 718 justitiw,

2290 734 2601 792 oblationem
2625 747 2675 791 et
2703 737 3032 801 holocausta,
3069 745 3190 789 tunc
3223 735 3491 806 imponent
3525 754 3678 809 super
3715 740 3880 795 altare

2292 836 2432 882 tuam
2459 830 2662 885 vitulos.

2863 915 3299 956 COIIBNTARIUI.

2361 1010 2587 1077 Quando
2613 1013 2763 1068 venit
2789 1011 2998 1067 Nathan
3041 1013 3307 1083 propheta
3352 1013 3421 1068 ad
3467 1029 3649 1084 regem
3688 1015 3876 1082 David,

2290 1117 2397 1158 non
2427 1103 2700 1158 inchoavit
2725 1113 3008 1174 peccatum
3037 1119 3284 1174 arguere,
3312 1105 3408 1162 sed
3433 1107 3600 1177 empit
3620 1107 3878 1176 judicium

2289 1191 2561 1263 ﬂagitare,
2604 1194 2788 1250 dicens
2818 1214 2829 1247 :
2864 1195 3054 1252 Audivi
3084 1205 3137 1252 te
3164 1197 3451 1252 habente
3480 1209 3671 1268 greges
3697 1199 3879 1254 ovium

2288 1291 2344 1338 et
2369 1293 2611 1339 armenta
2640 1285 2825 1352 multa,
2857 1285 3121 1341 sublatam
3152 1301 3309 1341 unam
3339 1288 3604 1343 oviculam
3631 1290 3874 1359 pauperi,

2287 1376 2458 1446 ipsam
2485 1377 2660 1432 solam
2697 1378 2933 1434 habenti.
2986 1378 3218 1444 Questus
3238 1379 3404 1449 judici
3432 1380 3578 1448 regi,
3609 1380 3755 1436 dedit
3780 1397 3879 1436 rex

2287 1471 2609 1525 sententiam
2653 1469 2877 1540 dignum
2912 1487 3032 1527 esse
3077 1479 3254 1526 morte
3298 1487 3424 1527 eum
3464 1473 3555 1540 qui
3580 1472 3704 1526 fecit
3733 1474 3879 1529 hanc

2287 1575 2421 1616 rem.
2492 1560 2642 1617 Tunc
2683 1561 2931 1617 Nathan:
2995 1561 3071 1615 Tu
3120 1579 3193 1627 es,
3226 1562 3426 1633 inquit,
3457 1563 3532 1617 vir
3578 1564 3669 1632 qui
3701 1563 3879 1620 fecisti

2286 1653 2425 1708 hanc
2451 1668 2568 1709 rem
2594 1672 2608 1707 :
2645 1653 2829 1709 Uriam
2849 1654 3125 1710 Hei/mum
3146 1654 3401 1721 occidisti,
3431 1665 3478 1724 et
3511 1671 3724 1709 uxorem
3763 1657 3878 1727 ejus

2287 1749 2546 1820 accepisti.
2575 1747 2701 1802 Hac
2731 1747 2856 1801 dicit
2893 1747 3147 1802 Dominus
3173 1765 3190 1801 :
3222 1746 3348 1802 Non
3374 1747 3571 1802 recedet
3589 1749 3792 1821 gladius
3814 1749 3877 1803 de

599 1857 816 1914 lationis
835 1896 848 1921 ,
877 1860 1120 1923 tempore
1156 1863 1264 1918 quo
1291 1846 1359 1901 de
1387 1846 1496 1900 isto
1519 1856 1750 1912 corpore
1778 1840 1963 1896 exies:
1997 1847 2054 1895 et
2079 1839 2186 1894 eri-
2215 1844 2264 1906 Β
2290 1841 2442 1895 domo
2469 1845 2558 1894 tua
2579 1841 2634 1894 in
2661 1848 2930 1894 (sternam.
2963 1840 3172 1895 Invenit
3197 1855 3349 1894 reum
3372 1841 3667 1906 sententia,
3700 1851 3755 1896 ct
3780 1858 3879 1898 rex

599 1951 744 2022 piam
774 1955 826 2003 te
867 1945 936 2001 de
962 1939 1566 2000 manibus-dieinnnum,
1612 1941 1668 1988 ct
1704 1930 2071 2002 magniﬁcabis
2097 1948 2184 1988 me

602 2045 655 2098 in
684 2041 841 2097 donis
869 2036 1022 2093 meis.
1049 2034 1148 2088 .Tu
1176 2039 1354 2087 autem
1383 2029 1475 2099 qui
1501 2028 1653 2082 lucra
1675 2024 1934 2081 sectando
1961 2024 2184 2094 gradum

597 2131 887 2191 sacerdotii
911 2171 928 2198 ,
977 2137 1069 2182 aut
1111 2135 1169 2181 tu
1195 2125 1287 2195 qui
1315 2122 1541 2192 gloriam
1571 2121 1860 2175 humanam
1887 2118 2180 2184 desideras,

599 2232 695 2280 aut
720 2223 812 2293 qui
853 2221 906 2275 in
957 2219 1100 2274 furto
1129 2212 1501 2286 participaris,
1535 2217 1589 2266 et
1617 2210 1663 2264 si
1691 2209 1807 2280 ipse
1843 2208 2054 2264 adulter
2075 2224 2182 2263 non

597 2331 677 2384 es,
708 2327 888 2372 tamen
918 2327 1040 2369 cum
1069 2309 1325 2365 adulteris
1356 2306 1510 2360 vivis.
1563 2303 1741 2370 Quare
1769 2308 1828 2356 tu
1855 2315 2076 2357 enarras
2097 2300 2184 2370 ju-

598 2411 798 2465 stitiam
826 2419 1030 2466 meam,
1063 2401 1193 2457 dicit
1218 2399 1508 2463 Dominus,
1535 2410 1657 2452 cum
1683 2393 1940 2448 adversus
1963 2391 2184 2446 fratrem

600 2511 748 2557 tuum
770 2497 1046 2559 detrahas,
1086 2503 1141 2549 et
1165 2492 1478 2548 scandalum
1505 2488 1712 2560 ponas?
1734 2487 1815 2540 An
1845 2485 2183 2541 taciturnita-

597 2602 708 2648 tem
736 2606 912 2646 meam
934 2597 1306 2649 contemnens,
1338 2597 1526 2654 speras
1545 2596 1634 2637 me
1655 2581 1753 2636 tibi
1773 2591 1891 2636 esse
1919 2579 2184 2634 similem?

597 2683 712 2753 Ego
742 2695 960 2751 arguam
991 2687 1073 2743 te,
1119 2686 1176 2733 et
1221 2684 1453 2732 statuam
1495 2675 1612 2730 haec
1640 2682 1764 2728 ante
1792 2672 1987 2728 faciem
2013 2679 2180 2736 tuam,

600 2775 766 2830 nolite
808 2770 1090 2833 oblivisci,
1134 2767 1366 2823 Domino
1413 2766 1556 2836 quod
1604 2763 1931 2837 promisistis
1955 2762 2179 2828 reddite,

598 2879 666 2918 ne
697 2863 872 2932 rapiat
897 2861 1038 2932 sicut
1067 2860 1180 2924 leo,
1213 2866 1268 2912 et
1298 2871 1405 2912 non
1435 2857 1506 2912 sit
1531 2857 1624 2927 qui
1651 2854 1862 2925 eripiat.
1905 2853 2052 2908 Finis
2078 2853 2183 2907 ita-
2225 2897 2232 2901 ς

588 2967 700 3022 que
742 2967 958 3020 semper
1003 2957 1130 3003 ante
1177 2949 1365 3019 oculos
1413 2954 1496 3002 est
1542 2945 1855 3011 habendus,
1903 2953 1959 2999 et
2005 2945 2058 2998 in
2087 2943 2184 2998 Dei

539 3085 542 3088 ρ
593 3045 843 3099 laudibus
889 3041 1331 3114 permanendum.
1394 3040 1470 3094 ibi
1515 3040 1659 3094 enim
1706 3046 1790 3092 est
1835 3038 1937 3091 iter
1981 3037 2035 3090 in
2074 3051 2183 3104 quo

593 3136 895 3191 ostenditur
933 3135 1167 3189 salutare
1195 3132 1330 3198 Dei,
1371 3131 1462 3200 qui
1493 3139 1680 3200 regnat
1709 3132 1762 3185 in
1791 3129 1983 3186 saacula
2013 3143 2182 3184 saccu-

593 3229 786 3282 lorum.
822 3225 1011 3280 Amen.

1176 3313 1396 3368 PSALM
1407 3312 1492 3367 US
1528 3313 1587 3366 L.

589 3408 836 3464 Psalmus
857 3408 910 3461 in
928 3405 1087 3460 linem
1107 3404 1292 3471 David,
1317 3403 1534 3472 quando
1554 3403 1703 3456 venit
1723 3403 1786 3457 ad
1817 3416 1938 3457 eum
1970 3401 2178 3455 Nathan

752 3479 1038 3549 propheta,
1075 3476 1293 3546 quando
1323 3475 1543 3529 intravit
1569 3474 1635 3528 ad
1663 3473 2007 3528 Bersabeam.

659 3592 909 3648 Miserere
929 3591 1058 3653 mei,
1090 3587 1258 3649 Deus,
1292 3586 1570 3642 secundum
1598 3597 1844 3657 magnam
1881 3584 2177 3639 miseriter-

585 3685 729 3738 diam
759 3690 921 3737 tuam.
966 3679 1037 3734 Et
1065 3680 1344 3734 secundum
1376 3678 1758 3732 multitudinem
1787 3676 2178 3731 miserationem

584 3783 812 3840 tuarum,
857 3772 971 3827 dele
1006 3771 1332 3845 iniquitatem
1374 3785 1562 3825 meam.
1603 3769 1840 3840 Amplius
1865 3769 2082 3822 levante
2109 3767 2174 3823 ab.

581 3866 855 3937 iniquitate
891 3881 1037 3928 mea,
1073 3873 1121 3918 et
1142 3879 1174 3915 a
1201 3871 1409 3933 peccato
1442 3878 1553 3915 meo
1577 3860 1770 3914 munda
1791 3876 1888 3913 me.
1915 3858 2176 3924 Quoniam

579 3959 903 4030 iniquitatem
947 3969 1115 4009 meam
1157 3969 1250 4024 ego
1291 3968 1576 4024 cognosco,
1626 3960 1676 4003 et
1703 3959 1966 4021 peccatum
2003 3965 2173 4003 meum

578 4059 760 4104 contra
782 4065 862 4102 me
882 4055 957 4101 est
984 4060 1204 4115 semper.
1237 4043 1350 4096 Tibi
1370 4043 1470 4095 soli
1497 4042 1701 4111 peccavi
1719 4079 1733 4103 ,
1764 4051 1814 4093 et
1849 4041 2045 4093 malum
2077 4055 2168 4094 co-

577 4155 693 4195 ram
725 4149 771 4193 te
797 4138 914 4210 feci,
943 4145 1000 4189 ut
1021 4132 1325 4206 justiﬁceris
1352 4132 1408 4184 in
1436 4131 1755 4185 sermonibus
1778 4131 1895 4196 tuis,
1928 4139 1976 4184 et
1996 4131 2170 4185 viitcas

576 4246 692 4284 cum
720 4227 996 4300 judicaris.
1059 4223 1194 4278 Ecce
1221 4222 1358 4276 enim
1404 4222 1460 4276 in
1501 4221 1858 4292 iniquitatibus
1895 4231 2169 4293 conceptus

578 4335 712 4381 sum,
743 4330 790 4373 et
811 4319 864 4370 in
894 4315 1117 4388 peccatis
1139 4315 1371 4384 concepit
1390 4330 1472 4367 me
1498 4322 1665 4367 mater
1692 4328 1824 4367 mea.
1876 4311 2013 4368 Ecce
2030 4313 2168 4369 enim

574 4409 840 4462 ueritatem
889 4405 1154 4471 dilexisti,
1199 4403 1398 4457 incerta
1445 4413 1493 4457 et
1519 4404 1719 4458 occulta
1757 4406 2027 4476 sapientia:
2066 4417 2166 4462 tua:

575 4498 927 4569 manifestasti
945 4497 1346 4567 mihi.Asperges
1358 4511 1457 4562 me,
1467 4495 1702 4560 Domine,
1719 4497 1940 4569 hyssOpo
1957 4507 2165 4554 etman-

2285 1932 2388 1988 sub
2410 1937 2724 1986 accusatore
2752 1932 2977 2000 positus,
3007 1931 3248 2002 deposita
3280 1939 3579 2001 potestate,
3611 1946 3710 1986 suo
3734 1932 3879 2000 judi-

2286 2025 2371 2080 cio
2391 2023 2804 2078 condemnatur.
2832 2022 2975 2078 Deus
3001 2023 3145 2078 enim
3173 2023 3320 2078 venit
3338 2023 3403 2078 ad
3432 2038 3556 2078 eum
3583 2023 3794 2078 abditus
3823 2024 3875 2077 in

2286 2114 2516 2177 Nathan,
2547 2115 2790 2170 occultus
2817 2115 2871 2169 in
2897 2115 3183 2186 propheta,
3217 2122 3272 2169 et
3300 2114 3414 2186 ipse
3442 2130 3538 2184 per
3558 2114 3876 2185 prophetam

2285 2207 2579 2277 postulavit
2616 2205 2877 2275 judicium
2924 2207 3123 2271 homo,
3175 2206 3301 2261 vicit
3342 2205 3500 2261 Deus.
3562 2205 3704 2260 Deus
3731 2207 3876 2260 enim

2280 2296 2602 2368 iustiﬁcatus
2629 2306 2713 2352 est
2740 2297 2795 2352 in
2821 2297 3159 2353 sermonibus
3183 2297 3322 2362 suis,
3354 2298 3549 2366 quibus
3571 2297 3638 2351 ab
3658 2297 3879 2352 homine

2288 2388 2547 2458 ﬂagitavit
2574 2390 2894 2444 sententiam
2915 2431 2930 2455 ,
2960 2389 3214 2458 judicavit
3242 2392 3509 2445 sententia
3540 2390 3677 2444 inter
3704 2388 3876 2444 Deum

2287 2483 2608 2537 irascentem
2646 2491 2702 2536 et
2728 2483 3000 2538 hominem
3039 2482 3470 2554 delinquentem,
3502 2493 3558 2538 et
3585 2484 3709 2538 vicit
3735 2483 3879 2540 Deus

2283 2572 2551 2642 judicatus
2589 2574 2656 2628 ab
2686 2573 2922 2628 homine.
2964 2572 3106 2629 Dixit
3135 2575 3281 2629 enim
3319 2575 3523 2629 homo:
3565 2575 3764 2643 Dignus
3793 2584 3879 2631 est

2287 2674 2464 2721 morte
2508 2667 2590 2720 vir
2635 2667 2726 2735 qui
2773 2667 2899 2721 fecit
2940 2666 3079 2721 hanc
3105 2682 3237 2722 rem.
3295 2667 3438 2722 Deus
3464 2682 3592 2737 ergo
3619 2668 3710 2736 qui
3738 2668 3878 2721 hanc

2289 2759 2500 2813 volebat
2528 2760 2579 2812 in
2608 2775 2758 2814 reum
2789 2760 3130 2830 promulgare
3157 2762 3498 2826 sententiam,
3531 2761 3674 2816 venit
3701 2761 3765 2815 ad
3784 2762 3876 2830 ju-

2287 2849 2504 2916 dicium,
2536 2858 2615 2914 ul,
2649 2851 2692 2906 si
2718 2850 3013 2930 judicatum
3044 2851 3231 2914 fuisset
3274 2867 3380 2907 non
3427 2851 3624 2907 debere
3661 2853 3764 2907 hoc
3796 2851 3875 2906 fa-

2286 2951 2433 2998 ctum
2460 2945 2641 2999 ulcisci
2667 2983 2681 3005 ,
2731 2960 2836 2998 non
2863 2943 3252 3013 justilicaretur
3298 2945 3351 2999 in
3378 2944 3716 3000 sermonibus
3742 2947 3872 3012 suis,

2286 3045 2342 3092 et
2370 3053 2479 3092 non
2509 3039 2747 3092 vinceret
2783 3038 3072 3108 judicatus.
3115 3040 3183 3092 At
3213 3039 3301 3092 ubi
3339 3033 3538 3098 dictum
3569 3049 3678 3094 est:
3705 3038 3876 3096 Morte

2286 3131 2478 3199 dignus
2505 3140 2589 3185 est
2615 3132 2696 3186 vir
2723 3133 2814 3201 qui
2845 3133 2972 3188 fecit
3000 3133 3138 3187 hanc
3167 3147 3310 3198 rem,
3351 3131 3494 3187 Deus
3531 3133 3623 3202 qui
3652 3141 3875 3188 venerat

2208 3221 2254 3284 C
2287 3223 2356 3277 ad
2377 3223 2635 3292 judicium
2662 3223 2981 3293 judicandus
3006 3265 3020 3290 ,
3068 3223 3394 3294 justiﬁcatus
3420 3233 3502 3279 est
3532 3225 3584 3278 in
3610 3226 3874 3281 sermoni-

2283 3314 2384 3369 bus
2430 3316 2569 3377 suis,
2613 3324 2670 3370 et
2716 3316 2846 3370 vicit
2894 3317 3020 3370 dum
3063 3317 3349 3386 judicatur.
3415 3315 3702 3370 Videamus
3732 3332 3874 3373 nunc

2281 3405 2412 3474 quid
2433 3406 2542 3475 egit
2562 3407 2785 3462 victoria
2813 3407 2941 3470 Dei,
2974 3409 3144 3463 tenuit
3173 3409 3548 3478 imperatorem
3577 3408 3869 3478 captivum,

2281 3503 2337 3551 et
2366 3495 2580 3551 tradidit
2605 3498 2887 3552 sententiae
2907 3513 3077 3553 reum.
3113 3498 3257 3554 Reus
3283 3497 3349 3552 ad
3379 3497 3720 3553 clementiam
3748 3512 3871 3553 con-

2280 3589 2462 3654 volat,
2496 3597 2552 3642 et
2578 3604 2783 3644 exuens
2810 3604 2870 3644 se
2897 3605 3163 3659 purpura,
3198 3589 3368 3644 induit
3394 3604 3452 3643 se
3481 3588 3654 3643 cilicio
3673 3630 3687 3652 ,
3717 3588 3869 3643 eine.

2278 3696 2394 3736 rem
2431 3689 2684 3752 tanquam
2732 3698 2926 3754 panem
2973 3682 3341 3747 manducans,
3393 3689 3450 3737 ct
3495 3689 3679 3752 potum
3707 3698 3868 3738 suum

2278 3773 2530 3846 lacrymis
2570 3776 2821 3830 miscens.
2863 3773 3125 3839 Ostende,
3158 3775 3361 3844 inquit,
3388 3773 3640 3837 Domine,
3668 3775 3868 3842 quibus

2274 3866 2433 3922 factis
2459 3873 2699 3921 mutetur
2726 3867 3013 3921 sententia.
3056 3863 3113 3920 Si
3141 3866 3284 3921 enim
3314 3865 3444 3920 mihi
3476 3866 3524 3919 in
3556 3864 3654 3918 hac
3683 3863 3862 3918 Immi-

2273 3959 2426 4013 litate
2468 3959 2646 4028 posito
2687 3958 2936 4027 dignatus
2971 3957 3134 4014 fueris
3177 3958 3483 4027 indulgere,
3514 3957 3672 4013 etiam
3708 3956 3864 4026 impii

2274 4050 2340 4104 ad
2370 4057 2426 4103 te
2473 4058 2874 4105 convertentur.
2926 4050 3180 4106 Miserere
3202 4091 3217 4116 ,
3249 4051 3474 4106 obsecro
3499 4089 3514 4113 ,
3564 4049 3864 4106 secundum

2272 4155 2522 4210 magnam
2561 4143 2985 4198 misericordiam
3018 4151 3161 4198 tuam
3189 4185 3203 4207 ,
3234 4143 3491 4213 quoniam
3521 4143 3863 4213 iniquitatem

2270 4247 2444 4288 meam
2473 4249 2574 4304 ego
2602 4248 2854 4303 agnosco.
2904 4236 3153 4303 Agnosco
3168 4235 3311 4305 juste
3338 4235 3531 4288 iratum
3563 4244 3633 4298 te,
3667 4233 3863 4303 injuste

2270 4327 2443 4394 egisse
2472 4341 2576 4381 me.
2641 4326 2758 4382 Tibi
2780 4328 2880 4382 soli
2915 4328 3135 4399 peccavi
3161 4346 3174 4381 :
3206 4327 3381 4383 omnis
3408 4328 3499 4397 qui
3529 4328 3630 4382 sub
3652 4326 3858 4395 judicio

2268 4418 2420 4483 vivit,
2453 4433 2574 4473 cum
2603 4417 2924 4489 deliquerit,
2969 4427 3159 4489 peccat
3188 4418 3321 4485 Deo,
3353 4428 3542 4489 peccat
3569 4428 3625 4474 et
3652 4419 3861 4490 legibus

2269 4507 2472 4562 mundi.
2533 4507 2631 4564 Hic
2678 4517 2857 4564 autem
2905 4525 3000 4564 rex
3048 4511 3148 4565 sub
3175 4510 3322 4565 nullo
3351 4511 3456 4566 alio
3486 4510 3590 4565 nisi
3617 4512 3716 4566 sub
3745 4510 3862 4566 Deo

574 4589 758 4650 dabor,
791 4587 986 4641 lavabis
1016 4603 1124 4654 me,
1155 4596 1204 4641 et
1238 4603 1392 4658 super
1422 4588 1587 4642 nivem
1609 4588 1906 4645 dealbabor.
1949 4591 2162 4644 Λαάὶῑυὶ
2189 4593 2382 4653 Dsolo
2408 4612 2589 4667 agens,
2622 4599 2796 4669 ipsum
2825 4601 2998 4655 solum
3027 4617 3192 4671 super
3215 4610 3536 4670 ροιθεωιειη
3565 4617 3716 4657 suam
3741 4614 3858 4655 me-

571 4695 684 4736 meo
735 4676 882 4731 dabis
926 4678 1170 4750 gaudium
1205 4689 1254 4733 et
1292 4680 1560 4742 lwtitiam,
1590 4690 1639 4734 et
1663 4682 1994 4737 exsultabant
2035 4701 2155 4739 ossa

569 4769 865 4825 humilium.
923 4771 1105 4826 Averte
1150 4771 1339 4844 faciam
1382 4781 1523 4825 tuam
1569 4787 1602 4826 a
1643 4775 1865 4843 peccatis
1903 4778 2060 4842 meis;
2105 4788 2157 4832 et

567 4879 746 4920 omnes
769 4863 1066 4936 iniquitates
1091 4880 1233 4917 meas
1253 4863 1382 4918 dele.
1425 4862 1527 4919 Cor
1559 4865 1806 4920 mundum
1827 4883 1944 4921 crea
1973 4867 2026 4921 in
2053 4885 2152 4934 me,

567 4955 735 5023 Deus,
768 4966 817 5011 et
857 4956 1095 5027 spiritum
1135 4963 1327 5009 rectum
1355 4957 1544 5011 innova
1595 4958 1651 5011 in
1685 4958 1962 5013 visceribus
2007 4960 2150 5014 meis.

567 5047 656 5102 Ne
682 5049 931 5120 projicias
951 5062 1033 5100 me
1052 5063 1084 5101 a
1107 5048 1242 5118 [acie
1265 5054 1374 5113 tua,
1407 5057 1457 5102 et
1478 5047 1732 5120 Spiritum
1757 5059 1993 5104 sanctum
2015 5059 2156 5104 tuum

567 5156 632 5193 ne
660 5143 871 5213 auferas
898 5157 930 5193 a
957 5155 1056 5194 me.
1113 5137 1290 5194 Redde
1329 5140 1456 5193 mihi
1492 5141 1728 5195 lmtitiam
1767 5142 2015 5195 salutaris
2057 5144 2151 5208 tui,

569 5240 615 5282 et
634 5232 819 5298 spiritu
841 5231 1120 5302 principali
1149 5231 1404 5301 conﬁrma
1439 5247 1537 5284 me.
1582 5229 1784 5285 Docebo
1820 5232 2024 5302 iniquos
2044 5234 2155 5287 vias

568 5331 704 5384 tuas,
727 5330 776 5374 et
796 5323 944 5391 impii
971 5324 1040 5376 ad
1081 5332 1128 5378 te
1155 5332 1529 5378 convertentur.
1583 5322 1770 5377 Libera
1815 5339 1896 5376 me
1937 5325 2000 5378 de
2024 5342 2151 5378 san-

567 5411 827 5484 guinibu's,
863 5402 1020 5479 Deus,
1049 5415 1189 5470 Deus
1212 5418 1398 5472 salutis
1422 5433 1569 5480 mete,
1602 5428 1650 5472 et
1677 5419 1955 5472 exsultabit
1974 5421 2152 5492 lingua

566 5518 682 5558 mea
703 5503 962 5574 justitiam
985 5513 1143 5559 tuam.
1187 5505 1424 5571 Domine,
1456 5507 1596 5563 labia
1623 5525 1738 5564 mea
1767 5511 1985 5580 aperies,
2017 5521 2068 5566 et
2093 5527 2151 5566 os

491 5616 498 5626 ·
565 5605 733 5650 meum
755 5592 1084 5648 annuntiabit
1109 5595 1316 5650 laudem
1346 5608 1502 5652 tuam.
1548 5597 1806 5664 Quoniam
1832 5602 1879 5656 si
1905 5603 2150 5659 voluisses

565 5685 880 5756 sacri/icium
918 5685 1169 5739 dedissem
1212 5686 1385 5758 utique
1407 5727 1421 5752 ,
1453 5690 1764 5748 holocaustis
1793 5712 1894 5749 non
1931 5695 2148 5750 delecta-

567 5774 714 5829 beris.
760 5775 1091 5845 Sacriﬁcium
1119 5775 1230 5831 Deo
1255 5778 1464 5847 spiritus
1490 5783 1882 5854 contribulatus,
1909 5805 1995 5842 cor
2025 5806 2146 5844 con-

1822 6001 1852 6008 .-
1956 6003 1996 6013 ι-

2266 4699 2442 4756 tuens,
2471 4690 2586 4747 Deo
2614 4692 2716 4746 soli
2745 4694 3006 4762 peccavit.
3068 4693 3265 4748 Malum
3288 4735 3302 4760 ,
3335 4694 3546 4764 inquit,
3587 4707 3770 4748 coram
3800 4700 3855 4749 te

2265 4783 2400 4849 feci,
2436 4800 2543 4840 non
2572 4784 2681 4854 fugi
2711 4801 2740 4840 a
2771 4785 2908 4842 facie
2941 4796 3049 4842 tua.
3120 4789 3276 4844 Volui
3325 4790 3470 4844 enim
3499 4798 3557 4844 ut
3581 4788 3856 4859 iudicares

2264 4893 2351 4932 me
2379 4878 2798 4948 delinquentem,
2824 4881 3003 4950 potius
3023 4888 3184 4950 quam
3207 4883 3401 4952 ligares
3423 4900 3510 4939 me
3536 4884 3850 4955 fugientem.

2263 4967 2320 5022 In
2351 4968 2717 5037 iniquitatibus
2746 4981 3040 5042 conceptus
3078 4985 3216 5028 sum.
3276 4973 3523 5030 Servavit
3561 4977 3614 5031 in
3641 4975 3853 5032 confes-

2262 5061 2416 5116 sione
2460 5077 2555 5116 sua
2607 5063 2881 5120 Creatoris
2928 5067 3146 5120 bonum.
3207 5067 3323 5123 Non
3347 5070 3491 5124 enim
3531 5069 3686 5136 dixit,
3718 5068 3852 5124 Cum

2262 5152 2670 5222 iniquitatibus,
2723 5164 2816 5210 aut
2865 5172 2988 5212 cum
3036 5161 3270 5228 peccatis
3316 5162 3501 5230 genuit
3546 5178 3634 5216 me
3681 5170 3856 5217 mater

2263 5261 2400 5311 mea,
2434 5245 2548 5312 sed,
2582 5246 2638 5300 in
2670 5247 3041 5316 iniquitatibus
3068 5261 3362 5324 conceptus
3389 5271 3528 5319 sum,
3560 5265 3615 5310 et
3643 5257 3696 5310 in
3721 5271 3851 5325 pec-

2260 5335 2395 5392 catis
2421 5338 2605 5405 genuit
2632 5351 2718 5392 me
2748 5346 2921 5393 mater
2945 5355 3083 5395 mea.
3158 5342 3398 5400 Dicendo
3436 5347 3580 5401 enim
3624 5356 3852 5402 matrem

2258 5429 2311 5483 in
2341 5432 2452 5484 suis
2482 5431 2853 5500 iniquitatibus
2895 5450 3016 5489 eum
3064 5439 3414 5508 concepisse,
3447 5449 3501 5494 et
3529 5441 3583 5494 in
3612 5441 3851 5510 peccatis
3887 5469 3894 5475 ~

2257 5521 2436 5575 saeculi
2486 5521 2789 5591 peperisse,
2850 5524 3098 5593 signavit.
3173 5527 3308 5595 Quia
3355 5545 3516 5585 omne
3568 5540 3846 5601 peccatum

2257 5611 2419 5667 corde
2460 5611 2778 5683 concipitur,
2815 5624 2883 5672 .et
2921 5633 3016 5674 ore
3060 5631 3484 5677 consummatur.
3538 5623 3635 5677 Hic
3665 5633 3843 5678 autem

2256 5703 2346 5772 qui
2372 5705 2626 5770 nascitul',
2659 5711 2980 5765 sententiam
3020 5711 3148 5765 Adm
3176 5714 3370 5779 habet,
3405 5724 3685 5784 peccatum
3720 5730 3840 5769 vero

2258 5813 2410 5852 suum
2459 5815 2564 5856 non
2613 5801 2790 5857 habet.
2836 5803 2934 5868 'l'u,
2967 5803 3213 5867 Domine.
3257 5808 3542 5863 veritatem
3588 5804 3822 5864 dilexisti

2276 5990 2311 6002 ’ν
2365 5993 2388 6001 κ
