4244 6258
331 429 436 486 $97

1265 422 1772 494 .COMMENTARII
1810 423 1877 478 IN
1919 423 2244 481 PSALMOS.
2292 425 2481 482 PSAL.
2527 427 2608 482 Li.

2859 367 3002 390 δέτι-η.-
3063 372 3100 386 α.
3113 376 3121 385 ι
3158 377 3169 385 ι

3514 435 3620 492 398

335 546 608 615 Tempore
655 557 762 614 quo
808 555 908 610 ego
957 540 1239 596 falsitatem
1267 540 1588 609 composui,
1635 549 1694 594 ut
1724 540 1776 594 in
1806 553 1926 607 gra-
1955 545 2006 602 Α
2033 543 2161 596 mihi
2209 544 2287 598 sic
2336 517 2463 600 fecit
2508 545 2690 600 Deus?
2736 545 2914 612 Quare
2963 547 3107 604 hoc?
3155 549 3294 606 Ecce
3335 552 3504 620 iniqui
3534 570 3622 609 re-

338 636 477 691 viori
508 649 684 705 pugna
734 639 1041 704 poneretur.
1105 631 1294 694 Urias,
1327 631 1429 685 hoc
1462 631 1724 686 incertum
1756 637 1810 684 et
1835 648 1928 686 oc-

336 729 543 784 cultum
595 729 646 782 in
692 727 928 798 peccatis
969 725 1141 791 meis,
1189 725 1337 792 quod
1380 733 1496 778 erat
1531 725 1585 778 in
1613 724 1777 778 corde
1805 740 1928 778 meo

340 817 698 873 manifestasti
747 817 910 880 mihi,
960 826 1016 871 et
1044 816 1117 869 ita
1147 813 1500 870 manifestasti
1531 815 1698 878 mihi,
1741 823 1799 868 ut
1827 830 1931 882 ego

340 921 530 965 contra
561 911 821 979 meipsum
850 907 1149 979 proferrem
1185 907 1529 963 sententiam.
1572 905 1768 960 Verum
1801 905 1929 974 quia

338 1003 650 1072 aspersione
674 1001 894 1072 hyssopi
925 998 1354 1071 puriﬁcationem
1389 998 1503 1054 ﬁeri
1530 999 1766 1054 sordium
1794 1014 1931 1068 prae-

337 1095 548 1166 cepisti,
581 1093 848 1165 Asperges
872 1110 960 1150 me
993 1096 1246 1166 hyssopo,
1273 1101 1327 1148 et
1354 1092 1693 1157 mundabor;
1727 1092 1931 1146 lavabis

264 1191 276 1199 '
338 1202 425 1241 me
454 1195 509 1240 et
557 1201 718 1256 super
765 1186 944 1241 nivem
990 1185 1301 1240 dealbabor.
1344 1183 1458 1239 Hoc
1486 1181 1617 1248 ﬁet,
1658 1184 1705 1238 si
1727 1183 1933 1238 auditui

344 1291 466 1331 meo
495 1275 708 1331 dederis
737 1276 979 1330 lzetitiam
1001 1315 1016 1340 ,
1063 1288 1184 1328 cum
1213 1273 1412 1327 dictum
1444 1272 1602 1327 luerit
1628 1273 1759 1326 mihi
1786 1290 1800 1324 :
1833 1271 1933 1326 Pa-

340 1377 456 1422 stor
479 1367 684 1431 ovium,
718 1365 922 1420 Nuntio
955 1365 1045 1420 tibi
1067 1364 1312 1436 gaudium
1333 1380 1592 1434 magnum,
1625 1365 1745 1434 quia
1782 1372 1932 1422 natus

339 1468 417 1510 est
447 1458 601 1511 hodie
637 1455 896 1512 Dominus
940 1463 1006 1528 ego
1052 1456 1249 1511 semine
1296 1455 1464 1510 David
1500 1455 1777 1509 secundum
1818 1472 1936 1508 car-

341 1567 456 1603 nem
489 1548 637 1613 (Luc.
674 1566 709 1603 ιι
740 1566 753 1614 ;
789 1548 942 1602 Rom.
976 1549 1038 1617 ι).
1081 1547 1221 1603 Ecce
1261 1533 1514 1616 gaudium
1553 1563 1650 1616 per
1676 1546 1818 1615 quod
1839 1561 1935 1601 ex—

341 1640 549 1694 sultent
578 1655 698 1693 ossa
734 1639 1038 1703 humiliata,
1095 1655 1192 1708 per
1237 1637 1385 1708 quod
1414 1639 1631 1699 avertis,
1662 1636 1823 1700 Deus,
1855 1636 1935 1690 fa-

339 1733 478 1788 ciem
511 1741 653 1785 tuam
683 1748 713 1784 a
745 1732 979 1801 peccatis
1008 1733 1179 1796 meis;
1213 1748 1310 1802 per
1337 1731 1486 1810 quod
1525 1744 1711 1784 omnes
1740 1729 1936 1798 iniqui-

341 1814 482 1880 tates
523 1840 670 1880 meas
720 1817 866 1880 deles
889 1867 903 1891 ,
955 1841 1050 1894 per
1089 1826 1261 1895 ipsum
1289 1841 1387 1880 eor
1417 1823 1675 1878 mundum
1705 1838 1856 1878 creas
1879 1823 1933 1877 in

341 1932 451 1981 me,
499 1905 671 1981 Deus,
726 1931 820 1985 per
865 1917 1039 1985 ipsum
1086 1917 1332 1985 spiritum
1378 1923 1588 1969 rectum
1622 1915 1846 1969 innovas
1877 1915 1932 1969 in

343 2006 642 2061 visceribus
688 2006 824 2060 meis
850 2046 864 2069 ,
913 2014 974 2060 ut
1019 2006 1284 2061 desiderio
1327 2005 1559 2075 spiritali
1605 2004 1931 2060 desiderium

349 2098 569 2152 carnale
598 2096 900 2161 excludam,
930 2107 985 2152 et
1013 2097 1085 2159 ita
1115 2095 1369 2166 quidquid
1395 2111 1706 2166 perversum
1735 2104 1820 2150 est
1845 2111 1934 2150 ex-

351 2203 555 2255 secrer,
586 2197 644 2243 ut
670 2187 926 2257 quidquid
972 2191 1177 2243 rectum
1225 2203 1404 2243 coram
1445 2195 1498 2242 te
1527 2187 1788 2256 probatur
1816 2203 1934 2241 am-

349 2281 576 2350 plectar.
615 2278 742 2334 Haec
769 2279 1144 2350 deprecantem
1191 2296 1296 2334 non
1340 2294 1427 2334 me
1456 2279 1710 2350 projicias
1735 2294 1768 2333 a
1796 2277 1933 2333 facie

348 2380 441 2426 tua
467 2414 481 2438 ,
531 2381 583 2427 et
610 2371 871 2442 Spiritum
917 2381 1161 2428 sanctum
1211 2382 1357 2427 tuum
1396 2387 1468 2427 ne
1509 2371 1721 2427 auferas
1762 2387 1792 2425 a
1822 2387 1927 2426 me.

347 2461 454 2517 Sed
483 2463 646 2518 redde
675 2464 805 2519 mihi
835 2465 1073 2519 lanitium
1103 2480 1261 2534 quam
1289 2464 1536 2534 perdidi,
1592 2471 1647 2518 et
1682 2463 1934 2533 spiritum

344 2570 504 2624 quem
545 2557 610 2611 ad
657 2555 1078 2612 conﬁrmandam
1117 2556 1504 2624 indulgentiam
1552 2556 1742 2610 tribuis
1766 2596 1781 2620 ,
1832 2570 1930 2624 per

345 2649 518 2718 ipsum
546 2646 804 2703 conﬁrma
835 2663 940 2702 me.
1003 2646 1188 2701 Tertio
1234 2654 1419 2701 autem
1469 2646 1712 2715 spiritum
1755 2647 1932 2700 nomi—

346 2740 543 2805 nando,
603 2739 924 2794 Trinitatem
971 2741 1024 2792 in
1055 2739 1262 2793 unitate
1290 2752 1412 2792 esse
1442 2737 1742 2806 perdocuit.
1799 2734 1935 2790 Cum

345 2848 495 2902 ergo,
525 2833 728 2902 inquit,
757 2847 845 2885 me
872 2829 1299 2893 conﬁrmaveris,
1329 2827 1524 2883 deinde
1553 2826 1936 2895 indulgentiam

346 2935 497 2980 tuam
525 2926 732 2981 docebo
753 2931 806 2978 et
829 2937 930 2991 ego
956 2922 1184 2989 iniquos,
1215 2921 1340 2989 quia
1370 2919 1646 2974 misereris
1673 2928 1728 2973 et
1757 2917 1936 2972 indul-

345 3032 443 3086 ges
497 3017 678 3086 impiis
722 3013 1149 3085 paenitentibus:
1183 3021 1237 3065 et
1288 3012 1402 3066 haec
1449 3010 1727 3065 audientes
1769 3009 1933 3079 impii,

347 3123 450 3177 per
477 3105 844 3175 pmnitentiam
874 3103 942 3157 ad
989 3111 1041 3156 te
1089 3109 1487 3156 convertentur.
1543 3100 1730 3154 Libera
1758 3116 1843 3154 me
1870 3099 1938 3155 de

347 3195 721 3264 sanguinibus.
774 3194 849 3246 De
896 3194 997 3247 hac
1043 3192 1227 3260 utique
1275 3191 1540 3245 sententia
1581 3205 1685 3258 qua
1713 3187 1932 3244 dixisti:

2036 645 2236 705 gnant,
2285 638 2414 707 justi
2463 638 2787 708 aliliguntur,
2838 641 3004 696 vincit
3050 659 3170 697 cum
3215 643 3500 712 judicatur.
3551 646 3624 700 Ut

2037 729 2275 782 medicus
2320 729 2412 796 qui
2459 730 2757 798 desperatis
2799 729 2954 799 jubet
2999 732 3064 785 ad
3109 733 3246 787 velle
3295 736 3512 796 serviri,
3565 744 3622 790 et

2037 819 2214 871 omnia
2264 833 2384 886 quae
2429 819 2737 874 desiderant
2760 863 2772 885 ,
2826 824 3067 892 przecipit
3105 837 3210 877 non
3241 826 3442 893 negari.
3476 825 3622 892 Quos

2036 918 2217 963 autem
2265 912 2366 964 scit
2411 925 2572 981 posse
2599 913 2831 979 salvari,
2873 914 3026 983 jubet
3055 930 3149 970 eos
3177 918 3392 984 arctari,
3425 921 3623 976 amaris

2035 1002 2346 1071 potionibus
2373 1005 2549 1074 potari
2574 1046 2588 1069 ,
2639 1005 2784 1060 ferro
2815 1008 3016 1074 secari,
3049 1009 3353 1064 cauteriari.
3387 1010 3475 1066 Sic
3505 1010 3617 1078 ﬁet,

2037 1101 2097 1148 ut
2123 1095 2248 1149 dum
2278 1096 2468 1150 salvati
2499 1095 2696 1151 fuerint
2725 1098 3084 1165 abstinentes,
3118 1109 3172 1155 et
3198 1103 3393 1156 mortui
3425 1102 3623 1160 fuerint

2036 1185 2316 1241 desideriis
2343 1188 2574 1257 propriis
2612 1189 3015 1257 acquiescentes
3039 1231 3053 1254 ,
3097 1191 3474 1260 justiﬁcabitur
3501 1211 3619 1250 me-

2036 1275 2190 1330 dicus
2221 1277 2272 1330 in
2302 1279 2644 1333 sermonibus
2679 1279 2810 1333 suis.
2857 1279 3061 1336 Dicitur
3089 1283 3171 1336 ei:
3205 1282 3313 1338 Nos
3343 1292 3394 1337 te
3425 1285 3621 1354 injuste

2037 1368 2408 1436 culpabamus,
2440 1368 2566 1424 dum
2596 1369 2792 1438 ligares
2810 1413 2825 1437 ,
2857 1372 2983 1426 dum
3011 1388 3225 1428 secares
3253 1375 3496 1431 homines
3523 1379 3621 1431 bo-

2039 1474 2172 1524 nos,
2229 1467 2283 1513 et
2329 1459 2501 1513 malos
2551 1475 2651 1515 nec
2680 1477 2926 1527 secares,
2958 1478 3058 1517 nec
3087 1462 3372 1532 aﬂligeres,
3405 1466 3622 1536 insuper

2039 1549 2200 1603 etiam
2252 1551 2594 1619 permitteres
2637 1553 2749 1607 suis
2799 1552 3078 1607 desideriis
3116 1551 3240 1608 frui.
3272 1553 3387 1610 Huc
3416 1556 3624 1612 accedit

2039 1650 2096 1696 ut
2125 1642 2366 1698 dicamus
2393 1643 2459 1698 de
2489 1643 2602 1700 Deo
2624 1685 2639 1709 ,
2687 1646 2813 1714 quia
2842 1663 2988 1716 quem
3015 1647 3184 1718 diligit
3213 1647 3467 1702 Dominus
3507 1665 3624 1703 cor-

2040 1737 2162 1806 ripit
2188 1736 2367 1806 (Prov.
2396 1738 2495 1807 in).
2545 1738 2652 1793 Sed
2681 1753 2930 1807 rogemus
2960 1747 3017 1793 ut
3045 1740 3299 1810 corripiat
3327 1756 3424 1794 nos
3446 1739 3624 1810 justus

2038 1827 2092 1880 in
2141 1827 2509 1882 misericordia
2557 1845 2688 1895 sua,
2731 1838 2800 1906 ’ut
2822 1830 3021 1900 judicia
3066 1831 3182 1901 ejus
3220 1832 3474 1902 adjuvent
3501 1848 3622 1899 nos,

2037 1932 2137 1987 per
2163 1917 2451 1972 Dominum
2481 1928 2727 1974 nostrum
2755 1919 2937 1976 Jesum
2967 1921 3238 1979 Christum
3263 1965 3279 1991 ,
3317 1925 3410 1995 qui
3436 1933 3630 1994 regnat

2038 2008 2092 2061 in
2119 2007 2313 2062 szecula
2345 2008 2679 2064 saeculorum.
2706 2010 2895 2066 Amen.

2613 2123 2927 2182 PSALMUS
2967 2127 3049 2180 Ll.

2037 2215 2095 2270 In
2128 2215 2288 2271 linem
2323 2216 2626 2272 intellectus
2656 2217 2842 2281 David,
2875 2235 2996 2273 cum
3031 2222 3177 2275 venit
3200 2221 3266 2276 ad
3295 2235 3418 2276 eum
3439 2221 3628 2278 Doech

2107 2286 2389 2377 [fingamus
2404 2296 2458 2377 eLt
2478 2287 2743 2342 nuntiavit
2761 2288 2909 2344 Sauli
2935 2306 2948 2342 :
2967 2289 3125 2377 Venit
3140 2291 3306 2346 David
3325 2291 3378 2345 in
3404 2291 3628 2348 domum

2113 2356 2479 2412 Achimelech.

2112 2468 2252 2534 Quid
2264 2470 2507 2542 gloriaris
2530 2471 2585 2524 in
2601 2471 2819 2537 malitia,
2838 2474 2923 2543 qui
2943 2461 3125 2542 potens
3164 2491 3217 2527 es
3238 2475 3292 2527 in
3321 2475 3630 2547 iniquitate?

2041 2564 2171 2620 Tota
2193 2563 2274 2616 die
2293 2563 2600 2633 injustitiam
2630 2565 2869 2635 cogitavit
2890 2564 3067 2637 lingua
3092 2575 3196 2630 tua,
3219 2569 3352 2619 sicut
3371 2566 3630 2621 novacula

2038 2666 2192 2710 acuta
2221 2657 2388 2728 fecisti
2419 2656 2612 2710 dolum.
2647 2655 2887 2709 Dilexisti
2933 2656 3184 2710 malitiam
3210 2673 3363 2727 super
3390 2657 3628 2729 benigni-

2036 2758 2215 2815 tatem,
2247 2749 2569 2819 iniquitatem
2607 2750 2772 2819 magis
2809 2765 2961 2820 quam
3007 2749 3142 2820 loqui
3189 2750 3496 2818 (equitatem.
3531 2748 3630 2802 Di-

2039 2843 2211 2896 lexisti
2237 2842 2411 2896 omnia
2432 2839 2581 2894 verba
2602 2841 3049 2910 prtecipitationis,
3073 2840 3248 2910 lingua
3279 2839 3476 2894 dolosa.
3496 2838 3630 2895 Pro-

2039 2941 2214 3003 pterea
2243 2933 2384 2988 Deus
2414 2933 2638 2988 destruet
2673 2942 2717 2986 te
2745 2934 2800 2986 in
2826 2934 3003 3001 ﬁnem,
3036 2933 3212 2987 evellet
3234 2941 3280 2986 te
3317 2941 3366 2986 et
3405 2935 3632 3006 emigra-

2042 3024 2115 3078 bit
2157 3034 2204 3078 te
2232 3025 2294 3078 de
2342 3023 2674 3078 tabernaculo
2718 3031 2831 3088 tuo,
2873 3033 2921 3076 et
2957 3023 3184 3077 radicem
3221 3031 3360 3077 tuam
3401 3024 3463 3077 de
3497 3034 3633 3079 terra
3682 3077 3684 3080 ,

2042 3118 2332 3172 viventium.
2369 3114 2627 3170 Videbunt
2639 3116 2770 3188 justi
2791 3125 2838 3168 et
2869 3114 3130 3180 timebunt,
3163 3125 3211 3168 et
3237 3132 3392 3187 super
3419 3133 3534 3172 eum
3564 3119 3636 3172 ri-

2043 3207 2233 3262 debunt
2258 3216 2308 3261 et
2351 3207 2541 3271 dicent,
2573 3204 2710 3260 Ecce
2737 3206 2888 3261 homo
2916 3208 3000 3277 qui
3023 3223 3125 3260 non
3156 3209 3323 3277 posuit
3344 3206 3507 3262 Deum
3537 3208 3636 3261 ad-

348 3287 404 3342 Ν
408 3257 482 3342 ori
509 3285 711 3340 recedet
732 3284 938 3356 gladius
960 3283 1023 3336 de
1052 3257 1204 3336 domo
1233 3292 1322 3334 tua
1363 3280 1428 3352 (Π
1456 3257 1737 3352 Regni"),
1769 3281 1933 3335 libera

2046 3301 2263 3370 fictorem
2291 3314 2458 3351 suum.
2495 3296 2605 3352 Sed
2629 3300 2853 3368 speravit
2891 3257 2944 3351 iii
2985 3257 3312 3351 multitudine
3338 3299 3636 3354 divitiarum

348 3396 434 3433 me
464 3379 533 3433 ab
578 3379 678 3432 hac
724 3376 987 3431 sententia
1012 3417 1027 3440 ,
1079 3382 1138 3428 ut
1165 3373 1400 3428 exsultet
1428 3373 1608 3441 lingua
1638 3387 1756 3426 mea
1779 3371 1938 3441 justi-

351 3471 479 3523 tiam
505 3478 669 3522 tuam.
695 3468 859 3522 Labia
886 3474 1063 3521 autem
1085 3481 1206 3520 mea
1233 3479 1352 3534 quis
1381 3479 1411 3518 a
1432 3473 1585 3519 reatu
1610 3479 1732 3518 meo
1753 3464 1940 3519 clausa

351 3568 494 3623 sunt,
530 3568 584 3613 tu
615 3574 677 3613 ea
708 3561 917 3628 aperies
947 3557 1277 3625 indulgentia
1307 3563 1399 3610 tua
1425 3595 1440 3620 ,
1481 3556 1674 3626 quibus
1714 3555 1936 3626 apertis,

353 3670 414 3708 os
458 3667 637 3708 meum
685 3651 966 3706 annuntiat
1015 3650 1229 3705 laudem
1275 3657 1440 3703 tuam.
1495 3647 1695 3701 Verum
1735 3647 1942 3715 quia-in

355 3747 472 3814 lege
498 3753 590 3800 tua
617 3746 878 3815 scriptum
916 3751 999 3798 est
1040 3743 1185 3814 quod
1215 3739 1541 3797 sacriﬁcium
1569 3755 1668 3809 pro
1697 3754 1943 3808 unoquo-

355 3857 462 3911 que
488 3849 716 3911 peccato
742 3837 924 3894 offerri
953 3839 1183 3900 debeat,
1216 3852 1363 3890 nunc
1390 3822 1749 3903 vero-placari
1778 3833 1943 3887 sacri-

357 3934 494 3990 ﬁciis
524 3949 631 3988 non
659 3933 762 3995 vis,
795 3929 942 4000 quod
991 3929 1178 3997 utique
1219 3930 1266 3982 si
1294 3927 1463 3982 velles
1499 3924 1786 3990 oﬁ‘errem;
1817 3925 1943 3994 quia

358 4037 488 4090 ergo
517 4023 597 4076 his
625 4036 730 4076 non
751 4019 1054 4082 delectaris,
1087 4016 1256 4072 oﬁ‘ero
1286 4017 1380 4070 tibi
1409 4017 1464 4069 in
1491 4014 1757 4072 sacriﬁcio
1787 4015 1945 4083 spiri-

359 4121 472 4167 tum
492 4111 928 4175 contribulatum,
961 4123 1056 4163 cor
1082 4107 1372 4162 contritum
1401 4114 1456 4160 et
1485 4106 1856 4166 humiliatum,
1887 4110 1948 4158 ut

358 4204 587 4272 benigne
633 4201 798 4255 facias
839 4201 892 4255 in
923 4201 1065 4254 bona
1094 4199 1368 4253 voluntate
1390 4206 1477 4251 tua
1506 4212 1669 4266 super
1696 4195 1857 4260 Sion,
1887 4201 1948 4247 ut

358 4295 570 4350 auferas
597 4295 833 4364 gladium
864 4295 931 4350 ab
961 4309 1054 4358 ea,
1085 4307 1246 4361 quem
1274 4307 1374 4361 pro
1404 4297 1629 4360 peccato
1659 4305 1781 4344 meo
1809 4304 1944 4343 con-

358 4388 580 4443 stituisti
604 4429 618 4452 ,
651 4396 708 4441 ut
736 4403 842 4441 non
879 4386 1245 4450 destruantur,
1276 4384 1373 4438 sed
1414 4383 1585 4449 magis
1619 4381 1949 4436 :edilicentur

359 4479 503 4533 muri
530 4477 846 4532 Jerusalem.
898 4476 1046 4531 Tunc
1091 4475 1164 4531 ibi
1211 4481 1432 4544 accepta
1481 4480 1639 4527 erunt
1685 4468 1947 4526 sacriﬁcia

359 4569 583 4642 justitiae
630 4569 680 4622 in
733 4568 1088 4622 oblationibus
1133 4567 1356 4638 spiritus
1403 4562 1777 4628 contribulati,
1811 4570 1864 4616 et
1894 4563 1948 4616 in

366 4663 700 4719 holocaustis
746 4662 922 4717 cordis
961 4661 1244 4717 humiliati.
1310 4658 1380 4712 Et
1406 4673 1569 4727 super
1597 4657 1766 4710 altare
1796 4664 1948 4710 tuum

366 4757 719 4825 imponentur
746 4754 934 4818 vituli,
976 4753 1027 4806 id
1056 4761 1140 4807 est
1165 4792 1180 4817 ,
1215 4752 1443 4820 juvenes
1489 4747 1580 4816 qui
1620 4756 1953 4815 cognoscunt

363 4848 458 4902 tibi
488 4846 756 4901 luxuriam
787 4847 858 4899 ita
887 4845 1189 4915 displicere,
1222 4851 1282 4898 ut
1311 4843 1502 4913 punias
1521 4884 1534 4908 ,
1567 4848 1622 4896 et
1651 4856 1747 4911 per
1776 4841 1950 4912 lacryg

362 4956 477 4993 mas
524 4940 748 5008 spiritus
794 4938 1140 4992 contribulati
1185 4937 1440 4992 delictum
1487 4934 1603 5004 ejus
1649 4933 1946 5003 indulgeas.

363 5029 425 5084 lli
456 5031 608 5084 vituli
657 5030 749 5098 qui
799 5026 1082 5082 inferiores
1128 5028 1271 5082 vitiis
1315 5027 1540 5081 luxurize
1587 5033 1770 5088 erant,
1805 5041 1834 5080 a
1865 5042 1952 5081 se-

364 5119 608 5190 metipsis
653 5119 934 5173 voluntate
981 5132 1144 5187 super
1188 5117 1356 5172 altare
1406 5125 1592 5180 tuum,
1644 5115 1698 5170 id
1727 5124 1848 5182 est,
1899 5117 1952 5169 in

363 5211 643 5266 altitudine
703 5210 840 5265 casti
891 5209 1106 5266 consilii
1154 5210 1518 5278 imponentur.
1570 5207 1723 5276 Quod
1772 5217 1953 5262 autem

364 5303 535 5358 solam
562 5302 845 5356 historiam
875 5301 1224 5356 tractavimus
1270 5299 1385 5368 ejus
1431 5299 1681 5355 versiculi
1723 5314 1833 5368 quo
1869 5297 1955 5366 ju-

365 5392 626 5449 stiﬁeatur
675 5391 818 5448 Deus
865 5392 918 5445 in
965 5392 1306 5448 sermonibus
1351 5391 1499 5457 suis,
1545 5400 1601 5447 et
1629 5391 1794 5446 vincit
1823 5389 1950 5444 dum

365 5485 628 5555 iudicatur
653 5504 664 5537 :
700 5484 816 5539 haec
844 5498 932 5538 res
960 5483 1013 5537 in
1039 5483 1242 5552 judicio
1265 5481 1564 5538 Salvatoris
1594 5483 1813 5553 impleta
1845 5490 1947 5545 est,

366 5578 488 5633 vicit
517 5562 659 5631 enim
688 5592 812 5632 cum
857 5575 1130 5644 judicatus
1157 5583 1241 5630 est
1269 5575 1320 5629 in
1351 5574 1601 5645 passione
1630 5591 1726 5630 sua
1746 5617 1759 5639 ,
1793 5583 1847 5629 et
1874 5574 1951 5627 sic

365 5671 532 5735 vicit,
564 5679 620 5723 ut
649 5670 917 5724 obtineret
958 5684 1172 5722 omnem
1203 5669 1559 5738 principatum
1583 5711 1596 5734 ,
1629 5677 1683 5721 et
1711 5675 1950 5737 potesta-

366 5773 492 5829 tem,
527 5773 581 5818 et
610 5764 894 5817 virtutem:
931 5770 1108 5817 tamen
1157 5769 1212 5815 et
1258 5763 1496 5828 quotidie
1534 5762 1822 5827 jmlieatur,
1856 5759 1951 5814 sed

369 5856 487 5911 dum
514 5856 782 5923 judicatur
812 5857 994 5910 vincit.
1039 5854 1224 5909 Dicere
1255 5853 1396 5920 enim
1428 5853 1690 5916 solemus,
1731 5851 1796 5903 Ut
1824 5851 1951 5915 quid

1971 4620 2028 4682 D

2043 3408 2275 3453 suarum,
2306 3401 2357 3444 et
2374 3390 2647 3461 pranmluit
2673 3391 2729 3443 in
2759 3393 2984 3463 vanitate
3005 3408 3116 3445 sua.
3151 3388 3264 3462 Ego
3293 3401 3462 3445 autem
3508 3393 3638 3445 sicut

2042 3484 2178 3537 oliva
2207 3483 2478 3554 fructifera
2502 3483 2556 3535 in
2596 3481 2746 3536 domo
2787 3481 2906 3546 Dei,
2945 3483 3148 3552 speravi
3187 3483 3240 3534 in
3280 3482 3637 3534 misericordia

2046 3573 2145 3628 Dei
2164 3575 2219 3626 in
2243 3581 2508 3637 aeternum,
2539 3582 2588 3624 et
2613 3575 2666 3624 in
2697 3571 2940 3624 steculum
2981 3571 3180 3624 stecull.
3218 3569 3515 3640 Conﬁtebor
3545 3569 3636 3622 tibi

2044 3666 2100 3717 in
2139 3663 2402 3724 siccatum,
2446 3663 2567 3730 quia
2607 3663 2794 3731 fecisti,
2833 3670 2882 3712 et
2909 3658 3217 3729 exspectabo
3246 3676 3431 3712 nomen
3472 3668 3632 3725 tuum,

2047 3757 2290 3828 quoniam
2316 3752 2502 3807 bonum
2522 3753 2576 3805 in
2605 3757 2877 3820 conspectu
2906 3757 3200 3803 sanctorum
3232 3757 3451 3802 tuorum.

2618 3897 3054 3940 COIIENTARIUI.

2120 4020 2353 4088 Fugiens
2379 4019 2547 4075 David
2576 4035 2606 4073 a
2629 4016 2763 4073 facie
2783 4015 2980 4081 Saulis,
3009 4015 3156 4071 venit
3190 4014 3257 4069 ad
3287 4013 3634 4070 Achimelech

2051 4112 2410 4176 sacerdotem,
2462 4119 2516 4165 et
2561 4125 2728 4180 panes
2767 4117 2983 4163 sanctos
3013 4107 3309 4170 inveniens,
3344 4106 3638 4175 assumpsit

2053 4202 2169 4272 ipse
2196 4209 2252 4257 et
2279 4201 2370 4270 qui
2399 4216 2522 4254 cum
2551 4215 2618 4254 eo
2657 4206 2830 4254 erant.
2863 4199 3032 4263 Quem
3062 4213 3183 4251 cum
3215 4196 3527 4268 prohiberet
3556 4213 3644 4251 sa-

2053 4292 2262 4354 cerdos,
2308 4289 2629 4360 prohibendi
2656 4304 2873 4344 causam
2902 4287 3070 4341 David
3111 4288 3364 4358 prodidit,
3408 4287 3640 4345 dicens:

2055 4383 2243 4437 Mundi
2266 4399 2439 4436 sumus
2460 4399 2556 4453 ego
2576 4391 2625 4438 el
2646 4382 2790 4452 pueri
2810 4381 2909 4434 mei
2930 4397 2962 4432 a
2981 4380 3279 4434 mulieribus
3299 4379 3340 4452 (1
3357 4379 3485 4453 Reg.
3506 4381 3642 4453 xu).

2054 4473 2189 4528 Cum
2219 4489 2348 4542 ergo
2378 4473 2576 4542 fugeris
2613 4471 2846 4540 gladium
2872 4471 3129 4542 principis
3155 4471 3360 4538 mundi,
3391 4481 3445 4526 et
3474 4472 3540 4526 ad
3571 4473 3648 4526 al-

2056 4572 2170 4620 tare
2197 4565 2586 4628 convolaveris,
2619 4572 2673 4618 et
2695 4563 2924 4618 mundus
2945 4579 3138 4634 panem
3163 4571 3409 4619 sanctum
3441 4580 3649 4618 assum-

2055 4661 2242 4731 pseris,
2276 4675 2382 4713 non
2409 4657 2583 4712 deerit
2610 4657 2700 4726 qui
2745 4664 2797 4710 te
2834 4657 3033 4712 diaboli
3075 4657 3394 4726 impulsione
3418 4643 3647 4726 aﬁligat,

2053 4759 2429 4824 persequatur,
2461 4750 2697 4818 detegat.
2729 4747 2797 4802 Et
2836 4750 2961 4818 quia
3009 4749 3114 4803 hoc
3141 4750 3316 4818 ipsum
3364 4766 3470 4804 non
3515 4751 3652 4804 alius

2057 4845 2158 4898 nisi
2188 4843 2432 4897 diabolus
2460 4847 2735 4912 operatur,
2780 4840 2882 4909 ipsi
2909 4838 3127 4893 diabolo
3161 4848 3274 4895 tota
3301 4840 3461 4894 verba
3491 4839 3651 4906 hujus

2056 4936 2247 5007 psalmi
2276 4943 2426 4992 stans
2453 4936 2506 4988 in
2537 4933 2784 4988 oratione
2814 4931 3076 4997 cantabis,
3106 4931 3289 4988 dicens
3317 4948 3328 4982 :
3356 4929 3493 4995 Quid
3534 4930 3638 4996 glo-

2057 5029 2216 5084 riaris
2237 5028 2290 5081 in
2317 5026 2539 5089 malitia,
2565 5025 2656 5095 qui
2685 5032 2881 5095 potens
2909 5040 2966 5078 es
2995 5023 3047 5076 in
3071 5023 3370 5091 iniquitate,
3395 5025 3507 5072 tota
3538 5018 3644 5080 die,

2058 5121 2108 5174 id
2133 5127 2235 5184 est,
2261 5117 2406 5174 omni
2435 5117 2540 5183 die,
2566 5117 2827 5186 injustitia
2848 5117 2901 5169 in
2922 5112 3334 5181 cogitationibus
3355 5109 3484 5178 agis.
3517 5108 3646 5163 Lin-

2057 5225 2159 5279 gua
2201 5219 2293 5264 tua
2341 5224 2447 5263 non
2486 5216 2659 5263 cessat
2699 5214 2885 5261 contra
2921 5201 3184 5271 justitiam
3228 5199 3648 5268 cogitationibus

2059 5305 2367 5358 ministrare
2395 5302 2636 5358 consilia.
2671 5298 2819 5353 Sicut
2845 5291 3104 5349 novacula
3136 5299 3292 5345 acuta
3325 5291 3524 5349 faciens
3552 5293 3623 5349 do

2058 5395 2190 5459 lum,
2219 5402 2371 5447 tanto
2393 5392 2636 5447 acumine
2656 5385 2948 5442 concinnas
2970 5381 3144 5448 dolos,
3170 5389 3229 5436 ut
3249 5382 3413 5440 homo
3437 5386 3550 5455 ipse
3571 5384 3653 5439 sui

2064 5485 2120 5539 in
2159 5483 2456 5552 perniciem
2499 5478 2766 5536 elaboret,
2806 5481 2861 5527 et
2901 5485 3065 5540 agens
3100 5475 3453 5546 prtecipitium
3497 5491 3653 5530 suum

2061 5575 2309 5644 gaudeat.
2336 5571 2562 5640 Propter
2587 5567 2689 5620 hoc
2715 5564 2854 5617 Deus
2881 5564 3124 5620 destruet
3146 5575 3197 5620 te
3227 5567 3280 5620 in
3312 5565 3489 5622 finem.
3516 5566 3648 5618 Cum

2062 5668 2203 5721 enim
2236 5663 2393 5717 ﬁnem
2427 5655 2609 5712 fecerit
2633 5655 2796 5708 homo
2825 5656 3060 5724 peccatis
3088 5658 3198 5712 suis
3224 5673 3253 5709 a
3286 5665 3336 5711 te
3361 5652 3649 5725 persuasis,

2063 5759 2203 5811 Deus
2231 5756 2467 5807 destruet
2488 5756 2558 5809 te,
2579 5755 2633 5799 et
2661 5745 2858 5800 evellet.
2892 5754 2941 5799 te
2963 5746 3027 5799 de
3057 5747 3219 5800 corde
3241 5747 3374 5814 ejus,
3406 5745 3528 5812 quia
3552 5745 3652 5796 hoc.

2063 5859 2140 5901 est
2184 5839 2580 5898 tabernaculum
2611 5837 2726 5898 Dei,
2775 5845 2826 5891 et
2857 5835 3090 5890 radicem
3125 5844 3266 5888 tuam
3299 5837 3364 5889 de
3395 5843 3534 5887 terra
3567 5834 3648 5886 vi-
