4244 6258
561 423 667 480 599

1886 414 2160 471 ARNOBII
2197 414 2272 471 JU
2279 414 2500 472 NlORIS

3739 418 3846 475 400

562 541 821 606 ventium,
855 538 907 594 id
932 543 1035 599 est,
1067 534 1133 590 de
1157 546 1385 605 corpore
1408 532 1702 588 viventium
1723 532 1853 588 Deo.
1880 529 2149 586 Videbunt
2174 534 2225 593 Α
2322 531 2529 606 nissent
2563 533 2800 606 Cypliaai,
2832 540 2888 588 et
2927 531 3268 606 nuntiassent
3304 531 3475 599 Sauli,
3515 533 3705 591 Nonne
3742 535 3848 591 Da-

564 634 690 705 justi
728 630 951 686 astutias
991 636 1127 692 tuas,
1175 614 1243 682 et.
1270 625 1534 680 timebunt
1560 624 1866 686 Dominum,
1895 630 1952 677 et
1977 634 2152 691 super

564 722 934 792 suggestiones
959 728 1079 773 tuas
1114 716 1380 783 ridebunt,
1427 722 1483 771 et
1522 715 1739 771 dicent:
1772 712 1880 769 Nos
1908 712 1960 767 in
2002 712 2151 767 omni

564 830 729 888 Opere
741 813 905 868 Deum
925 811 977 865 in
992 809 1247 865 auxilium
1263 805 1703 879 postulamus.'l'u
1713 819 1841 860 vero
1855 820 1992 875 opus
2006 801 2153 873 quod

564 913 876 976 perpetrare
904 902 1117 967 suades,
1142 916 1249 955 non
1276 900 1496 971 ponitur
1516 898 1588 952 ibi
1617 897 1758 952 Deus
1786 895 1839 949 in
1860 892 2153 963 adjutorio,

566 984 661 1049 sed
686 994 775 1064 qui
802 999 1097 1063 operantur
1110 992 1251 1064 _b:cc,
1278 989 1395 1045 sine
1425 987 1535 1044 Deo
1562 993 1706 1052 sunt,
1737 999 1889 1057 spem
1910 998 2062 1039 suam
2099 982 2153 1038 in

566 1061 767 1139 divitiis
806 1061 990 1138 mundi
1020 1061 1314 1153 ponentes;
1354 1080 1399 1135 si
1426 1078 1618 1134 divites
1660 1085 1804 1143 sunt,
1849 1076 1918 1131 de
1955 1073 2155 1129 divitiis

567 1174 749 1229 mundi
797 1181 1212 1244 praesumentes;
1260 1172 1304 1229 si
1353 1185 1617 1243 pauperes
1652 1175 1804 1235 sunt,
1834 1183 1865 1222 a
1904 1166 2157 1222 divitibus

568 1264 773 1330 mundi,
797 1272 979 1319 etnon
1001 1280 1031 1318 a
1053 1263 1164 1319 Deo
1184 1263 1438 1318 auxilium
1467 1261 1818 1334 postulantes.
1858 1256 2184 1320 Przevalent,

570 1359 623 1413 in
657 1356 890 1411 vanitate
919 1373 1044 1423 sua;
1089 1354 1181 1412 sed
1212 1356 1294 1411 his
1321 1353 1709 1418 delieieutibus,
1748 1349 1848 1418 Qui
1892 1357 2074 1420 sperat
2101 1349 2158 1403 in

570 1447 937 1521 misericordia
970 1446 1084 1512 Dei,
1117 1447 1222 1503 erit
1262 1446 1402 1500 sicut
1428 1444 1569 1500 oliva
1598 1441 1872 1498 fructifera
1912 1440 1965 1495 in
1995 1439 2159 1525 domo

571 1538 685 1605 Dei,
710 1554 933 1608 sperans
958 1539 1011 1592 in
1034 1537 1396 1592 misericordia
1416 1535 1533 1604 ejus
1553 1535 1606 1590 in
1628 1542 1887 1589 internum
1910 1548 1924 1598 ;
1946 1539 2003 1587 et
2023 1545 2158 1585 eon-

571 1626 806 1685 litebitur
826 1629 1054 1683 Domino
1076 1628 1128 1682 in
1149 1628 1403 1709 saxulum
1427 1623 1686 1681 beneﬁcia
1715 1623 1833 1692 ejus
1852 1623 1905 1677 in
1932 1635 2161 1691 conspe-
2184 1678 2187 1685 ν

540 1720 555 1734 ⁹
573 1730 662 1779 ctu
686 1721 923 1776 onmium
947 1729 1255 1777 sanctorum
1287 1714 1402 1797 Dei,
1424 1718 1514 1788 qui
1537 1725 1724 1788 regnat
1752 1716 1805 1771 in
1834 1714 2028 1771 saecula
2056 1727 2161 1768 sas-

575 1804 842 1868 culorum.
887 1813 1078 1868 Amen.

617 1900 625 1910 ί
800 1884 803 1889 ’
1136 1874 1357 1937 PSAliM
1367 1879 1453 1936 US
1481 1879 1588 1934 LII.

744 1976 801 2031 ln
838 1975 1000 2031 tinem
1040 1976 1342 2031 intellectus
1380 1972 1546 2028 David
1577 1988 1676 2044 pro
1715 1969 1988 2025 Amalech.

651 2092 797 2147 Dixit
822 2092 1071 2163 insipiens
1092 2091 1145 2143 in
1176 2088 1331 2144 corde
1351 2105 1463 2151 suo,
1497 2102 1600 2140 non
1629 2093 1705 2139 est
1732 2083 1885 2138 Deus.
1918 2079 2162 2151 Corrupti

572 2168 761 2240 suntet
787 2182 1152 2251 abominabiles
1175 2183 1301 2255 facti
1324 2188 1444 2234 sunt
1470 2181 1524 2233 in
1552 2177 1938 2251 iniquitatibus:
1960 2191 2064 2229 non
2084 2181 2164 2227 est

574 2276 661 2347 qui
690 2275 850 2347 faciat
879 2273 1083 2328 bonum.
1117 2271 1253 2327 Deus
1281 2271 1345 2325 de
1389 2271 1512 2324 cazlo
1542 2269 1805 2341 prospexit
1828 2281 1980 2337 super
2024 2264 2163 2334 ﬁlios

576 2365 860 2429 hominum,
906 2375 962 2417 ut
1003 2364 1171 2417 videat
1218 2364 1262 2416 si
1309 2370 1384 2416 est
1427 2360 1720 2431 intelligens
1768 2366 1860 2412 aut
1898 2356 2163 2426 requirens

566 2457 760 2513 Deum.
788 2455 978 2510 Omnes
1006 2454 1410 2518 declinaverunt,
1442 2448 1593 2506 simul
1632 2448 1840 2503 inutiles
1869 2446 1996 2518 facti
2021 2451 2161 2508 sunt,

576 2528 680 2604 non
722 2557 799 2603 est
845 2548 931 2620 qui
975 2547 1138 2619 faciat
1185 2544 1404 2608 bonum,
1445 2558 1549 2596 non
1585 2550 1664 2595 est
1702 2554 1859 2608 usque
1886 2535 1956 2590 ad
1982 2551 2161 2589 unum.

577 2639 770 2696 Nonne
796 2642 955 2694 scient
984 2654 1160 2694 omnes
1188 2638 1273 2709 qui
1302 2644 1588 2705 operantur
1608 2632 1952 2706 iniquitatem,
1976 2628 2061 2699 qui
2084 2626 2167 2681 de-

577 2715 761 2791 vorant
777 2732 973 2805 plebem
996 2746 1161 2785 meam
1189 2740 1245 2784 ut
1271 2731 1437 2783 cibum
1461 2726 1653 2799 panis?
1689 2724 1853 2778 Deum
1881 2738 1986 2776 non
2029 2722 2168 2774 inro-

568 2808 838 2888 cacerunt,
865 2823 969 2877 illic
992 2822 1374 2892 trepidaverunt
1396 2821 1595 2882 timore,
1627 2816 1711 2870 ubi
1738 2831 1839 2870 non
1864 2815 1961 2886 fuit
1990 2814 2164 2868 timor.

581 2914 837 2979 Quoniam
886 2914 1026 2967 Deus
1056 2913 1325 2984 dissipavit
1362 2929 1483 2966 ossa
1528 2925 1702 2965 eorum
1746 2908 1831 2980 qui
1878 2904 2167 2960 hominibus

580 3007 802 3077 placent,
827 3006 1030 3077 confusi
1068 3015 1207 3069 sunt,
1238 3004 1482 3076 quoniam
1510 3000 1665 3054 Deus
1681 2999 1876 3071 sprevit
1900 3014 2007 3052 eos.
2040 2995 2167 3059 Quis

580 3096 724 3152 dabit
756 3113 821 3150 ea:
863 3098 995 3151 Sion
1035 3095 1265 3150 salutare
1308 3093 1494 3157 Israel,
1525 3108 1640 3146 cum
1685 3089 1986 3145 converterit
2028 3085 2166 3139 Deus

580 3176 927 3259 captiritatem
964 3188 1124 3260 plebis
1162 3203 1289 3249 sum,
1333 3184 1609 3240 exsultabit
1648 3182 1834 3249 Jacob,
1873 3190 1923 3236 et
1964 3181 2167 3235 la'tetur

582 3279 777 3336 Israel.

1153 3359 1591 3401 COMMENTARIUH.

652 3461 879 3529 Quando
906 3460 1163 3516 Dominus
1182 3460 1252 3515 de
1278 3448 1417 3515 coelo
1446 3457 1724 3532 prospexit
1748 3472 1845 3529 per
1871 3455 2051 3511 .lesum
2081 3472 2168 3511 su-

582 3571 681 3629 per
708 3553 845 3610 filios
872 3553 1176 3617 hominum,
1205 3551 1394 3608 videns
1431 3566 1556 3606 eum
1597 3549 1789 3604 stultus
1818 3548 2047 3619 populus
2073 3546 2170 3601 Ju-

585 3647 842 3703 dzeorum.
873 3644 1003 3703 dicit
1043 3643 1096 3698 in
1125 3643 1288 3699 corde
1327 3659 1425 3697 suo
1460 3660 1472 3695 :
1505 3641 1623 3696 Non
1652 3650 1735 3695 est
1776 3641 1936 3696 Deus.
1974 3640 2175 3694 Omnes

584 3729 845 3807 corrupti,
872 3748 1061 3790 omnes
1088 3732 1477 3789 abominabiles
1507 3732 1628 3787 facti
1657 3739 1801 3797 sunt,
1843 3748 1950 3787 non
1979 3731 2171 3805 volun-

586 3835 697 3883 tate
720 3814 833 3894 Dei,
865 3825 957 3881 sed
987 3825 1039 3879 in
1069 3810 1436 3880 voluntatibus
1462 3823 1591 3890 suis,
1625 3824 1697 3878 ita
1721 3832 1782 3877 ut
1812 3838 1916 3876 non
1946 3828 2091 3876 esset
2119 3820 2174 3874 in

586 3918 685 3984 eis,
708 3918 798 3986 qui
821 3915 1059 3971 facerent
1078 3914 1221 3970 bona
1250 3929 1419 3985 usque
1440 3914 1506 3968 ad
1539 3930 1721 3967 unum.
1750 3911 1982 3967 Dicenda
2008 3926 2176 3979 usque

586 4006 654 4073 ad
685 4022 867 4070 unum,
895 4006 965 4061 de
992 4005 1076 4061 liis
1104 4005 1238 4059 ditit
1264 4006 1353 4075 qui
1384 4004 1570 4059 dicunt
1595 4002 1662 4057 de
1688 4001 1923 4064 Christo,
1958 4000 2071 4055 Non
2093 4008 2178 4055 est

585 4099 752 4155 Deus.
804 4098 935 4152 Nam
997 4097 1041 4151 si
1088 4096 1157 4151 de
1211 4095 1460 4149 uumibus
1504 4093 1809 4149 hominibus
1855 4092 2178 4163 generaliter

587 4190 830 4259 dixisset,
855 4205 958 4243 non
985 4188 1189 4242 diceret
1216 4202 1339 4241 esse
1368 4185 1578 4256 plebem
1608 4200 1781 4251 suam,
1804 4199 1925 4253 quae
1952 4183 2179 4240 devora-

590 4291 677 4335 tur
705 4262 773 4335 ab’
799 4281 877 4335 eis
902 4280 1042 4334 sicut
1069 4293 1193 4333 esea
1220 4277 1391 4348 pauis.
1426 4278 1507 4331 Ab
1550 4277 1634 4331 bis
1664 4276 1846 4346 utique
1887 4276 1977 4345 qui
2010 4276 2176 4331 Deum

589 4387 713 4425 eum
754 4354 861 4424 neu
904 4370 1307 4432 invocaverunt,
1339 4367 1431 4437 qui
1471 4367 1542 4421 ibi
1582 4366 1922 4436 trepidabant
1961 4368 2176 4430 timore,

591 4463 681 4517 ubi
709 4477 815 4515 non
842 4469 927 4516 est
956 4461 1135 4524 timor,
1162 4460 1212 4514 id
1242 4467 1343 4525 est,
1376 4460 1429 4513 in
1459 4458 1698 4514 custodia
1741 4459 1972 4523 sabbati,
2002 4459 2056 4514 in
2084 4458 2181 4513 ba-

592 4554 930 4625 ptismatibus
944 4553 1189 4616 calicum,
1205 4559 1260 4606 et
1276 4567 1578 4606 urceorum.
1595 4552 1738 4607 Deus
1758 4561 1937 4607 autem
1957 4552 2182 4623 dissipat

2323 602 2412 657 vid
2449 602 2796 659 absconditus
2831 611 2916 659 est
2952 602 3095 673 apud
3131 603 3271 657 nos?

2324 712 2485 779 Deus,
2514 716 2571 768 in
2599 716 2806 769 nomine
2834 725 2919 769 tuo
2946 713 3143 769 salvum
3172 730 3251 769 me
3274 715 3381 787 fac,
3403 725 3454 769 et
3478 716 3531 770 in
3555 717 3742 771 virtute
3760 727 3850 772 tua

2254 803 2417 860 libera
2442 822 2541 859 me.
2566 803 2708 860 Deus
2735 805 2926 858 exaudi
2954 806 3243 859 orationem
3270 822 3458 869 meam,
3489 805 3703 861 auribus
3730 825 3848 878 per-

2255 896 2368 966 cipe
2385 896 2540 950 verba
2571 897 2677 950 oris
2712 896 2831 950 mei.
2864 893 3123 960 Quoniam
3149 896 3307 951 alieni
3331 898 3725 952 insurrexerunt
3751 900 3850 953 od-

2254 1002 2457 1041 versum
2482 1003 2582 1052 me,
2604 996 2655 1040 et
2682 989 2840 1058 fortes
2860 989 3175 1059 quaesierunt
3200 989 3431 1043 animam
3451 1006 3638 1055 meam,
3667 999 3717 1044 et
3746 1007 3851 1045 non

2257 1087 2634 1149 proposuerunt
2652 1077 2827 1133 Deum
2853 1087 2981 1133 ante,
3001 1088 3328 1152 conspectum
3347 1097 3516 1134 suum.
3549 1080 3688 1135 Ecce
3715 1083 3850 1136 enim

2258 1168 2400 1225 Deus
2421 1170 2633 1241 adjuvat
2650 1187 2751 1237 me,
2766 1180 2815 1226 et
2836 1165 3091 1228 Dominus
3114 1181 3378 1243 susceptor
3395 1159 3473 1226 est
3493 1174 3683 1229 anima:
3702 1190 3848 1229 mete.

2256 1262 2440 1317 Averte
2465 1262 2606 1316 mala
2632 1262 2856 1316 inimicis
2883 1263 3032 1324 meis.
3062 1272 3115 1317 et
3150 1264 3206 1317 in
3237 1248 3452 1317 veritate
3489 1273 3577 1317 tua
3613 1264 3853 1335 disperde

2257 1351 2397 1407 illos.
2436 1350 2743 1407 Voluntarie
2769 1351 3077 1423 sacrificabo
3104 1352 3216 1419 tibi,
3247 1363 3298 1408 et
3332 1353 3615 1425 confitebor
3654 1355 3852 1409 nomini

2261 1451 2369 1507 tuo,
2399 1440 2639 1508 Domine,
2670 1444 2914 1514 quoniam
2941 1442 3130 1498 bonum
3164 1435 3272 1497 est:
3308 1441 3561 1508 Quoniam
3604 1461 3670 1498 ea:
3707 1446 3852 1498 omni

2264 1531 2598 1589 tribulatione
2633 1534 2869 1605 eripuisti
2908 1550 3020 1599 me,
3059 1543 3111 1588 et
3136 1551 3290 1605 super
3315 1536 3549 1590 inimicos
3586 1552 3724 1589 meos
3753 1535 3848 1589 de-

2261 1628 2432 1699 spexit
2465 1626 2643 1683 oculus
2670 1643 2833 1682 meus.

2835 1733 3277 1776 COIIBNTARIUI.
3789 1775 3797 1781 _

2336 1812 2499 1878 Deus,
2533 1812 2586 1867 in
2626 1812 2847 1868 nomine
2889 1821 2982 1868 tuo
3018 1813 3225 1869 salvum
3269 1828 3358 1868 me
3398 1812 3501 1868 fac.
3535 1813 3640 1867 Iste
3678 1828 3855 1878 sermo

2185 1910 2238 1980 ,Β
2263 1903 2524 1959 orationis
2558 1918 2751 1960 causas
2778 1919 2904 1959 suas
2930 1902 3262 1974 exsequitur.
3297 1902 3490 1959 Libera
3522 1920 3629 1971 me,
3660 1905 3855 1977 inquit,

2264 1996 2391 2066 quia
2421 1997 2583 2053 alieni
2613 1997 3022 2055 insurrexerunt
3049 1998 3103 2054 iu
3132 2014 3242 2065 me,
3265 2007 3321 2054 et
3347 1998 3514 2054 fortes
3532 1998 3859 2069 quzcsierunt

2265 2088 2503 2143 animam
2548 2105 2758 2155 mealm
2789 2090 2845 2145 bi
2871 2091 2967 2162 qui
3006 2107 3114 2146 non
3160 2089 3471 2162 proponunt
3515 2091 3682 2147 Deum
3731 2101 3859 2148 ante

2265 2178 2453 2235 oculos
2472 2178 2619 2235 suos.
2645 2180 2785 2237 Dicit
2811 2181 3017 2247 titulus,
3044 2190 3099 2236 et
3118 2182 3210 2251 qui
3231 2182 3412 2243 alieni.
3437 2190 3493 2237 et
3515 2182 3607 2251 qui
3634 2182 3747 2236 sint
3766 2182 3857 2253 qui

2263 2278 2513 2340 quierunt
2551 2271 2784 2326 animam
2820 2271 2973 2341 ‘ejus.‘
3001 2271 3104 2338 Qui
3145 2267 3449 2328 ostenditur
3490 2273 3558 2328 ad
3608 2272 3858 2329 inimicos

2264 2378 2396 2419 suos
2425 2363 2551 2429 isse,
2594 2371 2651 2419 et
2677 2380 2776 2434 per
2801 2380 2898 2420 eos
2921 2364 3155 2421 eva’dere
3183 2364 3443 2428 voluisse.
3475 2363 3630 2430 Vide,
3662 2365 3858 2429 amice,

2266 2470 2336 2510 ne
2364 2464 2419 2511 te
2438 2455 2634 2511 credas
2662 2455 2889 2511 inimicis
2919 2456 2972 2511 in
2998 2462 3139 2520 toto,
3171 2443 3400 2511 vide’ne
3439 2456 3491 2510 in
3516 2456 3861 2533 necessitate

2265 2546 2475 2617 positus
2503 2545 2703 2601 furtum
2746 2545 2933 2611 facias,
2964 2554 3020 2602 et
3047 2562 3116 2603 eo
3146 2554 3199 2601 te
3227 2554 3383 2618 putes
3406 2562 3566 2617 posse
3593 2547 3758 2612 relici,
3789 2563 3861 2603 ne

2204 2694 2207 2699 ,
2266 2639 2415 2695 dicas
2455 2638 2524 2694 de
2566 2638 2712 2694 bono
2747 2640 2875 2710 quia
2914 2639 3088 2693 malus
3130 2646 3242 2704 est,
3271 2638 3398 2693 dum
3445 2638 3526 2693 vis
3554 2637 3862 2694 hominibus

2203 2780 2209 2793 ,
2267 2730 2629 2801 complaccre,
2658 2745 2730 2801 ne
2758 2746 2787 2784 a
2816 2731 3109 2785 virtutibus
3132 2745 3324 2801 pergas
3344 2730 3413 2785 ad
3444 2730 3594 2795 vitia,
3627 2730 3860 2787 faciente

2269 2821 2449 2895 aliqua
2478 2826 2822 2891 necessitate,
2853 2824 2964 2880 noli
3004 2832 3059 2879 te
3085 2826 3167 2881 eis
3194 2823 3437 2880 credere.
3479 2824 3616 2880 ideo
3634 2825 3777 2880 enim
3808 2833 3863 2881 te

2268 2918 2586 2988 suscipiunt,
2619 2923 2680 2971 ut
2705 2917 2961 2973 simulent
2989 2918 3084 2973 tibi
3122 2917 3423 2972 latibulum.
3452 2914 3719 2972 Caeterum
3743 2925 3861 2972 tra-

2268 3008 2400 3064 dere
2427 3018 2481 3063 te
2508 3009 2698 3064 volunt
2735 3008 2789 3064 in
2818 3008 3013 3078 gaudio
3044 3009 3094 3063 ei
3119 3009 3209 3079 qui
3239 3016 3294 3064 te
3322 3009 3680 3078 persequitur.
3714 3008 3862 3064 Felix

2269 3100 2315 3156 si
2340 3117 2447 3156 non
2479 3112 2531 3156 te
2555 3101 2848 3157 credideris
2877 3101 2975 3157 eis.
3008 3101 3064 3156 Si
3094 3104 3225 3157 vero
3256 3101 3569 3168 credideris,
3601 3104 3777 3159 clama
3806 3110 3866 3159 ut

2273 3199 2496 3264 propter
2523 3208 2719 3248 nomen
2767 3208 2925 3248 suum
2954 3193 3158 3247 salvum
3189 3201 3243 3248 te
3287 3192 3449 3249 faciat
3501 3193 3782 3259 Dominus,
3807 3201 3865 3249 ut

2193 3268 2240 3335 C
2271 3285 2603 3339 voluntatem
2644 3292 2792 3339 tuam
2848 3284 3070 3339 liberam
3115 3283 3293 3339 faciat.
3339 3282 3477 3351 Quia
3522 3285 3759 3355 quaudiu
3809 3285 3862 3341 in

2269 3373 2520 3428 vitiorum
2552 3390 2822 3429 consensu
2847 3374 3013 3443 jacet,
3044 3374 3215 3430 libera
3240 3391 3349 3431 nou
3382 3384 3485 3431 est.
3518 3377 3655 3431 Cum
3682 3384 3892 3432 autem.

2272 3464 2531 3520 Dominus
2559 3462 2895 3532 adjuvaverit
2924 3473 2997 3531 te,
3027 3466 3275 3521 inimicos
3316 3473 3439 3520 tuos
3464 3466 3864 3537 disperdiderit,

2273 3563 2401 3610 tunc
2428 3550 2732 3612 voluntarie
2755 3556 3082 3613 saeritleabis
3110 3558 3180 3624 ei,
3212 3573 3333 3613 cum
3362 3573 3428 3613 ex
3467 3557 3613 3612 omni
3642 3560 3865 3614 tribula-

2276 3650 2421 3705 tione
2443 3650 2718 3721 eripuerit,
2748 3659 2804 3706 et
2824 3651 3070 3707 inimicos
3090 3657 3213 3707 tuos
3233 3651 3493 3724 despiciet
3515 3653 3702 3709 oculus
3727 3652 3863 3723 ejus,

2274 3742 2366 3811 qui
2394 3748 2585 3810 regnat
2614 3742 2666 3796 in
2688 3742 2881 3820 saneula
2903 3742 3244 3797 saeculorum.
3277 3743 3467 3798 Amen.

2828 3876 3051 3933 I’SALM
3060 3877 3145 3934 US
3183 3877 3315 3934 LIV.

2434 3985 2491 4041 ln
2533 3987 2692 4041 linem
2734 3988 2787 4045 in
2825 3990 3156 4046 carminibus
3193 3990 3498 4046 intellectus
3536 3989 3719 4045 David.

2351 4097 2582 4164 Exaudi,
2632 4098 2791 4164 Deus,
2839 4104 3125 4157 orationem
3167 4118 3352 4165 meam,
3382 4110 3432 4155 et
3473 4117 3537 4154 ne
3572 4100 3869 4171 despexeris

2281 4190 2692 4263 deprecationem
2715 4208 2901 4254 meam,
2927 4193 3134 4247 intende
3163 4194 3289 4248 mihi
3310 4203 3360 4246 et
3385 4192 3577 4246 exaudi
3598 4209 3697 4245 me.
3728 4189 3865 4245 Con-

2283 4285 2516 4338 tristatus
2557 4285 2613 4337 in
2653 4287 3023 4343 exercitatione
3058 4302 3191 4351 mea,
3222 4296 3272 4341 et
3310 4286 3644 4340 conturbatus
3687 4301 3802 4339 sum
3838 4300 3870 4336 a

2279 4392 2399 4431 voce
2424 4376 2641 4441 inimici,
2665 4387 2714 4430 et
2742 4394 2773 4431 a
2804 4374 3134 4433 tribulatione
3160 4379 3459 4449 peccatoris.
3495 4375 3753 4439 Quoniam
3781 4376 3870 4429 de-

2282 4467 2604 4521 chnaverunt
2640 4470 2693 4522 in
2731 4485 2814 4522 me
2839 4470 3154 4539 iniquitates,
3177 4479 3236 4523 et
3274 4471 3443 4523 inira
3479 4470 3682 4524 molesti
3721 4478 3872 4523 erant

2284 4558 2432 4612 mihi.
2475 4557 2577 4614 Cor
2617 4575 2787 4613 meum
2822 4553 3183 4615 conturbatum
3210 4570 3287 4615 est
3328 4550 3399 4614 in.
3425 4578 3523 4627 me,
3567 4570 3617 4615 et
3644 4560 3871 4629 formido

592 4661 713 4702 ossa
761 4658 948 4701 cortun
996 4644 1088 4717 qui
1134 4644 1439 4700 hominibus
1476 4646 1709 4716 placent.
1746 4644 1896 4701 Unde
1924 4647 2182 4715 magister
2206 4639 2257 4699 Ι)
2284 4648 2467 4703 mortis
2501 4647 2686 4702 cecidit
2712 4665 2867 4718 super
2888 4666 2985 4703 me.
3021 4649 3197 4707 Timor
3223 4661 3271 4704 et
3300 4658 3489 4706 tremor
3515 4662 3758 4705 venerunt
3783 4667 3871 4704 su-

591 4746 779 4811 ttoster
808 4735 1003 4792 Paulus
1030 4736 1158 4792 dicit
1192 4754 1206 4790 :
1238 4733 1351 4807 Ego
1381 4736 1426 4790 si
1467 4737 1635 4790 adhuc
1672 4736 1848 4791 vellem
1887 4734 2180 4791 hominibus

593 4832 813 4904 placere,
845 4830 1036 4899 Christi
1065 4846 1239 4885 servus
1268 4846 1372 4885 non
1408 4846 1572 4884 essem
1599 4828 1742 4901 (Gal.
1774 4835 1838 4900 ι).
1879 4827 2034 4897 Ergo,
2053 4828 2180 4884 dum

593 4922 767 4977 alliuc
807 4919 1022 4997 Judacus
1058 4931 1230 4987 esset,
1275 4920 1513 4987 ostendit
1552 4919 1855 4976 hominibus
1894 4920 2177 4991 placuisse.

592 5015 693 5082 Qui
716 5023 896 5069 autem
927 5012 1032 5068 illis
1049 5013 1263 5084 placere
1290 5012 1499 5076 volunt,
1535 5012 1727 5081 inquit,
1764 5010 2177 5076 confundentur,

591 5110 717 5179 quia
750 5109 888 5164 Deus
915 5108 1117 5178 sprevit
1146 5122 1258 5161 eos.
1302 5104 1403 5172 Qui
1432 5105 1611 5159 Deus?
1638 5104 1739 5171 Qui
1777 5103 1925 5161 dedit
1952 5119 2020 5159 ex
2049 5103 2179 5158 Sion

593 5201 821 5254 salutem
878 5199 1073 5264 Israel;
1128 5197 1297 5253 Jaeob
1342 5196 1731 5266 supplantator,
1782 5194 1946 5249 Israel
1992 5194 2182 5250 videns

594 5290 762 5344 Deum
789 5290 1187 5360 interpretatur.
1215 5288 1357 5358 Ergo
1384 5297 1442 5344 et
1458 5286 1625 5342 Iacob
1648 5287 1874 5352 lauetur,
1898 5286 2023 5357 quia
2054 5302 2181 5356 sup-

595 5381 842 5451 plantant
888 5380 1191 5445 inimicum;
1240 5389 1295 5436 et
1325 5380 1488 5436 Israel
1515 5379 1767 5443 exsultet,
1811 5380 1940 5448 quia
1969 5379 2181 5434 videtur

597 5469 877 5525 invisibilis
913 5469 1052 5525 Deus
1092 5471 1145 5524 in
1184 5486 1380 5540 genere
1420 5470 1536 5540 ejus
1574 5470 1710 5527 facie
1752 5469 1818 5523 ad
1849 5468 2056 5533 faciem,
2088 5470 2179 5539 qui

595 5569 779 5634 regnat
809 5561 858 5614 in
883 5560 1073 5614 saecula
1098 5562 1434 5618 szceulorum.
1460 5562 1649 5619 Amen.

1136 5691 1449 5749 PSALML‘S
1489 5694 1615 5748 LIII.

600 5827 658 5881 In
698 5827 854 5881 linem
892 5827 946 5882 in
984 5796 1311 5883 carminibus
1346 5827 1648 5883 intellectus
1686 5828 1883 5895 David,
1926 5844 2048 5887 cum
2086 5845 2178 5886 ve-

2288 4756 2380 4811 per
2406 4758 2504 4803 me,
2535 4750 2587 4795 et
2613 4743 2950 4797 contexerant
2977 4759 3059 4797 me
3086 4744 3323 4798 tenebrm.
3348 4743 3418 4797 Et
3445 4744 3557 4797 dixi
3575 4785 3590 4808 ,
3622 4742 3747 4808 Quis
3777 4743 3873 4796 da-

2288 4831 2363 4901 bit
2395 4834 2521 4887 mihi
2547 4849 2747 4904 pennas
2781 4837 2911 4889 sicut
2938 4835 3204 4898 columine,
3245 4845 3295 4889 et
3331 4836 3530 4899 volabo,
3575 4845 3624 4889 et
3672 4837 3872 4908 requie-

2287 4941 2449 4979 scam.
2486 4925 2621 4980 li'cce
2646 4927 2885 4999 elongavi
2913 4930 3132 5000 fugiens,
3177 4938 3227 4983 et
3270 4930 3440 4983 mansi
3477 4931 3531 4983 in
3572 4929 3870 4984 solitudine.

2286 5015 2669 5087 Exspectabam
2690 5020 2807 5072 eum
2824 5020 2910 5091 qui
2930 5018 3130 5073 salvum
3148 5036 3231 5074 me
3250 5021 3377 5092 facit
3396 5009 3428 5073 ἁ
3449 5020 3873 5090 pusillanimitate

2284 5110 2495 5180 spiritus
2527 5119 2576 5164 et
2618 5120 2935 5181 tempestate.
2970 5110 3269 5181 Prwcipita,
3303 5109 3545 5173 Domine,
3585 5108 3755 5162 divide
3781 5108 3877 5161 lin-

2283 5215 2413 5270 guas
2441 5216 2639 5262 eorum,
2670 5202 2915 5271 quoniam
2942 5200 3045 5254 vidi
3074 5196 3398 5273 iniquitatem
3425 5208 3473 5253 et
3513 5198 3879 5254 contradictio-

2283 5304 2401 5342 nom
2442 5289 2495 5342 in
2524 5290 2747 5344 civitate.
2775 5288 2873 5343 Die
2900 5305 2962 5342 ac
2990 5299 3137 5345 nocte
3168 5289 3508 5344 circumdabit
3536 5304 3693 5353 eum;
3722 5304 3877 5360 super

2285 5395 2456 5436 muros
2485 5381 2597 5450 ejus
2631 5381 2894 5452 iniquitas,
2925 5390 2974 5434 et
3002 5381 3149 5435 labor
3176 5382 3232 5435 in
3258 5381 3426 5436 medio
3450 5382 3564 5452 ejus
3590 5390 3640 5433 et
3668 5380 3878 5451 injusti-

2287 5472 2377 5524 tiu.
2414 5470 2480 5526 fit
2507 5487 2610 5525 non
2639 5470 2823 5542 defecit
2849 5472 2916 5524 de
2933 5473 3117 5542 plateis
3143 5473 3256 5542 ejus
3284 5488 3441 5527 usura
3468 5481 3519 5526 et
3539 5470 3709 5525 dolus.
3738 5469 3878 5535 Quo-

2288 5562 2427 5613 niam
2456 5561 2499 5613 si
2530 5560 2767 5614 inimicus
2802 5563 2941 5614 naeus
2969 5561 3321 5615 maledia'isset
3344 5563 3492 5628 mihi,
3518 5563 3876 5615 sustinuissent

2288 5650 2476 5718 utique.
2512 5647 2579 5702 Et
2613 5650 2658 5703 si
2686 5651 2770 5721 qui
2800 5650 2980 5704 oderat
3010 5669 3106 5713 me,
3139 5670 3292 5723 super
3329 5671 3406 5706 me
3446 5670 3636 5729 magna
3678 5646 3876 5705 lacunis

2288 5739 2485 5812 fuisset,
2514 5738 2894 5793 abscondisth
2923 5758 3001 5794 me
3031 5744 3255 5813 forsitan
3282 5742 3348 5795 ab
3369 5759 3448 5797 eo.
3482 5742 3554 5796 Tn
3588 5758 3702 5796 vero
3720 5741 3875 5795 homo

2285 5832 2567 5897 unanimis,
2587 5833 2706 5916 ,ἄρα
2737 5849 2901 5901 meus,
2919 5843 2968 5887 et
2998 5843 3147 5890 notus
3182 5852 3343 5889 meus.
3381 5835 3480 5900 Qui
3506 5834 3660 5890 simul
3680 5847 3879 5888 mecum
3910 5834 3916 5839 ’
