4244 6258
406 298 535 358 40!.

1383 252 1849 359 COMMENTAilll
1890 299 1954 355 IN
1996 297 2326 355 PSALMOS.
2370 299 2561 356 PSAL.
2605 299 2711 356 LV.

3579 294 3686 357 4οΞ

403 420 578 474 dulces
604 419 843 492 capiebas
885 404 1042 484 cibos,
1082 421 1134 472 iu
1163 420 1314 473 domo
1346 417 1443 471 Dei
1472 417 1842 473 ambulat-imus
1875 432 1991 469 cum
2019 416 2068 474 Δ
2095 417 2463 493 contaminant
2506 432 2603 486 per
2644 429 2963 473 consensum
3006 423 3248 471 nostrum
3302 423 3683 473 testamentum

402 527 677 567 consensu.
731 496 915 567 Veniat
956 526 1286 585 mors.super
1324 511 1461 575 illos,
1504 520 1555 563 et
1597 507 1910 563 descendant
1938 510 1992 564 in

403 604 667 673 infernum
687 605 919 657 viventes.
946 602 1205 670 Quoniam
1231 602 1461 674 nequitia
1488 602 1545 656 in
1566 599 1874 655 habitaculis
1900 616 1990 654 eo-

402 710 541 759 rum,
577 693 631 747 in
658 694 828 748 medio
866 710 1063 748 eorum.
1101 693 1219 765 Ego
1246 694 1317 748 ad
1344 693 1630 748 Dominum
1663 692 1905 756 clamavi,
1942 699 1994 745 et

402 782 662 840 Dominus
699 782 915 839 salvabil
953 800 1051 840 me.
1096 784 1338 856 Vespere,
1371 792 1421 839 et
1453 799 1626 850 mane,
1666 791 1715 838 et
1752 782 1987 847 meridie,

401 875 632 932 narrabo
660 883 707 932 et
739 874 1084 944 annuutiabo,
1114 883 1164 931 et
1194 876 1439 932 exaudiet
1468 891 1638 932 vocem
1666 892 1855 930 meam.
1883 874 1991 929 Re-

400 967 563 1022 dimet
581 967 635 1022 in
660 983 789 1039 pace
814 968 1046 1023 animam
1070 985 1242 1023 meam
1266 966 1331 1022 ab
1363 968 1445 1022 Itis
1467 967 1555 1044 qui
1573 967 1992 1039 apprOpinquant

397 1052 548 1128 mihi,
586 1062 833 1132 quoniam
868 1062 1005 1117 inter
1043 1062 1234 1117 multos
1281 1070 1433 1133 erant
1467 1078 1686 1115 mecum.
1727 1059 1991 1115 Exaudiet

395 1149 560 1215 Deus,
583 1159 633 1204 et
651 1151 945 1206 humiliabit
965 1152 1105 1219 illos,
1130 1153 1219 1225 qui
1236 1160 1312 1206 est
1332 1160 1454 1206 ante
1472 1152 1682 1207 secula.
1709 1149 1834 1207 Non
1848 1151 1992 1221 enim

395 1249 470 1295 est
496 1240 602 1296 illis
630 1243 990 1321 commutatio,
1019 1251 1068 1296 et
1096 1259 1203 1296 non
1231 1241 1510 1296 timuerunt
1542 1240 1726 1308 Deum,
1759 1241 1991 1297 extendit

395 1350 610 1387 manum
648 1351 799 1389 suam
826 1335 883 1390 in
920 1333 1271 1390 retribuendo.
1304 1333 1795 1390 Contaminaverunt
1833 1340 1991 1388 testa-

394 1434 622 1482 mentum
660 1427 794 1498 ejus,
826 1427 978 1483 divisi
1001 1435 1123 1499 sunt
1157 1422 1224 1481 ab
1247 1427 1329 1481 ira
1366 1408 1534 1481 vultus
1555 1427 1687 1498 ejus,
1715 1434 1763 1480 et
1794 1443 1989 1499 appro:

394 1518 663 1591 pinquavit
694 1536 788 1574 cor
830 1519 994 1575 illius.
1035 1518 1231 1584 Molliti
1261 1528 1382 1574 sunt
1408 1503 1666 1574 sermones
1695 1519 1807 1590 ejus
1835 1534 1989 1590 super

396 1610 582 1677 olettm,
606 1619 654 1664 et
677 1610 781 1682 ipsi
800 1619 922 1666 sunt
933 1612 1134 1683 jacula.
1157 1611 1316 1665 Jacta
1336 1627 1490 1683 super
1509 1609 1790 1665 Dominum
1809 1627 1987 1665 curam

396 1712 559 1769 tuam,
601 1714 651 1759 et
688 1705 797 1775 ipse
835 1713 884 1758 te
921 1706 1162 1773 enutriet,
1194 1722 1299 1761 non
1330 1704 1477 1760 dabit
1514 1707 1569 1759 in
1610 1714 1859 1760 cateruam
1885 1707 1986 1776 ﬂu-

2097 510 2235 578 ejus,
2265 519 2320 564 et
2347 510 2593 578 quamvis
2628 507 2784 563 divisi
2825 509 2933 563 sint
2976 506 3044 563 ab
3084 508 3163 563 ira
3193 508 3370 564 vultus
3397 508 3532 579 ejus,
3554 511 3682 580 quia

2097 603 2441 674 impassibilis
2475 610 2577 671 est,
2605 612 2783 658 tamen
2810 602 3095 674 appropiat
3121 617 3217 658 cor
3247 602 3381 673 ejus.
3414 603 3531 660 Non
3559 620 3683 660 eum

2094 696 2244 761 latet,
2271 696 2397 766 quia
2425 696 2676 752 molliunt
2712 696 3113 766 suggestionum
3143 710 3361 751 suarum
3404 712 3685 754 sermones

2094 805 2258 860 super
2277 788 2478 854 oleum,
2503 797 2558 845 et
2584 789 2687 859 Ipsi
2716 795 2841 843 sunt
2856 788 3055 858 jacula.
3079 787 3161 843 Tu
3178 803 3329 855 vero,
3354 786 3681 851 Christiane,

2087 879 2233 948 jacta
2254 880 2309 934 in
2334 880 2501 935 Deum
2522 870 2905 949 cogitationem
2932 895 3104 945 suam,
3135 887 3192 936 et
3211 879 3325 950 ipse
3346 887 3401 935 te
3426 880 3678 937 enutriet.

2092 970 2214 1027 Noli
2232 957 2440 1033 dicere,
2462 971 2600 1040 Quid
2626 965 2970 1037 manducabo,
2991 971 3118 1044 quid
3138 969 3327 1038 bibam,
3357 988 3456 1043 quo
3477 974 3683 1044 operiar

2094 1061 2307 1134 (Matth.
2340 1060 2552 1133 v)?Per
2578 1062 2708 1118 istas
2734 1062 2878 1117 enim
2906 1062 3264 1132 cogitationes
3290 1060 3563 1119 dmmones
3578 1062 3681 1134 ipsi

2060 1190 2076 1198 -
2091 1160 2217 1209 sunt
2235 1152 2432 1222 jacula,
2456 1168 2593 1222 quos
2614 1152 2851 1209 deducet
2875 1152 3136 1208 Dominus
3162 1153 3216 1208 in
3244 1160 3466 1224 puteum
3493 1153 3683 1210 interi-

2091 1255 2198 1313 tus,
2227 1247 2273 1300 si
2303 1254 2361 1300 tu
2390 1245 2443 1300 in
2472 1247 2584 1301 Deo
2604 1245 2896 1315 jactaveris
2920 1240 3215 1318 cogitatum
3244 1255 3409 1315 tuum.
3437 1265 3465 1327 τ’
3491 1256 3548 1304 et
3583 1248 3681 1329 tibi

2089 1336 2306 1410 quidem
2345 1338 2497 1393 tollet
2531 1338 2955 1403 fluctuationem,
2987 1338 3108 1418 illos
3134 1332 3264 1394 vero
3291 1338 3680 1408 virossangui-

2090 1445 2217 1484 num
2264 1437 2321 1485 et
2364 1428 2584 1485 dolosos
2629 1446 2737 1484 non
2787 1429 3063 1500 permittet
3101 1443 3204 1484 nec
3241 1427 3524 1484 dimidiare
3563 1429 3704 1486 dies“

2038 1510 2043 1516 ”
2080 1536 2233 1586 suos,
2273 1519 2326 1574 id
2367 1529 2470 1583 est,
2516 1519 2581 1574 ad
2624 1527 2885 1589 quantum
2927 1518 3255 1576 tentationes
3294 1527 3521 1589 parant,
3569 1536 3680 1589 non

2076 1611 2350 1683 permittit
2378 1626 2493 1676 eos,
2535 1627 2636 1667 nec
2670 1610 2953 1666 ditnidiare
2980 1610 3033 1664 in
3063 1619 3137 1677 te,
3167 1611 3214 1666 si
3246 1610 3449 1666 dixeris
3477 1612 3531 1665 in
3560 1620 3677 1666 toto

2087 1702 2251 1761 corde
2276 1722 2288 1755 :
2314 1701 2428 1772 Ego
2450 1703 2504 1758 in
2531 1711 2585 1758 te
2606 1718 2786 1774 spero,
2812 1703 3055 1770 Domine,
3078 1704 3171 1774 qui
3190 1718 3385 1773 regnas
3408 1704 3461 1760 in
3481 1704 3677 1760 saecula

396 1799 709 1854 ctuationem
726 1799 890 1870 justo.
910 1798 985 1867 Ίζιι
1004 1815 1144 1864 vero,
1165 1797 1328 1863 Deus,
1352 1798 1569 1857 deduces
1588 1814 1675 1853 eos
1698 1798 1751 1852 in
1777 1806 1986 1869 puteum
2017 1780 2061 1841 Β
2088 1796 2426 1852 seculorum.
2452 1796 2642 1852 Amen.

398 1890 658 1944 interitus.
700 1888 813 1944 Viri
842 1890 1157 1962 sanguinum
1196 1897 1247 1942 et
1281 1888 1451 1943 dolosi
1490 1905 1594 1943 non
1635 1887 1985 1943 dimidiabunt

401 1983 511 2036 dies
540 1999 684 2047 suos,
711 1999 804 2055 ego
833 1990 1002 2037 autem
1023 1980 1241 2053 sperabo
1274 1982 1329 2036 in
1362 1990 1430 2046 te,
1455 1980 1693 2038 Domine.

978 2134 1407 2175 COIIENTAMUI.

480 2249 692 2308 Primus
733 2253 1157 2310 conversationis
1198 2261 1369 2307 status
1410 2259 1514 2317 est,
1544 2260 1605 2307 ut
1640 2251 1988 2308 contristetur

403 2342 567 2400 homo
595 2344 650 2398 in
676 2344 1059 2399 exercitatione
1076 2343 1413 2409 delictorum,
1432 2342 1868 2398 etconturhetur
1890 2359 1987 2412 po-

404 2435 508 2489 tius
547 2449 709 2505 quam
737 2435 1032 2490 delectetur
1059 2426 1101 2489 a'
1118 2451 1252 2491 voce
1297 2434 1519 2499 inimici,
1551 2443 1607 2489 et
1638 2433 1987 2489 tribulatione

400 2535 760 2597 peccatorum.
800 2526 989 2581 Veniat
1015 2525 1260 2587 formido
1302 2526 1496 2583 mortis
1540 2541 1884 2597 supercum,
1915 2539 1986 2579 ne

399 2617 450 2671 in
471 2618 706 2688 peccatis
733 2617 1014 2683 moriatur,
1045 2625 1101 2673 et
1127 2626 1420 2686 contegant
1448 2633 1573 2673 eum
1608 2617 1829 2673 tenebrae
1850 2625 1988 2673 crte-

396 2709 577 2775 riores,
592 2707 680 2763 ubi
701 2716 777 2763 est
791 2710 941 2779 ﬂetus
961 2714 1009 2761 et
1024 2707 1219 2762 stridor
1232 2705 1461 2763 dentium
1479 2707 1629 2781 (Luc.
1645 2724 1736 2763 xm
1752 2725 1767 2773 ;
1793 2707 1981 2763 Matth.

394 2802 494 2873 ut).
525 2799 632 2856 Sed
659 2802 707 2856 si
735 2801 851 2856 fieri
877 2808 1076 2871 potest,
1103 2801 1341 2872 accipiat
1360 2805 1566 2872 pennas
1592 2802 1756 2856 animi
1785 2802 1836 2856 in
1865 2801 1985 2873 Spi-

394 2897 501 2951 ritu
526 2904 740 2963 sancto,
760 2897 903 2952 sicut
931 2895 1598 2961 columbte‘descendentis
1633 2896 1702 2952 de
1740 2898 1899 2964 cmlo,
1930 2906 1987 2953 et

395 2987 578 3042 evolet
606 2984 813 3055 fugiens
839 2985 1182 3042 inimicot'um
1207 2996 1417 3054 manus,
1436 2987 1595 3057 longe
1619 2988 1796 3055 vadat,
1822 2986 1986 3057 fugiat

398 3094 430 3134 a
459 3087 709 3149 peccato,
738 3084 795 3134 et
820 3079 977 3149 quasi
1020 3078 1076 3133 in
1116 3078 1404 3136 solitudine
1428 3080 1669 3151 positus,
1708 3082 1786 3136 sic
1824 3080 1984 3136 nullis

2659 1886 2974 1958 PSALMUS
3011 1888 3121 1945 Lv.

2087 2001 2144 2057 In
2160 2000 2331 2085 ﬁnem
2344 2018 2462 2085 pro
2490 2002 2711 2085 populo,
2740 2002 2846 2085 qui
2874 2004 3134 2085 ansanctis
3162 2003 3319 2085 longe
3357 2001 3529 2085 factus
3566 2012 3668 2069 est,

2159 2073 2211 2127 in
2244 2072 2381 2126 tituli
2410 2072 2890 2196 inscrgstioneipsi
2911 2072 3099 2139 David,
3129 2089 3250 2129 cum
3280 2082 3523 2128 tenerent
3551 2089 3673 2128 eum

2159 2142 2428 2196 Alloohvli
2457 2143 2510 2196 in
2596 2142 2706 2196 eth.

2596 2151 2706 2196 eth.

2160 2254 2412 2309 Miserere
2437 2254 2559 2319 mei,
2584 2253 2741 2320 Deus,
2766 2257 3010 2325 quoniam
3038 2248 3360 2311 conculcavft
3388 2274 3470 2311 me
3498 2257 3671 2323 homo,

2086 2355 2197 2402 tota
2234 2348 2318 2400 die
2348 2346 2663 2416 impugnans
2692 2346 2956 2402 tribulavit
2984 2365 3083 2402 me.
3116 2346 3560 2403 Conculcaverunt
3595 2346 3675 2403 me

2086 2440 2286 2494 inimici
2307 2441 2406 2493 mei
2427 2448 2534 2493 tota
2557 2438 2657 2504 die,
2675 2440 2920 2512 quoniam
2949 2441 3100 2495 multi
3130 2439 3376 2495 bellantes
3405 2441 3675 2505 adversum

2087 2549 2185 2587 me.
2217 2530 2294 2584 Ab
2322 2531 2595 2585 altitudine
2622 2531 2726 2585 diei
2753 2529 2959 2595 timebo,
2987 2547 3081 2603 ego
3118 2548 3234 2586 vero
3264 2533 3317 2584 in
3356 2541 3405 2585 te
3432 2531 3670 2603 sperabo.

2091 2619 2156 2674 In
2199 2618 2309 2675 Deo
2339 2618 2562 2674 laudabo
2589 2636 2851 2674 sermones
2880 2637 3037 2682 meos,
3069 2621 3125 2673 in
3166 2619 3275 2674 Deo
3314 2621 3538 2690 sperari,
3570 2638 3675 2675 non

2158 2142 2428 2214 Allophyli
2457 2143 2510 2196 in

2086 2711 2272 2768 timebo
2300 2713 2424 2785 quid
2461 2713 2624 2783 faciat
2653 2712 2780 2767 milli
2807 2729 2953 2765 caro.
2988 2711 3119 2764 Tota
3148 2712 3233 2764 die
3253 2710 3406 2764 verba
3436 2727 3549 2764 mea
3576 2728 3672 2765 ex-

2085 2801 2759 2883 secrabantur,_adversum
2795 2818 2877 2856 me
2917 2818 3093 2857 omnes
3122 2801 3463 2873 cogitationes
3494 2818 3672 2857 eorum

2085 2898 2141 2952 in
2169 2897 2384 2953 malum.
2419 2893 2791 2950 Inhabitabunt
2810 2903 2859 2950 et
2887 2895 3224 2962 abscondent,
3247 2895 3350 2968 ipsi
3368 2897 3673 2951 calcaneum

2086 3006 2254 3044 meum
2285 2986 2646 3043 observabant.
2680 2987 2830 3042 Sicut
2850 2989 3201 3043 sustinuerunt
3228 2990 3462 3043 animam
3482 3005 3673 3055 meam,

2085 3097 2179 3151 pro
2206 3080 2369 3135 nihilo
2390 3080 2562 3134 salvos
2584 3079 2746 3151 [acies
2774 3078 2914 3145 illos,
2938 3078 2992 3133 in
3014 3079 3096 3133 ira
3114 3079 3333 3150 populos
3352 3081 3671 3151 confringes.

397 3172 544 3226 curis
562 3171 872 3228 involvatur
890 3171 1159 3227 humanis.
1177 3170 1326 3229 Tunc
1344 3173 1486 3229 enim
1516 3182 1794 3244 exspectat
1815 3174 1983 3229 Deum

2088 3168 2249 3235 Deus,
2284 3172 2441 3224 vitam
2469 3185 2636 3223 meam
2676 3171 2983 3225 annuntiavi
3016 3170 3127 3235 tibi,
3159 3170 3381 3242 posuisti
3414 3170 3701 3242 lacrumas,

290 3312 293 3317 .
393 3265 487 3335 qui
523 3264 699 3319 salvat
738 3279 860 3319 eum
905 3279 936 3318 a
981 3264 1421 3334 pusillahimitatc
1471 3276 1528 3320 et
1556 3273 1898 3336 tempestate,
1928 3273 1988 3321 ut

394 3356 692 3427 prmipitet
719 3356 998 3422 Dominus,
1032 3365 1089 3412 et
1127 3356 1331 3412 dividat
1358 3357 1568 3432 linguas
1595 3373 1806 3414 eorum.
1840 3357 1987 3425 Quo-

394 3446 536 3501 niam
562 3446 699 3502 vidit
724 3446 1086 3517 iniquitatem,
1119 3454 1173 3502 et
1200 3446 1682 3517 contradictionem
1712 3448 1765 3502 in
1792 3447 1986 3502 civita-

395 3545 522 3603 tem,
551 3553 673 3609 qua:
700 3538 978 3609 iniquitas,
1012 3546 1069 3594 et
1104 3537 1194 3594 die
1236 3544 1293 3593 et
1333 3546 1493 3593 nocte
1530 3538 1829 3594 circumdat
1866 3554 1986 3594 eam

394 3645 557 3701 super
573 3644 761 3687 muros
784 3629 924 3701 ejus,
949 3630 1002 3686 id
1029 3639 1132 3697 est,
1156 3629 1404 3685 diabolus
1427 3630 1728 3685 circumdat
1752 3630 1988 3686 animam

395 3736 556 3792 super
575 3737 762 3778 muros
788 3721 928 3792 ejus,
951 3721 1256 3793 ubicunque
1300 3736 1362 3776 se
1390 3721 1537 3776 vitiis
1562 3734 1863 3790 repugnare
1890 3736 1987 3790 μω

395 3815 581 3889 suerit.
606 3812 677 3868 Et
700 3830 810 3870 non
830 3813 1044 3869 defecit
1070 3800 1139 3870 de
1157 3813 1354 3884 plateis
1373 3811 1511 3883 ejus,
1540 3812 1594 3867 id
1614 3820 1734 3876 est,
1752 3812 1807 3867 in
1835 3814 1985 3881 cogi-

399 3908 695 3979 tationibus
717 3908 836 3977 ejus
867 3922 1031 3963 usura
1061 3915 1117 3964 et
1152 3906 1327 3963 dolus.
1361 3904 1626 3974 Quoniam
1652 3905 1699 3960 si
1740 3905 1988 3963 inimicus

400 3999 765 4056 maledixissct
782 4000 935 4067 mihi,
959 3999 1013 4054 id
1035 4007 1139 4065 est,
1161 3999 1208 4055 si
1232 3999 1348 4069 ipse
1374 3997 1622 4074 diabolus
1640 4013 1738 4068 per
1756 4013 1818 4053 se
1845 3998 1987 4055 mala

399 4090 712 4159 loqueretur
731 4091 1017 4147 adversum
1055 4106 1164 4156 me,
1194 4090 1322 4161 quia
1349 4098 1529 4146 certus
1557 4104 1697 4156 sum,
1726 4090 1871 4161 quod
1900 4105 1987 4146 me

398 4181 593 4250 adiret,
625 4183 1013 4240 absconderem
1042 4199 1130 4239 me
1158 4184 1228 4239 ab
1257 4199 1343 4239 eo.
1368 4182 1523 4239 Nunc
1541 4199 1672 4239 vero
1701 4192 1761 4239 tu
1787 4185 1985 4240 unani-

397 4279 517 4345 mis,
545 4277 651 4334 dux
682 4293 863 4344 meus,
888 4286 943 4333 et
972 4286 1133 4333 notus
1160 4289 1340 4343 meus,
1378 4276 1434 4332 id
1466 4284 1580 4342 est,
1608 4260 1776 4333 homo
1810 4290 1982 4343 meus,

398 4371 639 4425 exterior
666 4370 851 4435 homo,
884 4371 1070 4440 utique
1104 4370 1426 4442 corporalis,
1455 4370 1548 4441 qui
1585 4369 1745 4425 simul
1774 4384 1985 4424 mecum

400 4458 584 4514 dulces
602 4460 967 4515 communicas
988 4460 1139 4515 cibos
1162 4461 1215 4515 in
1234 4474 1424 4515 mensa
1443 4458 1706 4530 mysterii,
1725 4466 1782 4513 ιιι
1794 4466 1984 4514 contra

2088 3279 2230 3317 meas
2265 3264 2320 3317 in
2356 3271 2631 3335 conspectu
2667 3272 2775 3319 tuo.
2820 3264 2969 3319 Sicut
3003 3273 3051 3318 et
3087 3265 3142 3318 in
3179 3264 3526 3336 promissione
3561 3274 3673 3330 tua,

2088 3365 2210 3410 tunc
2232 3364 2591 3412 convertentur
2618 3357 2817 3412 inimici
2844 3358 2945 3412 mei
2965 3364 3265 3411 retrorsum.
3288 3354 3355 3410 In
3374 3372 3676 3429 quacunque

2087 3448 2172 3502 die
2191 3448 2492 3504 invocavero
2521 3457 2588 3516 te,
2616 3466 2732 3505 ecce
2756 3449 2972 3521 cognovi
2998 3450 3243 3520 quoniam
3265 3445 3406 3502 Deus
3426 3465 3568 3511 meus
3594 3464 3668 3502 es.
3730 3484 3735 3491 ι

2090 3536 2156 3593 In
2203 3538 2310 3595 Deo
2354 3539 2578 3596 laudabo
2628 3540 2868 3605 verbum,
2914 3541 2968 3593 in
3012 3538 3239 3593 Domino
3287 3538 3511 3602 laudabo
3560 3556 3672 3592 ser-

2086 3647 2285 3693 mones,
2317 3631 2371 3684 in
2414 3630 2522 3685 Deo
2567 3630 2790 3698 speravi,
2824 3645 2928 3682 non
2970 3624 3155 3681 timebo
3182 3626 3315 3697 quid
3347 3626 3509 3696 faciat
3544 3625 3674 3680 mihi

2086 3719 2257 3774 homo.
2285 3718 2350 3773 In
2376 3735 2455 3774 me
2480 3726 2619 3781 sunt,
2644 3716 2807 3781 Deus,
2844 3724 2960 3771 vota
2981 3723 3092 3786 tua,
3104 3731 3228 3787 qua
3244 3714 3460 3769 reddam
3482 3716 3672 3770 lauda-

2086 3813 2253 3867 tiones
2282 3810 2393 3866 tibi.
2425 3810 2683 3879 Quoniam
2700 3808 2935 3880 eripuisti
2946 3808 3189 3877 animam
3209 3823 3377 3862 meam
3403 3807 3466 3859 de
3487 3815 3669 3862 morte.

2085 3910 2133 3955 et
2161 3902 2314 3974 pedes
2341 3918 2482 3956 meos
2519 3901 2581 3956 de
2612 3901 2783 3972 lapsu,
2811 3907 2868 3952 ut
2892 3898 3125 3970 placeant
3153 3912 3330 3951 coram
3362 3896 3467 3952 Deo
3500 3900 3553 3952 in
3587 3899 3671 3960 (κέ

2087 3996 2224 4050 mine
2246 3993 2537 4050 viventium.
2820 4031 2823 4035 -
2930 4032 2935 4041 .

2664 4076 3098 4155 ῡοιιιιεκτλιιιωι.
3162 4136 3171 4144 ν

2158 4176 2215 4232 Si
2246 4141 2517 4256 tenuerint
2545 4185 2597 4231 te
2624 4141 2912 4246 Alldphyli,
2945 4181 3002 4229 et
3029 4190 3060 4229 a
3100 4141 3302 4230 sanctis
3327 4171 3674 4241 cogitationi-

2086 4272 2186 4326 bus
2213 4269 2370 4337 longe
2399 4267 2641 4331 fecerint,
2660 4266 2831 4321 clama
2861 4265 2928 4321 ad
2951 4265 3139 4327 Deum,
3166 4263 3350 4319 dicens
3384 4281 3397 4317 :
3422 4262 3677 4317 Miserere

2085 4361 2212 4425 mei,
2245 4362 2490 4427 Domine,
2513 4361 2766 4430 quoniam
2796 4359 3130 4415 conculcavit
3152 4374 3238 4413 me
3275 4359 3457 4424 homo,
3491 4357 3679 4426 utique

2089 4456 2346 4512 exterior.
2371 4452 2475 4510 Per
2495 4463 2548 4509 te
2576 4454 2719 4508 enim
2750 4460 2914 4522 agunt
2941 4459 3128 4508 contra
3159 4458 3230 4514 te,
3252 4466 3348 4521 per
3368 4449 3541 4520 ipsum
3564 4456 3676 4503 tota

400 4561 491 4601 me
517 4544 661 4615 agis,
681 4554 742 4601 tu
769 4552 890 4603 cum
917 4546 1150 4604 inimicis
1176 4548 1314 4603 meis
1341 4523 1633 4603 delectaris
1662 4523 1715 4602 in
1745 4548 1992 4614 consiliis,
2015 4523 2063 4583 Ι)
2088 4547 2177 4603 die
2201 4552 2443 4618 pugnant
2469 4545 2754 4600 adversum
2785 4552 2839 4598 te
2866 4542 3065 4617 inimici
3096 4542 3194 4598 tui.
3224 4540 3329 4598 Sed
3358 4540 3413 4595 hi
3442 4540 3534 4611 qui
3560 4540 3680 4595 bel-

397 4654 611 4705 eorum,
639 4654 738 4710 per
756 4648 810 4696 te
838 4642 1058 4696 veniunt
1076 4640 1146 4695 ad
1171 4656 1278 4706 me,
1301 4640 1485 4696 veniat
1510 4655 1655 4695 mors
1681 4653 1845 4710 super
1867 4654 1996 4695 eos.:

397 4727 467 4785 Et
490 4730 619 4799 quia
648 4737 840 4785 natura
861 4730 1194 4786 immortales
1220 4737 1368 4794 sunt,
1382 4729 1713 4786 descendant
1740 4730 1794 4784 in
1822 4729 1988 4795 infer:-

400 4834 527 4875 num
554 4821 819 4888 viventes,
849 4821 978 4891 quia
1016 4821 1254 4890 nequitia
1293 4821 1361 4875 in.
1387 4820 1635 4890 hospitiis
1661 4834 1847 4876 eorum
1879 4839 1892 4874 :
1930 4821 1986 4875 in

402 4911 578 4969 medio
597 4927 807 4979 eorum,
831 4903 885 4968 id
913 4920 1016 4978 est,
1048 4912 1101 4968 in
1124 4912 1557 4983 suggestionibus
1574 4915 1782 4977 eorum,
1806 4912 1861 4967 id
1880 4918 1984 4976 est,

403 5004 455 5058 in
481 5004 664 5061 medio
689 5005 1093 5075 suggestionum
1122 5006 1337 5062 eorum.
1360 5004 1417 5061 Si
1435 5013 1577 5075 'er'go
1594 5002 1670 5061 ad
1690 5004 1985 5061 'DOminum

402 5095 739 5161 clamaveris,
763 5105 820 5152 et
844 5096 927 5152 vis
954 5105 1014 5151 ut
1045 5096 1310 5151 Daminus‘
1327 5095 1484 5152 Iesus
1510 5096 1762 5153 exaudiat
1792 5105 1862 5163 te,
1894 5110 1987 5165 ve-

403 5202 580 5256 spere,
610 5197 669 5243 et
698 5203 878 5254 mane,
909 5196 965 5243 et
992 5184 1238 5253 meridie,
1258 5187 1359 5258 ipsi
1387 5187 1654 5253 narrabis,
1685 5188 1786 5259 ipsi
1814 5187 1993 5243 contis

404 5279 624 5344 teberis,
652 5279 754 5350 ipsi
781 5278 974 5350 preces
1000 5273 1259 5343 etfundes,
1277 5278 1346 5333 'et
1385 5278 1502 5350 sine
1528 5278 1692 5334 dubio
1721 5279 1794 5332 ita
1814 5283 1990 5332 exau-

276 5406 283 5415 .
360 5412 365 5417 .
406 5368 517 5424 diet
542 5348 732 5426 vocem
758 5348 943 5436 tuam,
973 5379 1032 5425 ut
1069 5370 1260 5426 liberet
1285 5385 1316 5423 a
1360 5348 1504 5426 bello
1529 5372 1727 5426 earum
1752 5369 1990 5423 animam

405 5469 572 5527 tuam,
597 5458 772 5518 abhis
787 5458 884 5532 qui
904 5460 1286 5536 approximant
1303 5463 1373 5518 ei.
1392 5461 1460 5516 Et
1480 5462 1621 5519 inter
1646 5462 1844 5517 multos
1865 5462 1985 5529 hos,

406 5548 522 5624 ipse
557 5555 662 5609 erit
701 5562 879 5611 tecum
913 5556 1009 5624 Qui
1046 5552 1292 5610 bumiliet
1327 5549 1457 5619 eos,
1491 5554 1583 5624 qui
1623 5568 1681 5609 se
1716 5555 1990 5622 nunquam

404 5635 633 5715 mutant,
656 5649 749 5718 qui
771 5658 1047 5719 nunquam"
1067 5648 1257 5704 timent
1278 5648 1465 5703 Deum.
1492 5644 1746 5702 Extendit
1773 5660 1991 5701 manum

401 5756 557 5801 suam
595 5741 756 5807 Deus,
800 5743 852 5798 in
895 5740 1242 5799 retribuendo
1276 5741 1383 5807 eis,
1425 5741 1551 5810 quia
1593 5741 1695 5811 ipsi
1734 5748 1855 5795 sunt
1897 5739 1990 5808 qui

2089 4640 2204 4697 lant
2230 4639 2513 4694 adversum
2543 4646 2618 4701 te,
2642 4636 2925 4699 timebunt,
2951 4635 2999 4690 si
3017 4634 3219 4711 dixeris
3246 4633 3358 4688 Deo
3377 4652 3389 4685 :
3408 4632 3543 4702 Ego,
3568 4631 3679 4686 Dea

2088 4734 2254 4799 mine,
2287 4733 2341 4787 in
2369 4740 2425 4786 te
2469 4729 2723 4801 sperabo,
2775 4741 2885 4782 non
2939 4726 3141 4781 timebo
3194 4724 3321 4793 quid
3360 4723 3520 4779 faciat
3548 4724 3680 4780 mihi

2088 4839 2237 4881 caro.
2266 4802 2472 4878 Inimici
2500 4820 2610 4876 mei
2635 4819 2798 4876 verba
2829 4833 2948 4873 mea
2976 4822 3353 4880 exsecrantur,
3396 4816 3636 4870 dicentes
3663 4830 3678 4867 :

2088 4918 2167 4973 ita
2188 4917 2289 4972 iste
2308 4915 2611 4971 castitatem
2639 4912 2819 4976 docet,
2850 4910 3183 4971 seminemus‘
3203 4908 3254 4962 ei
3283 4906 3528 4961 libidines
3553 4922 3567 4956 :
3591 4904 3681 4958 hic

2091 5009 2185 5078 qui
2212 5013 2580 5076 contemptum
2622 5003 2806 5059 mundi
2853 5002 3135 5073 praedicat,
3162 5010 3404 5052 amorem
3439 4995 3721 5064 pecunia-

2094 5099 2442 5155 immittamus
2470 5096 2541 5151 ei.
2568 5093 2861 5151 Adversum
2890 5100 2944 5146 te
2971 5104 3099 5159 ergo
3124 5094 3250 5143 sunt
3273 5084 3424 5153 justi,
3455 5082 3691 5142 consilia

2093 5206 2279 5249 eorum
2308 5191 2363 5246 in
2391 5190 2530 5246 mala
2548 5230 2565 5255 ,
2594 5196 2746 5243 tanta
2777 5182 3073 5239 subtilitate
3100 5184 3339 5245 agentes,
3367 5183 3427 5229 ut
3453 5174 3684 5230 absentis

2070 5282 2190 5339 .diti
2220 5282 2474 5347 tibisint;
2503 5278 2650 5350 quod
2676 5276 2949 5332 daemones
2966 5272 3093 5335 sint,
3118 5276 3277 5339 putas
3302 5276 3484 5324 autem
3500 5268 3678 5338 Lange-

2096 5376 2177 5431 los
2202 5374 2298 5429 Dei
2326 5362 2633 5430 ministrare
2677 5364 2981 5424 consilium.
3011 5363 3094 5418 llli
3131 5370 3310 5418 autem
3340 5358 3557 5419 inimici
3584 5362 3680 5418 tui

2092 5474 2252 5531 sunt,
2281 5462 2595 5520 calcaneum
2641 5466 2793 5512 tuum
2841 5453 3225 5522 observantes,
3277 5453 3346 5518 id:
3367 5462 3487 5519 est,
3519 5439 3683 5507 linem

2095 5556 2257 5612 tuum
2287 5552 2684 5623 exspectantes.
2714 5545 2959 5602 Sustinet
3006 5546 3242 5605 animam
3285 5554 3431 5601 tuam
3467 5557 3569 5613 pro
3596 5541 3680 5595 ni-

2091 5648 2203 5703 hilo
2226 5684 2242 5708 ,
2271 5652 2332 5699 ut
2356 5643 2499 5696 dum'
2521 5654 2584 5694 se
2631 5637 2790 5693 vilem
2829 5635 3395 5708 :estimatepro‘parvi
3423 5630 3680 5701 temporis

2091 5737 2506 5800 delectamento,
2528 5738 2715 5802 pereat
2736 5730 2790 5787 in
2815 5737 3094 5787 :eternum.
3129 5726 3316 5785 Anima
3347 5734 3524 5779 autem
3552 5721 3680 5779 dum
