4244 6258
356 342 461 415 ιοδ

1304 340 1768 398 COMMENTARII
1806 341 1873 399 IN
1910 340 2241 427 ρελωωξ.
2285 342 2476 399 PSAL.
2523 342 2698 402 LVIII.
2756 366 2763 367 ί

3532 352 3637 413 406

356 467 548 514 ventre
570 457 742 529 patris
763 457 922 512 vestri
947 454 1205 510 Abrahtc?
1232 452 1346 509 Hoc
1366 452 1635 509 Abraham
1666 468 1773 511 non
1798 451 1944 516 fecit,
1977 453 2027 525 Α
2056 453 2195 511 debis
2223 472 2312 511 eos
2344 464 2394 511 et
2433 457 2503 510 ad
2541 456 2762 512 nihilum
2790 457 3006 512 deduces
3037 474 3210 515 omnes
3234 470 3431 532 gentes.
3457 460 3639 519 Forti-

360 550 421 606 Si
450 550 555 622 ﬁlii
590 547 813 607 Abrahae
843 547 1019 620 essetis
1038 586 1053 611 ,
1089 546 1261 617 utique
1286 561 1445 616 opera
1467 542 1690 607 Abralne
1708 543 1949 615 faceretis

361 640 548 714 (Joan.
599 642 730 713 νηί).
770 638 919 694 Nunc
955 652 1083 694 vero
1125 635 1345 691 alienati
1384 635 1515 695 estis
1553 634 1620 693 ab
1644 641 1816 706 utero,
1841 648 1952 689 non

361 732 498 789 estis
522 730 617 787 ﬁlii
637 730 771 799 ejus,
793 729 1012 789 errastis
1040 743 1071 783 a
1091 736 1297 789 ventre.
1316 726 1425 785 Vos
1448 727 1592 783 enim
1617 727 1768 796 cujus
1786 740 1953 797 opera

362 826 529 881 vultis
542 824 736 887 facere,
750 821 909 891 hujus
932 820 1025 877 lilii
1054 820 1206 885 estis,
1220 837 1309 876 vos
1329 836 1395 875 ea:
1409 829 1557 893 patre
1577 818 1785 875 diabolo
1803 819 1948 882 estis,

363 918 650 987 loquentes
668 915 818 975 falsa.
852 913 954 970 Ille
977 912 1123 969 enim
1147 911 1212 969 ab
1240 913 1392 968 initio
1421 910 1649 970 mendax
1680 911 1797 983 fuit,
1823 910 1951 964 etin

332 990 579 1071 ueritate.
599 1023 700 1069 non
734 1007 876 1061 stetit
902 1002 1117 1079 (Ibid).
1151 1001 1331 1071 Quare
1358 1001 1650 1059 excaecavit
1672 1016 1770 1057 vos
1795 1000 1953 1059 mali-

364 1100 438 1155 tia
469 1098 685 1155 vestra?
732 1095 927 1173 cecidit
973 1094 1118 1151 enim
1158 1108 1322 1166 super
1350 1109 1448 1150 vos
1473 1093 1612 1165 ignis
1636 1092 1871 1155 malitia,
1901 1099 1957 1149 ot

363 1192 611 1253 videntes
636 1207 746 1257 non
782 1190 977 1251 videtis
1002 1189 1174 1263 solem
1210 1187 1452 1259 justitize,
1483 1186 1579 1247 sed
1606 1186 1745 1242 sicut
1771 1186 1956 1243 leones

364 1301 461 1344 ora
482 1292 665 1345 vestra
692 1284 751 1340 in
776 1282 970 1345 mortis
989 1280 1106 1352 ejus
1131 1280 1349 1339 fremitu
1375 1279 1613 1351 aperitis.
1650 1278 1749 1335 illo
1776 1285 1957 1334 autem

363 1385 692 1449 exsurgente
714 1392 745 1433 a
764 1373 1018 1438 mortuis,
1041 1372 1185 1435 Deus
1198 1378 1447 1429 conteret
1476 1370 1668 1425 dentes
1688 1383 1880 1424 eorum
1902 1369 1957 1424 in

365 1486 459 1528 ore
476 1471 745 1543 ipsorum,
776 1466 951 1529 molas
974 1465 1199 1525 leonum
1220 1462 1525 1531 confringet
1554 1460 1812 1516 Dominus
1832 1500 1848 1526 ,
1882 1459 1957 1513 ita

367 1572 425 1621 ut
452 1561 519 1635 ad
547 1562 775 1637 nihilum
792 1560 1115 1627 deveniam,
1147 1557 1297 1614 velut
1324 1570 1462 1626 aqua
1487 1554 1796 1620 decurrens,
1826 1568 1958 1609 con-

369 1661 450 1717 tra
479 1667 617 1724 quos
644 1651 875 1713 intendit
903 1666 1089 1707 arcum
1113 1648 1372 1707 Dominus
1392 1687 1408 1715 ,
1436 1645 1609 1701 donec
1636 1642 1953 1711 inﬁrmetur.

369 1745 519 1805 Sicut
545 1761 669 1804 cera
694 1742 984 1817 liquefacta
1010 1742 1343 1799 auferantur.
1394 1736 1533 1793 Cera
1577 1735 1861 1805 liquefacta
1890 1734 1955 1789 ad

2053 548 2278 607 tudinem
2304 564 2472 609 meum
2512 548 2583 604 ad
2624 558 2671 604 te
2708 549 3014 616 custodiam,
3047 552 3169 624 quia
3196 550 3338 608 Deus
3376 565 3640 626 susceptor

2052 654 2193 701 uteris
2211 655 2304 704 es;
2334 638 2476 699 Deus
2504 656 2648 703 meus
2666 642 3026 697 misericordia
3064 643 3179 714 ejus
3222 648 3505 715 pramiet
3536 664 3638 715 me,

2052 730 2194 789 Deus
2216 731 2750 805 ostenditnsilrisuper
2767 734 3005 797 inimicos
3024 752 3184 804 uicos,
3201 753 3266 791 ne
3283 738 3491 799 occidas
3508 757 3598 795 eos
3618 757 3640 796 ς

2052 822 2325 899 aequatum
2371 823 2739 899 obliviscantur
2777 827 2957 899 populi
2990 828 3111 891 αεὶ.
3148 827 3397 901 Digna-ge
3416 830 3541 886 illos
3585 834 3643 887 in

2053 916 2238 971 virtute
2266 924 2355 973 tua
2371 954 2386 981 ,
2411 925 2462 971 et
2482 916 2678 987 depone
2697 933 2783 973 eos
2804 926 3061 988 promtor
3081 918 3473 978 meusDomine.
3498 920 3646 977 Deli-

2055 1015 2191 1061 ctum
2220 1005 2523 1065 oris'eorutn
2544 1024 2833 1077 sermonem
2860 1007 3115 1066 labiorum
3135 1010 3363 1080 ipsorum
3381 1051 3396 1078 ,
3426 1019 3479 1066 et
3505 1028 3646 1067 com-
3692 1005 3702 1080 ἦ

2054 1099 2440 1171 preltendantur
2464 1101 2521 1155 in
2544 1099 2786 1172 superbia
2810 1116 2926 1156 sua.
2948 1100 3021 1155 Et
3044 1100 3109 1156 de
3132 1105 3487 1159 exsecratione
3512 1112 3562 1159 et
3582 1104 3646 1159 de

2056 1190 2324 1253 mendacio
2362 1191 2829 1257 annuutiabuutur,
2875 1192 2932 1247 in
2971 1195 3439 1261 commotione,
3480 1197 3535 1249 in
3564 1196 3648 1250 ira
3716 1192 3721 1201 ’

2058 1283 2513 1337 ωηεωιιηωιὶοιιὶε
2530 1323 2546 1353 ,
2574 1291 2624 1337 et
2647 1298 2754 1338 non
2775 1292 2944 1337 erunt.
2968 1280 3041 1337 Et
3059 1284 3225 1338 scient
3248 1286 3369 1356 quia
3391 1282 3532 1339 Deus
3561 1285 3648 1340 do-

2057 1374 2337 1428 minabitur
2363 1372 2527 1429 Jacob
2565 1381 2615 1428 et
2652 1373 2838 1443 finiunt
2867 1382 3035 1430 terra.
3072 1373 3442 1429 Convertentur
3465 1376 3535 1429 ad
3559 1392 3647 1430 ue-

2057 1483 2261 1540 speram
2282 1476 2332 1523 et
2353 1468 2545 1539 [ament
2576 1468 2840 1538 patientur
2860 1476 2915 1520 ut
2939 1483 3114 1534 canes,
3130 1476 3182 1521 et
3208 1468 3497 1522 circuibunt
3526 1470 3651 1523 civi-

2061 1570 2235 1615 tatein.
2269 1560 2296 1615 l
2301 1561 2383 1631 psi
2402 1561 2759 1631 disperguntur
2778 1559 2848 1613 ad
2870 1559 3309 1626 manducandum.
3334 1563 3379 1617 si
3407 1577 3524 1616 vero
3543 1578 3653 1617 non

2060 1653 2253 1724 fuerint
2276 1651 2500 1711 δομιναιί
2545 1660 2595 1705 et
2622 1651 3035 1709 murmurabunt.
3075 1650 3189 1723 Ego
3227 1661 3398 1711 autem
3429 1651 3652 1709 cantabo

2061 1742 2421 1811 fortitudinem
2469 1751 2609 1799 tuam
2631 1783 2646 1811 ,
2696 1751 2747 1811 et
2773 1741 3017 1798 exaltabo
3065 1760 3218 1799 mane
3241 1744 3654 1803 miscricordiam

367 1847 619 1895 naturam
646 1853 799 1895 suam
817 1836 1126 1907 revertitur,
1156 1840 1212 1889 et
1239 1834 1294 1888 in
1316 1840 1463 1887 statu
1492 1845 1592 1886 suo
1610 1829 1805 1885 iterum
1834 1827 1957 1889 ι·εά-
1987 1828 2036 1889 B
2063 1842 2223 1888 tuam.
2243 1828 2377 1896 Quia
2401 1834 2570 1905 factus
2594 1842 2674 1889 est
2693 1843 2957 1906 War
2976 1851 3118 1901 metis
3142 1843 3193 1890 et
3208 1838 3464 1907 refugium
3481 1854 3652 1897 meum

371 1932 688 2000 integratur.
737 1927 815 1991 Ita
844 1927 958 1987 vult
1000 1941 1096 1983 eos
1137 1922 1302 1995 afﬂigi
1339 1922 1634 1986 Dominus,
1662 1928 1724 1975 ut
1745 1918 1814 1975 ad
1842 1926 1957 1977 sta-

374 2029 491 2081 tum
538 2018 822 2089 pristinum
880 2024 1261 2095 revertantur.‘
1301 2012 1620 2084 Priusquam
1662 2010 1960 2081 producant

378 2111 550 2180 spina:
579 2117 772 2165 vestra:
791 2108 1063 2167 rhamnos.
1096 2105 1275 2176 Spinae
1299 2112 1543 2163 naturam
1567 2102 1710 2157 hanc
1736 2100 1958 2165 habent,

380 2211 441 2257 ut
468 2203 521 2257 in
552 2199 784 2270 virgulto
810 2198 981 2271 magis
1005 2210 1164 2266 quam
1186 2196 1240 2255 in
1271 2194 1552 2251 arboribus
1579 2199 1954 2264 prorumpam.

379 2292 661 2347 Rhamnus
688 2297 867 2349 autem
888 2288 1049 2345 arbor
1068 2296 1151 2345 est
1171 2285 1607 2359 spinea,‘n'ullum
1631 2284 1854 2340 omnino
1881 2281 1954 2336 af-

375 2383 561 2441 ferens
606 2396 844 2453 pomum.
894 2379 1037 2451 Ergo
1093 2380 1402 2451 priusquam
1451 2378 1621 2449 spinae
1658 2388 1873 2441 vestrm,
1905 2376 1958 2430 in

375 2477 625 2539 arborum
648 2473 894 2539 duritiam
914 2488 1210 2538 conversae,
1223 2471 1479 2545 radicitus
1502 2469 1733 2526 fundatae
1753 2483 1961 2540 perma-

371 2577 553 2637 neant,
567 2578 621 2625 et
634 2566 791 2624 effeta
808 2567 1081 2629 rhamnus.
1107 2565 1262 2637 quasi
1276 2564 1527 2644 viventes
1548 2562 1834 2617 absorbeat
1861 2575 1959 2615 vos

373 2661 586 2733 spinosa
635 2668 691 2723 et
732 2659 994 2721 deurata
1035 2658 1292 2728 iniquitas
1319 2663 1522 2715 vestra.
1570 2651 1771 2709 Verum
1821 2666 1957 2721 quo-

374 2756 512 2810 niam
535 2753 808 2813 clamastis
832 2770 845 2805 :
879 2751 1111 2823 Sanguis
1131 2750 1288 2820 hujus
1313 2763 1466 2819 super
1494 2761 1591 2800 nos
1607 2785 1622 2810 ,
1650 2752 1701 2798 et
1721 2759 1873 2813 super
1891 2743 1958 2814 [i-

375 2848 466 2901 tios
487 2853 690 2901 nostros
718 2842 934 2916 (Manli.
967 2840 1158 2909 xxvu),
1183 2837 1455 2893 ltelabitur
1471 2851 1594 2897 cum
1621 2834 1815 2891 viderit
1843 2833 1958 2889 vin-

374 2938 569 2997 dictam
610 2935 918 3005 impiorum,
967 2945 1089 2989 cum
1136 2927 1449 2998 religaverit
1492 2927 1641 2983 illum
1682 2927 1735 2981 in
1783 2926 1958 2982 crucis

372 3026 690 3101 patibulum,
719 3024 791 3079 ita
822 3031 885 3093 ut.
900 3021 1054 3081 tollat
1080 3027 1134 3076 et
1149 3020 1446 3100 latronem,
1478 3026 1534 3079 et
1557 3033 1739 3074 secum
1762 3016 1828 3072 ad
1862 3033 1958 3088 pa-

374 3118 615 3175 radisum
662 3115 853 3179 ducat;
907 3123 1032 3169 tunc
1077 3112 1344 3167 laetabitur
1392 3112 1444 3167 in
1485 3111 1627 3166 hanc
1666 3110 1954 3167 vindictam

2060 1925 2116 1978 in
2167 1924 2249 1983 die
2297 1924 2648 2005 tribulationis
2674 1942 2819 1983 mete.
2850 1926 3075 1999 Adjutor
3100 1944 3263 1995 meus,
3296 1928 3384 1984 tibi
3408 1928 3650 2000 psallam,

2062 2016 2183 2086 quia
2212 2013 2351 2077 Deus
2369 2026 2635 2088 susceptor
2661 2034 2803 2073 metu
2822 2034 2878 2073 es
2896 2062 2911 2085 ,
2950 2016 3090 2085 Deus
3131 2036 3273 2079 meus
3298 2021 3654 2081 misericordia

2062 2124 2196 2165 mea.

2635 2197 3074 2238 COIIENTARIUI.

2135 2291 2574 2368 Quandodomus
2598 2295 2845 2366 corporis
2872 2295 2951 2351 tui
2978 2311 3010 2351 a
3028 2296 3274 2367 principe
3296 2296 3457 2367 huius
3467 2299 3655 2359 mundi

2063 2383 2321 2439 custodiri
2349 2386 2683 2457 praecipitur,
2717 2394 2776 2459 ut
2803 2387 3036 2458 capiaris
3074 2397 3130 2444 et
3170 2387 3510 2448 interﬂciaris
3535 2392 3653 2461 gla-

2061 2474 2153 2529 dio
2173 2474 2536 2545 cujuscunque
2553 2477 2777 2547 peccati,
2809 2492 2876 2533 ex
2902 2479 3034 2535 totis
3055 2480 3346 2536 visceribus
3368 2481 3611 2537 exclama
3636 2500 3650 2535 :

2062 2563 2225 2635 Eripe
2251 2581 2338 2622 me
2360 2565 2434 2622 de
2462 2567 2691 2625 inimicis
2709 2570 2863 2635 meis,
2894 2569 3036 2626 Deus
3063 2585 3216 2627 meus
3233 2611 3249 2637 ,
3277 2572 3531 2641 quoniam
3558 2588 3654 2628 oc-

2040 2654 2397 2729 cupaverunt
2424 2658 2656 2712 annnam
2684 2675 2881 2728 meam,
2914 2661 3194 2718 irruerunt
3219 2676 3382 2733 super
3404 2677 3493 2719 me
3537 2662 3651 2719 for-

2062 2756 2160 2805 tes.
2186 2744 2306 2818 Ego
2332 2748 2477 2804 enim
2504 2764 2631 2805 caro
2660 2765 2798 2817 sum,
2830 2750 2909 2805 illi
2938 2767 3066 2808 vero
3094 2752 3312 2823 spiritus
3335 2760 3480 2809 sunt.
3498 2751 3659 2811 Unde

2061 2849 2241 2895 autem
2286 2840 2489 2911 patitur
2516 2841 2918 2910 persecutiones
2944 2842 3245 2898 dzemonum
3285 2843 3648 2912 Christianus,

2059 2930 2162 2995 nisi
2190 2930 2317 3000 quia
2345 2929 2460 2984 sine
2480 2928 2761 2998 iniquitate
2783 2929 2896 2984 vult
2918 2945 3133 2987 cursum
3153 2947 3311 2989 suum
3328 2948 3565 3001 currere,
3594 2943 3653 2989 et

2059 3020 2162 3079 iter
2187 3036 2345 3077 suum
2370 3020 2639 3089 dirigere?
2668 3018 2736 3076 Et
2763 3020 2885 3078 ideo
2907 3037 3154 3093 exsurge,
3185 3023 3440 3093 Domine,
3472 3027 3526 3081 in
3554 3042 3650 3087 oc-

2058 3128 2271 3168 cursum
2300 3112 2451 3179 mihi,
2483 3119 2539 3185 et
2566 3112 2689 3171 vide
2716 3103 2839 3184 quia
2867 3114 3028 3185 cupio
3056 3115 3173 3172 sine
3217 3116 3649 3188 iniquitate.cur-

373 3207 682 3278 impiorum,
718 3205 860 3263 hunc
902 3203 1109 3273 justum
1150 3202 1388 3263 vindicat
1425 3199 1684 3261 Dominus
1713 3217 1873 3260 orans
1900 3208 1956 3259 et
1981 3202 2030 3266 Ο
2059 3220 2199 3267 rere.
2230 3205 2322 3261 Isti
2369 3213 2550 3262 autem
2598 3207 2692 3278 qui
2738 3215 3137 3279 persequuntur
3161 3224 3282 3275 me,
3314 3210 3371 3267 bi
3397 3219 3521 3279 sunt
3552 3213 3649 3283 qui

370 3296 556 3363 dicens
588 3314 601 3347 :
633 3294 814 3360 Pater,
837 3295 1041 3361 remitte
1068 3292 1194 3347 illis.
1225 3291 1334 3357 Vos
1362 3300 1540 3349 autem
1568 3292 1718 3363 impii
1756 3292 1956 3355 dmino-

374 3403 483 3455 nes,
510 3395 639 3442 tunc
666 3385 914 3451 videbitis
941 3384 1066 3459 quia
1089 3390 1173 3439 est
1202 3383 1404 3439 fructus
1427 3381 1576 3452 justo
1598 3422 1614 3448 ,
1646 3398 1767 3439 cum
1808 3382 1957 3439 vide-

373 3480 486 3535 ritis
507 3477 698 3543 Filium
712 3475 809 3543 Dei
831 3487 1022 3531 manus
1048 3489 1173 3545 suas
1200 3474 1380 3530 lavare
1402 3473 1738 3542 insanguine
1758 3487 1955 3544 pecca-

374 3579 565 3627 torum.
595 3568 728 3631 Cum
757 3567 900 3635 enim
929 3566 1005 3622 illi
1048 3565 1323 3631 dicerent,
1360 3565 1566 3627 incitati
1594 3565 1661 3620 ab
1681 3565 1957 3636 spiritibus

373 3660 676 3725 immundis,
702 3677 818 3723 reus
854 3669 930 3725 est
958 3660 1159 3725 mortis,
1185 3657 1441 3729 expandit
1472 3657 1527 3715 ln
1565 3673 1784 3715 crucem
1809 3656 1959 3714 Chri-

372 3759 484 3807 stus
510 3766 702 3805 manus
719 3766 868 3816 suas,
890 3758 946 3805 et
961 3750 1141 3805 lavare
1167 3764 1262 3805 eas
1283 3748 1447 3820 erepit
1466 3750 1520 3805 in
1548 3750 1808 3817 sanguine
1828 3765 1955 3820 pec-

371 3849 631 3908 catorum,
662 3844 891 3900 fundens
919 3844 1091 3899 escis
1108 3842 1426 3913 sanguinem
1453 3851 1509 3898 et
1536 3843 1720 3899 lavaus
1738 3852 1958 3914 peccata

372 3950 560 3991 eorum
593 3954 606 3988 ε
635 3945 762 3992 tunc
782 3936 925 3991 dixit
948 3936 1127 3993 omnis
1153 3936 1340 4002 homo,
1371 3936 1497 4006 quia
1520 3943 1608 3990 est
1636 3935 1821 4005 utique
1841 3934 1956 3989 fru-

375 4035 492 4093 ctus
504 4026 653 4096 justo
671 4066 686 4093 ,
714 4026 942 4087 Domino
967 4026 1093 4089 Iesu
1127 4025 1370 4105 .Cthristo,
1398 4034 1455 4082 et
1479 4026 1666 4098 utique
1690 4025 1835 4083 Deus
1863 4042 1958 4082 cu-

374 4134 491 4175 ram
519 4119 703 4177 mundi
728 4133 923 4193 gerens
944 4121 1147 4192 judicat
1173 4135 1270 4179 eos
1299 4121 1355 4177 in
1378 4130 1521 4181 terra
1545 4161 1560 4187 ,
1609 4119 1815 4193 judicio
1855 4136 1957 4179 suo

377 4208 641 4280 adjuvans
666 4224 796 4277 eos,
829 4212 920 4281 qui
960 4220 1042 4271 est
1081 4210 1395 4269 benedictus
1418 4212 1475 4268 in
1501 4211 1695 4268 sucula
1731 4211 1959 4281 sarculo-

354 4318 510 4361 -rum.
544 4301 736 4359 Amen.
1262 4378 1265 4383 ⁴

892 4394 1207 4453 PSALMUS
1241 4393 1421 4452 LVIII.

374 4511 431 4570 In
452 4513 618 4568 linem
636 4553 652 4578 ,
680 4527 759 4594 ne
780 4510 1062 4638 disgdas
1087 4509 1258 4565 David
1298 4509 1353 4591 in
1373 4508 1535 4591 .tituli
1572 4507 1953 4591 inscriptione,

442 4582 660 4638 uitanda
687 4589 835 4638 misit
932 4581 1011 4638 ul.
1041 4589 1095 4637 et
1123 4579 1413 4636 custodmt
1450 4578 1669 4635 domum
1716 4594 1868 4638 eius.
1899 4586 1953 4635 ut

442 4582 660 4655 quando
687 4582 835 4638 misit
859 4581 1011 4647 Saul,

442 4650 769 4709 interﬁceret
795 4668 939 4707 eum.

439 4766 601 4837 Eripe
627 4783 707 4825 me
728 4766 790 4825 de
804 4767 1029 4825 inimicis
1051 4768 1198 4833 meis,
1214 4764 1354 4822 Deus
1368 4781 1532 4832 meus,
1547 4763 1679 4819 etab
1698 4768 1962 4838 insurgen-

370 4855 569 4912 tJmsin
594 4874 679 4913 me
704 4855 865 4913 libera
891 4874 990 4913 me.
1009 4856 1171 4928 Eripe
1193 4873 1273 4911 me
1292 4856 1356 4912 de
1373 4854 1701 4928 operantibus
1718 4857 1961 4930 iniquita-

371 4959 488 5014 tem,
519 4958 570 5005 et
597 4949 661 5004 de
690 4951 813 5004 viris
840 4951 1152 5021 sanguinem
1177 4949 1324 5007 salva
1365 4966 1464 5006 me.
1498 4947 1632 5013 Quia
1661 4966 1778 5019 ecce
1808 4966 1956 5022 cepe-

372 5048 491 5095 runt
539 5042 771 5095 animam
806 5057 1010 5106 meum,
1046 5042 1310 5099 inruerunt
1355 5041 1408 5105 iu
1445 5056 1527 5094 me
1571 5042 1751 5112 fortes.
1778 5038 1959 5114 Neque

373 5135 619 5205 iniquitas
657 5150 803 5199 mea,
851 5150 1012 5205 neque
1047 5143 1309 5209 peccatum
1357 5150 1543 5198 meum,
1578 5131 1961 5198 Damiue;sine

373 5223 647 5295 iniquitate
668 5225 871 5277 cucurri
892 5233 941 5277 et
956 5212 1395 5295 diresiEa'surqe
1415 5226 1471 5277 in
1486 5240 1752 5278 occursum
1772 5239 1958 5287 meum,

373 5325 420 5371 et
447 5317 592 5382 vide;
621 5326 672 5372 et
701 5326 775 5382 tu,
804 5315 1028 5372 Domine
1054 5314 1193 5372 Deus
1219 5317 1480 5381 uirtutum,
1495 5314 1634 5371 Deus
1662 5313 1851 5379 Israel,
1874 5316 1959 5385 in-

373 5408 522 5462 tende
548 5408 618 5462 ad
637 5407 922 5463 risitandas
950 5424 1124 5467 omnes
1152 5415 1361 5481 gentes;
1397 5422 1501 5469 non
1527 5406 1819 5461 miserearis
1846 5420 1961 5459 out-

373 5498 520 5553 nibus
567 5500 654 5571 qui
702 5506 984 5571 operantur
1017 5498 1356 5571 iniquitatem.
1400 5496 1766 5557 Converteutur
1792 5494 1860 5557 ad
1880 5511 1963 5555 ve-

374 5603 607 5659 speram,
665 5599 716 5645 et
768 5591 958 5661 {mrtem
1002 5591 1265 5661 patientur
1292 5597 1348 5642 ut
1374 5605 1531 5655 canes
1554 5630 1568 5654 ,
1598 5596 1647 5647 et
1674 5586 1964 5642 circuibunt

373 5689 645 5736 civitatem.
670 5681 807 5738 Ecce
835 5683 1102 5755 loquentur
1126 5682 1181 5737 in
1210 5697 1298 5737 ore
1323 5697 1416 5739 suo
1434 5720 1450 5748 ,
1478 5689 1529 5735 et
1566 5679 1770 5753 gladius
1798 5680 1854 5734 in
1883 5678 1964 5733 la-

372 5766 469 5825 biis
494 5788 668 5833 eorum
688 5775 934 5845 quoniam
954 5775 1070 5846 quis
1098 5772 1293 5829 audivit
1311 5773 1337 5827 ἲ
1357 5770 1429 5827 Et
1457 5780 1530 5839 tu,
1555 5770 1793 5835 Domine,
1823 5769 1961 5825 deri-

2058 3304 2352 3366 operantur
2392 3297 2748 3367 iniquitatem,
2778 3300 2871 3373 qui
2901 3308 3289 3359 convertuntur
3338 3302 3409 3360 ad
3452 3319 3646 3376 vespe-

2057 3401 2195 3452 rum,
2226 3394 2283 3441 et
2315 3385 2514 3443 famem
2557 3389 2831 3459 patientur
2882 3396 2941 3446 ut
2976 3406 3177 3465 canes,
3206 3401 3264 3449 et
3289 3394 3647 3461 circmnibunt

2057 3478 2349 3535 civitatem.
2372 3479 2511 3536 Ecce
2534 3481 2569 3536 ii
2599 3481 2890 3555 loquuntur
2910 3482 2962 3545 in
2992 3498 3087 3541 ore
3108 3500 3207 3543 suo
3227 3485 3380 3556 qnasi
3406 3485 3644 3555 paciﬁci,

2058 3569 2152 3626 sed
2180 3569 2340 3641 gladii
2368 3580 2495 3627 sunt
2526 3572 2580 3627 in
2611 3573 2766 3629 labiis
2796 3587 3003 3631 eorum.
3036 3572 3144 3629 Sed
3168 3582 3646 3649 quantumcunque

2057 3677 2117 3717 se
2144 3663 2417 3734 sapientes
2462 3662 2770 3725 existiment
2795 3662 2851 3727 hi
2877 3661 3097 3739 spiritus
3123 3661 3415 3733 immundi,
3440 3671 3502 3718 tu
3527 3661 3642 3719 Do-

2058 3752 2223 3825 mine,
2257 3751 2501 3806 irridehis
2527 3766 2640 3806 eos.
2674 3750 2779 3806 Pro
2825 3749 2994 3809 nihilo
3034 3751 3178 3807 enim
3230 3752 3374 3822 apud
3418 3761 3475 3809 te
3517 3763 3646 3810 sunt

2058 3858 2249 3903 omnes
2269 3850 2457 3912 gentes
2479 3883 2494 3909 ,
2522 3842 2637 3903 sive
2663 3841 2731 3903 de
2757 3841 2958 3899 virtute
2985 3850 3400 3914 praesumentes,
3428 3845 3542 3909 sive
3573 3847 3643 3905 do

2058 3935 2259 3991 astutia
2306 3931 2657 3992 conﬁdentes.
2705 3931 2988 4007 Fortitudo
3014 3947 3166 4001 mea,
3197 3949 3227 3988 a
3259 3942 3313 3995 te
3340 3936 3642 4003 custodiar,

2059 4027 2184 4103 quia
2215 4034 2274 4081 tu
2300 4033 2582 4098 susceptor
2608 4040 2760 4093 meus
2788 4040 2876 4091 es,
2905 4032 2966 4081 ut
3002 4034 3063 4087 te
3116 4025 3413 4101 susciperet
3454 4025 3639 4082 homo.

2060 4117 2140 4175 Tu
2169 4120 2454 4196 suscepisti
2480 4120 2775 4187 hominem,
2800 4127 2859 4176 ut
2880 4118 3253 4197 misericordia
3274 4128 3368 4175 tua
3391 4121 3646 4192 peieraui-

2058 4218 2143 4266 ret
2171 4227 2276 4278 me,
2307 4219 2365 4267 et
2385 4211 2698 4281 ostenderes
2715 4211 2844 4271 mihi
2873 4227 3036 4284 super
3053 4211 3300 4275 inimicos
3325 4226 3496 4269 meos.
3514 4210 3644 4269 Ideo

2059 4301 2202 4357 enim
2233 4302 2690 4375 inmortalitatem
2714 4303 2794 4381 eis
2819 4318 2929 4363 non
2957 4302 3145 4372 tolles,
3177 4311 3238 4358 ut
3278 4304 3515 4361 humano
3546 4317 3646 4374 ge~

2059 4393 2177 4448 neri
2230 4391 2459 4467 subjecti
2490 4402 2720 4451 aeternas
2761 4410 2949 4466 prunas
2976 4394 3158 4461 luant,
3187 4394 3432 4463 videntes
3458 4411 3647 4453 omnes

2060 4483 2280 4554 angelos
2307 4484 2834 4551 adorantes,'Filium
2860 4487 3095 4543 hominis
3122 4486 3399 4544 sedentem
3417 4486 3488 4544 ad
3509 4486 3648 4547 dex-

1041 4589 1095 4637 et
1123 4579 1413 4636 custodivit
1450 4578 1669 4635 domum
1716 4571 1868 4649 ejus,
1899 4571 1957 4635 ut
1983 4573 2037 4639 Η
2063 4583 2233 4631 teram
2262 4575 2557 4645 majestatis
2588 4594 2601 4629 :
2633 4585 2689 4631 et
2714 4577 3093 4663 ipse
3136 4594 3263 4646 eos,
3291 4579 3385 4649 qui
3412 4587 3496 4635 est
3521 4571 3647 4651 pro;

2062 4678 2237 4731 tector
2257 4685 2438 4737 meus;
2465 4670 2659 4737 delicta
2682 4673 2792 4733 oris
2811 4688 2998 4732 corino
3018 4689 3198 4732 sermo
3214 4673 3486 4730 labiornm
3510 4675 3650 4745 ipso-

2063 4779 2201 4820 rum.
2231 4761 2358 4821 Sive
2386 4770 2517 4819 tunc
2532 4761 2747 4833 quando
2776 4761 2946 4818 Adam
2970 4763 3226 4822 sedimus
3252 4772 3354 4832 est,
3378 4765 3491 4822 sive
3508 4780 3652 4821 nunc

2063 4852 2280 4922 quando
2328 4853 2763 4928 suggestionibus
2802 4851 2942 4911 fceda
2982 4854 3205 4913 consilio
3236 4854 3472 4924 pulchris
3496 4868 3650 4909 men-

2062 4943 2205 5007 tibus
2228 4943 2651 5011 sumministrant,
2681 4952 2741 5001 ut
2763 4944 3288 5017 comprehendantur
3315 4945 3370 4999 in
3397 4943 3650 5012 superbia

2065 5037 2344 5107 homines,
2394 5045 2805 5107 contemnentes
2828 5046 3097 5110 praerepta
3126 5037 3337 5095 Domini
3366 5036 3467 5098 sui,
3500 5043 3554 5090 et
3582 5036 3651 5092 de
3693 5054 3709 5072 ο

2064 5130 2436 5199 exsecratione
2472 5139 2530 5188 et
2572 5131 2855 5191 mendacio
2900 5130 3229 5190 dtemonum,
3258 5127 3652 5196 compellantur

2065 5223 2135 5281 ad
2154 5224 2375 5291 malum,
2406 5224 2498 5283 liat
2522 5240 2684 5297 super
2710 5240 2807 5281 eos
2829 5223 2908 5280 ira
2929 5217 3309 5288 indignationis
3328 5227 3432 5275 tuae
3458 5228 3513 5276 ct
3538 5238 3652 5277 inon

2065 5324 2244 5375 erunt.
2274 5315 2344 5387 Et
2361 5317 2535 5375 scient
2560 5318 2685 5386 quia
2716 5324 2793 5381 tu,
2820 5313 2984 5377 Deus,
3013 5309 3310 5369 dominaris
3336 5312 3391 5368 in
3413 5310 3578 5370 Iacob
3594 5323 3653 5371 ct
3757 5341 3760 5344 θ

2067 5406 2121 5463 iu
2152 5405 2286 5464 lines
2314 5415 2490 5463 terrae.
2526 5406 2601 5461 Ibi
2644 5404 2790 5460 enim
2817 5400 3124 5458 dominatur
3146 5399 3407 5461 Dominus
3424 5447 3438 5472 ,
3471 5405 3561 5461 ubi
3590 5405 3653 5458 li-

2068 5514 2165 5555 nes
2202 5498 2404 5555 faciunt
2449 5505 2677 5552 terrente
2733 5494 3067 5569 voluptates,
3100 5502 3229 5552 tunc
3267 5505 3654 5553 convertentur

2066 5588 2133 5647 ad
2164 5602 2445 5658 vesperum
2474 5582 2734 5640 immumdi
2763 5583 3002 5653 spiritus,
3026 5585 3119 5643 ubi
3149 5585 3380 5643 viderint
3405 5587 3529 5657 quia
3561 5586 3653 5639 lux

2064 5680 2332 5737 mentibus
2374 5675 2576 5733 nostris
2627 5674 2842 5743 deﬁcit,
2875 5684 2932 5732 et
2958 5679 3193 5735 tenebrae
3220 5686 3499 5742 crescunt;
3525 5684 3653 5732 tunc

2064 5769 2303 5824 esuriant
2340 5780 2441 5820 nos
2467 5765 2620 5836 quasi
2648 5782 2845 5835 canes,
2888 5776 2943 5823 et
2968 5768 3301 5827 circumeunt
3342 5767 3650 5837 civitatem,

3680 656 3735 1169 ξ
