4244 6258
561 362 660 417 407

1884 332 2157 415 Annona
2194 355 2496 412 JUNtoms

3735 324 3838 419 tos

560 485 794 530 mentem
824 470 1067 527 videlicet
1098 478 1352 524 nostram.
1387 465 1489 539 Ipsi
1543 475 1719 523 autem
1770 468 2143 539 dispergentur
2246 484 2358 551 cus.
2388 468 2457 522 Ut
2483 469 2574 538 qui
2593 468 2835 522 vastabat
2855 467 3230 537 primogenita,
3270 469 3562 538 respiciens
3581 472 3844 542 signiﬁca:

558 566 628 619 ad
655 562 1018 619 devorandum
1048 562 1380 625 festinantes,
1414 575 1583 630 usque
1621 560 1687 615 ad
1716 561 2145 617 interfectionem

561 656 772 709 animm.
806 653 932 707 Haec
969 660 1053 707 est
1103 653 1263 715 enim,
1290 653 1545 707 saturitas
1590 667 1799 718 eorum,
1830 661 1889 708 ut
1937 651 2150 731 videant

560 735 781 800 interire
810 752 1156 813 pugnantem.
1193 730 1300 798 Sed
1339 743 1430 813 qui
1469 758 1656 798 servus
1683 741 1883 799 Christi
1911 751 1993 799 est
2021 743 2152 799 dicit

560 838 791 892 Domino
825 854 838 890 :
870 835 982 906 Ego
1009 822 1492 893 cantabo-virtutes
1521 845 1659 901 tuas,
1691 830 2150 892 dicam’adversa-4

564 931 656 983 riis
706 929 880 983 meis:
912 928 1030 985 Non
1072 944 1174 999 ego
1222 929 1290 985 de
1328 931 1534 1009 virtute
1564 925 1696 985 mea
1733 924 2017 1001 adversum
2052 947 2150 988 vos

564 1036 713 1074 arma
770 1021 1039 1091 corripio,
1091 1021 1187 1075 sed
1223 1021 1291 1076 de
1334 1022 1623 1076 virtutibus
1647 1021 1745 1078 Dei
1788 1024 1891 1077 mei
1935 1022 2148 1079 conﬁdo

560 1111 834 1165 exsultans
881 1126 1038 1166 mane
1095 1111 1156 1165 in'
1201 1106 1566 1169 misericordia
1613 1112 1747 1180 ejus.
1802 1111 1957 1167 Mane
2004 1112 2148 1167 enim

564 1203 895 1257 exsultamus
932 1203 987 1256 in
1015 1202 1551 1271 misericordia‘ejus,‘
1575 1218 1697 1258 cum
1726 1204 1977 1277 tenebras
2006 1220 2037 1258 a
2058 1219 2153 1259 no-

562 1293 644 1348 bis
673 1284 1020 1363 peccaturum
1048 1285 1366 1359 abstulerit,
1398 1302 1454 1348 et
1481 1294 1690 1349 dederit
1717 1294 1891 1349 lucem
1919 1309 2069 1349 suam
2095 1295 2149 1349 in

562 1385 816 1440 cordibus
855 1385 1071 1439 nostris.
1103 1383 1446 1440 Exsultamus
1483 1385 1539 1439 in
1585 1385 1956 1440 misericordia
2012 1380 2148 1454 ejus,

562 1476 688 1544 quia
715 1474 887 1529 factus
915 1482 999 1529 est
1017 1470 1301 1545 susCeptor
1320 1485 1503 1532 noster
1530 1484 1586 1532 et
1612 1476 1876 1545 refugium
1906 1484 2151 1532 nostrum

563 1563 757 1618 iuidie
804 1564 1183 1621 tribulationis.
1247 1565 1476 1635 Adjutor
1528 1581 1711 1632 meus,
1759 1566 1857 1621 tibi
1900 1567 2146 1637 psallam.

562 1653 750 1709 Psallit
763 1654 894 1722 Deo,
910 1656 1005 1725 qui
1027 1654 1217 1726 spiritu
1241 1644 1411 1713 et‘ore
1435 1659 1632 1729 psallit.
1648 1657 1830 1714 Psallit
1840 1659 1953 1717 Deo
1972 1662 2067 1731 qui
2083 1677 2148 1717 ea

562 1762 682 1818 quae
707 1748 853 1803 canit
878 1749 1042 1802 mittit
1061 1748 1115 1803 in
1140 1735 1323 1820 opera,
1343 1758 1398 1805 et
1424 1751 1541 1806 sine
1567 1752 1868 1808 cessatione
1893 1751 2025 1808 dicit
2037 1753 2149 1811 Deo

2256 560 2456 614 tionem
2476 558 2747 627 sanguinis
2768 559 2910 627 agni,
2926 574 3034 612 non
3053 560 3389 629 contingeret
3410 576 3525 615 eos.
3539 561 3692 619 Nunc
3713 577 3843 633 ergo

2254 650 2379 719 quia
2410 649 2550 704 idem
2578 664 2637 704 es
2658 648 2801 704 Deus
2826 648 2917 718 qui
2947 657 3077 704 tunc
3095 649 3481 716 fuisti,salvum
3505 668 3594 709 me
3621 652 3708 710 fac
3734 671 3845 712 non

2253 728 2630 811 mea'virtute,
2674 733 2768 789 sed
2820 740 2913 788 tua
2941 731 3197 800 dextera,
3247 743 3303 790 et
3329 737 3524 793 exaudi
3552 754 3659 795 me.
3701 740 3844 799 Deus

2254 827 2398 881 enim
2431 827 2643 882 locutus
2671 834 2754 881 est
2779 826 2835 880 in
2864 834 3054 881 sancto
3082 841 3180 882 suo
3210 825 3410 884 famulo
3438 828 3641 903 Moyse.
3667 830 3841 888 [mta-

2252 904 2355 971 bor
2386 915 2701 989 etdividam
2723 916 3032 983 Sichimam,
3065 926 3119 974 et
3133 919 3434 988 convallem
3452 920 3844 980 Tabernaculo-

2253 1023 2375 1062 rum
2402 1008 2653 1063 metibor.
2677 1009 2796 1080 Ipse
2815 1008 2969 1073 dixit,
2992 1025 3145 1065 meus
3171 1019 3254 1066 est
3273 1008 3497 1078 Galaad,
3513 1020 3570 1068 et
3586 1028 3739 1071 meus
3759 1023 3842 1071 est

2254 1099 2547 1167 Manasses,
2585 1109 2641 1156 et
2659 1099 2915 1171 Ephraim
2940 1099 3199 1157 fortitudo
3227 1103 3418 1173 capitis
3449 1105 3591 1172 mei;
3621 1092 3736 1176 ipse
3759 1106 3844 1161 di-

2254 1191 2332 1246 xit
2366 1210 2378 1244 :
2415 1190 2551 1257 Juda
2589 1207 2689 1247 rex
2708 1208 2881 1249 meus.
2911 1192 3039 1249 Haec
3060 1194 3242 1250 omnia
3273 1194 3418 1251 Deus
3439 1196 3649 1253 locutus
3673 1207 3757 1254 est
3788 1199 3844 1254 in

2253 1290 2440 1338 sancto
2466 1298 2565 1339 suo
2585 1283 2873 1354 implenda,
2905 1284 2959 1339 id
2988 1292 3090 1352 est,
3132 1286 3189 1341 in
3216 1286 3448 1343 Domino
3493 1297 3679 1345 nostro
3715 1289 3845 1348 Iesu

2254 1373 2711 1444 Cbristo.Triplici
2724 1375 2885 1431 modo
2900 1376 2953 1430 in
2968 1384 3157 1433 sancto
3169 1378 3380 1434 locutus
3394 1390 3494 1435 est.
3509 1379 3745 1438 Locutus
3759 1390 3844 1438 est

2255 1463 2309 1517 in
2330 1472 2516 1518 sancto
2535 1478 2653 1532 suo,
2686 1464 2739 1520 id
2764 1476 2865 1531 est,
2884 1467 2939 1521 in
2967 1467 3135 1523 Iacob
3155 1469 3368 1525 locutus
3394 1478 3477 1526 est
3500 1471 3569 1527 de
3586 1470 3843 1544 prraim

2253 1560 2308 1607 et
2323 1551 2583 1618 Manasse,
2610 1561 2665 1608 et
2691 1554 2760 1610 de
2785 1554 2940 1611 Juda.
2959 1556 3217 1629 Haecipsa
3237 1560 3445 1617 locutus
3466 1564 3625 1644 estin
3651 1572 3843 1621 sancto

2252 1659 2370 1711 suo,
2390 1652 2451 1699 ut
2459 1643 2690 1700 diximus
2706 1647 2759 1701 in
2773 1646 2955 1720 Moyse
2968 1667 2982 1716 ;
3011 1650 3106 1707 sed
3120 1652 3174 1707 in
3186 1652 3271 1709 his
3280 1653 3505 1731 abusive.
3514 1654 3725 1711 locutus
3737 1664 3843 1729 est,
3870 1660 3875 1663 ⁷

2251 1742 2313 1789 ut
2341 1736 2396 1790 in
2426 1734 2556 1791 Jesu
2587 1736 2804 1794 Christo
2831 1755 2940 1795 non
2970 1740 3211 1809 abusive,
3243 1743 3339 1799 sed
3361 1745 3580 1815 proprie
3606 1735 3844 1817 compleé

562 1855 718 1896 mens
745 1832 863 1910 ejus
895 1860 907 1895 :
933 1841 1014 1895 Tu
1041 1857 1100 1897 es
1127 1828 1498 1898 misericordia
1528 1859 1648 1898 mea
1672 1886 1687 1912 ,
1717 1840 2149 1919 perquam'per-A

2252 1834 2457 1882 rentur.
2492 1826 2550 1882 In
2572 1828 2687 1899 ipso
2723 1831 2865 1886 enim
2893 1831 3056 1887 Judas
3083 1847 3308 1903 regnum
3338 1834 3591 1903 obtinuit,
3616 1844 3673 1893 et
3694 1838 3846 1906 regni

563 1924 777 1987 venitur
813 1933 883 1988 ad
909 1933 1075 1988 vitam
1095 1975 1110 2000 ,
1142 1936 1317 1990 evasis
1344 1937 1594 1993 omnibus
1619 1938 1877 2007 inimicis,
1910 1940 2003 2010 qui
2036 1938 2151 1997 nos

563 2017 851 2078 conantur
878 2024 1125 2079 occidere
1160 2025 1351 2094 gladio
1377 2028 1548 2082 nostri
1580 2042 1896 2097 consensus,
1919 2029 1988 2085 de
2016 2045 2175 2100 quo-.

562 2127 683 2166 rum
712 2129 811 2168 nos
835 2114 1073 2170 consiliis
1098 2122 1153 2169 et
1181 2116 1453 2172 violentiis
1490 2117 1685 2173 liberat
1710 2117 1969 2175 Dominus
1995 2119 2153 2176 Jesus

562 2203 825 2272 Christus,
854 2207 947 2276 qui
968 2216 1156 2277 regnat
1177 2225 1299 2264 cum
1326 2208 1439 2266 Deo
1464 2209 1626 2267 Patre
1652 2219 1707 2267 et
1734 2212 1937 2282 Spiritu
1963 2224 2152 2272 sancto

562 2312 662 2367 per
691 2300 867 2354 omnia
898 2302 1091 2358 smcula
1113 2304 1454 2359 saeculorum.
1489 2304 1681 2363 Amen.

1115 2397 1432 2495 PSALMUS
1469 2438 1604 2494 LIX.

563 2545 622 2602 In
646 2548 806 2622 linem
833 2565 932 2622 pro
956 2551 1055 2622 phis
1080 2553 1173 2620 qui
1193 2555 1684 2622 commutabuntur,
1717 2557 1771 2611 in
1798 2557 1937 2613 tituli
1964 2558 2151 2613 inscri-

567 2690 571 2693 .
635 2620 821 2741 alioue
868 2620 968 2689 ipsi
1022 2620 1187 2675 David
1227 2623 1280 2677 in
1327 2620 1829 2681 doctrinamJCum
1874 2629 2153 2683 succendit

688 2690 1079 2741 esonotamiam
1111 2690 1362 2741 Svrim‘el
1382 2693 1563 2741 thnl-
1598 2705 1652 2741 et
1671 2698 1937 2741 annvm-lit
1970 2696 2105 2741 Jnnh
2134 2717 2146 2728 -

688 2690 1089 2762 esopotamiam
1111 2690 1362 2762 Syriae‘et
1382 2693 1564 2759 Sobal,
1598 2705 1653 2750 et
1671 2698 1937 2752 convertit
1970 2696 2105 2753 Joab
2134 2717 2146 2752 :

634 2760 991 2883 gilpgrcussit
1017 2759 1187 2816 Edam
1228 2763 1281 2817 in
1324 2765 1464 2820 valle
1511 2764 1817 2821 Salinarum
1866 2768 2150 2825 duodecim

751 2846 767 2882 ι
810 2870 823 2883 .
914 2878 919 2883 ,
1030 2856 1033 2859 -
1228 2876 1233 2881 .
1527 2878 1532 2882 .
1920 2876 1923 2879 .

751 2846 919 2892 12.,,
1030 2856 1033 2859 ·
1228 2876 1233 2881 .
1527 2878 1532 2882 .
1917 2876 1923 2892 _.

634 2940 805 3008 Deus,
854 2945 1087 3014 repulisti
1115 2963 1209 3001 nos
1248 2956 1297 3001 et
1340 2948 1637 3006 destruxisti
1666 2968 1788 3017 nos,
1821 2953 1984 3007 iratus
2012 2970 2066 3008 es
2101 2962 2164 3009 et.

565 3020 804 3086 misertus
850 3051 903 3088 es
944 3034 1110 3115 nobis.
1142 3035 1473 3093 Commovisti
1505 3051 1727 3109 terram,
1759 3052 1809 3096 et
1836 3026 2150 3099 conturbasti

564 3126 859 3191 sonu-sana
887 3129 1218 3183 contritiones
1246 3131 1379 3201 ejus,
1411 3134 1531 3203 quia
1559 3144 1813 3188 commota
1831 3144 1926 3189 est.
1950 3120 2150 3190 Osten-

2254 1919 2371 1989 ejus
2399 1936 2507 1976 non
2528 1921 2631 1976 erit
2658 1920 2779 1978 ﬁnis
2800 1941 2812 1977 :
2835 1922 3001 1980 Judas
3024 1941 3153 1995 ergo
3179 1942 3280 1982 rex
3306 1942 3477 1996 meus,
3509 1928 3667 1985 Moab
3692 1930 3842 1987 lebes

2253 2012 2366 2083 spei
2394 1998 2547 2091 mete.
2582 2013 2770 2081 Lebes,
2794 2014 2848 2069 id
2868 2022 2970 2080 est,
2988 2016 3115 2071 olla.
3139 2015 3274 2084 Quia
3296 2017 3455 2095 Moab
3480 2020 3652 2091 stupri
3681 2019 3841 2089 ﬁlius,

2253 2111 2309 2166 in
2362 2111 2471 2168 olla
2517 2113 2882 2169 succensionis
2929 2113 3276 2184 libidoejus,
3309 2124 3366 2171 et
3390 2116 3516 2185 quia
3561 2115 3846 2175 Idumzeam

2252 2211 2655 2274 occupaverunt
2699 2203 2963 2272 Moabiue,
3006 2198 3255 2276 Ejiciam,‘
3283 2207 3491 2277 inquit;
3518 2208 3642 2264 inde
3666 2208 3846 2279 Moab,

2254 2303 2310 2350 et
2333 2308 2435 2363 ego
2463 2294 2536 2350 ibi
2566 2294 2852 2350 extendam
2899 2296 3325 2353 calceamentum
3369 2290 3577 2354 meum.
3610 2298 3755 2370 Ergo
3792 2310 3849 2356 et

2254 2394 2332 2452 tu,
2365 2402 2399 2441 ο
2428 2384 2751 2454 Christiane,
2784 2388 2831 2444 si
2860 2388 3085 2459 eieceris
3112 2389 3180 2446 de
3208 2399 3353 2447 terra
3386 2406 3552 2461 quam
3580 2393 3847 2449 invaserat

2253 2477 2432 2542 Moab,
2465 2488 2519 2535 et
2546 2482 2816 2551 captivato
2843 2488 2935 2536 aut
2962 2483 3185 2540 incenso
3215 2484 3355 2541 sicut
3382 2485 3488 2541 olla
3523 2499 3651 2555 rege
3671 2486 3848 2542 libidi-

2254 2572 2356 2636 nis,
2386 2572 2698 2644 Allophylos
2726 2574 2955 2644 coeperis
2981 2574 3182 2631 habere
3210 2576 3507 2647 subjectos,
3537 2577 3766 2633 deducet
3794 2587 3847 2633 te

2253 2665 2510 2720 Dominus
2538 2666 2592 2720 in
2613 2668 2887 2722 civitatem
2923 2667 3405 2735 circumstantium,
3429 2671 3485 2724 in
3521 2677 3674 2741 petra
3702 2670 3847 2726 refu-

2252 2758 2324 2826 gii
2354 2758 2408 2812 in
2439 2758 2641 2813 auxilio
2670 2776 2789 2825 suo,
2820 2758 2912 2814 ubi
2936 2768 2991 2815 te
3037 2760 3386 2817 circumstant
3430 2761 3605 2832 angeli
3646 2771 3702 2817 et
3744 2776 3846 2831 gu-

2252 2850 2501 2919 bernant,
2532 2866 2813 2921 quousque
2840 2852 3127 2922 pervenias
3155 2842 3535 2922 adcivitatem
3561 2853 3842 2908 munitam.

2252 2939 2394 2996 Cum
2412 2956 2646 3011 regnum
2675 2942 2974 2998 obtinueris
2994 2958 3159 3014 super
3176 2942 3480 3010 ldumaeam,
3504 2958 3627 2999 cum
3654 2944 3707 2999 in
3732 2959 3848 3000 cor-

2251 3048 2386 3104 pore
2414 3042 2513 3103 tuo
2530 3033 2618 3087 ubi
2646 3032 2929 3088 abundavit
2970 3035 3238 3108 iniquitas,
3263 3035 3649 3107 superabundat
3675 3039 3847 3108 gratia

2257 3125 2433 3198 (Rom.
2457 3124 2547 3197 v),
2576 3126 2696 3181 vide
2726 3142 2814 3194 ne,
2845 3127 2914 3182 de
2942 3135 3034 3182 tua
3061 3127 3636 3207 virtuteprtesumens,
3669 3129 3771 3184 ista
3793 3138 3847 3187 te

532 3276 535 3279 γ
564 3219 686 3273 disti
708 3214 902 3291 populo
927 3230 1010 3275 tuo
1041 3222 1191 3288 dura,
1233 3226 1421 3296 potasti
1450 3241 1546 3280 nos
1574 3228 1691 3280 vino
1721 3229 2145 3298 compunctiouis.
2177 3211 2224 3274 C
2254 3218 2477 3287 implere
2506 3231 2667 3288 posse
2695 3217 2956 3298 confidas.
2988 3214 3171 3275 Gloria
3201 3220 3344 3275 enim
3369 3220 3602 3277 hominis
3627 3236 3733 3276 non
3762 3229 3848 3278 est

468 3308 484 3321 °
563 3309 767 3365 Dedisti
793 3311 1127 3366 metuentibus
1180 3307 1228 3366 te
1266 3314 1724 3389 signiﬁcationem,
1762 3327 1818 3371 ut
1867 3320 2069 3389 fugiant
2116 3337 2150 3374 a

566 3403 704 3483 facie
728 3418 899 3481 arcus.
925 3401 997 3455 Et
1033 3401 1314 3458 liberentur
1352 3405 1525 3459 dilecti
1546 3409 1654 3474 tui,
1685 3408 1882 3463 salvum
1905 3412 1989 3483 fac
2029 3410 2149 3464 des?-

566 3503 677 3546 tera
699 3479 797 3545 tua
834 3479 883 3547 et
917 3495 1106 3549 exaudi
1129 3512 1228 3550 me.
1254 3495 1393 3552 Deus
1417 3498 1615 3554 locutus
1634 3511 1710 3556 est
1736 3503 1791 3556 in
1819 3514 1998 3558 sancto
2025 3521 2144 3579 suo,

564 3582 780 3639 laetabor
801 3593 852 3639 et
883 3587 1118 3659 partibor
1157 3587 1441 3646 Sic/timum
1464 3602 1523 3669 et
1546 3596 1826 3650 convallem
1853 3579 2159 3653 tabernam:

563 3676 731 3729 lorum
749 3678 980 3734 metibor.
1008 3679 1256 3752 Meus‘est
1277 3680 1501 3752 Galaad,
1523 3695 1573 3741 et
1593 3705 1733 3743 meus
1746 3697 1824 3744 est
1849 3687 1909 3742 Μ
1911 3706 2145 3757 anasses,

564 3775 614 3819 et
646 3765 900 3837 Ephraim
952 3772 1200 3841 fortitudo
1252 3778 1435 3846 capitis
1481 3779 1600 3833 mei.
1662 3778 1802 3835 Juda
1848 3798 1940 3836 rex
1983 3800 2146 3847 meus,

564 3856 724 3911 Moab
754 3860 859 3913 olla
887 3863 996 3932 spei
1021 3880 1166 3918 meat.
1198 3863 1266 3919 In
1303 3854 1590 3923 Idumazam
1621 3872 1897 3926 extendam
1942 3875 2147 3929 calcea-

564 3962 789 4005 mentum
814 3950 1002 4036 meum,
1012 3949 1016 3953 ’
1034 3948 1161 4010 mihi
1180 3958 1489 4035 alienigena:
1515 3960 1707 4016 subditi
1733 3974 1868 4017 sunt.
1897 3949 2023 4036 Quis
2052 3968 2145 4021 de-

565 4041 715 4095 ducet
741 4031 821 4096 me
839 4047 1075 4121 usquein
1094 4038 1634 4123 ‘ciuitatemqmunitam
1651 4092 1665 4116 ,
1697 4032 2049 4125 quisdeducet
2065 4072 2158 4117 me,

565 4148 720 4203 usque
749 4131 1076 4189 Idumaaam?
1104 4133 1296 4209 anne
1324 4149 1396 4206 tu,
1431 4138 1599 4205 Deus,
1630 4143 1719 4212 qui
1759 4143 1991 4215 repulisti
2019 4148 2142 4214 nos,

566 4232 614 4275 et
643 4239 745 4275 non
773 4225 1071 4295 egredieris,
1101 4224 1274 4293 Deus,
1304 4230 1357 4282 in
1387 4231 1658 4295 virtutibus
1695 4237 1905 4290 nostris.
1937 4235 2023 4292 Da
2050 4256 2145 4294 no-

566 4314 641 4365 bis
666 4316 917 4369 auxilium
941 4317 1003 4370 de
1026 4317 1391 4387 tribulatione,
1425 4323 1547 4394 quia
1572 4341 1703 4379 vana
1730 4328 1872 4383 salus
1899 4320 2157 4387 hominis.‘

567 4406 632 4460 In
666 4407 774 4461 Deo
794 4398 1041 4497 faciemus
1066 4414 1318 4480 virtutem,
1350 4424 1401 4469 et
1427 4418 1535 4487 ipse
1571 4421 1643 4473 ad
1678 4423 1893 4478 nihilum
1932 4408 2157 4497 deducet;

566 4493 871 4571 tribulantes.
884 4517 995 4554 nos.
1261 4572 1265 4578 .
1604 4530 1609 4534 ·
1662 4498 1665 4501 ’

770 4596 773 4599 ’
1076 4588 1081 4593 ’
1140 4589 1572 4635 (ΣΟΙΜΕΝΤΛΒΙΟΜ.

636 4658 926 4747 Prostratis
964 4663 1220 4733 hostibus,
1253 4660 1531 4728 victoriam
1580 4689 1680 4730 nos
1707 4676 1888 4733 docuit
1916 4668 2155 4739 Domino

566 4754 843 4824 reputare;
862 4771 969 4824 quo
982 4757 1121 4813 irato
1138 4752 1425 4829 vincimur,
1438 4780 1545 4834 quo
1559 4768 1848 4826 miserante
1859 4773 2153 4831 vincimus.

566 4843 685 4915 lpse
711 4855 892 4902 movet
910 4855 1105 4905 terram
1126 4856 1370 4923 corporis
1403 4858 1590 4924 nostri,
1616 4869 1670 4915 et
1693 4863 1978 4918 conturbat
2001 4880 2139 4932 eam,

564 4938 678 4992 sive
717 4941 1132 4998 comminatione
1172 4945 1334 5001 futuri
1375 4949 1581 5017 judicii,
1623 4942 1735 5009 sive
1778 4956 1935 5026 plaga
1963 4959 2142 5029 aliqua

566 5033 842 5099 praesentis
862 5032 1029 5099 exitii,
1044 5051 1142 5105 pro
1162 5033 1525 5108 qua'rogamus
1545 5052 1604 5098 ut
1622 5038 1777 5101 sanet
1795 5050 2146 5106 contritiones

565 5122 697 5189 ejus.
750 5126 1040 5182 Ostendisti
1085 5129 1227 5182 enim
1258 5120 1456 5201 populo
1502 5142 1595 5189 tuo
1625 5136 1776 5191 dura.
1822 5138 2020 5194 Durum
2050 5156 2147 5196 cor

565 5212 859 5272 Pharaonis
878 5220 930 5272 in
961 5236 1126 5290 opere
1149 5216 1304 5277 duro.
1338 5216 1537 5280 Potasti
1584 5243 1682 5281 nos
1731 5229 1857 5284 vino
1885 5246 2143 5301 compun-

564 5304 793 5358 ctiouis.‘
823 5306 1133 5380 Ubicunque
1167 5314 1245 5368 ira
1274 5314 1485 5370 Domini
1510 5306 1763 5387 et'passio
1782 5320 2145 5392 cujuscunque

564 5392 732 5461 plaga:
756 5404 959 5461 est,aut
985 5402 1122 5455 calix
1137 5404 1251 5469 ira),
1269 5414 1362 5459 aut
1378 5396 1565 5462 vinum
1587 5409 1863 5465 ebrietatis
1882 5426 2146 5467 memora-

552 5492 669 5547 .tur,
719 5484 856 5538 sicut
896 5485 1023 5542 dicit
1041 5486 1300 5548 Jeremias
1328 5496 1395 5549 ad
1411 5490 1715 5553 Jerusalem
1748 5518 1760 5551 :
1790 5487 2054 5556 Inebriata
2083 5518 2142 5558 es

563 5574 730 5629 calice
757 5576 848 5629 ira:
875 5584 930 5631 et
957 5576 1151 5633 furoris
1166 5581 1395 5638 Domini.
1416 5587 1680 5657 Tempore
1704 5604 1832 5657 ergo
1852 5605 1959 5658 quo
1986 5595 2155 5660 pota-‘

562 5668 631 5720 sti
678 5683 775 5722 nos
812 5670 938 5725 vino
984 5675 1411 5740 compunctiouis
1439 5679 1491 5733 in
1523 5679 1774 5751 AEgypto,
1805 5681 1996 5737 dedisti
2022 5699 2139 5738 me-

565 5760 837 5821 tuentibus
885 5770 937 5819 te
982 5765 1444 5840 significationem,
1473 5778 1527 5825 ut
1558 5771 1795 5839 fugerent
1827 5789 1855 5830 a
1886 5774 2021 5831 faeie
2049 5790 2137 5830 ar-

2252 3318 2421 3372 certa,
2466 3309 2563 3364 sed
2589 3324 2756 3377 vana;
2787 3296 2893 3365 sed
2911 3311 3150 3367 clamans
3178 3311 3245 3367 ad
3277 3312 3581 3379 Dominum,
3607 3313 3695 3369 dic
3720 3329 3846 3369 cum

2251 3401 2498 3457 omnibus
2526 3401 2725 3457 sanctis
2753 3420 2766 3454 :
2795 3401 2870 3456 Da
2902 3402 3060 3458 nobis
3084 3394 3346 3458 auxilium
3386 3403 3453 3459 de
3477 3403 3844 3472 tribulatione,

2250 3492 2374 3561 quia
2396 3506 2531 3546 vana
2559 3492 2705 3547 salus
2743 3491 2803 3546 in
2845 3492 3082 3548 homine.
3115 3492 3174 3549 In
3200 3499 3273 3561 te,
3301 3493 3547 3560 Domine,
3585 3494 3844 3553 faciemus

2251 3584 2522 3661 virtutem,
2547 3582 2671 3655 duia
2703 3593 2761 3639 tu
2788 3582 2855 3640 ad
2877 3582 3105 3640 nihilum
3131 3586 3341 3657 rediges
3365 3603 3556 3666 omnes
3584 3589 3844 3645 tribulan-

2249 3686 2332 3731 tes
2353 3693 2469 3741 nos,
2495 3678 2585 3746 qui
2614 3690 2806 3746 regnas
2832 3678 2888 3732 in
2924 3678 3116 3733 saecula
3144 3679 3479 3735 seculorum.
3504 3682 3691 3737 Amen.

2824 3812 3043 3869 PSALM
3052 3812 3138 3870 US
3174 3812 3287 3868 LX.

2501 3905 2557 3958 In
2583 3905 2743 3960 linem
2769 3906 2823 3960 in
2848 3906 3088 3977 hymnis,
3118 3907 3358 3977 psalmus
3381 3907 3563 3964 David.

2319 4032 2558 4100 Exaudi,
2589 4033 2757 4101 Deus,
2790 4035 3201 4108 deprecationem
3230 4054 3399 4093 meam
3416 4078 3431 4104 ,
3473 4037 3680 4093 intende
3713 4054 3838 4093 ora-

2248 4126 2377 4180 tioni
2394 4143 2539 4182 mete.
2572 4127 2614 4180 Α
2633 4119 2834 4198 finibus
2854 4136 3006 4185 terra:
3024 4128 3092 4182 ad
3114 4137 3160 4184 te
3178 4129 3412 4194 clamavi,
3437 4128 3558 4184 dum
3586 4130 3835 4201 anxiare-

2247 4226 2330 4271 tur
2356 4234 2445 4272 cor
2463 4234 2648 4285 meum,
2679 4219 2733 4272 in
2754 4228 2899 4290 petra
2919 4221 3163 4274 exaltasti
3180 4237 3279 4276 me.
3303 4219 3582 4275 Deduxiin
3594 4218 3691 4285 me,
3714 4221 3834 4293 quia

2249 4311 2415 4381 factus
2440 4327 2492 4365 es
2520 4327 2636 4382 spes
2674 4327 2806 4376 mea,
2837 4311 2993 4367 turris
3022 4312 3342 4383 fortitudinis
3379 4330 3411 4367 a
3438 4313 3574 4385 facie
3613 4310 3845 4367 inimici.

2248 4399 2558 4455 Inhabitabo
2595 4402 2651 4455 in
2680 4400 3012 4455 tabernaculo
3043 4411 3126 4457 tuo
3171 4403 3225 4455 in
3254 4404 3463 4470 stecula,
3496 4412 3746 4475 protegar
3777 4405 3832 4458 in

2156 4512 2157 4517 η
2246 4494 2528 4547 velamento
2574 4495 2779 4546 alarum
2822 4504 3042 4548 tuarum.
3094 4491 3351 4559 Quoniam
3390 4504 3464 4562 tu,
3492 4495 3633 4551 Deus
3667 4502 3845 4561 utens,

2149 4571 2224 4643 'D
2245 4574 2504 4639 eiaudisti
2533 4586 2814 4639 orationem
2842 4603 3029 4650 meam,
3054 4587 3240 4641 dedisti
3268 4587 3622 4643 ltwreditatem
3651 4590 3832 4666 timen-

2251 4675 2384 4731 tibus
2411 4694 2594 4731 nomen
2616 4687 2773 4731 tuum.
2799 4676 2922 4732 Dies
2942 4694 3093 4750 super
3120 4678 3227 4733 dies
3248 4682 3381 4751 regis
3404 4680 3640 4752 adjicies,
3663 4698 3830 4735 minos

2249 4772 2359 4841 ejus
2386 4787 2543 4843 usque
2578 4770 2633 4823 in
2667 4770 2801 4823 diem
2838 4757 3185 4841 geimrationis
3209 4781 3260 4825 et
3304 4774 3671 4844 generationis.
3698 4772 3828 4826 Per-

2249 4874 2421 4919 manet
2440 4864 2495 4917 iu
2517 4873 2763 4917 mternum
2800 4863 2855 4916 in
2887 4873 3158 4935 conspectu
3196 4863 3313 4930 Dei,
3342 4865 3747 4920 misericordiam
3783 4874 3835 4917 et

2248 4956 2511 5009 ueritatem
2532 4940 2644 5023 ejus
2672 4954 2782 5025 quis
2823 4955 3080 5025 requiret?
3122 4955 3213 5010 Sic
3241 4956 3495 5027 psalmum
3539 4955 3707 5009 dicam
3737 4972 3829 5009 no-

2249 5045 2379 5100 mini
2407 5055 2492 5099 tua
2519 5046 2573 5099 in
2597 5046 2840 5100 scendum
2888 5048 3080 5114 surculi,
3121 5057 3178 5101 ut
3204 5048 3416 5102 reddant
3464 5057 3581 5101 rota
3621 5064 3733 5101 mea
3770 5045 3833 5100 de

2249 5138 2332 5191 die
2356 5136 2411 5189 in
2439 5136 2591 5189 diem.
3096 5191 3103 5199 ,

2478 5228 2481 5229 ⁷
2760 5228 2762 5231 ’
2809 5222 3241 5267 εοικεκτλκιυι.

2321 5320 2614 5378 Ecclesiam
2661 5335 2821 5390 supra
2860 5330 3028 5391 petrae
3073 5322 3397 5380 soliditatem
3437 5323 3746 5390 fundatam,
3778 5334 3832 5380 et

2248 5422 2453 5467 turrem
2483 5412 2808 5467 fortitudinis
2834 5405 3028 5468 factam
3056 5415 3108 5469 in
3128 5429 3234 5485 qua
3258 5416 3551 5472 redduntur
3568 5426 3694 5472 vota
3720 5418 3831 5471 Deo

2246 5500 2316 5556 de
2342 5501 2429 5556 die
2453 5503 2507 5557 in
2523 5494 2698 5565 diem,
2722 5502 2905 5559 nullus
2926 5504 3154 5573 ignorat.
3187 5507 3292 5562 Sed
3313 5515 3390 5574 tu,
3417 5522 3450 5561 ο
3470 5517 3682 5563 amator
3708 5508 3832 5562 vita:

2244 5604 2478 5662 intentae,
2510 5596 2556 5650 si
2605 5597 2684 5651 vis
2727 5592 2968 5652 exaudiri
3008 5598 3439 5671 deprecationem
3470 5609 3645 5666 tuam,
3676 5600 3719 5656 si
3749 5599 3831 5653 vis

2244 5695 2303 5740 ut
2321 5686 2448 5741 dum
2476 5688 2749 5743 anxiatum
2777 5687 2936 5744 fuerit
2952 5705 3048 5745 cor
3069 5699 3236 5767 tuum,
3259 5691 3384 5747 dum
3405 5693 3600 5747 exieris
3620 5693 3689 5747 dc
3708 5707 3830 5748 cor-

2240 5792 2394 5850 pore,
2426 5779 2471 5834 si
2502 5779 2582 5836 vis
2618 5782 2865 5836 utturris
2899 5782 2992 5839 tibi
3019 5782 3344 5839 fortitudinis
3374 5783 3631 5840 Dominus
3662 5794 3826 5852 appa-
