4244 6258
610 278 707 349 ιιι

1937 269 2207 327 ABNOBH
2244 269 2551 329 JUNIORIS

3793 278 3898 338 412

607 395 787 451 veniat
829 391 1063 463 quandiu
1110 388 1260 454 vivit,
1309 386 1385 443 sic
1425 394 1484 442 ut
1510 384 1795 442 benedicat
1820 386 2107 443 Dominum
2137 389 2189 442 in
2216 387 2266 447 Α
2295 398 2477 443 contra
2520 407 2605 445 eos
2635 390 2825 463 lingua:
2857 406 3054 444 eorum.
3106 388 3408 443 Conturbati
3437 399 3557 444 sunt
3592 406 3765 447 onmes
3810 400 3898 467 qui

607 488 715 543 vita
744 500 859 540 sua.
892 480 960 537 Et
980 484 1032 536 in
1054 478 1401 551 similitudine
1420 480 1596 536 crucis
1623 477 1820 553 Christi
1844 481 1988 537 levet
2005 496 2198 537 manus

606 592 751 645 suas,
776 585 835 639 ut
885 575 1025 630 sicut
1067 572 1224 644 adipe
1269 580 1325 627 et
1368 570 1693 644 pinguedine
1719 572 1993 643 repieatur
2019 574 2198 643 anima

606 668 741 739 ejus.
785 665 1005 736 Pinguis
1044 664 1138 719 fiat
1175 665 1232 719 in
1269 678 1455 720 amore
1482 664 1596 735 Dei,
1624 671 1680 720 et
1702 664 1845 720 labia
1874 658 1990 735 ejus
2017 667 2198 723 exsul-

605 761 810 821 tatione
837 760 1016 832 plena,
1062 773 1171 814 non
1199 759 1520 827 necessitate
1548 766 1757 823 coacta,
1799 759 1896 816 sed
1922 758 2198 817 beneﬂciis

604 860 897 927 provocata
937 851 1154 907 laudent
1183 866 1377 917 nomen
1406 851 1543 920 ejus.
1574 849 1691 907 Hoc
1717 851 1767 907 ei
1794 852 1991 917 evenit,
2023 853 2069 907 si
2089 868 2198 908 me-

604 933 726 1001 mor
754 943 855 999 fuit
879 944 975 999 Dei
1005 958 1169 1014 super
1192 950 1420 999 stratum
1451 941 1587 1012 ejus,
1617 950 1674 998 et
1705 942 1794 998 ubi
1824 942 1961 998 alius
1984 958 2194 999 memo-

605 1046 754 1094 ratur
780 1037 1026 1103 luxurite,
1058 1050 1159 1105 ego
1186 1035 1281 1091 Dei
1311 1048 1521 1090 memor
1569 1035 1624 1090 in
1667 1035 1943 1090 matutinis
1970 1035 2197 1090 medita-

604 1129 705 1188 bor
733 1131 789 1186 in
815 1145 901 1199 eo,
928 1130 1053 1201 quia
1076 1129 1190 1201 ipse
1210 1135 1296 1183 est
1323 1128 1538 1196 adjutor
1556 1142 1729 1183 meus.
1753 1127 1991 1183 Dicenda
2035 1142 2197 1211 super

604 1231 852 1289 stratum,
899 1228 955 1276 et
1003 1219 1246 1284 addendo
1283 1217 1626 1289 adiutorium,
1658 1220 1893 1276 ostendit
1936 1236 2036 1291 per
2077 1220 2197 1291 ejus

606 1315 861 1373 auxilium
889 1313 1130 1384 potuisse
1156 1327 1214 1367 se
1256 1311 1627 1367 castimoniam
1657 1311 1973 1367 obtinuisse.
2004 1310 2074 1366 Et
2111 1328 2198 1368 se-

605 1407 788 1476 quitur
815 1420 924 1475 quo
954 1403 1141 1461 ordine
1186 1403 1441 1459 auxilium
1496 1411 1889 1474 consequatur;
1932 1404 2197 1461 dtemonia

606 1498 750 1552 extim
805 1498 1039 1566 animam
1084 1512 1182 1567 per
1208 1492 1447 1551 libidinis
1482 1495 1667 1552 luxum
1706 1504 1954 1565 quzerunt
1980 1512 2192 1567 capere.

605 1588 711 1645 Sed
742 1591 841 1645 iste
871 1589 994 1647 audi
1016 1588 1143 1658 quid
1173 1587 1348 1643 dicat:
1392 1586 1451 1642 In
1480 1604 1698 1654 vanum,
1728 1588 1919 1658 inquit,
1969 1590 2196 1660 qumsie-

608 1692 733 1737 runt
760 1681 991 1745 animam
1020 1694 1217 1734 meam.
1246 1678 1320 1733 Et
1368 1693 1473 1749 qua
1500 1679 1711 1736 ratione
1738 1696 1846 1735 non
1894 1681 1965 1736 sit
2010 1690 2198 1752 captus

2302 483 2657 550 videbanteos,
2681 493 2731 538 et
2753 485 2922 538 timuit
2946 483 3113 538 omnis
3153 482 3324 538 homo.
3359 481 3428 537 Et
3457 486 3899 543 annuntiauerunt

2301 596 2457 651 opera
2486 578 2604 645 Dei,
2636 588 2685 634 et
2714 581 2854 650 facta
2879 580 2992 650 ejus
3015 576 3397 632 intellexerunt.
3427 575 3898 652 Laetabiturjustus

2298 672 2355 725 in
2386 668 2631 737 Domino,
2681 681 2730 726 et
2767 669 2993 741 sperabit
3030 670 3084 723 in
3132 685 3211 734 eo,
3243 677 3294 722 et
3343 668 3694 743 tardabantur
3721 689 3897 728 mnes

2298 764 2423 819 recti
2441 763 2614 818 corde.
3078 809 3090 818 .
3506 770 3511 775 ‘

2871 850 3305 894 οοιιιεκτλιιιωι.

2372 944 2604 1013 Exaudi,
2631 948 2790 1014 Deus,
2816 949 3122 1021 orationem
3150 965 3327 1006 meam
3356 966 3478 1007 cum
3508 952 3758 1023 tribulor,
3782 955 3897 1009 sive

2300 1055 2422 1095 cum
2447 1038 2728 1110 deprecor.
2761 1039 2933 1108 Quam
2982 1043 3321 1098 orationem?
3348 1043 3393 1098 Α
3416 1044 3635 1111 timore,
3665 1045 3760 1109 ait,
3797 1045 3898 1100 ini-

2300 1131 2427 1187 mici
2456 1117 2604 1202 eripe
2626 1118 2858 1187 animam
2885 1148 3087 1205 meam,
3129 1134 3222 1215 qui
3263 1134 3549 1205 protexisti
3574 1149 3663 1190 me
3690 1150 3721 1189 a
3761 1150 3896 1190 con-

2296 1231 2466 1288 ventu
2500 1222 2932 1297 ~malignantium,
2992 1232 3046 1280 et
3095 1240 3126 1279 a
3161 1223 3506 1297 multitudine
3556 1226 3895 1301 operantium

2297 1315 2660 1388 iniquitatem.
2684 1314 2785 1382 Tu,
2815 1316 3062 1381 Domine,
3090 1332 3120 1371 a
3143 1317 3338 1372 timore
3358 1317 3559 1391 inimici
3576 1317 3745 1373 libera
3777 1317 3897 1372 ani-

2296 1416 2445 1459 mam
2470 1419 2678 1472 meam,
2710 1406 2829 1475 ipsa
2853 1406 2996 1461 enim
3026 1408 3264 1476 suscepit
3292 1406 3347 1461 in
3387 1421 3446 1462 se
3475 1405 3732 1483 Spiritum
3763 1421 3896 1462 san-

2302 1503 2467 1550 ctum.
2500 1495 2593 1550 Isti
2622 1504 2803 1552 autem
2854 1498 3063 1567 sagittis
3105 1499 3159 1553 in
3199 1511 3386 1553 amaro
3431 1494 3559 1552 arcu
3578 1497 3804 1569 paratis,
3835 1498 3897 1551 in

2302 1587 2516 1642 occulto
2546 1589 2847 1643 consistunt
2862 1597 3186 1658 agentes,-ut
3208 1591 3460 1658 sagittent
3484 1590 3541 1644 in
3565 1588 3900 1644 occultoim-

2302 1678 2649 1732 maculatum.
2684 1677 2886 1737 Tamen
2916 1681 2962 1736 si
2992 1697 3100 1739 non
3138 1682 3479 1741 consenserit
3506 1681 3689 1746 homo,
3731 1680 3896 1759 etiam

611 1777 832 1849 exponit
865 1795 876 1830 :
908 1775 965 1837 In
994 1775 1319 1843 velamento,
1362 1774 1566 1844 inquit,
1597 1774 1803 1830 alarum
1834 1782 2044 1830 tuarum
2075 1792 2199 1847 spe-
2227 1769 2277 1830 B
2301 1769 2347 1824 si
2369 1766 2744 1837 sagittaverint
2770 1786 2913 1838 eum,
2952 1787 3059 1826 non
3100 1772 3331 1839 timebit,
3352 1787 3464 1843 non
3498 1770 3757 1836 abscedit,
3790 1778 3899 1826 stat

609 1872 743 1939 rari,
776 1870 1000 1926 adhmsit
1028 1870 1205 1925 anima
1226 1884 1347 1924 mea
1374 1877 1498 1941 post
1526 1875 1597 1936 te,
1614 1884 1702 1924 me
1723 1869 1957 1940 suscepit
1982 1868 2204 1924 dextera

609 1971 720 2031 tua.
743 1960 906 2020 Etsic
929 1961 1126 2019 factum
1150 1969 1232 2016 est
1262 1967 1321 2015 ut
1341 1960 1394 2016 in
1414 1976 1613 2019 vanum
1636 1969 1942 2030 quaererent
1969 1960 2201 2015 animam

603 2070 806 2131 meam,
838 2054 937 2125 ipsi
964 2053 1134 2122 magis
1150 2051 1401 2122 fugerunt
1427 2051 1555 2108 dum
1582 2066 1671 2107 me
1698 2050 2205 2122 quieruntJngressi

609 2156 734 2201 sunt
762 2147 814 2201 in
847 2146 1099 2201 inferiora
1129 2153 1304 2214 terrae,
1347 2152 1711 2217 pervenerunt
1740 2160 1909 2214 usque
1946 2145 2023 2199 ad
2071 2145 2205 2200 infc-

610 2238 753 2292 riora
780 2234 1382 2310 corporis.lnvenerunt
1404 2236 1477 2291 ibi
1498 2235 1729 2307 gladium
1749 2237 1899 2291 verbi
1919 2237 2013 2291 Dei
2043 2252 2208 2308 super

609 2329 782 2384 femur
799 2328 1249 2401 potentissimum,
1265 2336 1319 2383 et
1334 2327 1405 2391 ibi
1422 2327 1735 2397 traditisunt
1750 2327 1803 2381 in
1821 2344 2009 2383 manus
2024 2322 2201 2397 gladii.

612 2422 775 2478 Notat
819 2423 892 2477 ibi
921 2429 1134 2477 amator
1160 2421 1457 2490 castitatis,
1485 2436 1595 2493 quo
1644 2419 1833 2476 ordine
1868 2419 2089 2475 castitas
2114 2436 2207 2475 cu-

610 2516 861 2581 stoditur.
893 2515 1001 2588 ipsi
1033 2515 1176 2577 enim
1201 2516 1293 2586 qui
1318 2522 1569 2585 quierunt
1596 2514 1832 2582 animam
1862 2521 2007 2569 tuam
2037 2513 2101 2568 ad
2134 2512 2209 2567 in-

607 2608 807 2673 feriora
849 2618 1005 2665 terra:
1054 2616 1157 2664 tum
1204 2610 1545 2680 perveniunt,
1576 2615 1632 2663 tu
1657 2608 1840 2662 statim
1878 2608 1922 2661 si
1974 2606 2209 2676 gladium

608 2712 774 2773 seper
800 2700 1006 2761 femore
1034 2702 1242 2765 cinctus
1269 2702 1451 2768 fueris,
1473 2702 1696 2769 hoceos
1717 2700 1895 2770 gladio
1925 2714 2088 2754 manu
2119 2707 2207 2773 tua

608 2792 854 2864 partibus
881 2790 1069 2848 mittis.
1103 2792 1248 2851 Sane
1276 2792 1572 2851 notandum
1594 2790 1739 2862 quod
1762 2798 1947 2863 partes
1973 2791 2101 2860 ipsa:
2130 2788 2209 2843 fa-

613 2893 715 2940 cta:
741 2884 809 2940 de
844 2885 944 2950 eis,
968 2900 1077 2940 non
1107 2885 1287 2939 avium
1310 2892 1404 2939 aut
1426 2900 1639 2953 canum,
1665 2882 1762 2939 sed
1790 2883 2052 2955 vulpium,
2083 2880 2209 2953 quia

611 2983 668 3030 et
694 2992 856 3032 canes
883 2985 940 3032 et
967 2993 1095 3032 aves
1121 2977 1299 3033 solent
1345 2977 1574 3049 perdere
1615 2984 1801 3047 partes
1836 2992 1981 3031 suas.
2008 2974 2210 3044 Vulpes

613 3080 736 3134 tam
751 3076 929 3125 astute
956 3078 1140 3138 agunt,
1171 3078 1233 3124 ut
1276 3084 1385 3125 non
1406 3070 1589 3125 solum
1630 3084 1757 3123 suas
1804 3083 1911 3123 non
1958 3066 2207 3137 perdant,

3300 1828 3305 1839 \

2308 1863 2555 1927 viriliter,
2602 1871 2662 1927 ut
2708 1872 2992 1935 recuperet
3030 1865 3315 1920 sanitatem
3343 1864 3672 1919 vulneratus.
3708 1861 3778 1917 Ut
3821 1863 3899 1919 illi

2308 1963 2487 2011 autem
2527 1954 2855 2013 afﬁrmantes
2882 1958 2985 2014 sibi
3011 1957 3233 2029 verbum
3264 1957 3540 2027 injustum,
3568 1956 3620 2011 in
3654 1972 3762 2026 quo
3790 1956 3898 2010 dis~

2308 2055 2516 2117 putant,
2550 2055 2609 2101 ut
2638 2048 2937 2103 abscondat
2978 2049 3220 2120 laqueos.
3252 2047 3321 2103 Et
3348 2048 3471 2104 audi
3501 2049 3630 2118 quid
3669 2048 3851 2103 dicant
3883 2066 3895 2101 :

2306 2134 2605 2194 [invisibiles
2623 2141 2702 2194 eis
2725 2154 2929 2206 sumus,
2957 2156 3062 2196 non
3087 2139 3345 2205 videbunt
3369 2156 3485 2195 nos.
3518 2139 3585 2193 Et
3607 2140 3728 2195 ideo
3748 2155 3899 2195 scru-

2308 2234 2492 2284 tantur
2533 2229 2694 2286 corda
2740 2231 3021 2287 hominum
3073 2232 3269 2302 iniquis
3316 2233 3656 2301 ambagibus,
3684 2232 3777 2286 sed
3804 2246 3900 2301 per

2308 2324 2536 2395 gratiam
2570 2323 2664 2379 Dei
2696 2323 2954 2380 deficiunt
3000 2333 3303 2381 scrutantes
3330 2325 3611 2381 scrutinio.
3648 2323 3899 2379 Videntes

2308 2429 2369 2470 se
2396 2414 2684 2480 defecisse,
2719 2423 2775 2473 et
2824 2417 3100 2472 hominem
3148 2418 3407 2473 accedere
3458 2417 3524 2471 ad
3567 2416 3900 2485 superiorem

2308 2504 2530 2574 gradum
2555 2506 2795 2576 iustitiae,
2829 2507 3029 2563 faciunt
3057 2509 3105 2563 ei
3135 2524 3232 2564 cor
3257 2509 3442 2577 altum,
3491 2516 3552 2562 ut
3578 2518 3676 2578 per
3712 2507 3900 2561 elatio-

2311 2614 2433 2653 nem
2464 2598 2643 2653 cordis
2663 2599 2798 2670 ejus,
2829 2602 3061 2656 exsultet
3103 2617 3164 2656 se
3190 2601 3332 2657 Deus
3360 2601 3428 2655 ab
3457 2616 3542 2656 eo.
3566 2600 3897 2668 Quantacuno

2310 2707 2417 2763 que
2468 2692 2629 2761 igitur
2677 2692 2729 2746 in
2773 2702 2854 2758 te,
2887 2710 2920 2747 ο
2949 2691 3263 2758 Psalmista,
3306 2693 3476 2749 virtus
3521 2690 3899 2747 contemnendi

2310 2785 2630 2851 concrescit,
2664 2793 2815 2839 tanto
2859 2785 3086 2842 altitudo
3133 2785 3283 2842 cordi
3335 2802 3435 2841 suo
3473 2786 3765 2841 decrescat.
3817 2783 3898 2837 ln-

2310 2877 2461 2944 siste,
2491 2877 2610 2950 quia
2640 2878 2806 2931 omnis
2848 2879 2933 2950 qui
2961 2895 3016 2933 se
3039 2878 3259 2941 exabtat
3300 2878 3652 2933 humiliabitur
3684 2875 3918 2950 (Maltb..
3957 2924 3966 2931 .

2313 2968 2485 3038 xxm).
2517 2967 2667 3024 Tunc
2695 2971 2902 3040 sagittm
2931 2969 3276 3042 parvulorum
3306 2969 3440 3026 ﬁunt
3477 2971 3646 3041 plaga:
3692 2985 3898 3036 eorum,

2312 3060 2527 3116 dabitur
2564 3069 2805 3131 potestas
2831 3063 2994 3118 etiam
3021 3063 3200 3134 parvis
3239 3061 3517 3117 desideriis
3547 3063 3672 3128 tuis,
3702 3063 3796 3132 qui
3851 3063 3901 3119 in

612 3132 710 3218 sed
735 3169 793 3217 et
836 3132 1049 3218 alienas
1194 3159 1455 3217 fortiores
1480 3176 1541 3221 se
1582 3168 1932 3230 praesumant.
1961 3132 2205 3227 Denique
2310 3150 2528 3210 €hristo
2552 3164 2696 3210 sunt.
2724 3154 2986 3223 Parvulis,
3024 3132 3269 3227 inquam,
3301 3172 3430 3212 mox
3456 3157 3598 3227 natis
3627 3172 3693 3235 ex
3721 3165 3775 3212 te
3811 3156 3901 3212 de-

610 3251 958 3326 physielogus
971 3251 1136 3308 refert
1147 3267 1364 3323 semper
1376 3252 1591 3324 vulpem
1612 3251 1667 3307 in
1689 3249 1896 3307 insidiis
1914 3264 2035 3305 esse
2049 3249 2175 3319 lupo
2189 3268 2204 3317 ;

610 3352 672 3400 ut
694 3343 788 3401 ubi
808 3342 930 3414 ejus
953 3343 1190 3401 senserit
1216 3341 1455 3413 prmdam
1492 3341 1792 3407 occultam,
1824 3341 1998 3413 rapiat
2030 3341 2099 3395 ei.
2129 3339 2207 3399 Ita

613 3446 669 3494 et
697 3445 752 3494 tu
781 3436 1045 3495 castitatis
1071 3443 1302 3504 amator,
1348 3451 1457 3497 non
1500 3434 1681 3497 solum
1724 3443 1871 3493 tuam
1898 3435 2207 3499 castitatem

610 3544 829 3595 serves;
861 3526 957 3592 sed
1002 3542 1098 3589 eos
1138 3541 1275 3598 quos
1312 3526 1580 3597 prazdatus
1606 3533 1722 3591 est,
1768 3534 1891 3581 arte
1918 3541 2023 3597 qua
2053 3535 2208 3596 potes

613 3621 767 3692 quasi
796 3628 1006 3677 astutus
1054 3619 1267 3692 eripias,
1312 3628 1371 3687 ut
1399 3620 1595 3675 astutia
1643 3627 1765 3685 tua,
1795 3620 1949 3689 quasi
1978 3620 2164 3693 vulpes
2187 3658 2202 3683 ,

602 3720 794 3786 partes
821 3711 1123 3775 dmmonum
1169 3710 1375 3781 rapiat,
1415 3710 1635 3766 castitas
1676 3709 1956 3775 comedat,
1987 3719 2042 3766 et
2090 3711 2204 3781 ipsa

613 3809 897 3863 consumat
934 3802 988 3857 in
1018 3802 1101 3857 his
1145 3800 1318 3857 factis.
1353 3801 1470 3858 Res
1491 3809 1615 3861 tuus
1642 3802 1890 3858 Christus
1913 3801 2081 3859 Filius
2110 3802 2206 3860 Dei

608 3893 879 3951 lmtabitur
897 3894 950 3949 in
997 3890 1156 3951 Patre
1200 3900 1258 3951 et
1296 3892 1500 3964 Spiritu
1535 3901 1752 3954 sancto.
1801 3900 1855 3948 et
1904 3893 2206 3951 laudabitur

611 3985 790 4043 omnis
816 3984 907 4054 qui
932 3984 1080 4053 jurat
1121 3983 1174 4037 in
1197 3997 1284 4047 eo,
1311 3997 1419 4049 non
1453 3980 1762 4049 juramento
1783 3981 1849 4037 ad
1875 3982 2203 4038 satisfactio-

611 4091 736 4133 nem
767 4074 1020 4141 hominis,
1046 4073 1147 4135 sed
1170 4073 1293 4143 jura
1332 4086 1453 4141 quae
1488 4071 1540 4125 in
1568 4086 1637 4128 eo
1664 4079 1788 4137 sunt
1813 4074 2199 4131 conservando.

608 4168 733 4235 .Quo
758 4168 921 4234 facto,
946 4166 1242 4225 obstruitur
1262 4180 1324 4223 os
1360 4165 1697 4236 loquentium
1720 4165 1927 4237 iniqua.
1958 4165 2075 4223 Non
2105 4182 2202 4223 au-

609 4258 813 4323 debunt
841 4257 1115 4328 dazmones
1156 4257 1308 4326 loqui
1326 4255 1441 4327 jam
1483 4264 1576 4314 tuo
1604 4256 1756 4317 cordi
1804 4256 2089 4328 superﬂua,
2121 4256 2204 4314 fa-

495 4419 510 4427 -
614 4351 793 4405 ciente
812 4349 1019 4405 auxilio
1046 4347 1264 4409 Domini
1289 4348 1464 4407 nostri
1481 4346 1611 4409 Iesu
1632 4346 1857 4415 Christi,
1886 4350 1981 4421 qui
2012 4359 2205 4420 regnat

609 4455 731 4497 cum
761 4437 920 4495 Patre
961 4448 1017 4495 et
1060 4439 1267 4511 Spiritu
1293 4446 1489 4511 sancto
1529 4440 1587 4499 in
1633 4440 1830 4505 saecula
1857 4442 2199 4503 saeculorum.

614 4528 805 4587 Amen.

1130 4596 1445 4656 PSALMUS
1476 4599 1658 4674 LXIII.

1035 4690 1093 4747 in
1129 4692 1289 4749 finem
1317 4695 1554 4764 psalmus
1579 4693 1767 4751 David.

678 4806 911 4871 Exaudi,
938 4806 1094 4875 Deus,
1121 4809 1405 4865 orationem
1432 4827 1606 4866 sum
1628 4827 1744 4865 cum
1773 4811 2036 4884 deprecor,
2064 4831 2097 4867 a
2126 4816 2195 4868 ti-

595 4918 749 4961 more
794 4902 999 4969 inimia'
1043 4903 1185 4973 eripe
1216 4902 1454 4959 animum
1472 4920 1667 4971 nteant.
1719 4903 2012 4971 Ρωωωὶεεὶ
2051 4923 2134 4961 nte
2160 4924 2193 4960 a

605 4999 850 5050 conuentu
878 4991 1293 5065 malignantium,
1310 4993 1705 5055 .a_muttitudine
1728 4998 2057 5069 operantium
2087 4999 2190 5053 ini-

604 5087 869 5156 quitatem.
897 5080 1033 5151 Quie
1074 5096 1390 5155 exacuet-unt
1426 5088 1639 5161 linguas
1674 5105 1832 5157 suas,
1858 5091 2199 5146 intenderunt

605 5189 779 5227 arcum
809 5192 916 5233 rem
936 5192 1190 5243 amaram,
1213 5186 1270 5237 ut
1294 5178 1544 5250 sagittent
1569 5181 1623 5234 in
1648 5180 1865 5237 occultis
1893 5182 2199 5238 immacula-

604 5273 729 5321 tum.
755 5265 939 5321 Subito
962 5270 1282 5341 sagittabunt
1306 5288 1422 5327 eum
1449 5281 1501 5326 et
1528 5289 1634 5327 non
1658 5271 1929 5338 timebunt,
1950 5275 2197 5344 ﬁrmave-

605 5364 723 5413 runt
744 5354 846 5409 sibi
863 5372 1148 5415 sermonem
1168 5379 1407 5434 nequam.
1442 5360 1809 5419 Narrauerunt
1833 5372 1890 5416 ut
1911 5362 2197 5420 absconde-

594 5454 715 5509 ,rent
743 5444 987 5516 laqueos;
1010 5449 1274 5518 dixerunt,
1302 5454 1436 5519 .Quis
1465 5453 1651 5511 videbit
1669 5455 1796 5510 eos?
1822 5454 2055 5511 Scrutati
2075 5465 2200 5511 sunt

592 5536 920 5607 iniquitates,
966 5538 1264 5609 defecerunt
1308 5553 1601 5603 scrutantes
1650 5547 1918 5611 scrutinio.
1974 5547 2196 5605 Accedet

601 5626 753 5683 homo
781 5626 851 5681 ad
878 5642 969 5682 cor
995 5627 1190 5696 altum,
1212 5641 1263 5685 et
1290 5634 1604 5691 multabitur
1629 5636 1788 5707 Deus.
1818 5639 2042 5712 Sagitta:
2066 5656 2197 5695 nar-

592 5717 834 5781 .uulorum
878 5719 1034 5789 facta:
1074 5730 1197 5783 sunt
1237 5722 1409 5793 plaga:
1442 5743 1643 5792 eorum,
1674 5738 1724 5784 et
1765 5730 2047 5798 inﬁrmata:
2073 5742 2196 5787 sunt

2311 3244 2521 3301 sideriis
2566 3244 2902 3317 spiritalibus
2947 3248 3164 3303 dabitur
3202 3248 3406 3321 Virtus,
3450 3257 3507 3304 ut
3536 3248 3746 3321 sagittis
3792 3248 3901 3303 suis

2311 3338 2494 3411 plagas
2521 3338 2854 3395 daemonibus
2884 3340 3100 3407 faciant,
3133 3350 3188 3397 et
3206 3358 3306 3414 pro
3334 3342 3503 3408 nihilo
3528 3350 3900 3417 computantes

2309 3445 2423 3499 eos,
2456 3440 2644 3487 contra
2692 3432 2837 3503 ipsos
2890 3432 3085 3503 faciant
3126 3434 3337 3505 linguas
3375 3450 3583 3499 eorum,
3635 3434 3686 3489 id
3725 3443 3900 3490 estea

2309 3539 2428 3595 quae
2453 3528 2833 3594 suggesserim,
2858 3538 3045 3583 contra
3076 3543 3171 3584 eos
3191 3529 3391 3585 reverti
3418 3528 3600 3584 faciat.
3630 3527 3769 3596 Quia
3797 3531 3901 3585 sie-

2309 3621 2368 3669 ut
2402 3615 2447 3671 si
2476 3618 2928 3684 consenscrimus,
2957 3619 3102 3689 ipsos
3124 3619 3488 3678 vulneramus.
3512 3619 3569 3674 ln
3591 3619 3691 3679 hac
3716 3619 3902 3688 regula

2309 3708 2486 3763 omnis
2501 3708 2664 3763 homo
2687 3710 2780 3778 qui
2808 3726 2909 3765 nos
2937 3711 3250 3779 cognoverit
3279 3724 3460 3779 agere,
3478 3712 3685 3766 timebit
3705 3710 3898 3778 Deum,

2302 3805 2364 3851 .et
2393 3798 2735 3853 annuntiabit
2784 3815 2950 3870 opera
3000 3800 3135 3870 ejus,
3169 3810 3225 3863 et
3280 3800 3418 3859 facta
3459 3801 3571 3871 ejus
3609 3801 3894 3875 intelliget.

2306 3887 2488 3947 Justus
2534 3898 2713 3945 autem
2754 3892 2844 3961 qui
2899 3900 3001 3958 est,
3032 3909 3139 3948 non
3183 3893 3478 3955 tuistabitur
3526 3892 3579 3965 in
3634 3890 3897 3959 adversis,

2306 3979 2401 4034 sed
2446 3979 2712 4037 laetabitur
2740 3982 2792 4037 in
2837 3983 3089 4052 Domino,
3136 3994 3193 4042 ct
3228 3986 3467 4057 sperabit
3504 3986 3559 4041 in
3587 4000 3673 4051 eo,
3696 3993 3752 4041 et
3796 3984 3899 4053 erit

2307 4070 2423 4137 laus
2445 4071 2694 4131 omnibus
2721 4075 2885 4133 rectis
2905 4076 3071 4131 corde
3099 4077 3153 4133 in
3183 4075 3400 4141 Christo
3429 4077 3658 4145 Domino
3687 4084 3894 4149 nostra.

2306 4161 2396 4230 qui
2419 4172 2606 4231 regnat
2633 4164 2685 4219 in
2715 4167 2910 4223 saecula
2933 4168 3272 4233 saeculorum).
3301 4169 3493 4231 Amen.

2828 4278 3145 4337 RSALMUS
3182 4281 3367 4338 LXIV.

2300 4363 2362 4420 la
2379 4365 2817 4442 [tuempsalmus
2842 4370 3009 4442 David
3046 4372 3313 4428 canticum
3342 4372 3542 4442 ΔεριΒῂ
3566 4372 3817 4431 Ieremia:
3838 4382 3896 4430 et

2379 4435 2694 4516 Ezechielis,
2725 4440 2794 4516 _de
2819 4441 2994 4516 verbo
3023 4435 3575 4516 peregrinationis,_m
3596 4445 3667 4516 de
3695 4445 3895 4516 populo

2375 4510 2880 4577 transmigrationis,
2910 4510 3038 4567 cum
3062 4510 3361 4584 inciperent
3391 4513 3681 4585 proficisci.

2380 4621 2452 4678 Te
2471 4622 2614 4679 decet
2634 4624 2873 4695 hymnus,
2906 4623 3068 4692 Deus,
3096 4626 3148 4683 in
3172 4626 3323 4692 Sion,
3353 4638 3403 4682 et
3433 4627 3524 4683 tibi
3554 4615 3793 4687 reddetur
3816 4645 3897 4685 uo—

2304 4715 2485 4777 tumin
2511 4714 2819 4773 Jerusalem.
2850 4715 3062 4775 Exaudi
3090 4720 3373 4785 arationem
3394 4737 3581 4789 meam,
3605 4722 3677 4779 ad
3708 4730 3760 4776 te
3784 4739 3899 4777 om-

2302 4809 2384 4865 nis
2415 4825 2537 4865 caro
2560 4810 2746 4867 ueniat.
2789 4810 2957 4871 Verba
2995 4811 3285 4885 iniquarum
3321 4814 3703 4884 praevalime
3741 4831 3898 4886 super

2296 4918 2416 4970 nos,
2453 4913 2502 4959 et
2535 4904 2885 4974 impietatibus
2927 4905 3119 4959 nostris
3178 4916 3229 4959 tu
3274 4904 3654 4978 propitiaberis.
3703 4905 3894 4961 Beatus

2296 5010 2446 5071 quem
2468 4994 2669 5066 elegiin
2698 5005 2746 5048 et
2793 4996 3139 5068 assumpsisti,
3166 4995 3475 5051 inhabitabit
3502 4997 3557 5050 in
3595 4997 3748 5051 atriis
3771 4997 3892 5053 tuis.

2302 5084 2631 5157 Reptebimur
2658 5088 2713 5143 in
2742 5087 2887 5143 bonis
2919 5089 3100 5145 domus
3134 5098 3253 5156 tute,
3280 5101 3515 5146 sanctum
3544 5101 3622 5147 est
3649 5092 3894 5163 templum

2296 5177 2722 5242 tuumymirabile
2744 5180 2801 5232 in
2829 5181 3086 5253 wguitate.
3116 5179 3324 5236 Exaudi
3350 5198 3465 5247 uos,
3483 5180 3624 5236 Deus
3645 5183 3898 5237 salutaris

2300 5278 2507 5334 noster,
2548 5286 2663 5341 spes
2711 5270 2940 5327 omnium
2988 5273 3170 5343 ﬁnium
3200 5281 3352 5327 terra:
3397 5284 3448 5327 et
3470 5274 3526 5328 in
3552 5274 3690 5328 mari
3718 5274 3889 5346 longe.

2301 5362 2621 5435 Praeparatis
2642 5374 2839 5419 montes
2868 5366 2921 5418 in
2943 5366 3127 5420 uirtute
3156 5376 3261 5431 tua,
3308 5368 3574 5420 accinctus
3608 5367 3845 5437 potentia
3874 5382 3891 5419 :

2299 5460 2387 5530 qui
2414 5456 2688 5511 conturbas
2710 5458 3029 5528 profundum
3054 5453 3232 5525 maris,
3276 5441 3460 5514 sonum
3480 5460 3730 5529 ﬂuctuum
3756 5460 3889 5530 ejus.

2302 5548 2344 5603 Τ
2344 5548 2662 5604 urbabuntur
2679 5558 2857 5620 gentes
2878 5559 2929 5604 et
2954 5547 3198 5605 timebunt
3210 5552 3296 5622 qui
3323 5548 3618 5606 inhabitant
3648 5549 3891 5604 terminos

2297 5656 2330 5693 α
2350 5639 2515 5710 signis
2537 5640 2654 5703 tuis,
2685 5641 2853 5697 exitus
2884 5641 3129 5695 utamini
3154 5650 3204 5695 et
3228 5657 3436 5711 uespere
3461 5638 3756 5695 delectabis.
3801 5638 3890 5699 Vi-

2294 5731 2465 5786 sitain
2496 5739 2685 5787 terram
2713 5741 2760 5797 et
2786 5732 3053 5790 iuebriasti
3100 5750 3253 5800 eam;
3284 5733 3641 5803 mltiplicasti
3664 5730 3888 5804 locuple-
