4244 6258
308 318 418 372 415

1269 305 1739 368 COMMENTARH
1776 304 1843 358 IN
1885 297 2212 364 PS‘ALMOS.
2257 299 2448 354 PSAL.
2491 298 2645 353 LXV.

3505 299 3610 354 4M

309 442 422 485 tare
449 449 587 485 eam.
622 431 840 484 Flumen
881 428 977 483 Dei
1008 427 1256 500 repletum
1285 435 1362 480 est
1387 426 1565 494 aquis,
1608 423 1807 493 parasti
1836 422 1911 473 ci-
1939 421 1988 480 Α
2018 427 2121 473 tur.
2174 417 2465 473 lnduentur
2507 416 2652 472 enim
2707 416 2903 469 arietes
2956 411 3366 468 mansuetudine
3407 414 3606 480 ovium,

311 524 434 580 bum
475 525 710 590 illorum,
747 523 991 594 quoniam
1020 523 1094 575 ita
1130 529 1207 573 est
1226 517 1540 589 pmparatio
1586 515 1713 584 ejus.
1753 511 1908 565 Rivos

312 618 425 687 ejus
452 617 716 670 inebrians
745 613 1028 684 multiplica
1056 611 1318 682 genimina
1359 609 1491 678 ejus,
1539 608 1592 659 in
1631 601 1908 659 stillicidiis

312 709 428 779 ejus
456 707 712 762 lwtabitur
737 704 1050 776 geminans.
1083 701 1362 756 Benedices
1386 714 1591 753 corona:
1616 695 1742 749 anni
1769 692 1910 747 beni-

313 801 532 872 gnitatis
574 808 695 864 tuaz,
744 806 794 851 et
818 798 986 868 campi
1038 798 1108 851 tui
1127 794 1468 866 'replebuntur
1497 790 1744 846 ubertate.
1779 789 1910 844 Pin-

312 901 555 962 guescent
578 892 807 960 speciosa
848 889 1066 954 deserti,
1107 897 1158 942 et
1184 887 1533 943 exsultatione
1553 885 1709 940 colles
1737 883 1910 937 accin-

311 992 513 1054 gentur.
543 982 721 1037 Induti
750 991 870 1036 sunt
897 983 1084 1036 arietes
1105 982 1294 1045 ovium,
1318 988 1368 1033 et
1386 978 1544 1032 valles
1578 973 1912 1031 abundabunt

312 1076 583 1145 frumento,
618 1074 913 1130 clamabunt
940 1075 1150 1139 etenim,
1177 1073 1425 1145 hymnum
1453 1069 1640 1124 dicent.

886 1220 1327 1262 COIIIEN'I'ARIUI.

381 1344 438 1399 ln
459 1343 689 1400 Hebrazo
716 1358 826 1398 non
855 1343 1021 1398 habet
1049 1357 1150 1397 nec
1167 1339 1479 1405 Jeremiam,
1512 1353 1612 1392 nec
1633 1339 1906 1406 Aggteum,

311 1438 411 1492 nisi
439 1437 615 1492 solum
651 1434 842 1489 David.
875 1432 984 1488 Sed
1012 1431 1183 1488 Esdra
1225 1432 1430 1486 habens
1468 1429 1784 1485 charitatem
1817 1443 1910 1483 eo-
1958 1428 1978 1454 '

311 1543 447 1592 rum,
478 1526 646 1581 voluit
671 1541 768 1580 eos
790 1539 1116 1590 memorare,
1169 1537 1418 1578 asserens
1455 1521 1615 1575 istum
1645 1519 1906 1590 psalmum

311 1617 475 1673 David
500 1617 761 1673 cecinisse
791 1631 884 1671 eos
905 1616 959 1670 in
990 1614 1422 1686 prophetationis
1451 1627 1560 1666 sua:
1582 1610 1733 1664 initio
1759 1629 1770 1662 :
1805 1610 1909 1665 hoc

313 1720 420 1778 est,
453 1719 605 1766 extra
654 1719 796 1764 terra
843 1708 1019 1763 aliena
1059 1714 1171 1770 est,
1225 1713 1280 1759 et
1333 1720 1440 1759 non
1480 1711 1660 1774 potest
1687 1711 1908 1768 cantare

2011 530 2119 568 non
2149 514 2492 568 vontilahunt
2520 509 2812 574 cornubus,
2844 514 2899 562 et
2936 506 3209 562 convalles
3264 505 3614 563 abundabunt

2011 607 2280 661 frumento
2333 604 2578 675 corporis
2615 600 2836 657 Christi.
2891 599 3047 667 Quod
3075 599 3292 670 quando
3323 599 3613 669 accipient,

2011 697 2320 752 clamabunt
2369 699 2587 759 arietes,
2620 703 2675 750 et
2718 709 2849 749 oves
2883 692 3064 759 simul,
3097 693 3355 764 hymnum
3375 691 3614 748 dicentes

2011 787 2228 844 Christo
2267 788 2403 843 Filio
2454 788 2568 852 Dei,
2619 787 2709 857 qui
2737 793 2927 855 regnat
2975 800 3097 840 cum
3139 781 3300 838 Patre
3330 790 3385 837 et
3411 781 3612 852 Spiritu

2013 867 2220 947 saneto,
2265 882 2317 935 in
2359 880 2562 935 unitate
2591 878 2836 943 Deitatis,
2865 886 2924 932 et
2945 877 2996 930 in
3020 875 3282 930 Trinitale
3312 873 3531 928 unitatis
3562 875 3612 929 in

2013 974 2208 1030 satcula
2235 973 2578 1030 saaculorum.
2613 972 2804 1025 Amen.

2555 1100 2870 1157 PSALMUS
2908 1100 3066 1156 LXV.

2184 1218 2241 1272 In
2273 1217 2432 1272 ﬁnem
2459 1218 2727 1272 canticum
2755 1215 2946 1286 psalmi
2988 1214 3436 1269 Rcsurrectionis.

2083 1353 2312 1408 Jubitate
2358 1351 2488 1417 Deo,
2519 1353 2689 1406 omnis
2719 1359 2876 1413 terra,
2924 1349 3177 1419 psalmum
3204 1349 3361 1403 dicite
3407 1351 3608 1404 nomini

2012 1447 2143 1516 ejus,
2177 1445 2298 1498 date
2323 1445 2544 1515 gloriam
2571 1442 2714 1496 laudi
2747 1442 2879 1512 ejus.
2925 1439 3094 1494 Dicite
3121 1439 3230 1493 .Deo
3256 1458 3273 1493 :
3311 1439 3476 1503 Quam
3511 1452 3613 1493 ter-
3672 1449 3677 1455 '

2013 1537 2190 1591 ribilia
2233 1545 2355 1590 sunt
2379 1551 2538 1605 opera
2585 1543 2690 1595 tua,
2721 1531 2960 1594 Domine,
2985 1533 3038 1585 in
3062 1531 3388 1584 multitudine
3411 1533 3612 1584 virtutis

2015 1638 2118 1682 tua:
2145 1628 2459 1680 mentiemur
2484 1625 2575 1678 tibi
2604 1625 2803 1678 inimici
2836 1624 2927 1676 tui.
2967 1620 3152 1676 Omnis
3174 1632 3313 1677 terra
3342 1624 3520 1677 adoret
3547 1634 3612 1687 te,

2014 1720 2178 1784 Deus,
2208 1728 2258 1774 et
2287 1719 2480 1789 psallat
2511 1716 2621 1781 tibi,
2650 1718 2905 1787 psalmum
2928 1715 3065 1768 dicat
3086 1716 3280 1768 nomini
3306 1714 3408 1768 tuol
3441 1712 3613 1768 Venite

270 1833 272 1835 ›
312 1800 541 1873 hymnos
563 1801 616 1854 in
643 1809 786 1856 terra
813 1798 1005 1853 aliena.
1039 1795 1125 1851 Sit
1160 1811 1291 1865 ergo
1321 1794 1452 1850 Sion
1493 1794 1669 1848 anima
1700 1801 1905 1857 nostra,
1940 1804 1988 1864 Β
2014 1822 2065 1866 ει
2089 1811 2254 1866 videte
2283 1829 2442 1882 opem
2491 1810 2608 1876 Dei,
2643 1808 2887 1864 εεννίωιεε
2924 1811 2980 1862 in
3008 1810 3241 1863 comm“
3283 1824 3437 1876 super
3476 1809 3612 1878 μεθ’

311 1901 372 1947 ut
422 1893 615 1949 deceat
643 1893 896 1963 hymnum
925 1891 979 1945 in
1008 1905 1072 1946 ea
1103 1889 1228 1944 dici.
1281 1887 1503 1942 Decebit
1548 1894 1727 1940 autem
1778 1885 1907 1940 Sion

312 1998 436 2037 eam
456 1999 597 2047 esse,
629 1982 676 2036 si
701 1981 990 2035 reddiderit
1010 1987 1198 2036 votum
1222 1977 1539 2043 Jerusalem,
1567 1979 1612 2032 si
1641 1977 1784 2047 quod
1812 1993 1910 2032 vo-

315 2085 434 2130 tum
481 2075 608 2130 fecit
636 2075 769 2138 Deo,
799 2090 857 2128 se
896 2073 1329 2128 renuntiaturum
1357 2070 1574 2124 diabolo
1617 2077 1672 2123 et
1699 2069 1912 2139 pompis

321 2168 458 2236 ejus,
507 2166 825 2236 impleverit,
876 2174 1002 2221 tunc
1041 2163 1257 2219 exaudit
1280 2163 1418 2217 Deus
1438 2162 1742 2217 orationem
1770 2159 1906 2232 ejus,

317 2277 442 2315 cum
467 2260 644 2315 omnis
669 2275 796 2314 caro
820 2259 886 2313 ad
915 2274 1037 2312 eum
1075 2257 1294 2312 venerit.
1350 2255 1466 2310 Non
1495 2263 1578 2310 est
1616 2255 1760 2308 enim
1812 2269 1910 2310 nec

317 2349 505 2415 tribus,
558 2364 657 2404 nec
701 2362 849 2417 gens,
902 2364 966 2402 ex
998 2364 1101 2418 qua
1133 2363 1238 2402 non
1262 2343 1654 2416 genuﬂectetur
1678 2343 1910 2400 Domino

313 2439 441 2494 Jesu
463 2439 698 2494 Christo.
721 2438 1136 2495 Praedicantibus
1157 2440 1298 2494 enim
1319 2438 1601 2509 apostolis,
1632 2438 1686 2490 in
1707 2454 1909 2492 onmem

314 2540 506 2584 terram
553 2533 712 2585 exivit
755 2548 910 2585 sonus
939 2548 1116 2585 eorum
1141 2531 1366 2601 (Philip.
1396 2529 1477 2600 ιι).
1501 2527 1569 2582 Et
1599 2529 1726 2584 licet
1746 2529 1907 2584 verba

312 2622 633 2692 iniquorum,
661 2621 1053 2679 Pharisatorum
1081 2623 1310 2687 scilicet,
1337 2621 1729 2692 przevaluerint
1746 2636 1910 2691 super

311 2732 425 2782 eos,
457 2725 512 2772 et
540 2717 700 2787 impie
739 2731 834 2771 eos
869 2716 1197 2770 aﬂlixerint:
1251 2715 1357 2770 Sed
1406 2714 1791 2784 impietatibus,
1825 2714 1908 2767 in-

311 2811 445 2879 quit,
497 2824 630 2880 quas
664 2809 899 2879 patimur
928 2816 984 2862 tu
1005 2807 1408 2878 prepitiaberis.
1441 2807 1639 2861 Beatus
1667 2813 1748 2861 est
1768 2805 1908 2860 enim

310 2899 572 2958 Dominus
588 2898 742 2956 Iesus
763 2899 1028 2965 Christus,
1052 2915 1212 2968 quem
1243 2899 1448 2968 elegisti
1479 2909 1536 2956 et
1555 2901 1907 2969 assumpsisti,

310 2994 398 3049 hic
433 2992 700 3047 habitavit
727 2993 780 3045 in
809 2991 1172 3045 tabernaculis
1204 2991 1328 3055 tuis,
1361 2992 1579 3060 quando
1608 2992 1826 3062 replesti
1856 2993 1909 3046 in

308 3087 472 3142 bonis
506 3085 698 3140 domus
748 3091 870 3150 tunc,
913 3084 966 3138 in
1008 3067 1111 3153 qua
1155 3092 1400 3138 sanctum
1449 3085 1708 3155 templum
1758 3093 1907 3140 tuum

2016 1891 2302 1959 hominum.
2348 1900 2450 1966 Qui
2501 1903 2750 1956 convertit
2790 1917 2934 1954 mare
2961 1902 3015 1953 in
3055 1901 3281 1964 aridam,
3320 1901 3374 1952 in
3405 1900 3611 1967 ﬂumine

2015 1996 2402 2070 pertransibunt
2423 1996 2571 2066 pede,
2603 1994 2673 2048 ibi
2697 1993 2990 2048 laetabimur
3010 1995 3064 2046 in
3090 1995 3222 2062 ipso.
3257 1991 3356 2056 Qui
3380 1993 3614 2046 domina-

2017 2099 2100 2143 tur
2141 2092 2196 2143 in
2247 2092 2434 2142 virtute
2461 2105 2556 2142 sua
2587 2089 2638 2141 in
2665 2096 2932 2151 attentum,
2964 2085 3098 2140 oculi
3120 2087 3231 2155 ejus
3261 2102 3413 2154 super
3441 2095 3612 2154 gentes

2015 2180 2316 2251 respiciunt,
2341 2181 2428 2251 qui
2443 2188 2756 2249 exasperant
2784 2195 2886 2231 non
2909 2178 3206 2231 exaltentur
3233 2180 3284 2229 in
3302 2177 3611 2245 semetipsis.

2017 2270 2313 2324 Benedicite
2359 2279 2531 2341 gentes
2586 2269 2751 2322 Deum
2798 2277 3052 2334 nostrum,
3103 2277 3152 2320 et
3200 2267 3429 2320 auditam
3462 2267 3615 2336 Incite

2013 2379 2188 2417 uocem
2226 2363 2400 2416 laudis
2420 2363 2552 2434 ejus.
2587 2360 2688 2425 Qui
2710 2365 2881 2432 posuit
2900 2365 3126 2416 animum
3149 2379 3312 2415 metuit
3336 2363 3410 2414 ad
3436 2363 3612 2425 tritam,

2014 2463 2066 2506 et
2114 2470 2218 2508 non
2265 2453 2406 2507 dedit
2440 2456 2495 2506 in
2527 2453 2918 2508 commotionem
2955 2454 3111 2524 pedes
3148 2470 3307 2528 meos.
3359 2451 3614 2516 Quoniam

2015 2548 2248 2619 probasti
2276 2565 2389 2615 nos,
2423 2547 2584 2608 Deus,
2611 2551 2731 2619 igne
2752 2565 2845 2603 nos
2866 2549 3178 2602 exanimasti
3195 2549 3327 2601 sicut
3355 2547 3617 2600 examina--

2014 2650 2100 2694 tur
2121 2650 2417 2711 argentum.
2465 2639 2728 2693 Induxisti
2773 2657 2864 2694 nos
2905 2641 2960 2691 in
2989 2640 3244 2709 laqueum,
3279 2638 3493 2707 posuisti
3521 2637 3612 2689 tri-

2013 2733 2302 2787 bulationes
2352 2734 2406 2786 in
2437 2734 2594 2787 dorso
2635 2742 2832 2797 nostro,
2866 2732 3155 2802 imposuisti
3203 2729 3433 2784 homines
3461 2745 3608 2798 super

2011 2828 2188 2897 capita
2216 2836 2416 2881 nostra.
2470 2826 2822 2880 Transivimus
2861 2843 2953 2896 per
2990 2826 3161 2896 ignem
3211 2833 3261 2876 et
3307 2839 3514 2894 aquam,
3563 2829 3613 2874 ct

2011 2919 2240 2972 eduxisti
2269 2936 2362 2973 nos
2391 2921 2446 2972 in
2492 2919 2838 2989 refrigerium.
2875 2915 3112 2971 Introibo
3140 2918 3195 2970 in
3246 2914 3451 2969 domum
3469 2923 3612 2966 turma

2011 3011 2065 3063 in
2089 3011 2421 3074 holocaustis,
2444 3008 2658 3063 reddam
2689 3009 2779 3062 tibi
2812 3018 2927 3063 vota
2956 3025 3087 3069 mea,
3119 3024 3235 3078 quae
3261 3007 3611 3060 distinxerunt

2013 3101 2152 3156 labia
2181 3118 2313 3155 mea.
2338 3100 2408 3162 Et
2429 3105 2652 3156 locutum
2680 3109 2756 3154 est
2781 3117 2841 3154 os
2859 3116 3028 3154 meum
3049 3101 3102 3152 in
3126 3097 3456 3152 tribulatione
3477 3115 3611 3152 mea.

309 3188 505 3248 regnat
542 3194 654 3233 non
681 3172 1060 3242 manufaétum,
1093 3176 1186 3231 sed
1232 3178 1395 3232 verbo
1422 3179 1681 3246 genitum,
1716 3187 1770 3232 et
1799 3179 1894 3232 vir-

2017 3193 2343 3249 Holocausta
2357 3193 2640 3248 medullula
2659 3193 2741 3262 οῙῙ
2737 3209 2877 3246 eram
2901 3191 2993 3245 tibi
3007 3207 3119 3244 cum
3147 3193 3356 3244 incenso
3375 3191 3610 3256 arietum,

309 3272 473 3341 ginali
503 3280 654 3325 utero
698 3277 1059 3340 procreatum,
1101 3269 1186 3324 cui
1215 3269 1478 3325 dicimus:
1523 3270 1731 3326 Exaudi
1771 3288 1900 3335 nos,

311 3363 450 3418 Deus
473 3362 726 3418 salutaris
753 3369 958 3427 noster,
987 3377 1138 3432 spem
1191 3361 1333 3416 enim
1374 3363 1520 3417 omni
1569 3365 1753 3431 generi
1801 3366 1902 3419 hu-

311 3471 470 3511 mano
494 3463 552 3510 tu
574 3454 827 3520 tribuisti,
856 3454 1016 3532 etiam
1039 3454 1124 3508 his
1148 3454 1239 3522 qui
1263 3454 1421 3522 longe
1441 3463 1585 3522 sunt,
1628 3464 1683 3510 et
1708 3457 1792 3514 his
1813 3458 1907 3526 qui

312 3565 496 3622 prope.
530 3547 756 3615 Quando
788 3547 987 3617 parasti
1016 3533 1230 3602 montes
1259 3547 1314 3600 in
1335 3547 1534 3602 virtute
1557 3556 1664 3611 tua,
1712 3549 1907 3617 quibus

312 3643 488 3699 dixisti
513 3661 525 3696 :
558 3641 853 3696 Prcedicate
879 3639 1222 3711 Evangelium
1243 3641 1386 3694 omni
1411 3648 1664 3695 creatura:
1687 3640 1902 3711 (Matth.

309 3736 443 3803 ιγι).
475 3733 637 3803 Signa
664 3739 843 3788 autem
871 3731 1219 3788 credentibus
1248 3732 1364 3786 hace
1391 3732 1689 3787 ostendetis
1715 3749 1726 3783 :
1759 3730 1906 3786 inﬁr-

311 3844 427 3883 mos
451 3827 725 3904 curabitis,
759 3841 932 3882 cazcos
979 3825 1367 3892 illuminabitis,
1401 3836 1648 3881 mortuos
1675 3826 1903 3883 snscita-

309 3919 456 3975 bitis.
504 3918 582 3972 Ab
629 3919 712 3973 his
764 3918 931 3988 signis
979 3918 1210 3972 turbatae
1237 3925 1364 3973 sunt
1387 3927 1597 3987 gentes,
1630 3927 1687 3974 et
1715 3920 1910 3976 timent

311 4011 484 4067 Deum
513 4027 699 4066 omnes
744 4013 836 4080 qui
880 4011 1124 4066 habitant
1153 4009 1287 4067 lines
1314 4017 1502 4079 terrai;
1536 4013 1604 4068 ab
1649 4013 1732 4068 his
1761 4016 1905 4068 enim

309 4104 483 4173 signis
505 4103 661 4156 timor
676 4101 771 4156 Dei
792 4118 950 4171 super
969 4103 1161 4158 faciem
1185 4111 1342 4159 terra:
1360 4105 1589 4174 sumpsit
1602 4105 1902 4161 exordium.

311 4195 380 4251 Et
410 4197 463 4250 in
492 4195 642 4249 exitu
668 4194 913 4248 matutini
942 4204 995 4249 et
1023 4195 1232 4264 vesperi
1255 4195 1612 4252 delectabitur
1659 4196 1818 4264 Deus,
1851 4199 1906 4255 id

311 4297 412 4350 est,
446 4289 501 4341 in
530 4285 750 4343 Oriente
770 4296 826 4341 et
849 4285 1134 4344 Occidente
1165 4289 1218 4342 in
1246 4289 1691 4346 aediﬁcationibus
1714 4289 1904 4347 Eccle-

309 4382 509 4437 siarum
534 4379 907 4448 delectaberis,
931 4396 998 4442 ex
1019 4397 1128 4451 quo
1159 4382 1385 4439 visitasti
1429 4393 1629 4439 terram
1669 4385 1907 4442 adventu

311 4482 426 4537 tuo,
477 4481 532 4525 et
559 4471 835 4527 inebriasti
864 4486 985 4527 eam
1013 4473 1274 4542 sanguine
1317 4481 1430 4540 tuo,
1461 4476 1679 4544 quando
1706 4474 1906 4532 ﬂumen

2013 3287 2232 3356 offeram
2264 3285 2355 3340 tibi
2381 3285 2527 3346 boves
2550 3303 2665 3340 cum
2685 3287 2864 3339 hircis.
2901 3284 3080 3339 Venite
3102 3294 3152 3337 et
3174 3283 3368 3345 audite,
3391 3293 3442 3335 et
3489 3299 3613 3335 nar-

2011 3377 2140 3431 rabo
2161 3393 2338 3432 omnes
2359 3381 2445 3450 qui
2474 3379 2660 3433 timet-is
2684 3377 2865 3442 Deum,
2891 3385 3082 3448 quanta
3105 3377 3226 3446 fecit
3245 3376 3436 3428 anime
3464 3389 3609 3428 metu.

2012 3469 2096 3522 Ad
2123 3472 2292 3541 ipsum
2323 3487 2411 3524 ore
2438 3485 2550 3524 meo
2601 3471 2840 3534 clamavi,
2881 3478 2931 3522 et
2976 3467 3250 3532 exsultaui,
3287 3466 3386 3519 “sub
3435 3466 3614 3536 lingua

2014 3576 2149 3613 mea.
2177 3557 2512 3631 Iniquitatein
2538 3563 2582 3614 si
2605 3562 2786 3631 aspexi
2815 3562 2870 3613 in
2899 3560 3052 3614 corde
3077 3574 3209 3623 meo,
3234 3574 3337 3612 non
3373 3557 3612 3610 exaudiet

2013 3649 2292 3706 Dominus.
2342 3651 2629 3722 Propterea
2669 3653 2932 3705 exaudivit
2984 3650 3122 3704 Deus
3171 3660 3219 3704 et
3256 3648 3475 3703 attendi!
3503 3647 3611 3702 voci

2016 3744 2397 3814 deprecationis
2425 3739 2571 3796 metu.
2600 3741 2904 3796 Benedictus
2953 3741 3093 3796 Deus
3139 3743 3224 3813 qui
3271 3757 3375 3795 non
3423 3740 3612 3794 amouit

2016 3837 2303 3890 orationem
2331 3849 2518 3899 meam,
2551 3844 2603 3886 et
2623 3833 3039 3887 misericordiam
3059 3849 3208 3886 suam
3229 3849 3261 3887 a
3289 3849 3390 3888 me.

2602 3982 3038 4036 COllMENT_ARIUN.

2085 4103 2563 4185 Judacorumterra
2593 4104 2711 4159 sola
2741 4103 3004 4173 jubilabat
3032 4103 3164 4168 Deo,
3198 4103 3293 4158 sed
3312 4103 3439 4172 quia
3471 4119 3611 4158 nunc

2014 4195 2157 4250 oculi
2185 4197 2320 4262 eius,
2354 4196 2406 4250 id
2435 4205 2538 4259 est,
2565 4195 2661 4251 Dei
2690 4211 2855 4264 super
2880 4203 3070 4264 gentes
3099 4210 3197 4264 per
3223 4193 3496 4249 Christum
3526 4209 3611 4248 at-

2015 4289 2262 4355 tendunt,
2315 4304 2422 4343 non
2461 4289 2574 4358 jam
2599 4289 2715 4344 sola
2737 4287 2920 4342 ludam
2946 4287 3142 4356 jubilat
3161 4287 3294 4353 Deo,
3317 4286 3413 4342 sed
3437 4288 3612 4343 omnis

2015 4390 2158 4435 terra
2184 4381 2296 4436 Deo
2318 4382 2586 4452 psalmum
2614 4381 2744 4437 dicit
2773 4381 2978 4436 nomini
3006 4380 3124 4450 ejus
3150 4398 3162 4432 :
3193 4389 3251 4435 et
3277 4380 3369 4436 dat
3386 4380 3613 4450 gloriam

2015 4472 2160 4528 laudi
2190 4473 2326 4544 ejus,
2360 4483 2415 4528 et
2441 4475 2572 4530 dicit
2600 4475 2713 4530 Deo
2745 4493 2756 4526 :
2789 4473 2924 4541 Quia
2975 4473 3234 4528 terribilia
3276 4483 3404 4528 sunt
3445 4487 3612 4544 opera

311 4563 560 4618 Iordanis
588 4563 848 4633 repletum
877 4572 966 4646 est
988 4564 1161 4633 aquis,
1192 4566 1416 4620 vocibus
1441 4567 1645 4622 scilicet
1668 4570 1907 4639 prophe-
1929 4565 1987 4625 D
2013 4571 2106 4618 tua
2128 4564 2182 4619 in
2204 4565 2546 4620 multitudine
2568 4565 2782 4621 virtutis
2800 4575 2922 4632 tute,
2946 4565 3140 4638 quibus
3161 4572 3214 4621 te
3237 4580 3423 4621 verum
3444 4564 3614 4623 Deum

309 4665 506 4710 tarum.
541 4654 690 4710 Tunc
717 4656 919 4726 parasti
957 4657 1159 4723 cibum,
1191 4674 1301 4713 non
1331 4659 1421 4727 qui
1460 4661 1637 4729 periit,
1669 4662 1792 4731 quia
1825 4663 1900 4718 ita

309 4757 389 4802 est
411 4749 734 4817 prteparatio
765 4757 874 4803 tua.
901 4747 1068 4804 Rivos
1097 4749 1213 4818 ejus
1243 4750 1540 4816 inebriasti,
1574 4751 1647 4806 ita
1675 4761 1734 4807 ut
1777 4769 1901 4808 cum

309 4850 451 4896 esset
475 4841 610 4895 hora
632 4841 738 4896 diei
771 4843 948 4908 tertia,
984 4842 1060 4896 illi
1089 4842 1224 4896 ebrii
1245 4851 1586 4912 putarentur.
1636 4843 1905 4914 Tempore

308 4945 413 4999 quo
465 4932 835 5001 multiplicasti
862 4934 1246 5002 generationes
1294 4933 1440 5003 ejus;
1492 4935 1643 5002 cujus
1667 4934 1820 5003 ejus?
1850 4935 1904 4991 id

309 5025 680 5092 estlordanis,
711 5027 857 5095 quod
896 5036 981 5084 est
1008 5027 1348 5098 baptismate.
1378 5026 1456 5082 lbi
1483 5036 1656 5094 erant,
1689 5029 1906 5100 quando

310 5117 452 5172 rivos
497 5117 614 5186 ejus
668 5117 974 5185 inebriasti,
1014 5117 1220 5183 Parthi,
1262 5127 1318 5174 et
1358 5118 1518 5183 Medi,
1553 5129 1608 5174 et
1637 5120 1900 5186 Elamitae,

311 5205 518 5274 Cretes,
566 5209 709 5280 Syri,
757 5209 981 5275 Arabes,
1031 5209 1277 5279 Romani,
1327 5210 1589 5282 Cyrenmi.
1651 5211 1718 5266 Et
1764 5229 1904 5282 pene

311 5318 501 5359 omnes
526 5312 745 5373 gentes,
786 5320 856 5360 ex
881 5307 1076 5374 quibus
1105 5306 1470 5376 multiplicasti
1523 5307 1906 5375 generationes

311 5396 446 5464 ejus,
477 5398 692 5466 quando
717 5400 872 5468 quasi
919 5397 1204 5455 stillicidiis
1243 5399 1552 5454 coelestibus
1580 5399 1744 5468 ccepit
1771 5414 1904 5453 exo-

310 5488 422 5541 riri.
458 5487 609 5544 Tunc
653 5491 926 5544 inchoavit
952 5488 1156 5546 corona
1199 5491 1326 5544 anni
1363 5489 1507 5545 diem
1524 5498 1775 5544 sanctum
1798 5487 1903 5543 Pa-

309 5579 474 5643 sclne,
530 5589 585 5634 et
623 5583 800 5652 campi
830 5582 1021 5652 repleti
1049 5590 1174 5637 sunt
1207 5582 1471 5646 ubertate,
1503 5581 1683 5636 omnia
1711 5580 1903 5635 fertili-

310 5679 424 5726 tate
467 5675 826 5744 congaudent,
879 5674 1168 5729 festivitate
1221 5674 1523 5745 epulantur,
1571 5673 1642 5727 ita
1687 5681 1748 5725 ut
1769 5671 1903 5725 lines

311 5764 508 5821 deserti
526 5767 900 5833 pinguescant,
933 5775 988 5822 et
1013 5766 1374 5822 exsultatione
1402 5764 1567 5820 colles
1608 5764 1960 5856 παίωνιοή

2011 4657 2204 4712 Filium
2234 4658 2539 4724 declarasti,
2571 4660 2791 4727 quando
2841 4660 3054 4714 mentiti
3096 4667 3220 4714 sunt
3269 4659 3467 4714 inimici
3513 4658 3610 4724 tui,

2010 4749 2252 4804 dicentes
2277 4768 2288 4801 ε
2328 4746 2449 4802 Non
2477 4759 2614 4830 εδζα
2644 4748 2755 4804 Deo
2784 4749 2963 4821 (Joan.
2991 4751 3126 4819 vni),
3153 4759 3206 4806 te
3244 4751 3506 4808 daemonia
3531 4749 3613 4803 lu-

2010 4849 2192 4910 gante,
2226 4851 2471 4896 mortuos
2492 4843 2806 4908 suscitante,
2837 4842 3083 4912 leprosos
3111 4843 3425 4901 mundante.
3455 4857 3614 4911 para~

2013 4933 2205 5005 lyticos
2229 4940 2480 4996 curante,-
2503 4950 2654 4990 mare
2674 4935 2902 5006 pedibus
2950 4937 3278 5002 ambulante,
3310 4934 3484 4990 ventis
3512 4933 3613 4985 im-

2011 5034 2253 5095 perante.
2273 5024 2332 5079 In
2349 5026 2450 5080 hac
2478 5027 2819 5083 multitudine
2841 5029 3053 5084 virtutis
3081 5036 3187 5082 tua:
3215 5023 3614 5081 mentiebantur

2016 5120 2111 5174 tibi
2166 5120 2368 5175 inimici
2418 5121 2512 5186 tui,
2563 5121 2843 5200 dicentes:
2879 5121 3084 5175 Scimus
3115 5119 3235 5188 quia
3263 5135 3294 5169 a
3324 5115 3428 5168 Deo
3457 5131 3531 5178 es,
3563 5123 3614 5169 et

2011 5229 2117 5267 non
2146 5213 2340 5283 accipis
2371 5230 2616 5284 personas
2648 5213 2915 5266 hominum
2943 5208 3126 5279 (Joan.
3152 5207 3251 5276 Ill).
3276 5204 3402 5265 Plus
3431 5214 3612 5262 autem

2011 5303 2066 5356 in
2096 5303 2438 5358 multitudine
2467 5304 2679 5358 virtutis
2709 5309 2813 5354 tua:
2837 5309 2964 5352 tunc
2986 5297 3198 5351 mentiti
3225 5305 3370 5361 sunt,
3394 5298 3612 5366 quando

2011 5394 2264 5450 dixerunt
2294 5403 2345 5450 te
2365 5394 2599 5450 furatum
2620 5409 2650 5445 a
2671 5389 2969 5458 discipulis,
2997 5403 3121 5442 cum
3151 5387 3264 5457 jam
3293 5390 3615 5453 resurrexis-

2011 5503 2116 5552 ses,
2169 5497 2226 5541 et
2277 5487 2453 5542 omnis
2484 5494 2645 5548 terra,
2677 5483 2729 5536 in
2757 5482 2912 5550 cujus
2937 5480 3103 5536 corde
3131 5481 3328 5547 fueras,
3361 5481 3614 5537 adoraret

2009 5578 2084 5633 te.
2100 5578 2180 5632 Illi
2207 5579 2459 5634 dicebant
2479 5573 2738 5628 militibus
2761 5591 2773 5625 ς
2795 5571 3116 5638 Mentimini,
3149 5573 3302 5628 dicite
3327 5589 3443 5626 eum
3465 5574 3615 5642 [ητα-ο

2009 5679 2118 5724 tum
2163 5670 2303 5724 vobis
2331 5664 2702 5721 dormientibus
2733 5663 2952 5735 (Matth.
3002 5667 3210 5734 xxviii).
3249 5663 3492 5719 Psalmus
3523 5663 3613 5717 hic

2010 5759 2459 5815 resurrectionem
2507 5756 2561 5809 in
2593 5755 2747 5809 titulo
2778 5764 3063 5825 praenatat,
3099 5755 3269 5809 nolite
3298 5751 3532 5818 mentiri,
3563 5753 3610 5807 si
