4244 6258
625 299 752 370 "415

645 521 851 576 vidistis
879 521 1150 589 rapientes
1192 527 1248 572 et
1276 534 1383 573 non
1408 517 1702 584 dormistis,
1728 527 1821 573 aut
1846 516 2143 583 dormistis,
2172 524 2228 571 et

644 625 767 667 nom
782 610 1002 665 vidistis.
1035 608 1170 676 Quid
1191 609 1528 665 mentiinini?
1555 609 1723 680 Magis
1750 608 1931 666 venite
1969 618 2027 665 et
2050 608 2227 666 videte

642 716 806 771 opera
835 699 1067 765 Domini,
1097 700 1211 770 ipse
1237 708 1322 757 est
1339 701 1485 756 enim
1512 701 1618 757 iste
1662 701 1755 772 qui
1781 700 2050 757 convertit
2075 715 2227 757 mare

642 793 697 849 in
724 792 949 859 aridam,
980 800 1040 847 ut
1083 792 1379 848 transirent
1395 800 1580 864 patres
1602 782 1767 849 vestri
1786 807 1888 865 per
1906 792 2107 849 siccum
2126 807 2227 874 per

640 884 875 940 medium
901 898 1068 938 mare.
1101 882 1219 955 Ipse
1246 892 1332 940 est
1362 884 1457 954 qui
1478 878 1675 940 dividit
1701 882 1918 939 ﬂuvium
1945 891 2007 939 ut
2043 890 2223 940 trans-

641 977 782 1032 irent
816 991 940 1032 eum
970 976 1196 1048 pedibus
1223 983 1407 1048 patres
1446 976 1632 1033 vestri.
1662 976 1859 1047 Magis
1885 967 2139 1034 Iaetamini
2169 978 2224 1033 in

639 1082 803 1122 unum
832 1082 1040 1134 omnes,
1084 1067 1210 1138 quia
1238 1067 1354 1138 ipse
1399 1076 1483 1123 est
1508 1068 1603 1138 qui
1620 1066 1929 1147 dominatur
1947 1068 2000 1124 in
2026 1069 2226 1126 virtute

637 1172 736 1212 sua
764 1158 818 1213 in
845 1165 1123 1214 aeternum.
1154 1157 1223 1212 Et
1248 1158 1375 1227 quia
1414 1159 1557 1215 oculi
1583 1158 1702 1228 ejus
1728 1174 1893 1231 super
1917 1167 2106 1229 gentes
2132 1176 2222 1218 re-

637 1249 886 1320 spiciunt,
920 1266 1035 1317 vos,
1056 1248 1244 1316 Judazi,
1271 1250 1519 1320 gaudete,
1543 1251 1684 1320 quod
1705 1251 2029 1322 promissum
2046 1250 2225 1309 Patris

636 1342 801 1398 vestri
821 1343 1137 1413 completur.
1161 1342 1304 1399 Deus
1324 1344 1467 1399 enim
1486 1342 1622 1399 dixit
1640 1343 1869 1400 Abrahze
1892 1362 1906 1398 :
1936 1343 2004 1400 In
2029 1347 2226 1401 semine

637 1441 724 1487 tuo
752 1433 1065 1489 haereditabo
1112 1451 1289 1488 omnes
1322 1443 1495 1507 gentes
1519 1433 1672 1507 (Gen.
1703 1435 1857 1506 xm).
1882 1434 2021 1503 Quid
2041 1435 2121 1491 eis
2140 1436 2225 1491 in-

635 1524 847 1592 videtis,
879 1536 934 1581 et
963 1542 1114 1582 more
1134 1528 1297 1582 solito
1323 1526 1613 1584 Dominum
1640 1527 1708 1583 ad
1724 1528 2221 1600 iracundiam-pro-

634 1618 860 1683 vocatis,
891 1617 965 1672 ita
986 1626 1045 1671 ut
1065 1617 1209 1673 dicat
1237 1618 1391 1675 vobis
1422 1635 1435 1671 :
1470 1616 1607 1683 Quia
1632 1621 1899 1692 auferetur
1926 1636 1959 1674 a
1984 1620 2126 1675 vobis
2147 1638 2223 1675 re-

633 1724 792 1778 gnum
820 1705 936 1775 Dei,
968 1718 1018 1763 et
1056 1710 1264 1765 dabitur
1311 1709 1543 1782 gentibus
1572 1709 1879 1783 facientibus
1906 1711 2221 1768 uoluntatem

1972 310 2242 367 ARNOBII
2281 310 2581 368 JUNIORIS

645 427 989 491 dormivislis,
1022 442 1128 482 non
1153 425 1357 480 vidistis
1384 425 1477 495 qui
1505 424 1683 495 rapuit
1708 439 1922 496 corpus.
1955 414 2061 478 Aut
2088 424 2231 479 enim
2257 429 2309 487 Α

3821 308 3925 378 sui

2904 428 3349 481 couueursntuu.‘
3608 470 3613 475 .
3916 460 3919 463 -

2399 538 2457 592 In
2486 538 2697 609 hymnis
2732 537 2970 607 psalmus
2994 539 3190 594 cantici
3230 547 3330 605 est,
3355 539 3503 609 quod
3528 542 3797 598 canebant
3826 560 3922 601 an-

2326 630 2453 700 geli,
2469 627 2647 685 Gloria
2667 631 2722 684 in
2748 629 2964 685 excelsis
2987 628 3202 701 (Matth.
3225 631 3307 702 ll),
3329 631 3547 700 quando
3568 631 3922 693 illuminanda

2326 721 2533 777 vultum
2585 736 2742 777 suum
2787 736 2951 793 super
2999 737 3099 777 nos
3125 723 3293 789 venit,
3325 729 3381 779 et
3408 723 3684 780 benedixit
3713 743 3830 792 nos,
3864 738 3922 785 ut

2325 811 2775 884 cognosceremus
2803 813 2857 869 in
2886 822 3026 870 terra
3047 815 3189 869 viam
3209 814 3337 883 Dei,
3351 823 3408 871 et
3433 816 3486 871 in
3516 819 3768 876 omnibus
3788 835 3921 889 gen-

2324 906 2471 962 tibus
2520 906 2757 962 salutare
2810 906 2947 978 ejus.
3002 905 3375 964 Conllteantur
3412 909 3516 966 hoc
3556 914 3761 983 populi,
3792 916 3918 987 quia

2323 998 2518 1055 venisti
2576 1010 2637 1055 ut
2708 1000 2957 1056 ltetentur
3007 1008 3225 1069 gentes,
3291 1003 3419 1073 quia
3489 1003 3753 1076 incipiunt
3823 1016 3918 1067 tuo

2320 1091 2524 1162 judicio
2553 1092 2639 1162 agi
2684 1093 2738 1148 in
2788 1093 3073 1164 aequitate,
3117 1101 3173 1149 et
3219 1094 3273 1151 in
3320 1102 3465 1153 terra
3513 1100 3759 1170 corporis
3810 1102 3913 1168 sui,

2325 1197 2356 1236 a
2416 1183 2771 1254 perversitate
2851 1192 3002 1243 recto
3078 1193 3269 1242 tenore
3351 1188 3551 1245 auferri
3614 1198 3671 1246 et
3732 1192 3912 1262 dirigi.

2323 1273 2692 1331 Conﬁteantur
2756 1283 2812 1331 et
2863 1277 2970 1332 hoc
3032 1277 3217 1349 populi
3266 1294 3489 1348 omnes,
3546 1282 3672 1353 quia
3743 1283 3912 1341 Maria

2323 1380 2389 1422 ex
2437 1375 2656 1423 terreno
2697 1376 2945 1437 corpore,
2992 1368 3087 1425 sed
3115 1370 3323 1428 caelesti
3346 1422 3349 1425 ,
3372 1372 3605 1440 semine,“
3618 1374 3775 1431 dedit
3802 1374 3916 1431 fru-

2321 1463 2469 1513 ctum
2518 1472 2693 1525 suum,
2744 1466 2806 1513 ut
2849 1457 3136 1515 benedicat
3163 1461 3279 1531 ipse
3307 1460 3508 1519 fructus
3534 1464 3589 1519 in
3624 1463 3910 1522 Trinitate.

2321 1547 2611 1605 Benedicat
2628 1563 2729 1605 nos
2749 1547 2910 1614 Deus.
2934 1549 3076 1632 Deus
3095 1558 3299 1618 noster,
3328 1552 3607 1610 benedicat
3627 1570 3728 1611 nos
3741 1554 3910 1612 Deus.

2323 1639 2430 1695 Ter
2456 1639 2600 1696 Deus
2625 1639 2818 1705 dictus,
2844 1657 2981 1697 unus
3009 1642 3064 1696 in
3085 1640 3347 1699 Trinitate
3370 1643 3693 1712 nominatus,
3744 1662 3907 1718 quem

2321 1742 2570 1790 metuunt
2595 1750 2785 1792 omnes
2807 1734 2940 1791 lines
2969 1744 3144 1801 terrm,
3176 1750 3273 1808 per
3299 1736 3478 1792 omnia
3519 1738 3712 1794 saecula
3738 1753 3910 1795 saecu-

631 1804 745 1875 ejus
775 1802 989 1874 (Matth.
1021 1803 1157 1875 xxi).
1181 1803 1491 1859 Benedicite
1509 1817 1661 1874 ergo,
1691 1812 1900 1874 gentes,
1923 1804 2090 1860 Deum
2116 1821 2220 1861 no-

2324 1827 2520 1884 lorum.
2554 1826 2745 1884 Amen.

632 1902 823 1960 strum,
872 1902 929 1949 et
975 1894 1192 1950 obedite
1223 1895 1344 1951 voci
1383 1894 1554 1951 laudis
1587 1893 1721 1964 ejus.
1751 1894 1867 1956 Hoc
1894 1893 2134 1952 Ecclesia
2163 1898 2217 1952 in

632 1986 880 2041 omnibus
900 1986 1144 2056 sequitur
1162 2002 1284 2041 cum
1298 1986 1561 2057 apostolis
1574 1994 1630 2041 et
1653 1988 1994 2059 martyribus.
2010 1986 2215 2056 Posuit,
2329 2002 2333 2006 '

630 2075 822 2145 inquit,
845 2076 1082 2131 animam
1101 2090 1274 2133 meam
1302 2076 1373 2132 ad
1391 2077 1577 2143 vitam,
1602 2085 1657 2132 et
1684 2093 1793 2134 non
1817 2077 1963 2133 dedit
1987 2094 2220 2136 commo-

632 2167 745 2221 veri
772 2167 938 2236 pedes
958 2176 1129 2234 meos,
1152 2167 1367 2237 quando
1387 2168 1630 2238 probasti
1658 2183 1776 2235 nos,
1800 2168 1961 2234 Deus,
1986 2177 2045 2225 et
2080 2184 2215 2225 exa-

540 2315 555 2331 .
631 2258 843 2312 minasti
870 2259 993 2328 igne
1030 2258 1362 2330 passionum,
1386 2259 1528 2315 sicut
1550 2260 1891 2315 examinatur
1912 2268 2212 2330 argentum.

629 2347 888 2406 Induxisti
917 2350 970 2404 in
994 2351 1268 2421 laqueum,
1311 2352 1538 2422 posuisti
1567 2352 1947 2407 tribulationes
1973 2352 2027 2407 in
2053 2352 2217 2408 dorso

628 2448 834 2506 nostro,
852 2450 908 2497 et
933 2441 1182 2498 homines
1208 2457 1368 2512 supra
1389 2442 1569 2513 capita
1597 2451 1795 2498 nostra.
1815 2441 2018 2498 Tamen
2042 2451 2218 2500 trans-

630 2530 821 2587 ivimus
866 2547 965 2602 per
983 2532 1163 2602 ignem
1184 2534 1445 2606 martyrii,
1477 2542 1534 2589 et
1559 2549 1755 2605 aquam
1782 2533 2137 2604 baptismatis,
2162 2543 2219 2590 et

628 2623 883 2680 induxisti
904 2640 1002 2680 nos
1029 2625 1085 2680 in
1106 2624 1462 2695 refrigerium.
1486 2624 1620 2680 Nam
1648 2626 1781 2680 etin
1808 2624 2075 2696 baptismo
2095 2624 2218 2697 Spi-

627 2715 743 2769 ritui
759 2723 946 2771 sancto
966 2723 1021 2772 et
1050 2716 1173 2785 igne
1199 2717 1393 2772 censiti
1420 2733 1624 2782 sumus,
1654 2716 1873 2787 quando
1901 2717 2217 2773 intravimus

626 2804 844 2861 domum
871 2814 1019 2877 tuam
1046 2806 1103 2861 in
1123 2806 1472 2875 holocaustis,
1496 2815 1554 2863 et
1570 2806 1900 2869 reddidimus
1926 2815 2073 2874 vota,
2096 2822 2216 2879 quae

627 2895 864 2952 locutum
884 2906 968 2953 est
986 2913 1050 2953 os
1078 2907 1320 2955 nostrum
1346 2900 1402 2955 in
1430 2900 1775 2977 tribulatione
1802 2908 2007 2956 nostra.
2045 2899 2184 2956 IloIo
2194 2931 2221 2955 -λ

626 2995 812 3042 cauata
865 2988 1152 3044 medullata
1203 2991 1425 3046 otl'eram
1470 2992 1588 3047 tibi.
1612 2990 1937 3048 Holocausta
1963 2990 2082 3046 sine
2103 3005 2219 3046 me-

626 3078 771 3133 dulla
799 3078 991 3136 oﬂ‘erat
1031 3080 1166 3149 Deo,
1197 3085 1290 3154 qui
1318 3084 1485 3140 corde
1522 3085 1716 3150 inanis,
1748 3100 1978 3156 corpore
2002 3083 2216 3140 videtur

2837 1917 3153 1979 PSALMUS
3191 1918 3399 1976 LXVII.
3483 1909 3487 1913 ’

2654 2009 2713 2066 1η
2741 2008 2903 2067 ﬁnem
2932 2011 3124 2082 psalm.
3157 2012 3353 2068 cantici
3382 2012 3569 2069 David.

2392 2099 2658 2173 Exsurgat
2679 2102 2818 2157 Deus
2838 2111 2888 2157 et
2909 2103 3222 2173 dissipentur
3249 2103 3455 2158 inimici
3482 2103 3616 2175 ejus,
3639 2111 3689 2158 et
3710 2104 3910 2177 fugiant

2318 2194 2405 2265 qui
2425 2192 2642 2248 oderunt
2660 2211 2776 2248 eum
2806 2211 2839 2249 a
2867 2196 3003 2267 facie
3021 2195 3153 2266 ejus.
3186 2195 3334 2250 Sicut
3362 2195 3549 2268 defecit
3575 2199 3748 2268 fumus
3769 2197 3902 2269 defi-

2317 2286 2478 2351 ciant,
2508 2286 2640 2339 sicut
2666 2286 2783 2356 ﬂuit
2810 2303 2927 2341 cera
2955 2303 2988 2340 a
3031 2288 3165 2359 facie
3191 2287 3345 2359 ignis,
3385 2288 3462 2342 sic
3480 2298 3696 2360 pereant
3721 2305 3907 2360 pecca-

2320 2386 2452 2431 tores
2475 2394 2507 2431 a
2528 2378 2663 2449 facie
2688 2376 2808 2432 Dei.
2834 2376 2902 2432 Et
2923 2379 3053 2450 justi
3079 2378 3349 2450 epulentur
3367 2388 3416 2434 et
3434 2381 3695 2435 exsultent
3712 2382 3767 2435 in
3787 2398 3909 2436 con-

2316 2475 2491 2537 spectu
2533 2465 2650 2532 Dei,
2701 2477 2751 2522 et
2796 2468 3109 2523 delectentur
3155 2471 3211 2523 in
3265 2468 3468 2525 lwtitia.
3517 2468 3736 2525 Cantate
3775 2469 3919 2536 Deo,’

2317 2558 2574 2629 psalmum
2614 2559 2770 2614 dicite
2810 2561 3009 2614 nomini
3032 2561 3166 2633 ejus,
3195 2562 3295 2615 iter
3319 2563 3475 2634 facile
3500 2562 3549 2615 ei
3574 2565 3660 2635 qui
3680 2561 3921 2618 ascendit

2316 2648 2471 2719 super
2497 2666 2755 2715 occasum,
2780 2648 3034 2704 Dominus
3068 2667 3255 2706 nomen
3281 2651 3378 2706 illi.
3411 2649 3689 2707 Exsultate
3711 2654 3769 2707 in
3785 2656 3920 2708 con-'

2316 2746 2491 2809 specta
2519 2739 2651 2811 ejus,
2672 2739 3013 2795 turbabuntur
3033 2758 3066 2795 α
3087 2742 3224 2813 facie
3241 2743 3357 2814 ejus
3377 2744 3544 2814 patris
3558 2743 3910 2815 orphanoruns

2316 2840 2367 2884 et
2395 2830 2581 2899 iudicis
2603 2830 2892 2897 viduarum,
2920 2831 3060 2887 Deus
3088 2834 3142 2887 in
3173 2833 3288 2889 loco
3314 2842 3494 2889 sancto
3512 2851 3627 2902 suo,
3658 2832 3798 2890 Deus
3823 2838 3909 2909 qui

2314 2921 2608 2977 inhabitare
2636 2923 2765 2993 facit
2790 2923 2944 2978 unius
2969 2925 3127 2978 moris
3155 2926 3209 2979 in
3242 2924 3415 2980 domo.
3440 2922 3544 2990 Qui
3571 2926 3745 2981 educit
3797 2929 3910 2982 vim

2315 3022 2423 3067 ctos
2461 3013 2517 3067 in
2564 3013 2888 3085 fortitudine,
2929 3015 3169 3069 similiter
3210 3031 3299 3070 eos
3346 3015 3435 3088 qui
3461 3020 3795 3087 exasperant,
3823 3018 3909 3085 qui

2315 3102 2553 3156 habitant
2579 3104 2634 3157 in
2657 3103 2926 3175 sepulcris.
2959 3102 3100 3159 Deus
3128 3121 3244 3160 cum
3274 3107 3536 3177 egrederis
3554 3108 3610 3162 in
3634 3109 3908 3180 conspectu

626 3185 788 3225 orare
813 3179 869 3225 et
895 3172 1146 3242 psallere.
1179 3173 1293 3244 Ego
1321 3183 1521 3242 autem,
1554 3176 1748 3246 inquit,
1776 3175 2068 3233 medullula
2117 3177 2214 3235 tibi

2318 3194 2493 3265 populi
2521 3194 2611 3259 tui,
2631 3167 2748 3249 cum
2771 3198 3136 3280 pertransieris
3158 3197 3214 3251 in
3237 3167 3457 3263 deserto,
3491 3206 3630 3253 terra
3651 3167 3796 3254 mota
3807 3207 3904 3262 est,

562 3328 563 3331 η
627 3258 850 3315 offeram
875 3279 887 3314 :
917 3261 1092 3318 Orabo
1117 3267 1321 3335 spiritu,
1349 3264 1511 3320 orabo
1547 3274 1597 3319 et
1625 3276 1811 3333 mente,
1838 3269 2066 3339 psallam
2103 3271 2216 3340 spi-

626 3350 748 3417 ritu,
777 3350 1000 3421 psallam
1019 3361 1073 3413 et
1096 3362 1266 3409 mente
1286 3353 1331 3424 (ι
1350 3354 1472 3409 Cor.
1504 3354 1639 3428 ιιν),
1669 3356 1891 3434 offeram
1937 3357 2216 3413 incensum

625 3442 875 3509 arietum,
900 3444 1125 3509 viriliter
1160 3460 1466 3516 repugnans
1493 3448 1610 3503 zelo
1639 3448 1817 3504 ovium
1849 3456 2083 3516 tuarum,
2115 3451 2215 3506 ad-

624 3546 815 3588 versus
840 3549 1070 3598 omnem
1102 3535 1419 3600 haereticum.
1437 3555 1461 3599 ε⁵
1484 3535 1708 3617 oderam
1762 3539 1860 3594 tibi
1897 3540 2065 3596 boves
2091 3556 2215 3597 cum

624 3622 880 3694 praedico,
910 3625 1092 3682 hircos
1116 3642 1240 3683 cum
1286 3628 1568 3699 imperium
1594 3629 1829 3691 libidinis
1854 3631 2215 3701 subjugo,.vel

622 3715 827 3787 jugulo.
865 3718 1076 3776 'Venite
1128 3728 1185 3777 et
1231 3721 1414 3778 audite
1457 3731 1659 3793 quanta
1696 3723 1839 3781 Deus
1866 3722 1995 3782 fecit
2021 3726 2215 3784 animm

625 3820 787 3873 mete;
837 3816 898 3871 ut
934 3810 1149 3866 animan
1178 3826 1352 3867 meam
1379 3812 1634 3884 eriperet,
1662 3815 1897 3870 animam
1924 3831 2076 3872 suam
2117 3833 2216 3888 po-

623 3897 763 3964 suit;
793 3906 853 3953 ut
879 3915 968 3955 me
988 3916 1019 3955 a
1044 3908 1221 3957 morte
1240 3905 1495 3973 eriperet,
1519 3912 1749 3959 mortem
1771 3905 1995 3976 accepit.
2025 3906 2211 3963 Sinon

606 3987 788 4043 'credo
809 3997 863 4045 te
889 4006 1077 4046 verum
1114 3990 1307 4059 Deum,
1339 3978 1402 4049 et
1421 3988 1762 4063 iniquitatem
1787 3996 2035 4063 negantis
2061 3997 2213 4052 vides

621 4095 740 4136 esse
767 4081 821 4136 in
868 4082 1031 4139 corde
1080 4099 1221 4150 meo,
1251 4100 1361 4140 non
1388 4099 1477 4139 me
1504 4085 1782 4149 exaudias,
1814 4076 1979 4139 Deus.
2010 4083 2210 4141 Verum

622 4164 746 4241 quia
775 4171 937 4228 credo
965 4181 1019 4227 te
1054 4188 1195 4238 esse,
1252 4173 1374 4229 ideo
1413 4173 1678 4233 exaudisti
1719 4189 1825 4229 me.
1857 4172 2126 4230 Benedico
2156 4183 2210 4230 te

621 4262 712 4330 qui
741 4278 849 4318 non
877 4264 1124 4319 amovisti
1153 4276 1369 4335 precem
1397 4279 1593 4328 meam,
1639 4280 1740 4321 nec
1784 4263 2208 4321 misericordiam

622 4359 768 4404 tuam
798 4367 828 4406 a
877 4369 982 4417 me,
1013 4354 1105 4424 qui
1132 4368 1325 4423 regnas
1358 4370 1480 4410 cum
1508 4352 1668 4410 Patre
1685 4363 1743 4410 et
1768 4354 1969 4425 Spiritu
1997 4364 2203 4422 sancto,

620 4456 718 4513 per
741 4445 921 4499 omnia
946 4446 1141 4503 szccula
1168 4445 1504 4502 surculorum.
1539 4446 1747 4502 Amen.

1148 4626 1460 4685 PSALMUS
1495 4629 1680 4685 LXVI.
1738 4690 1743 4695 λ

796 4757 854 4815 In
884 4758 1041 4831 linem
1072 4761 1124 4816 in
1156 4755 1367 4836 hymnis
1394 4765 1582 4836 psalm.
1616 4755 1808 4822 cantici
1838 4765 2021 4824 David.

691 4916 826 4972 Deus
854 4921 1158 4977 misereatur
1203 4924 1366 4977 nostri
1398 4932 1448 4977 et
1466 4924 1732 4989 benedicat
1750 4927 1915 4992 nobis,
1945 4927 2203 4983 illumiuet

560 5072 565 5075 ν
617 5008 804 5085 vultum
831 5026 979 5063 suunt
1007 5026 1160 5081 super
1204 5028 1318 5075 nos,
1370 5021 1422 5066 et
1460 5015 1763 5068 misereatur
1798 5018 1982 5070 nostri.
2018 5015 2087 5070 Ut
2108 5034 2201 5072 co-

616 5121 919 5173 gnoscamus
959 5107 1015 5161 in
1056 5116 1191 5173 terra
1211 5110 1344 5163 viam
1360 5118 1535 5183 tuam,
1553 5121 1602 5164 et
1619 5110 1683 5166 in
1705 5106 1941 5167 omnibus
1962 5111 2197 5183 gentibus

615 5195 840 5249 salutare
868 5207 1029 5253 tuum.
1061 5197 1418 5270 Conﬁteantur
1457 5202 1544 5256 tibi
1590 5204 1796 5274 populi,
1830 5203 1998 5268 Deus,
2032 5203 2197 5273 confi-

614 5291 816 5338 teantur
836 5286 927 5340 tibi
950 5290 1125 5360 populi
1152 5307 1348 5346 omnes.
1379 5290 1641 5346 Lctentur
1659 5305 1708 5346 et
1725 5294 1982 5347 exsultent
2002 5303 2195 5365 gentes,

613 5374 852 5443 quoniam
865 5377 1073 5445 judicas
1095 5383 1310 5450 populos
1330 5384 1384 5435 in
1415 5376 1675 5454 aequitate,
1704 5394 1755 5437 et
1782 5394 1956 5456 gentes
1982 5387 2037 5439 in
2060 5395 2197 5440 terra

612 5461 811 5533 dirigis.
859 5462 1215 5535 Confiteantur
1261 5472 1352 5526 tibi
1398 5474 1596 5545 populi,
1648 5473 1808 5538 Deus,
1854 5476 2213 5546 confiteantur

2316 3287 2503 3340 etenim
2544 3287 2657 3341 caeli
2704 3287 3085 3342 distillarernnt
3137 3306 3170 3342 a
3211 3290 3348 3361 facie
3385 3288 3559 3357 Sinai,
3588 3308 3621 3345 a
3651 3286 3786 3367 facie
3811 3290 3909 3345 Dei

2319 3374 2508 3431 Israel.
2541 3376 2780 3432 Pluviam
2810 3378 3155 3434 voluntariam
3197 3379 3512 3456 segregabis,
3551 3379 3707 3447 Deus,
3742 3383 3921 3438 htere-‘

2316 3465 2465 3521 dilati
2496 3476 2635 3534 tute;
2679 3478 2729 3523 et
2769 3470 3037 3540 inﬁrmata
3084 3479 3179 3536 est,
3224 3480 3278 3525 tu
3304 3487 3425 3527 vero
3472 3470 3736 3544 perfecisti
3770 3491 3902 3529 eam.

2313 3559 2578 3615 Animalia
2618 3569 2707 3615 tua
2752 3561 3058 3617 habitabant
3091 3564 3148 3617 in
3176 3579 3259 3628 ea,
3287 3563 3490 3635 parasti
3529 3565 3583 3618 in
3637 3565 3908 3620 dulcedine

2315 3662 2401 3708 tua
2421 3655 2652 3726 pauperi,
2681 3653 2840 3709 Deus.
2856 3653 3128 3709 Dominus
3151 3655 3298 3709 dabit
3320 3655 3524 3711 verbum
3547 3658 3905 3729 euangelizan-

2316 3745 2450 3800 tibus
2478 3746 2663 3800 virtute
2678 3746 2857 3801 multa.
2880 3744 2995 3800 Rex
3031 3747 3275 3801 uirtutum
3295 3746 3469 3802 dilecti
3494 3747 3687 3813 dilecti,
3711 3758 3763 3802 et
3783 3766 3900 3820 spe-

2312 3838 2408 3891 ciei
2429 3836 2609 3892 domus
2626 3834 2851 3892 dividere
2869 3838 3056 3908 spolia.
3078 3836 3140 3893 Si
3169 3837 3440 3894 dormiatis
3455 3839 3586 3893 inter
3595 3837 3791 3893 medios
3808 3841 3911 3894 cle~

2314 3947 2405 3984 ros
2420 3946 2605 4000 penna:
2619 3929 2867 3984 columba:
2881 3929 3248 4001 deargentatw,
3262 3943 3314 3985 et
3337 3933 3619 4003 posteriora
3631 3916 3775 3986 dorsi
3792 3917 3921 4003 ejus.

2309 4023 2365 4076 in
2390 4021 2589 4093 pallore
2600 4023 2742 4076 auri.
2758 4020 2896 4076 Dum
2916 4023 3165 4078 discernit
3189 4024 3408 4079 caelestis
3433 4042 3575 4097 reges
3595 4040 3751 4097 super
3765 4012 3919 4092 eamf

2310 4114 2425 4167 nive
2452 4112 2826 4169 dealbabuntur
2843 4115 2898 4169 in
2930 4114 3173 4181 Selmon;
3205 4134 3354 4172 mons
3381 4116 3482 4173 Dei
3503 4136 3654 4173 mons
3679 4120 3923 4191 pinguis.‘

2312 4202 2468 4258 Mons
2495 4205 2813 4276 coagulatus,
2853 4223 3001 4261 mons
3030 4208 3275 4279 pinguis;
3316 4208 3520 4282 utquid
3565 4210 3905 4280 suspicamini

2309 4302 2507 4348 montes
2532 4294 2874 4366 coagulatos?
2900 4294 3054 4351 Mons
3082 4298 3136 4352 in
3157 4286 3660 4371 quo’beneplacitum
3688 4309 3767 4355 est
3792 4299 3904 4357 Do-

2309 4385 2451 4439 mino
2470 4383 2705 4440 habitare
2722 4387 2777 4439 in
2801 4403 2880 4451 eo,
2898 4388 3084 4442 etenim
3104 4386 3359 4444 Domitius
3380 4388 3628 4446 habitavit
3649 4391 3705 4445 in
3723 4392 3917 4462 ﬁnem.‘

2209 4465 2212 4469 ’
2235 4548 2267 4552 ι
2310 4472 2503 4529 Currus
2530 4474 2626 4529 Dei
2651 4476 2827 4531 decem
2855 4477 3083 4532 millibus
3109 4481 3380 4552 multiplex
3399 4471 3915 4552 millialtetantium,’

2232 4548 2284 4610 Ῑ)
2310 4565 2566 4621 Dominus
2594 4566 2650 4620 in
2675 4568 2751 4622 eis
2767 4569 2819 4622 in
2842 4569 2976 4624 Sina
3004 4572 3058 4625 in
3075 4548 3287 4626 sancto;
3309 4573 3605 4629 Ascendisti
3629 4577 3684 4629 in
3710 4548 3918 4643 altum;

2310 4659 2492 4730 cepisti
2527 4661 2874 4730 captivitatem
2892 4702 2908 4726 ,
2941 4664 3187 4733 accepisti
3210 4652 3353 4719 dona
3380 4666 3437 4720 in
3463 4654 3776 4723 hominibus.
3807 4665 3915 4722 Et?

2309 4750 2448 4804 enim
2483 4765 2588 4803 non
2611 4745 2874 4804 credentes
2890 4744 3195 4807 inhabitare
3216 4744 3497 4810 Dominum
3524 4756 3712 4813 Deum.
3747 4757 3903 4813 Bene-

2309 4839 2475 4895 dictus
2506 4839 2761 4896 Dominus
2787 4842 2874 4897 die
2893 4843 3139 4914 quotidie,
3171 4842 3474 4917 prosperum
3493 4850 3594 4904 iter
3617 4850 3777 4921 faciet
3803 4867 3902 4906 no-

2308 4930 2385 4986 bis
2437 4926 2578 4986 Deus
2624 4929 2934 4988 salutarium
2989 4945 3303 4993 nostrorum.
3350 4937 3492 4994 Deus
3532 4932 3724 5006 noster,
3757 4940 3901 4997 Deus

2305 5022 2476 5077 salvos
2504 5022 2761 5095 faciendi;
2787 5033 2839 5078 et
2866 5022 3083 5080 Domini
3118 5024 3333 5083 Domini
3356 5031 3527 5084 exitus
3560 5033 3761 5088 mortis.
3798 5023 3902 5088 Vc-

2306 5122 2595 5167 rumtamen
2614 5112 2754 5169 Deus
2775 5117 3067 5188 confringet
3090 5118 3269 5188 capita
3291 5119 3623 5176 inimicorum
3660 5132 3919 5187 suorum,‘

2302 5204 2546 5279 verticem
2564 5206 2755 5280 capilli
2781 5206 3250 5279 perambulantium
3275 5212 3330 5265 in
3359 5211 3561 5267 delictis
3589 5216 3717 5271 suis.
3747 5213 3903 5270 Diri!

2303 5298 2580 5356 Dominus:
2592 5299 2679 5355 Ea:
2695 5301 2871 5356 Busan
2885 5302 3197 5369 convertam,
3216 5314 3509 5359 convertam
3518 5307 3575 5360 in
3582 5307 3901 5378 profundum

2304 5394 2484 5446 maris.
2516 5391 2590 5446 Ut
2616 5392 2905 5463 intingatur
2932 5409 3023 5463 pes
3050 5401 3167 5448 tuus
3196 5395 3251 5449 in
3269 5395 3548 5465 sanguine,
3582 5396 3776 5467 "lingua
3818 5412 3900 5451 ca-

2302 5495 2426 5532 num
2454 5487 2658 5534 tuorum
2695 5495 2762 5533 ea:
2800 5482 3025 5537 inimicis
3054 5482 3142 5536 abv
3163 5484 3296 5555 ipso.
3355 5484 3608 5540 Viderunt
3631 5487 3921 5558 ingressus.

611 5551 701 5605 tibi
719 5554 894 5651 populi
922 5570 1124 5651 gmnes,
1149 5568 1287 5614 terra
1309 5562 1449 5617 dedit
1471 5567 1694 5636 fructum
1720 5583 1889 5622 usuin.
1915 5567 2191 5625 Benedicat
2301 5580 2432 5636 tuos,
2460 5569 2619 5635 Deus,
2664 5572 2926 5643 ingressus
2953 5572 3054 5629 Dei
3097 5551 3217 5642 mei,
3249 5578 3386 5647 regis
3431 5580 3553 5644 mei,
3595 5551 3712 5651 qui'
3729 5589 3810 5637 est
3839 5581 3896 5635 in

609 5659 703 5697 nos
728 5642 885 5708 Deus,
908 5644 1050 5700 Deus
1078 5658 1271 5714 noster,
1301 5651 1568 5710 benedicat
1588 5672 1681 5711 nos
1702 5657 1860 5723 Deus,
1885 5669 1934 5714 et
1958 5654 2191 5717 metuant
2293 5670 2494 5715 sancto.
2525 5642 2897 5730 Prcvenerunt
2922 5666 3185 5737 principes
3233 5642 3501 5739 conjuncti
3538 5642 3887 5753 penitentibus

608 5752 721 5792 eum
742 5754 917 5794 omnes
933 5740 1068 5807 lines
1090 5750 1261 5798 teme.
2291 5755 2348 5810 in
2368 5752 2537 5809 medio
2560 5755 2957 5818 iuvenculartmt
2990 5760 3490 5831 tympanistriarum.
3522 5760 3605 5827 In-
3636 5747 3885 5828 Ecclesiis
