4244 6258
299 418 396 474 ιιτ

1218 400 1684 476 (ΞΟΜΜΕΝΤΑΚΙΙ
1723 399 1789 454 IN
1827 396 2159 453 PSAIAIOS.
2205 397 2395 454 PSAL.
2443 399 2642 454 LXVII.

3487 407 3590 461 M8

300 531 586 587 benedicite
603 527 716 582 Deo
731 525 954 580 Domino
974 522 1038 575 de
1057 519 1280 593 fontibus
1307 511 1892 584 fsrael.lbiBenjamin
1919 510 1969 570 Α
1997 510 2336 565 sacrificium.
2391 511 2515 566 Haec
2570 513 2796 583 captiva:
2845 529 3130 587 synagoga:
3186 517 3395 572 sublata
3443 521 3591 576 velut

299 621 710 680 adolescentulus
732 621 783 672 in
799 618 981 672 mentis
1001 630 1230 669 excessu.
1255 612 1526 681 Principes
1546 608 1707 669 Juda,
1733 607 1887 658 duces

299 731 508 779 eorum;
556 713 813 784 principes
860 706 1094 762 Zabulon
1148 714 1197 758 et
1250 703 1510 773 principes
1563 697 1883 770 Nephtalim.
1922 738 1924 741 τ

299 807 524 871 Munda,
554 804 715 868 Deus,
746 802 918 856 virtuti
948 810 1078 863 tute;
1109 798 1364 867 conﬁrma
1392 795 1507 858 hoc,
1555 792 1714 857 Deus,
1756 790 1891 862 quod

298 911 540 974 operatus
557 917 622 954 -es
653 900 709 952 in
739 896 904 950 nobis.
935 897 976 947 Α
1011 892 1197 964 templo
1229 901 1314 944 tuo
1363 890 1416 942 in
1461 885 1752 941 Jerusalem
1801 882 1891 936 tibi

298 993 521 1062 offerant
573 1006 720 1060 reges
759 1004 993 1041 munera.
1030 983 1254 1054 Increpa
1283 984 1423 1053 feras
1450 977 1742 1040 arundinis,
1772 991 1894 1028 con-

297 1083 528 1155 gregatio
560 1090 830 1134 taurorum
876 1079 934 1131 in
976 1075 1144 1130 vaccis
1173 1071 1512 1156 populorum,
1531 1075 1588 1120 ut
1614 1064 1897 1156 excludant

297 1191 380 1228 eos
401 1173 486 1244 qui
509 1169 722 1242 probati
741 1179 860 1224 sunt
889 1177 1126 1239 argento.
1161 1163 1377 1233 Dissipa
1405 1155 1579 1232 gentes
1608 1174 1723 1230 qua:
1767 1155 1897 1210 bella

297 1266 500 1329 volunt,
519 1263 732 1318 venient
761 1262 922 1333 legati
942 1276 1007 1314 ea:
1032 1259 1286 1331 Egypto,
1311 1252 1585 1324 IEthiOpia
1625 1251 1898 1322 praeveniet

297 1372 477 1409 manus
507 1355 626 1425 ejus
681 1343 812 1408 Deo.
859 1351 1039 1422 Regna
1088 1360 1258 1414 terror,
1290 1356 1495 1401 cantate
1533 1345 1662 1406 Deo,
1696 1344 1900 1415 psallite

299 1429 538 1500 Domino.
571 1445 806 1499 Psallite
822 1443 933 1496 Deo
959 1443 1045 1513 qui
1069 1431 1300 1494 ascendit
1320 1455 1472 1509 super
1491 1437 1671 1491 coelum
1698 1436 1808 1489 coeli
1829 1434 1908 1488 ad.

301 1537 566 1588 orientem.
603 1533 748 1586 Ecce
775 1532 920 1586 dabit
947 1532 1058 1586 voci
1086 1547 1195 1585 sua:
1224 1547 1395 1584 vocem
1415 1529 1632 1591 virtutis,
1655 1527 1776 1579 date
1796 1525 1900 1595 glo-

300 1628 433 1680 riam
445 1625 554 1680 Deo
583 1642 745 1696 super
768 1623 959 1686 Israel,
980 1621 1370 1692 magniﬁcentia
1403 1619 1514 1689 ejus
1535 1628 1583 1671 et
1611 1619 1768 1671 virtus
1789 1617 1901 1686 ejus

303 1718 356 1772 in
386 1716 629 1771 nubibus.
656 1714 925 1770 Mirabilia
953 1713 1092 1767 Deus
1121 1713 1176 1765 in
1203 1711 1396 1765 sanctis
1422 1709 1547 1772 suis,
1573 1706 1710 1760 Deus
1734 1705 1902 1760 Israel

304 1807 414 1878 ipse
441 1806 589 1861 dabit
605 1809 837 1862 virtutem
867 1817 916 1860 et
945 1803 1304 1877 fortitudinem
1351 1800 1487 1871 plebi
1531 1817 1665 1865 sum,
1696 1799 1902 1853 benedi—

308 1909 420 1952 ctus
446 1897 610 1952 Deus.
694 1935 696 1944 ς

886 1980 1318 2023 (ΞΟΙΙΙΕΝΤΔΒΙΠΜ.

333 2095 335 2100 ·
383 2084 526 2139 Item
544 2083 778 2153 psalmus
796 2081 988 2136 cantici
1023 2081 1075 2134 in
1100 2094 1207 2149 quo
1235 2077 1473 2145 exsurgit
1501 2091 1532 2130 a
1562 2074 1808 2136 mortuis,
1843 2082 1902 2127 ut

317 2175 650 2246 dissipentur
677 2171 873 2227 inimici
919 2170 1052 2240 ejus,
1097 2177 1152 2224 et
1177 2168 1380 2236 fugiant
1401 2166 1494 2236 qui
1521 2163 1902 2221 cruciﬁxerunt

315 2283 444 2324 eum
476 2281 508 2321 a
548 2265 682 2321 facie
708 2265 841 2334 ejus.
873 2263 1023 2319 Sicut
1049 2261 1244 2318 defecit
1296 2259 1469 2315 fumus
1496 2267 1684 2314 contra
1713 2257 1900 2312 altitu-

313 2358 502 2414 dinem
532 2355 725 2423 eundo,
757 2355 833 2411 sic
852 2354 1100 2410 deﬁciant
1126 2372 1138 2407 :
1171 2362 1226 2408 et
1245 2353 1382 2409 sicut
1409 2350 1527 2406 (luit
1553 2341 1696 2416 cera,
1722 2350 1899 2418 ignem

309 2448 532 2520 quidem
585 2447 836 2511 sentiens,
896 2445 990 2500 sed
1018 2445 1086 2500 ad
1109 2453 1356 2500 naturam
1379 2458 1531 2499 suam
1560 2441 1792 2507 rediens,
1823 2440 1903 2496 sic

307 2541 538 2612 pereant
565 2547 874 2610 peccatores
904 2528 1038 2592 Vsine
1065 2544 1362 2607 conspectu
1398 2534 1515 2589 Dei.
1547 2533 1637 2588 Isti
1665 2549 1815 2596 vero,
1848 2532 1902 2586 id

306 2637 412 2694 est,
456 2628 688 2699 apostoli
742 2635 1067 2696 exsurgente
1112 2626 1345 2681 Ι)υωίηο
1373 2626 1656 2696 epulentur
1675 2634 1730 2680 et
1755 2624 1904 2679 dele-

304 2712 524 2779 utentur
551 2722 602 2776 in
651 2722 854 2787 lzetitia,
896 2730 952 2776 et
979 2736 1261 2792 quousque
1283 2718 1542 2775 ascendat
1565 2734 1726 2789 super
1755 2733 1906 2795 occas

303 2830 446 2878 sun,
499 2813 602 2868 iter
622 2818 626 2822 '
648 2813 846 2867 faciant
866 2812 962 2876 illi,
991 2818 1047 2866 et
1071 2810 1342 2889 gaudeant
1364 2809 1416 2863 in
1447 2816 1736 2879 conspectu
1765 2807 1900 2876 ejus.

303 2906 484 2977 Super
524 2920 774 2961 occasum
819 2903 1080 2968 ascendit,
1128 2902 1254 2971 quia
1280 2901 1433 2971 juxta
1462 2897 1711 2956 occasum
1751 2903 1913 2954 suum

301 2997 474 3067 coepit
504 2995 735 3049 mundus
764 3009 886 3048 esse
924 2992 1139 3062 quando
1163 2992 1216 3046 in
1246 2991 1414 3047 caelos
1441 2991 1697 3056 ascendit.
1753 2989 1908 3046 Unde

301 3098 362 3145 et
393 3087 680 3158 apostolus
707 3085 942 3140 Joannes
968 3085 1097 3140 dicit
1128 3103 1140 3138 :
1166 3085 1343 3149 Pueri,
1378 3087 1654 3149 novissima
1680 3086 1810 3140 hora
1831 3095 1908 3140 est

301 3178 349 3247 (I
368 3177 538 3231 Joan.
571 3177 648 3243 ιι).
682 3175 904 3229 Turbati
943 3183 1068 3230 sunt
1096 3191 1126 3229 a
1155 3174 1292 3230 laeie
1319 3175 1436 3245 ejus
1482 3175 1664 3242 Judaei,
1688 3177 1904 3247 quando

1992 602 2160 672 spolia
2183 612 2326 664 sunt.
2355 604 2523 658 divisa
2547 620 2667 659 cum
2688 605 2989 661 dormirent
3012 608 3154 663 inter
3179 610 3388 666 medios
3410 612 3587 668 cleros

1994 692 2192 748 Scribae
2221 703 2276 748 et
2308 693 2579 750 Pharisaai.
2614 696 2758 751 Inter
2784 697 3012 763 medios,
3045 699 3281 770 inquam,
3311 701 3504 766 cleros,
3538 703 3590 759 id

1999 794 2094 850 est,
2122 785 2262 840 inter
2283 787 2449 841 libros
2477 795 2711 843 sanctos.
2744 787 2933 845 Cleros
2956 791 3098 846 enim
3141 792 3304 848 libros
3330 794 3436 850 hoc
3463 795 3586 850 loco

1997 877 2187 941 dictos,
2238 885 2292 931 et
2325 876 2490 932 Judzei
2522 879 2705 934 dicunt
2735 888 2790 936 et
2816 882 2985 936 nostri
3007 882 3221 953 plurimi
3241 891 3584 941 tractatores.

1997 967 2138 1036 Ergo
2176 968 2222 1022 si
2269 969 2409 1023 inter
2447 969 2612 1024 libros
2660 971 2871 1027 divinos
2912 974 3074 1042 positi
3104 973 3400 1042 dormiatis,
3425 975 3477 1030 id
3503 985 3589 1032 est

1997 1061 2297 1132 negligatis,
2327 1071 2380 1116 et
2409 1071 2655 1118 tenentes
2683 1064 2861 1120 claves
2887 1066 3058 1134 regni,
3081 1081 3181 1122 nec
3217 1084 3312 1123 vos
3356 1068 3585 1134 intretis,

2001 1168 2102 1207 nec
2130 1153 2262 1208 alios
2277 1153 2483 1222 ingredi
2505 1154 2848 1224 permittatis.
2877 1155 2979 1223 Qui
3000 1174 3097 1213 vos
3117 1174 3308 1228 penna:
3330 1161 3588 1216 columba:

2000 1243 2382 1312 deargentataa,
2411 1243 2462 1296 id
2505 1253 2604 1308 est,
2639 1261 2672 1300 o
2704 1261 2798 1301 vos
2826 1261 3016 1317 pennae
3041 1247 3305 1304 columba:
3331 1249 3590 1321 deargen-

2002 1342 2142 1399 taun,
2178 1333 2230 1388 id
2257 1343 2358 1398 est,
2390 1336 2706 1391 simulantes
2725 1338 3123 1407 simplicitatem
3154 1340 3430 1408 columbae,
3474 1344 3588 1399 vel-

2001 1427 2079 1481 uti
2124 1441 2314 1496 penna:
2360 1426 2475 1496 ejus
2520 1444 2615 1484 vos
2643 1429 2977 1486 ostendistis.
3030 1429 3199 1488 Porro
3229 1441 3411 1489 autem
3436 1434 3586 1490 dear-

2003 1527 2232 1590 gentatac
2261 1537 2451 1592 penum
2506 1522 2666 1586 estis,
2699 1538 2808 1578 non
2836 1538 3024 1578 verum
3054 1533 3364 1591 argentum,
3397 1535 3575 1598 et-spc

2004 1615 2141 1669 ciem
2172 1615 2306 1680 auri,
2335 1631 2440 1670 non
2463 1630 2652 1670 aurum
2673 1631 2860 1670 verum
2891 1616 3193 1673 ostenditis.
3233 1617 3375 1688 Ergo
3403 1621 3447 1675 si
3499 1638 3590 1677 vos

2003 1707 2265 1771 dormitis,
2299 1722 2400 1777 ego
2426 1708 2566 1764 dabo
2613 1710 2897 1778 vigilantes
2924 1711 3173 1766 cmlestes
3203 1726 3376 1780 reges,
3420 1714 3471 1768 id
3512 1723 3589 1770 est

2003 1801 2296 1871 apostolos,
2325 1816 2489 1870 super
2519 1809 2735 1867 terram,
2767 1810 2826 1856 ut
2855 1803 2906 1856 in
2937 1818 3151 1857 omnem
3204 1812 3401 1859 terram
3431 1814 3588 1860 exeat

1924 1890 1974 1951 Β
2003 1906 2169 1946 sonus
2197 1907 2403 1946 eorum.
2432 1891 2509 1946 Ita
2542 1901 2599 1947 ut
2621 1893 2675 1947 hi
2697 1908 2834 1963 quos
2880 1893 3101 1961 nigredo
3127 1903 3472 1964 peccatorum
3503 1896 3588 1950 ob.

2005 1985 2181 2052 tinuit,
2232 1985 2298 2040 ad
2349 1986 2786 2055 pnndicationem
2834 2001 3021 2042 eorum
3045 1987 3165 2042 nive
3193 1987 3509 2044 dealbentur
3536 1989 3588 2045 in

2002 2075 2238 2132 Selmon.
2271 2078 2489 2134 Selmon
2520 2079 2669 2133 locus
2698 2087 2781 2133 est
2810 2079 2862 2132 in
2889 2093 2996 2147 quo
3026 2077 3446 2149 purifieabantur
3464 2097 3590 2151 pro.

2004 2169 2182 2240 selyti,
2214 2169 2295 2223 vel
2338 2168 2390 2222 hi
2420 2169 2512 2239 qui
2549 2169 2856 2224 fatebantur
2888 2171 3223 2238 gravioribus
3251 2187 3309 2226 se
3336 2163 3590 2242 pullutio-

2003 2263 2160 2317 nibus
2191 2262 2520 2331 inquinatos,
2549 2265 2662 2319 κατ’
2692 2265 3009 2341 ἀντίφρασιν,
3045 2265 3218 2320 locum
3252 2264 3472 2320 Selmon
3500 2283 3589 2322 vo-

2004 2352 2102 2406 luit
2134 2353 2240 2408 dici
2263 2369 2476 2407 omnem
2517 2353 2693 2408 locum
2723 2354 2776 2408 in
2807 2370 2916 2425 quo
2954 2354 3008 2408 hi
3037 2356 3129 2425 qui
3159 2355 3592 2424 nigrilicaverunt

2003 2453 2350 2515 peccatorum
2397 2445 2678 2510 sordibus,
2720 2445 3056 2502 dealbentur.
3113 2446 3254 2516 Ergo
3303 2465 3426 2504 cum
3485 2449 3592 2504 dis-

2004 2537 2175 2593 cernit
2239 2536 2498 2592 Dominus
2572 2553 2735 2608 super
2796 2545 2995 2593 terram
3059 2540 3332 2610 apostolos
3413 2556 3536 2596 suos
3571 2583 3586 2605 ,

2003 2630 2307 2699 quicunque
2345 2629 2631 2684 audierunt
2675 2645 2770 2685 eos
2823 2639 2879 2685 et
2932 2629 3272 2686 crediderunt
3325 2632 3371 2686 si
3425 2648 3589 2702 super

2003 2720 2312 2776 fmisecium
2342 2719 2558 2793 fuerunt
2581 2720 2735 2789 nigri,
2767 2728 3019 2791 tanquam
3041 2722 3162 2776 lana
3187 2721 3409 2777 candida
3438 2723 3584 2785 facti,

2006 2815 2162 2883 quasi
2189 2814 2280 2868 nix
2301 2813 2535 2868 dealbati
2558 2822 2684 2867 sunt
2706 2814 2757 2867 in
2779 2812 3020 2879 Selmon,
3049 2815 3101 2869 in
3124 2815 3244 2871 loco
3265 2815 3592 2886 purificatio-

2007 2903 2109 2968 nis,
2142 2903 2232 2962 ubi
2271 2904 2453 2958 omnia
2481 2911 2702 2972 peccata
2750 2904 2995 2960 lavantur
3021 2924 3032 2958 :
3066 2905 3156 2961 ubi
3187 2922 3340 2962 mons
3367 2908 3460 2963 Dei
3489 2920 3591 2976 est,

2007 3009 2163 3048 mons
2199 2993 2440 3064 pinguis,
2475 2992 2648 3047 nullus
2675 2993 2810 3048 alius
2853 2995 2955 3050 nisi
2983 2993 3226 3051 Christus
3261 2995 3447 3062 Jesus,
3481 2999 3594 3069 ipse

2007 3085 2250 3154 pinguis,
2281 3084 2480 3139 sudans
2501 3083 2622 3139 oleo
2639 3082 2858 3153 justitia:
2877 3126 2891 3150 ,
2925 3086 3046 3141 oleo
3073 3086 3407 3154 chrismatis,
3441 3105 3595 3146 mons

2009 3175 2320 3245 coagulatus
2347 3185 2446 3231 est.
2479 3174 2578 3231 llic
2606 3176 2721 3246 ipse
2746 3191 2903 3232 mons
2928 3179 3140 3249 pinguis
3167 3179 3218 3233 in
3250 3181 3452 3236 unitate
3471 3181 3594 3236 Dei-

300 3265 549 3322 ostendit
576 3281 635 3320 se
654 3273 861 3336 patrem
890 3265 1251 3336 orphanorum
1274 3274 1328 3321 et
1342 3266 1578 3335 judicem
1602 3268 1898 3324 viduarum.
1928 3254 1977 3317 C
2009 3271 2135 3325 tatis
2164 3269 2478 3325 Trinitatem
2507 3271 2844 3339 coagulatam
2873 3285 3082 3341 gerens.
3114 3271 3302 3327 Videte
3329 3256 3397 3328 ne
3423 3275 3592 3329 susci-
3631 3336 3644 3341 ,ν

301 3357 446 3414 Deus
496 3357 550 3412 in
609 3357 728 3412 loco
761 3364 964 3411 ‘sancto
1011 3371 1127 3410 suo.
1163 3355 1479 3428 Ubicunque
1507 3361 1764 3416 sanctitas
1794 3369 1898 3427 est,

304 3451 456 3507 locus
486 3448 584 3504 Dei
611 3456 800 3513 estmt
829 3447 899 3502 ibi
929 3447 1070 3503 Deus
1097 3455 1198 3512 est,
1231 3457 1287 3503 et
1310 3450 1424 3520 ipse
1448 3450 1575 3506 facit
1617 3453 1903 3508 unanimes

305 3543 357 3596 in
382 3541 572 3606 domo,
604 3540 656 3594 in
687 3539 924 3595 Ecclesia
939 3540 1130 3610 utique
1157 3555 1252 3593 sua
1274 3556 1436 3594 unam
1457 3541 1616 3596 ﬁdem
1638 3543 1901 3612 integram

305 3648 584 3703 exercere,
619 3633 733 3703 ipse
762 3631 954 3687 educet
973 3617 1183 3687 vinctos
1209 3647 1240 3687 a
1259 3631 1479 3689 diabolo
1508 3634 1562 3688 in
1592 3634 1903 3692 fortitudine

305 3694 419 3778 sua‘.
469 3722 535 3776 Et
572 3694 727 3793 ipsos
753 3724 843 3792 qui
874 3723 942 3777 ad
973 3723 1108 3778 iram
1129 3733 1447 3794 provocant,
1473 3725 1524 3780 id
1553 3733 1656 3791 est,
1683 3727 1774 3796 qui
1795 3743 1905 3782 ma-

306 3816 438 3886 gicis
468 3816 674 3870 artibus
701 3816 960 3881 serviunt,
987 3816 1038 3870 hi
1069 3823 1196 3870 sunt
1224 3816 1316 3888 qui
1336 3817 1583 3872 habitant
1637 3819 1689 3872 in
1719 3819 1902 3890 sepul-

304 3907 431 3958 eris.
467 3903 629 3968 Deus,
660 3904 915 3974 egredere
943 3919 1128 3960 coram
1159 3906 1356 3976 populo
1408 3915 1520 3973 tuo,
1545 3908 1672 3963 dum
1722 3917 1901 3966 trans-

308 3995 440 4049 ieris
469 3993 537 4047 ad
583 3995 870 4061 desertum,
900 4003 1102 4052 terram
1129 3998 1369 4063 mutasti,
1393 3999 1610 4069 quando
1631 4002 1753 4057 cmli
1776 4003 1902 4058 stel-

308 4087 420 4140 lam
470 4086 827 4155 protulerunt,
871 4103 902 4141 a
955 4088 1092 4144 faeie
1135 4087 1231 4146 Dei
1261 4089 1444 4147 Israel.
1488 4090 1638 4150 Tunc
1667 4096 1901 4166 pluviam

306 4177 671 4234 voluntariam
697 4182 1004 4249 segregasti,
1027 4181 1191 4248 Deus,
1216 4184 1517 4240 hmreditati
1539 4193 1662 4254 tuas,
1686 4189 1902 4258 quando

306 4270 484 4339 angeli
515 4270 831 4325 cecinerunt
854 4290 866 4325 :
897 4272 1090 4328 Pacem
1117 4274 1414 4330 hominibus
1441 4275 1593 4332 bona:
1621 4280 1902 4335 voluntatis

306 4361 524 4433 (Matth.
562 4352 651 4432 In).
673 4362 964 4420 Haereditas
985 4365 1100 4435 ejus
1122 4366 1175 4421 in
1204 4367 1464 4437 apostolis
1485 4370 1713 4440 sumpsit
1742 4384 1903 4425 exor-

307 4453 478 4519 dium,
512 4455 564 4509 in
584 4456 778 4526 quibus
801 4457 1069 4513 infirmata
1089 4466 1174 4514 est
1194 4460 1309 4530 ipsa
1335 4461 1640 4527 hazreditas,
1673 4462 1765 4518 sed
1787 4463 1903 4533 ipse

307 4543 570 4600 Dominus
597 4547 821 4616 perfecit
864 4565 988 4604 eam
1011 4550 1339 4620 resurgendo
1379 4566 1410 4605 a
1439 4554 1683 4618 mortuis,
1712 4560 1898 4609 osten-

2003 3361 2165 3432 piatis
2187 3362 2240 3416 in
2268 3360 2480 3417 Deitate
2505 3361 2668 3417 alium
2691 3361 2926 3418 aliunde.
2960 3363 3090 3418 Nam
3117 3363 3209 3432 qui
3230 3364 3345 3420 haec
3371 3364 3591 3432 faciunt,

2005 3461 2321 3520 arguuntur,
2363 3461 2420 3508 et
2445 3453 2642 3509 dicitur
2667 3454 2747 3509 eis
2775 3471 2788 3506 :
2824 3453 3019 3524 thuid
3050 3455 3128 3510 sic
3153 3456 3422 3526 suscipitis
3443 3473 3592 3513 mon-

2007 3549 2089 3598 tes
2114 3543 2342 3598 uberes?
2365 3543 2417 3598 id
2438 3552 2540 3608 est,
2572 3545 2762 3614 utquid
2802 3544 2976 3601 facitis
3003 3547 3260 3616 pluralem
3290 3547 3594 3602 Deitatem?

2004 3632 2358 3703 Coagulatum
2388 3622 2627 3691 montem
2661 3637 2712 3690 in
2746 3625 2953 3692 unitate
2979 3645 3179 3702 tenete,
3205 3645 3260 3692 et
3287 3636 3500 3693 Patrem
3531 3657 3593 3694 ac

2005 3725 2262 3796 Spiritum
2292 3736 2535 3783 sanctum
2562 3730 2612 3784 in
2639 3746 2746 3784 uno
2771 3730 2999 3785 Domino
3024 3738 3207 3785 nostro
3226 3730 3352 3787 Jesu
3377 3731 3593 3788 Christo

2004 3822 2279 3892 suspicite.
2313 3821 2432 3892 Ipse
2460 3830 2542 3877 est
2572 3822 2712 3899 enim
2742 3838 2896 3877 mons
2925 3824 2978 3877 in
3007 3839 3114 3892 quo
3136 3824 3332 3894 placuit
3364 3824 3476 3880 Deo
3506 3826 3593 3881 ha-

2003 3912 2176 3967 bitare
2215 3915 2267 3968 in
2295 3930 2390 3978 eo,
2424 3922 2478 3968 et
2507 3915 2559 3968 in
2589 3914 2706 3984 ipso
2733 3913 2990 3970 Dominus
3031 3915 3293 3970 habitavit
3320 3917 3372 3970 in
3401 3918 3592 3972 saecula

2004 3993 2352 4061 seculorum:
2373 4005 2540 4076 Hujus
2567 4021 2754 4060 currus
2798 4006 2985 4062 decem
3031 3991 3282 4061 millibus.
3316 4007 3591 4084 Multiplex

2004 4111 2194 4151 currus
2213 4095 2330 4164 ejus
2358 4097 2410 4151 in
2433 4097 2684 4167 passione
2709 4098 2939 4167 agitatus
2965 4106 3066 4162 est,
3090 4096 3180 4151 ubi
3209 4097 3309 4151 sibi
3335 4097 3447 4166 ipse
3473 4098 3592 4167 plus

2003 4185 2224 4251 sumcit‘,
2256 4201 2418 4255 quam
2446 4187 2633 4242 decem
2661 4187 2840 4242 millia
2884 4186 3124 4254 legiones
3168 4186 3507 4254 angelorum,
3537 4194 3592 4241 et

2003 4279 2168 4333 millia
2200 4279 2494 4334 laetantium
2532 4295 2651 4349 qua:
2681 4279 2892 4334 fuerunt
2919 4295 3041 4333 cum
3071 4279 3253 4350 Moyse
3298 4279 3352 4333 in
3380 4279 3506 4332 Sina
3535 4279 3588 4334 in

2003 4377 2213 4424 sancto.
2241 4369 2392 4424 Tunc
2418 4369 2659 4425 ascendit
2699 4370 2751 4424 in
2783 4369 2983 4432 altum,
3017 4369 3069 4424 id
3109 4379 3221 4433 est,
3257 4370 3310 4423 in
3353 4385 3587 4433 crucem,

2003 4460 2148 4529 cepit
2194 4461 2588 4530 captivitatem,
2621 4461 2790 4532 ipsam
2819 4461 3363 4531 captivitatem-ligni
3409 4461 3588 4532 primi,

2003 4551 2175 4620 ipsam
2207 4552 2370 4620 cepit,
2403 4551 2552 4607 etde
2599 4561 2824 4621 peccato
2864 4552 3138 4608 damnavit
3175 4561 3473 4624 peccatum.
3518 4552 3594 4608 De

305 4637 487 4693 dendo
515 4637 729 4696 fissuras
755 4642 1033 4698 clavorum
1054 4644 1107 4698 in
1133 4644 1398 4710 manibus,
1422 4645 1660 4701 vulneris
1687 4647 1898 4715 signum
1925 4632 1980 4693 Ῐ)
2003 4642 2169 4712 ligno,
2193 4644 2429 4712 inquam,
2460 4643 2635 4712 qrucis
2660 4643 2860 4714 lignum
2882 4644 3330 4715 concupiscentia:
3345 4639 3511 4715 cepit,
3539 4652 3594 4698 et

306 4732 358 4787 in
383 4733 585 4797 latere;
616 4741 672 4788 et
699 4735 772 4789 ita
795 4750 917 4790 eam
938 4735 1181 4806 perfecit,
1205 4744 1266 4790 ut
1291 4753 1397 4792 non
1417 4738 1590 4792 solum
1611 4739 1896 4808 spiritales,
1920 4772 1929 4782 -

305 4824 398 4878 sed
429 4832 486 4878 et
512 4815 775 4881 animales
801 4827 1046 4882 habitent
1067 4828 1122 4883 in
1151 4844 1236 4895 ea,
1285 4829 1410 4898 quia
1440 4831 1651 4900 paravit
1689 4846 1752 4885 ea
1781 4829 1900 4884 dul-

305 4914 549 4970 cedinem
568 4931 720 4972 suam
747 4916 910 4985 Deus,
933 4919 1148 4989 quando
1168 4919 1316 4975 dedit
1336 4921 1558 4974 verbum
1587 4920 1900 4976 mulieribus

305 5001 586 5070 Dominus,
609 5015 668 5061 ut
695 5009 1135 5076 evangelizarent'
1158 5010 1412 5066 virtutem
1436 5011 1680 5066 multam.
1711 5011 1896 5068 Domi-

307 5111 407 5150 nus
426 5111 557 5166 ergo
578 5098 658 5153 eis
676 5098 824 5153 dedit
838 5101 1058 5155 verbum
1079 5101 1264 5157 dicens
1295 5121 1307 5155 :
1342 5101 1443 5168 Ite,
1467 5103 1621 5156 dicite
1649 5103 1898 5175 fratribus

307 5188 432 5240 meis
470 5197 525 5241 ut
572 5198 694 5243 eant
719 5191 774 5244 in
823 5189 1117 5256 Galilaeam,
1167 5191 1239 5246 ibi
1287 5210 1368 5248 me
1414 5193 1652 5248 videbunt
1680 5195 1894 5266 (Matth.

307 5280 516 5350 xsvm).
551 5279 684 5348 Quis
723 5283 828 5338 hoc
855 5283 1025 5338 dixit?
1055 5285 1168 5341 Rex
1200 5286 1456 5341 virtutum
1485 5287 1686 5353 dilecti,
1720 5288 1773 5343 id
1792 5297 1895 5353 est,

307 5370 533 5425 interior
559 5371 760 5427 Christi
801 5381 857 5428 et
909 5376 1117 5446 species
1165 5376 1376 5442 domus,
1420 5378 1608 5448 utique
1656 5380 1899 5450 corporis

309 5465 545 5534 speciosi
590 5465 765 5521 forma
808 5483 918 5536 prae
969 5467 1089 5523 filiis
1136 5462 1441 5535 hOminum,
1487 5471 1540 5525 in
1580 5487 1684 5543 qua
1712 5472 1899 5528 dividit

306 5557 476 5626 spolia
499 5598 512 5619 ,
565 5567 620 5612 et
658 5560 952 5628 captivavit
997 5576 1351 5633 synagogam,
1391 5571 1446 5618 et
1474 5563 1757 5620 thesauros
1781 5565 1898 5636 ejus

305 5647 489 5700 divisit
528 5648 580 5702 in
637 5649 894 5714 Ecclesia,
942 5653 1029 5707 alii
1059 5653 1205 5708 dedit
1234 5655 1589 5726 prophetiam,
1644 5658 1732 5712 alii
1777 5675 1898 5714 ver-

305 5739 456 5804 bum,
491 5741 578 5795 alii
619 5743 870 5800 virtutem
928 5733 1252 5802 sanitatum:
1287 5747 1516 5818 denique
1561 5751 1696 5805 ultra
1740 5768 1898 5822 syna-
1938 5775 1940 5777 ·

307 5844 442 5900 goga
475 5848 584 5889 non
613 5834 792 5902 habet,
819 5852 918 5893 nec
946 5838 1282 5908 prophetam,
1315 5855 1417 5897 nec
1447 5842 1773 5905 unctionem,
1799 5859 1896 5899 nec

2001 4736 2144 4791 dona
2175 4737 2417 4805 erogavit
2444 4735 2767 4790 hominibus.
2804 4735 3002 4791 Passus
3027 4746 3106 4792 est
3149 4741 3332 4805 etiam,
3363 4740 3455 4809 qui
3485 4756 3590 4794 non

2001 4825 2318 4892 credebant,
2351 4826 2511 4880 etiam
2544 4826 2625 4881 his
2652 4827 2794 4881 dona
2827 4825 2975 4881 dedit
3008 4826 3061 4880 in
3089 4843 3249 4884 cruce
3277 4831 3480 4899 positus
3498 4868 3512 4890 ,
3536 4837 3592 4882 et

2001 4933 2112 4972 non
2141 4932 2304 4986 parva
2344 4915 2505 4972 dona.
2538 4917 2674 4972 Audi
2703 4932 2863 4987 quam
2905 4931 3117 4987 magna.
3150 4916 3345 4974 Preces
3381 4932 3478 4988 pro
3507 4915 3590 4969 his

2005 5007 2291 5073 fundebat,
2331 5007 2514 5063 dicens
2541 5027 2552 5062 :
2585 5008 2748 5065 Pater
2775 5011 2976 5065 remitte
3023 5010 3124 5064 illis
3143 5037 3162 5074 ,-
3198 5011 3319 5079 quia
3347 5010 3588 5077 ignorant

2006 5101 2165 5172 (Luc.
2198 5100 2370 5171 χχιιι).
2393 5101 2552 5156 Dedit
2580 5118 2708 5172 ergo
2736 5103 2878 5159 dona
2908 5103 3230 5164 hominibus,
3263 5099 3313 5152 id
3339 5106 3439 5160 est,
3471 5113 3589 5152 cre-

2003 5194 2283 5260 dentibus,
2315 5203 2372 5250 et
2410 5211 2517 5250 non
2547 5197 2721 5250 solum
2747 5193 3119 5253 credentibus,
3169 5191 3260 5244 sed
3303 5190 3464 5244 etiam
3507 5191 3590 5247 bis

2005 5287 2096 5356 qui
2119 5304 2225 5343 non
2246 5289 2472 5344 credunt
2489 5289 2788 5344 inhabitare
2804 5285 3107 5348 Dominum,
3124 5283 3215 5352 qui
3239 5299 3344 5339 non
3366 5284 3591 5341 credunt

2005 5378 2130 5449 quia
2160 5377 2299 5432 Deus
2326 5389 2438 5434 erat
2475 5383 2526 5434 in
2568 5379 2771 5433 Christo
2795 5377 3038 5430 mundum
3065 5378 3348 5432 concilians
3389 5373 3486 5434 sibi
3511 5379 3586 5451 (ll

2006 5471 2123 5526 Cor.
2149 5473 2220 5542 v).
2267 5471 2585 5528 Benedictus
2613 5469 2870 5522 Dominus
2899 5467 3074 5530 Pater,
3108 5469 3420 5527 benedictus
3446 5471 3587 5528 Deus

2006 5564 2196 5628 Filius,
2229 5565 2540 5620 benedictus
2585 5559 2844 5615 Dominus
2891 5561 3121 5632 Spiritus
3167 5573 3412 5626 sanctus,
3463 5564 3586 5632 quia

2007 5673 2324 5728 prosperum
2356 5657 2456 5709 iter
2483 5652 2658 5705 crucis
2687 5667 2795 5706 suae
2838 5654 2958 5710 fecit
3003 5657 3155 5712 nobis
3183 5657 3321 5711 Deus
3345 5654 3588 5709 Salvator

2008 5761 2206 5811 noster,
2232 5749 2320 5817 qui
2345 5746 2462 5799 ideo
2490 5745 2718 5799 cruciari
2740 5748 2927 5814 voluit,
2958 5758 3017 5803 ut
3040 5766 3136 5804 nos
3162 5751 3340 5802 salvos
3367 5746 3582 5798 laceret.

2006 5842 2132 5918 Ideo
2155 5840 2343 5895 mortis
2372 5837 2592 5892 exitium
2625 5843 2883 5913 suscepit,
2919 5850 2972 5896 ut
3004 5847 3387 5908 conquassaret
3414 5836 3589 5908 capita
