4252 6264
313 356 411 415 ιιι

1263 358 1731 418 COMMENTARII
1769 363 1834 418 IN
1874 362 2207 425 PSALMOS.
2251 369 2442 427 ρδΑιι.
2487 371 2665 429 LXIX.
2714 333 2764 352 ί
2843 318 2881 325 ﬂ
2905 318 2944 324 ω

3098 330 3127 345 κ

3499 384 3603 442 4⁸Ξῖ

317 464 664 523 tabemaculis
714 483 892 561 eorum
938 484 1042 522 non
1085 470 1153 523 sit
1199 471 1285 540 qui
1328 471 1598 528 inhabitet.
1652 472 1909 539 Quoniam
1934 480 1987 538 Α
2013 480 2302 537 tristitiam.
2335 483 2564 552 Quaesivi
2593 489 2996 560 consolantem,
3029 502 3083 549 et
3125 510 3230 549 non
3280 494 3487 561 inveni;
3520 506 3621 555 tot-

314 576 467 631 quem
496 568 551 613 tu
577 560 876 630 percussisti
896 561 1147 630 persecuti
1168 570 1289 615 sunt
1308 580 1408 628 me,
1430 574 1481 618 et
1500 582 1653 635 super
1680 565 1907 621 dolorem

314 649 586 707 uulnerum
601 669 828 707 meorum
844 652 1176 727 addiderunt.
1195 654 1410 725 Appone
1424 655 1743 729 iniquitatem
1759 676 1909 731 super

314 742 642 816 iniquitatem
668 760 873 809 eorum,
916 752 968 798 et
1006 760 1109 799 non
1149 745 1343 799 intrent
1365 748 1420 800 in
1452 748 1713 818 justitiam
1735 765 1901 804 suam.

317 832 606 891 Deleantur
632 835 695 890 de
736 833 868 890 libro
906 835 1209 905 viventium,
1239 846 1289 891 et
1315 854 1429 891 cum
1444 839 1604 908 justis
1632 856 1735 894 non
1776 843 1907 895 scri-

313 922 667 999 bantumEgo
704 944 819 982 sum
844 945 1042 1001 pauper
1076 936 1128 983 et
1163 928 1374 995 dolens;
1415 930 1558 984 salus
1594 940 1713 997 tua,
1743 920 1902 1000 Deus,

309 1020 535 1090 suscepit
555 1036 652 1074 me.
673 1018 925 1075 Laudabo
940 1038 1125 1075 nomen
1140 1018 1240 1075 Dei
1261 1038 1372 1076 cum
1396 1023 1617 1089 cantico,
1635 1035 1684 1079 et
1703 1030 1906 1099 magni-

308 1108 478 1183 ﬁcabo
506 1128 622 1166 eum
649 1113 705 1166 in
731 1111 903 1166 laude.
948 1108 1016 1166 Et
1066 1110 1291 1184 placebit
1334 1110 1445 1168 Deo
1491 1131 1646 1186 super
1692 1118 1904 1173 vitulum

308 1203 592 1269 novellum,
644 1219 840 1259 cornua
886 1203 1250 1275 producentem
1295 1214 1346 1258 et
1390 1207 1629 1277 ungulas.
1683 1195 1905 1265 Videant

307 1312 560 1367 pauperes
602 1304 653 1349 et
695 1294 965 1360 (celentur;
1010 1296 1224 1369 quwrite
1260 1290 1456 1362 Deum,
1496 1308 1546 1351 et
1573 1300 1698 1354 vivet
1729 1303 1905 1355 anima

308 1398 494 1444 vestra.
527 1384 787 1453 Quoniam
817 1386 1079 1442 exaudivit
1108 1394 1358 1459 pauperes
1388 1388 1674 1456 Dominus,
1708 1394 1901 1448 vinctos

234 1484 243 1493 ’
309 1497 427 1536 suos
468 1497 573 1534 non
616 1476 868 1549 despexit.
902 1478 1141 1533 Laudent
1164 1480 1312 1534 illum
1339 1482 1452 1536 caeli
1489 1493 1536 1536 et
1568 1493 1727 1548 terra,
1761 1501 1904 1538 mare

307 1581 357 1625 et
384 1572 562 1626 omnia
589 1570 793 1641 reptilia
822 1570 877 1623 in
916 1570 1007 1624 eis.
1052 1566 1311 1634 Qumtiam
1342 1569 1481 1627 Deus
1526 1573 1721 1627 salvam
1747 1577 1903 1647 faciet

309 1661 461 1728 Sion,
492 1658 539 1717 et
560 1660 956 1733 aadiﬁcabuntur
980 1663 1209 1716 civitates
1240 1660 1412 1718 Iudae.
1448 1663 1517 1717 Et
1540 1664 1902 1722 inhabitabant

307 1752 407 1822 ibi,
440 1762 491 1808 et
517 1752 818 1808 Iuereditate
845 1753 1109 1823 nequirent
1154 1769 1286 1807 eam.
1332 1750 1401 1807 Et
1439 1772 1611 1809 semen
1639 1773 1898 1812 servorum

2011 570 2178 626 millia
2206 576 2460 641 saturati,
2490 585 2572 633 tot
2616 579 2783 635 millia
2824 582 3041 651 salvati,
3074 584 3264 641 inﬁniti
3308 587 3515 656 edocti,
3546 600 3600 649 et

2009 679 2112 720 nec
2155 682 2294 722 unus
2322 668 2570 726 inventus
2598 681 2683 728 est
2710 674 2839 729 mihi
2870 678 3183 735 consolator
3210 687 3450 751 tempore
3489 698 3599 754 quo

2007 754 2270 812 dederunt
2307 759 2361 813 in
2400 775 2524 817 esca
2554 776 2671 818 mea
2702 764 2802 830 fel,
2832 773 2888 821 et
2912 767 2967 821 in
2995 768 3082 823 siti
3120 785 3238 826 mea
3278 779 3597 841 putaverunt

2006 862 2095 903 me
2120 857 2296 904 aceto.
2329 850 2559 924 Propter
2585 855 2689 911 hoc
2716 855 2855 914 facta
2882 866 2966 914 est
2990 874 3177 916 mensa
3204 877 3390 918 eorum
3414 879 3597 919 coram

2008 939 2138 1010 ipsis
2165 942 2219 996 in
2245 943 2513 1013 laqueum.
2546 944 2782 1003 Mensam
2820 949 2909 1004 hic
2942 965 3270 1023 synagogam
3311 954 3487 1019 canit,
3531 953 3598 1009 ad

2005 1049 2195 1105 quam,
2233 1038 2389 1104 quasi
2418 1038 2670 1095 refecturi
2717 1042 3033 1112 spiritaliter
3072 1053 3295 1111 euntes,
3346 1044 3596 1114 laqueum

2005 1132 2219 1179 aeternae
2246 1129 2437 1183 mortis
2452 1129 2754 1186 incurrunt.
2776 1131 3103 1189 Obscuratos
3120 1136 3385 1191 habentes
3406 1137 3595 1191 oculos

2005 1228 2075 1269 ne
2102 1216 2318 1271 videant
2346 1218 2525 1275 lumen
2555 1218 2838 1288 Ecclesiae,
2870 1222 3089 1279 dorsum
3116 1241 3271 1280 suum
3300 1227 3596 1296 parietibus

2004 1307 2155 1361 vanis
2184 1307 2486 1364 incurvant.
2535 1309 2603 1365 Et
2640 1312 2764 1368 ideo
2810 1315 3098 1385 apponitur
3144 1317 3396 1385 iniquitas
3434 1334 3594 1389 super

2004 1396 2342 1467 iniquitatem
2364 1400 2624 1470 ipsorum,
2645 1403 2771 1471 quia
2795 1411 2849 1458 et
2871 1404 2968 1474 ipsi
2992 1405 3268 1473 geminant
3288 1407 3595 1477 iniquitates

2003 1502 2148 1542 suas.
2193 1487 2516 1546 Occiderunt
2558 1491 2865 1561 Christum,
2904 1504 3125 1553 sanctos
3149 1500 3417 1567 persecuti
3444 1508 3593 1566 sunt,

2002 1576 2297 1635 Ecelesiam
2335 1590 2561 1652 negant,
2605 1600 2765 1641 voces
2799 1588 3189 1659 prophetarum
3212 1600 3494 1646 evacuant.
3528 1591 3594 1647 Et

2005 1669 2128 1725 ideo
2155 1669 2406 1728 delentur
2430 1674 2500 1730 de
2530 1676 2668 1732 libro
2707 1678 3022 1747 viventium,
3068 1688 3124 1736 et
3152 1697 3272 1737 cum
3296 1681 3455 1752 justis
3484 1698 3592 1739 non

2002 1764 2329 1822 scribuntur.
2362 1768 2479 1824 Non
2507 1770 2708 1826 habent
2732 1773 2874 1827 enim
2902 1781 3109 1844 partem
3138 1788 3261 1830 cum
3300 1774 3589 1843 Abraham,

306 1844 418 1923 ejus
437 1847 720 1921 possidebit
744 1864 879 1913 eam,
911 1855 960 1900 ετ
984 1846 1071 1918 qui
1099 1844 1323 1919 diligunt
1348 1864 1533 1903 nomen
1552 1850 1665 1920 ejus
1695 1849 1897 1907 habita-
1924 1858 1975 1918 Β
2005 1870 2178 1926 neque
2206 1874 2329 1913 cum
2358 1863 2608 1921 omnibus
2635 1865 2836 1920 sanctis
2854 1868 3052 1921 veteris
3081 1866 3437 1935 Testamenti,
3466 1869 3591 1939 quia

306 1940 428 2000 bunt
451 1946 508 2000 in
528 1961 609 2000 ea.

880 2027 1318 2070 εοιωειητλιιιωι.

379 2130 439 2185 ln
486 2126 711 2185 Domino
754 2139 940 2185 nostro
984 2125 1113 2184 Jesu
1139 2126 1356 2184 Christo
1397 2128 1530 2185 duas
1570 2131 1897 2187 substantias

306 2221 408 2278 Dei
437 2229 494 2277 et
518 2221 745 2276 hominis
772 2218 1112 2286 conﬁtemur,
1144 2227 1200 2274 et
1228 2220 1454 2277 virtutes
1476 2220 1590 2277 Deo
1613 2223 1890 2291 tradimus,

304 2313 649 2370 inﬁrmitates
670 2312 870 2368 homini
899 2312 1264 2383 applicantes,
1297 2312 1448 2383 cuius
1477 2330 1664 2371 vocem
1701 2316 1756 2370 in
1790 2316 1895 2372 isto

301 2406 514 2478 psalmo
542 2404 611 2460 ab
635 2405 784 2461 initio
812 2420 985 2476 usque
1013 2405 1081 2460 ad
1111 2405 1272 2462 linem
1292 2392 1679 2479 prophetatam
1704 2408 1895 2464 adver-

299 2499 480 2553 timus.
496 2492 845 2552 Consuetudo
864 2496 1030 2552 habet
1048 2497 1269 2552 humani
1289 2500 1572 2563 sermonis,
1596 2506 1657 2554 ut
1675 2513 1894 2568 gravem

296 2590 621 2646 calumniam
650 2588 973 2660 patientem,
1005 2589 1156 2659 gravi
1192 2589 1770 2662 dicamustempestati
1799 2608 1892 2649 ac-

294 2686 583 2751 cumbere,
620 2685 725 2741 hoc
753 2684 943 2741 ordine
970 2698 1139 2754 aquas
1166 2699 1334 2754 usque
1373 2684 1439 2739 ad
1476 2686 1711 2740 animam
1739 2702 1892 2742 suam

294 2779 610 2850 pervenisse
631 2775 919 2848 signiﬁcat.
944 2776 1184 2833 Dicendo
1205 2783 1388 2835 autem
1408 2777 1463 2831 in
1485 2777 1615 2834 limo
1638 2777 1891 2850 profundi

293 2889 351 2929 se
379 2871 647 2958 inﬁxumz
682 2869 943 2925 fabricam
980 2870 1136 2941 primi
1183 2869 1419 2925 hominis
1458 2879 1646 2935 sonat,
1691 2872 1745 2925 in
1782 2886 1889 2941 qua

294 2964 466 3019 ﬁxum
496 2963 647 3018 cruci
677 2969 970 3032 tempestas
997 2960 1232 3017 seditiosi
1260 2961 1445 3032 populi
1466 2964 1654 3017 mersit
1681 2978 1803 3018 eum
1832 2963 1888 3018 in

294 3063 556 3112 mortem.
581 3054 759 3123 Rogat
787 3068 928 3108 nime
948 3069 1042 3123 pro
1062 3052 1335 3123 discipulis
1354 3060 1414 3106 ut
1435 3068 1542 3107 non
1572 3048 1890 3109 erubescant

293 3152 352 3204 in
382 3164 485 3214 eo,
536 3146 630 3216 qui
678 3153 990 3215 exspectant
1034 3145 1480 3201 resurrectionem
1524 3145 1667 3216 ejus,
1710 3161 1887 3217 neque

1998 1956 2440 2019 contempserunt
2477 1968 2771 2023 pauperem
2816 1955 2871 2010 in
2898 1965 3151 2027 aspectu,
3185 1958 3335 2013 illum
3374 1958 3443 2014 de
3481 1975 3591 2029 quo

1997 2051 2185 2093 omnes
2212 2051 2393 2110 patres
2418 2057 2604 2099 eorum
2644 2047 2951 2102 concionati
2970 2056 3113 2103 sunt.
3139 2047 3369 2120 Pauper,
3394 2050 3585 2119 inquit,

1998 2142 2098 2196 ego
2128 2138 2183 2185 et
2210 2131 2416 2188 dolens.
2450 2132 2659 2207 Pauper
2696 2148 2755 2192 ut
2796 2152 2895 2194 nos
2921 2139 3115 2198 divites
3141 2140 3371 2214 faceret,
3400 2143 3590 2199 dolens

1998 2228 2056 2276 ut
2084 2236 2183 2278 nos
2210 2237 2240 2276 a
2268 2223 2545 2297 dolpribus
2571 2229 2788 2283 internis
2809 2230 3061 2300 eriperet.
3086 2230 3281 2287 Factus
3304 2240 3386 2288 est
3410 2234 3588 2290 hostia

1996 2312 2108 2370 Deo
2135 2330 2235 2385 pro
2264 2318 2446 2384 nobis,
2479 2321 2762 2390 paciﬁcans
2789 2323 2845 2376 in
2873 2326 3126 2395 sanguine
3152 2342 3265 2390 suo,
3290 2327 3394 2380 sire
3419 2328 3504 2398 qui
3533 2328 3588 2382 in

1997 2410 2147 2462 terris
2175 2418 2314 2475 sunt,
2346 2412 2453 2465 sine
2470 2413 2557 2485 qui
2583 2414 2639 2466 in
2678 2414 2815 2469 cretis
2840 2414 3073 2488 (Coloss.
3099 2415 3174 2489 ι).
3206 2417 3273 2472 Et
3302 2419 3502 2489 placuit
3530 2420 3587 2477 in

1996 2501 2262 2558 sacriﬁcio
2288 2504 2464 2559 crucis
2483 2546 2497 2570 ,
2526 2506 2681 2575 quasi
2711 2508 2908 2563 vitulus
2938 2509 3181 2565 novellus
3225 2526 3428 2566 cornua
3456 2527 3585 2582 pro-

1994 2591 2197 2648 ducens
2221 2593 2447 2650 duorum
2478 2595 2975 2667 Testamentorum,
3008 2610 3063 2655 et
3090 2602 3314 2669 ungulas
3355 2611 3588 2670 quatuor

1994 2682 2425 2754 Evan‘geliorum,
2450 2690 2595 2758 quod
2614 2690 2859 2747 videntes
2878 2707 3139 2763 pauperes
3162 2694 3428 2748 lietantur.
3450 2692 3588 2749 Pau-

1994 2791 2152 2846 peres
2179 2779 2436 2848 apostoli,
2472 2795 2583 2835 non
2620 2782 2884 2838 habentes
2911 2783 3046 2838 duas
3077 2784 3315 2849 tunicas,
3348 2800 3456 2840 non
3486 2801 3584 2855 pe-

1992 2883 2138 2934 ram,
2173 2885 2279 2925 non
2307 2871 2590 2940 pecuniam
2621 2873 2677 2927 in
2722 2874 2873 2928 zonis
2910 2875 3041 2929 suis.
3094 2872 3247 2929 Unde
3290 2883 3346 2929 ct
3393 2874 3587 2931 Petrus

1993 2961 2317 3018 mendicanti
2346 2964 2559 3019 inﬁrmo
2598 2983 2610 3017 :
2641 2965 2923 3038 Argentum
2950 2975 3001 3021 et
3027 2982 3213 3021 aurum
3250 2984 3351 3022 non
3394 2968 3578 3033 habeo,

1990 3053 2082 3107 sed
2108 3055 2245 3125 quod
2282 3055 2442 3111 habeo
2472 3056 2567 3111 hoc
2595 3056 2660 3111 do
2691 3055 2800 3111 tibi.
2837 3056 2903 3111 In
2941 3061 3149 3113 nomine
3171 3058 3325 3125 Jesu,
3358 3076 3510 3131 surge
3534 3069 3586 3113 et

1990 3143 2198 3200 ambula
2220 3146 2356 3218 (Act.
2381 3147 2480 3218 ιιι).
2506 3148 2561 3203 ln
2583 3149 2666 3203 his
2694 3150 2948 3220 operibus
2974 3151 3345 3220 magniﬁcatus
3366 3162 3447 3207 est
3472 3152 3583 3210 Do-

292 3239 696 3298 confundantur
723 3238 813 3307 qui
862 3238 1141 3307 requirunt
1187 3246 1238 3293 te
1285 3238 1340 3294 in
1380 3253 1487 3303 me,
1518 3237 1658 3294 Deus
1703 3238 1881 3294 Israel.
1913 3229 1960 3295 C
1990 3237 2166 3292 minus
2192 3237 2347 3295 Iesus
2374 3238 2619 3296 Christus
2646 3241 2699 3296 in
2729 3242 2916 3309 laude;
2946 3245 3089 3313 quod
3117 3244 3361 3300 videntes
3383 3260 3584 3316 paupe‘

296 3333 562 3400 Quoniam
602 3337 947 3402 propter‘e,
995 3330 1197 3399 inquit,
1231 3330 1442 3401 portavi
1468 3330 1881 3401 improperium,

299 3422 417 3478 dum
461 3421 601 3478 facio
632 3422 965 3477 voluntatem
1000 3428 1179 3486 tuam,
1230 3421 1351 3476 illos
1397 3419 1631 3487 olfendi;
1674 3422 1888 3492 operuit

299 3514 595 3570 reverentia
622 3513 816 3569 faciem
852 3526 1031 3568 meam
1058 3512 1251 3582 palmis
1276 3518 1638 3577 attractatam,
1669 3520 1886 3567 exterus

300 3607 468 3665 factus
494 3623 611 3663 sum
640 3605 900 3661 fratribus
927 3605 1081 3671 meis,
1114 3620 1304 3660 omnes
1331 3620 1419 3660 me
1447 3604 1706 3659 derelicto
1733 3605 1884 3674 fuge-

298 3708 438 3756 runt.
465 3697 583 3755 Hoc
606 3698 727 3754 ideo
751 3713 943 3769 passus
977 3713 1115 3761 sum,
1140 3696 1268 3766 quia
1295 3696 1497 3752 zelatus
1524 3710 1644 3750 sum
1667 3694 1886 3751 domum

299 3800 462 3855 tuam,
493 3790 619 3859 quia
645 3788 784 3858 ejeci
811 3788 880 3843 de
911 3787 1112 3858 templo
1138 3795 1232 3843 tuo
1253 3787 1671 3857 negotiationes,
1696 3787 1887 3857 operui

292 3882 496 3956 jejunio
525 3882 761 3936 animam
801 3895 1009 3946 meam,
1038 3879 1392 3949 quadraginta
1420 3879 1609 3935 diebus
1637 3878 1888 3933 totidem-

293 3989 405 4044 que
426 3973 673 4028 noctilms
696 3971 828 4027 nihil
857 3970 1147 4042 accipiens,
1180 3970 1397 4026 indutus
1425 3985 1545 4025 sum
1574 3985 1752 4038 sacco,
1776 3968 1887 4025 for-

290 4080 387 4120 ma
416 4062 579 4120 servi.
610 4062 827 4119 lndutus
851 4078 967 4119 sum
996 4077 1097 4119 rex
1133 4061 1426 4128 cmlorum,
1459 4068 1515 4115 et
1554 4061 1727 4116 factus
1766 4077 1887 4116 sum

288 4157 406 4215 illis
425 4158 482 4213 in
501 4156 831 4228 parabolam,
852 4156 978 4212 hinc
1001 4154 1123 4211 inde
1144 4154 1431 4211 verborum
1453 4153 1888 4210 insultationibus

285 4252 605 4327 snbjaeens.
650 4248 944 4304 Adversum
991 4263 1078 4303 me
1118 4248 1508 4316 exercebantur
1553 4244 1883 4307 sacerdotes.

281 4345 396 4418 ipsi
438 4345 496 4399 iu
524 4343 697 4414 portis
721 4342 992 4411 eliguntur
1029 4339 1251 4405 sedere,
1282 4339 1421 4395 sicut
1445 4336 1708 4393 Jeremias
1735 4335 1883 4399 dicit,

280 4439 524 4496 oderunt
553 4442 888 4506 arguentem.
918 4432 979 4489 In
1003 4433 1174 4505 portis
1202 4446 1331 4501 ergo
1360 4432 1413 4487 hi
1449 4430 1718 4500 accipiunt
1745 4444 1885 4500 pon-

279 4528 515 4587 tiﬁcium
560 4526 833 4597 iudicandi
879 4532 937 4580 et
983 4523 1344 4595 corripiendi,
1390 4522 1544 4592 quasi
1581 4521 1673 4590 qui
1709 4520 1887 4576 claves

277 4620 526 4678 civitatis
556 4610 778 4672 ten'eant
803 4617 858 4671 in
886 4617 1060 4686 portis
1098 4614 1288 4671 sedere
1326 4620 1713 4678 memorantur,
1745 4621 1800 4668 et
1828 4613 1884 4670 in
1920 4598 1968 4658 Ι)

276 4729 372 4769 me
392 4709 698 4783 psallebant
723 4708 877 4764 ebrii.
900 4706 1015 4777 Ego
1034 4722 1164 4762 vero
1187 4706 1488 4762 orationem
1509 4705 1738 4761 fundens
1758 4720 1886 4775 age-

276 4806 440 4870 bam.
472 4813 533 4858 ut
559 4803 801 4873 eriperes
826 4815 915 4856 me
955 4799 1023 4856 de
1050 4800 1165 4855 luto
1192 4799 1412 4866 mortis,
1446 4814 1515 4854 ne
1540 4798 1613 4854 ibi
1640 4797 1883 4853 adhaere~

276 4913 421 4962 rem,
450 4904 512 4950 ut
533 4910 643 4950 non
663 4901 884 4963 urgeret
903 4907 1067 4962 super
1084 4906 1172 4947 me
1192 4897 1387 4961 puteus
1405 4906 1469 4946 os
1486 4906 1661 4946 suum.
1686 4887 1886 4945 Puteus

273 5006 382 5062 pro
411 4987 636 5044 diabolo
664 4987 771 5043 hoe
798 4986 921 5042 loco
947 4984 1155 5057 positus
1201 4993 1302 5040 est.
1356 4983 1554 5039 Puteus
1584 4999 1614 5038 a
1643 4983 1883 5053 potando

269 5082 503 5145 dicitur,
527 5078 643 5151 ipse
670 5078 879 5149 potavit
902 5076 1108 5147 primos
1127 5075 1394 5139 homines,
1418 5083 1474 5131 et
1501 5090 1597 5146 per
1623 5076 1881 5146 populum

270 5176 390 5230 oris
432 5174 525 5228 sui
551 5171 765 5243 aperuit
803 5184 967 5240 super
992 5183 1091 5225 eos
1117 5184 1182 5225 os
1210 5169 1263 5225 in
1288 5176 1483 5225 morte.
1519 5168 1671 5226 Unde
1709 5170 1885 5226 sancti

268 5268 326 5322 in
357 5264 627 5337 passione
653 5261 944 5318 evadentes
969 5260 1154 5317 dicunt
1200 5279 1211 5313 ε
1245 5258 1370 5319 Nisi
1408 5250 1665 5316 Dominus
1704 5263 1886 5333 [uisset

265 5362 325 5415 in
356 5356 542 5422 nobis,
571 5355 793 5426 forsitan
817 5355 953 5409 vivos
975 5353 1315 5426 degtutissent
1343 5369 1436 5409 nos
1464 5353 1636 5424 (Psat.
1668 5370 1825 5410 cxxm
1842 5354 1879 5423 ).

267 5451 420 5520 Qui?
445 5446 683 5502 ministri
702 5446 887 5516 utique
907 5446 1148 5517 ejusdem
1171 5446 1392 5502 inimici.
1410 5445 1667 5514 Sustinui,
1692 5447 1883 5516 inquit,

263 5544 365 5614 qui
394 5538 568 5597 simul
592 5538 1020 5605 contristaretur,
1050 5547 1107 5595 et
1135 5554 1242 5594 non
1272 5536 1389 5594 fuit.
1414 5536 1533 5594 Non
1562 5538 1706 5594 enim
1732 5548 1887 5609 pote-

214 5628 219 5635 ’
264 5644 354 5693 rat
384 5632 561 5691 simul
590 5631 702 5703 pati
748 5630 1039 5698 Divinitas;
1090 5632 1230 5688 sicut
1272 5631 1382 5697 sol,
1432 5631 1480 5687 si
1529 5632 1582 5686 in
1632 5632 1775 5700 ligno
1816 5632 1885 5686 sit

263 5726 510 5799 quando
532 5724 849 5789 conciditur,
884 5724 1043 5779 simul
1071 5724 1283 5781 concidi
1314 5741 1420 5779 non
1452 5732 1663 5795 potest,
1694 5724 1766 5779 ita
1793 5722 1885 5779 Di-

264 5823 487 5878 vinitas
531 5818 690 5872 simul
732 5817 830 5873 fuit
858 5816 1125 5887 passioni,
1158 5826 1213 5872 et
1255 5818 1414 5872 simul
1442 5832 1549 5872 non
1579 5816 1885 5882 patiebatur

1987 3344 2095 3393 res,
2126 3331 2480 3398 gratulantur,
2511 3333 2636 3403 quia
2661 3333 2741 3389 sic
2767 3334 2989 3390 exaudit
3016 3349 3282 3406 pauperes
3302 3336 3580 3405 Dominus,

1991 3422 2200 3477 vinctos
2226 3438 2357 3478 suos
2385 3439 2495 3478 non
2524 3425 2747 3493 spernit.
2790 3424 3038 3480 Laudant
3083 3441 3205 3481 eum
3253 3428 3407 3493 caeli,
3457 3428 3583 3497 quia

1987 3513 2254 3578 ascendit;
2285 3522 2341 3569 et
2370 3522 2544 3580 terra,
2595 3516 2720 3585 quia
2767 3516 3095 3581 resurrexit;
3147 3525 3204 3573 et
3248 3532 3425 3583 mare,
3456 3520 3582 3587 quia

1988 3605 2215 3676 pedibus
2241 3606 2371 3661 illud
2400 3607 2721 3671 ambulavit;
2752 3617 2809 3662 et
2827 3607 2978 3674 Sion,
3004 3609 3129 3677 quia
3153 3608 3439 3665 aediﬁcavit
3460 3625 3581 3664 eam

1989 3716 2098 3756 non
2128 3700 2414 3754 habentem
2446 3701 2742 3765 maculam,
2774 3714 2951 3769 neque
2979 3714 3196 3769 rugam;
3245 3710 3303 3756 et
3339 3702 3583 3758 civitates

1986 3790 2365 3859 Judm,anim:e
2382 3791 2770 3860 apostolorum,
2787 3805 2906 3860 quae
2917 3791 3287 3847 inhabitantur
3298 3808 3329 3846 a
3343 3791 3578 3862 Christo,

1988 3890 2044 3939 et
2070 3883 2434 3940 hereditatem
2463 3883 2689 3954 primam
2728 3882 3010 3952 acquisivit
3034 3898 3145 3939 eas.
3180 3882 3376 3939 Semen
3417 3886 3580 3942 etiam
3623 3912 3625 3915 ι

1987 3976 2264 4033 servorum
2292 3976 2490 4032 Christi
2515 3974 2866 4046 possidebunt
2891 3976 3134 4055 eas,.qui
3163 3990 3271 4031 non
3305 3978 3583 4048 possident

1980 4075 2234 4122 terrenas
2281 4067 2563 4122 vanitates.
2630 4065 3010 4138 Apostolorum
3066 4068 3254 4138 utique
3305 4068 3582 4125 doctrinas

1987 4146 2285 4231 possident,
2307 4167 2363 4216 et
2380 4160 2474 4229 qui
2499 4160 2726 4229 diligunt
2745 4174 2943 4215 nomen
2962 4158 3175 4217 Domini
3204 4159 3583 4217 inhabitabant

1989 4254 2044 4308 in
2072 4267 2158 4318 ea,
2191 4252 2259 4316 id.
2272 4259 2375 4315 est,
2406 4252 2458 4307 in
2487 4250 2608 4317 ﬁde,
2634 4251 2687 4305 in
2716 4250 2982 4318 doctrina,
3016 4251 3068 4306 in
3098 4250 3359 4308 Ecclesia.
3382 4252 3440 4308 In
3469 4268 3577 4323 qua

1988 4350 2180 4412 regnat
2218 4338 2476 4399 Dominus
2503 4350 2693 4398 noster
2716 4342 2873 4398 Jesus
2897 4341 3145 4398 Christus
3172 4359 3295 4399 eum
3336 4342 3495 4400 Patre
3514 4353 3582 4401 .et

1989 4434 2194 4507 Spiritu
2216 4443 2426 4506 saneto,
2459 4450 2601 4490 nunc
2622 4442 2678 4490 et
2716 4435 2771 4489 in
2799 4442 2990 4491 cuneta
3017 4435 3210 4491 szecula
3234 4436 3581 4493 saeculorum.

1990 4528 2183 4584 Amen.

2516 4640 2834 4698 PSALMUS
2870 4640 3054 4697 LXIX.

1991 4757 2049 4813 in
2097 4758 2255 4811 linem
2300 4754 2539 4826 psalmus
2582 4751 2778 4826 David,
2828 4752 2883 4806 in
2900 4752 3387 4826 _rem_emoratione
3437 4752 3581 4822 quod

2367 4825 2573 4880 salvum
2603 4824 2729 4879 fecit
2752 4837 2875 4878 eum
2900 4820 3183 4879 Dominus.

2061 4983 2230 5047 Deus,
2260 4983 2313 5037 in
2352 4981 2669 5052 adjutorium
2707 4993 2881 5034 mem
2904 4974 3166 5042 intende;
3196 4975 3460 5036 Domine,
3508 4973 3581 5027 ad

1987 5074 2339 5148 adjuvandum
2362 5091 2445 5129 me
2469 5074 2676 5147 restim.
2706 5070 3111 5145 Confundantur
3143 5078 3197 5125 et
3233 5074 3574 5131 reeereant‘ur,

1987 5171 2074 5241 qui
2101 5177 2337 5241 quierunt
2371 5168 2601 5222 animum
2637 5181 2824 5220 meam.
2866 5163 3176 5217 Avertantur
3216 5165 3499 5211 retrorsum
3524 5165 3577 5211 et

1987 5263 2317 5326 erubescant,
2348 5263 2434 5332 qui
2462 5259 2637 5315 colunt
2671 5257 2799 5313 mihi
2840 5255 3000 5309 mata.
3047 5254 3357 5305 Avertantur
3400 5252 3580 5304 statim

1988 5352 2357 5416 erubescentes,
2386 5352 2472 5423 qui
2493 5352 2669 5404 dicunt
2692 5346 2821 5401 mihi
2853 5361 2872 5398 :
2917 5342 3087 5414 Euge,
3116 5356 3261 5413 euge.
3299 5338 3580 5397 Exsuttent

1989 5455 2037 5499 et
2064 5446 2299 5500 (delentur
2322 5445 2378 5498 in
2403 5451 2451 5496 te
2478 5432 2651 5496 omnes
2675 5439 2762 5509 qui
2788 5444 3027 5507 quierunt
3054 5443 3132 5501 te,
3168 5443 3218 5489 et
3240 5435 3418 5490 dicant
3444 5451 3580 5490 sem-

1991 5554 2112 5608 per:
2134 5536 2502 5609 Magniﬁcetur
2521 5529 2795 5593 Dominus,
2812 5529 2902 5599 qui
2921 5527 3143 5601 diligunt
3161 5526 3394 5582 salutare
3414 5536 3575 5581 tuam.

1994 5630 2107 5703 Ego
2133 5649 2250 5687 vero
2293 5642 2481 5701 egenus
2526 5631 2576 5677 et
2620 5637 2817 5692 pauper
2839 5638 2983 5689 sunt;
3021 5620 3190 5687 Deus,
3239 5619 3431 5690 adiuva
3476 5633 3575 5671 me.

1995 5723 2213 5793 Adjutor
2240 5736 2382 5777 meus
2409 5725 2456 5770 ct
2485 5714 2731 5770 liberator
2753 5728 2897 5770 metu
2924 5731 2980 5769 es
3005 5723 3084 5779 tu,
3116 5712 3358 5772 Domine,
3382 5724 3446 5761 ne
3464 5723 3578 5760 nte-

1995 5816 2141 5867 reris.
