4244 6258
664 375 766 431 ω

1237 474 1671 537 counsnrsswn.

735 575 794 630 ln
823 573 1300 640 rememoratione,
1332 573 1505 642 inquit
1533 570 1730 636 David’,
1760 585 1826 625 eo
1865 571 2011 639 quod
2049 571 2252 624 salvum

668 685 754 726 me
782 669 908 723 fecit
944 666 1231 731 Dominus;
1264 666 1336 721 ibi
1362 665 1498 720 dixit
1525 667 1723 719 salvum
1763 681 1842 718 me
1870 667 1973 735 fac,
2007 663 2251 729 Domine,

670 765 756 818 hic
784 761 983 831 gratias
1009 760 1117 828 agit
1144 758 1396 813 salvatus.
1430 757 1569 824 Quid
1599 765 1778 812 tamen
1817 757 2025 812 oravit?
2052 756 2135 811 Ad
2164 756 2258 810 ad-

671 852 958 924 iuvandum
979 866 1065 906 me
1085 850 1305 916 festina;
1328 850 1644 905 festinanter
1678 849 1874 904 suscita
1915 865 2000 903 me
2044 865 2075 902 a
2113 864 2260 904 mor-

675 947 808 1011 tuis,
842 953 895 999 ut
924 944 1245 999 erubescant
1270 943 1451 997 statim
1489 942 1896 1007 erubescentes,
1941 942 2031 1010 qui
2077 942 2264 998 dicunt

674 1039 842 1093 mihi:
876 1037 1040 1108 Euge,
1072 1051 1226 1107 euge.
1258 1035 1542 1090 Exsultent
1569 1036 1624 1090 hi
1654 1037 1748 1105 qui
1774 1044 1994 1107 sperant
2014 1037 2067 1091 in
2099 1045 2179 1102 te,
2208 1044 2265 1092 et

674 1133 763 1202 qui
793 1139 1040 1202 quaerunt
1067 1139 1120 1190 te
1139 1171 1153 1194 ,
1185 1137 1239 1184 et
1273 1128 1454 1184 dicant
1482 1143 1696 1199 semper
1720 1146 1733 1181 :
1760 1127 2128 1198 Magnilicctur
2150 1127 2262 1183 Do-

675 1223 882 1288 minus,
909 1221 1001 1291 qui
1029 1220 1254 1289 diligunt
1296 1219 1530 1274 salutare
1567 1226 1740 1273 tuum.
1772 1218 1964 1288 Liquet
1991 1219 2266 1290 apostolos

677 1325 730 1370 et
757 1315 1013 1385 quaesisse
1041 1321 1096 1368 et
1134 1312 1412 1380 dilexisse;
1442 1327 1543 1382 ego
1572 1327 1730 1377 vero,
1763 1312 1865 1383 ait,
1911 1312 2187 1367 mendicus
2213 1318 2269 1365 et

677 1422 880 1479 pauper
907 1421 1044 1460 sum.
1069 1404 1352 1459 Exinanivi
1378 1405 1521 1460 enim
1549 1408 1800 1475 meipsum
1833 1406 1999 1476 factus
2029 1399 2268 1457 obediens

671 1515 835 1569 usque
877 1498 948 1551 ad
971 1506 1188 1567 mortem
1218 1495 1438 1567 (Philip.
1463 1495 1542 1564 ιι).
1576 1481 1745 1558 Deus,
1777 1493 1969 1564 adjnva
1998 1509 2113 1558 me,
2162 1509 2270 1547 non

681 1590 823 1645 enim
853 1589 1109 1657 fragilitas
1147 1588 1379 1642 humana
1418 1587 1674 1656 resurgit,
1709 1586 1811 1642 nisi
1839 1586 2080 1658 potentia
2114 1584 2273 1640 fuerit

682 1680 861 1736 divina
890 1678 1144 1733 relevata.
1183 1677 1408 1746 Adjutor
1421 1690 1551 1745 ergo
1581 1683 1635 1732 et
1657 1677 1915 1732 liberator
1951 1691 2103 1731 meus
2134 1683 2270 1740 esto,

689 1772 941 1833 Domine,
975 1784 1043 1825 ne
1081 1767 1408 1831 tardaveris,
1442 1767 1582 1823 Deus
1608 1768 1700 1837 qui
1747 1781 1940 1838 regnas
1980 1765 2032 1820 in
2079 1765 2274 1821 saecula

686 1864 1022 1920 saeculorum.
1058 1861 1246 1916 Amen.

1222 1951 1444 2007 PSALM
1453 1951 1537 2006 US
1574 1950 1737 2005 LXX.

623 2081 630 2089 ι
691 2048 933 2104 Psalmus
955 2044 1123 2100 David
1154 2044 1384 2099 ﬁliorum
1411 2042 1657 2098 Jonadab
1687 2049 1742 2096 et
1768 2041 2009 2110 priorum
2037 2039 2278 2111 captivo-

1407 2130 1544 2168 I‘Ulﬂ.
1759 2147 1762 2150 ι

766 2233 830 2287 In
859 2243 924 2298 te,
954 2216 1204 2294 Domine,
1227 2230 1448 2301 speravi,
1476 2245 1580 2283 non
1603 2227 1897 2300 confundar
1918 2227 1975 2280 in
1999 2234 2276 2290 aeternum;

691 2328 744 2380 in
768 2325 975 2396 justitia
1006 2333 1094 2376 tua
1134 2321 1295 2377 libera
1323 2339 1403 2376 me
1431 2329 1479 2375 et
1507 2322 1646 2392 eripe
1690 2337 1788 2374 me.
1834 2317 2044 2372 Inclina
2086 2316 2156 2370 ad
2198 2334 2281 2370 me

693 2434 869 2470 aurem
899 2426 1057 2480 tuam,
1090 2423 1139 2468 et
1158 2415 1303 2468 salva
1330 2430 1431 2468 me.
1459 2410 1587 2466 Esto
1608 2411 1735 2466 mihi
1757 2412 1812 2465 in
1833 2409 1998 2464 Deum
2022 2417 2280 2480 protecto-

694 2526 821 2574 rem,
851 2519 899 2562 et
922 2511 977 2562 in
999 2508 1170 2562 locum
1189 2507 1463 2572 munitum,
1495 2515 1552 2559 ut
1583 2506 1778 2560 salvum
1813 2522 1895 2559 me
1922 2505 2108 2576 facias.
2142 2501 2283 2566 Quo-

693 2603 834 2656 niam
861 2602 1244 2670 ﬁrmamentum
1273 2616 1471 2665 meum,
1517 2607 1568 2652 et
1613 2598 1869 2669 refugium
1916 2612 2084 2649 meum
2125 2610 2179 2647 es
2207 2603 2280 2647 tu.

693 2690 832 2747 Deus
858 2707 998 2744 meus
1025 2691 1164 2760 eripe
1192 2706 1272 2744 me
1309 2689 1372 2743 de
1397 2705 1557 2743 manu
1592 2689 1908 2760 peccatoris,
1950 2696 1998 2740 et
2027 2685 2090 2739 de
2123 2701 2284 2738 manu

693 2790 872 2836 contra
900 2781 1060 2852 legem
1089 2781 1289 2852 agentis
1309 2789 1360 2834 et
1377 2781 1558 2851 iniqui.
1587 2775 1847 2842 Quoniam
1876 2786 1928 2830 tu
1949 2793 2001 2831 es
2023 2776 2278 2848 patientia

695 2893 827 2941 mea,
869 2873 1091 2928 Domine
1107 2890 1125 2940 ;
1155 2873 1396 2941 Domine,
1424 2891 1539 2945 spes
1568 2890 1680 2928 mea
1701 2890 1733 2926 a
1765 2874 2028 2944 juventute
2056 2887 2189 2924 mea.
2217 2869 2284 2924 In

697 2978 743 3021 te
763 2969 1102 3037 conﬁrmatus
1123 2984 1236 3021 sum
1255 2984 1321 3021 ea:
1339 2976 1484 3022 utero
1505 2966 1569 3020 de
1588 2960 1759 3020 ventie
1778 2966 1961 3019 matris
1984 2978 2130 3028 mete,
2157 2971 2210 3015 tu
2230 2978 2285 3015 es

698 3067 954 3129 protector
978 3076 1136 3116 meus.
1180 3058 1246 3113 In
1289 3068 1338 3112 te
1374 3060 1604 3113 cantatio
1643 3075 1758 3112 mea
1797 3074 2014 3128 semper,
2041 3065 2286 3125 tanquam

697 3151 992 3222 prodigium
1019 3155 1184 3223 factus
1223 3167 1337 3206 sum
1365 3151 1558 3217 multis,
1583 3163 1630 3204 et
1655 3161 1707 3204 tu
1737 3151 1948 3220 adjutor
1980 3149 2152 3220 fortis.
2181 3147 2282 3201 Re-

698 3245 901 3315 pleatur
937 3261 996 3298 os
1025 3261 1190 3298 meum
1218 3245 1389 3310 laude,
1416 3253 1473 3296 ut
1500 3252 1701 3297 cantem
1742 3243 1964 3314 gloriam
1987 3251 2146 3305 tuam,
2181 3249 2287 3294 tota
2314 3235 2361 3299 C

699 3335 782 3389 die
823 3334 1234 3405 magnitudinem
1280 3345 1441 3389 tuam.
1474 3333 1559 3388 Ne
1586 3335 1832 3406 projicias
1870 3351 1952 3388 me
1978 3335 2033 3387 in
2061 3341 2289 3403 tempore

700 3428 990 3490 senectutis,
1014 3443 1130 3480 cum
1151 3426 1393 3498 defecerit
1411 3428 1571 3481 virtus
1591 3443 1705 3480 mea
1718 3467 1733 3492 ,
1758 3443 1822 3479 ne
1843 3424 2167 3495 derelinquas
2187 3439 2286 3477 me.

702 3517 837 3582 Quia
860 3517 1101 3571 dixerunt
1116 3518 1310 3571 inimici
1338 3519 1438 3571 mei
1458 3517 1604 3586 mihi,
1624 3526 1673 3571 et
1691 3518 1778 3588 qui
1797 3515 2151 3571 custodiebant
2174 3518 2290 3570 ani-

701 3627 836 3665 mam
863 3627 1028 3664 meam
1048 3611 1320 3665 consilium
1342 3605 1573 3683 fecerunt
1591 3612 1646 3664 in
1667 3628 1846 3666 unum.
1868 3609 2127 3676 Dicentes,
2152 3609 2289 3664 Deus

705 3703 976 3774 dereliquit
1021 3720 1165 3770 eum;
1213 3705 1574 3776 persequimini
1615 3714 1665 3759 et
1703 3705 2113 3776 comprehendite
2145 3721 2305 3771 eum,-

703 3797 820 3866 quia
845 3812 946 3850 non
976 3803 1051 3850 est
1079 3798 1163 3869 qu'i
1185 3799 1392 3869 eripiat.
1419 3793 1578 3864 Deus,
1608 3814 1672 3854 ne
1691 3799 1947 3872 elongeris
1968 3817 2000 3853 a
2023 3817 2122 3864 me,
2151 3797 2292 3855 Deus

703 3907 842 3944 meus
872 3891 926 3944 in
945 3890 1197 3946 auxilium
1218 3909 1384 3947 meum
1420 3895 1629 3964 respice.
1664 3892 2064 3963 Confundantur
2083 3903 2132 3948 et
2159 3894 2292 3963 defi-

705 3986 845 4038 ciant
873 3984 1198 4038 detrahentes
1244 3988 1434 4040 animm
1479 3991 1638 4050 mete,
1667 3988 1969 4056 operiuntur
1993 3987 2295 4056 confusione

705 4083 755 4126 et
778 4073 992 4142 pudore,
1023 4074 1110 4144 qui
1134 4082 1370 4144 quierunt
1402 4074 1544 4126 mala
1569 4075 1714 4127 mihi.
1749 4073 1864 4144 Ego
1893 4080 2063 4128 autem
2095 4091 2295 4145 semper

707 4164 920 4233 sperabo
946 4205 960 4228 ,
1007 4173 1058 4218 et
1103 4164 1349 4233 adjiciam
1407 4180 1560 4234 super
1612 4180 1814 4218 omnem
1875 4165 2079 4218 laudem
2132 4174 2290 4219 luant.

710 4253 784 4307 0s
804 4265 970 4308 meum
998 4254 1328 4308 dltnuntiabit
1352 4256 1614 4326 justitiam
1636 4264 1797 4321 tuam,
1833 4266 1939 4310 tota
1961 4255 2050 4319 die
2068 4257 2295 4310 salutare

708 4353 869 4398 tuum.
901 4344 1157 4408 Quoniam
1186 4362 1289 4403 non
1310 4346 1527 4416 cognovi
1552 4347 1926 4409 litteraturam,
1951 4346 2174 4403 introibo
2201 4365 2294 4418 po-

709 4438 900 4508 tentias
928 4437 1162 4492 Domini.
1195 4436 1448 4500 Domine,
1481 4437 1804 4492 memorabor
1824 4440 2049 4510 justitite
2087 4449 2187 4494 tua:
2210 4457 2296 4494 so-

709 4532 826 4584 lius.
855 4529 1015 4596 Deus,
1040 4531 1258 4584 docuisti
1287 4547 1368 4584 me
1391 4548 1424 4584 a
1443 4531 1709 4601 juventute
1736 4549 1879 4598 mea,
1901 4541 1949 4586 et
1977 4550 2132 4605 usque
2159 4550 2296 4588 nunc

2003 368 2273 424 ARNOBII
2311 368 2620 425 JUNIORIS

3844 363 3953 420 425

2932 514 3369 556 COMMENTARIUII.

2432 595 2692 660 Psalmus,
2726 593 2917 662 inquit,
2954 592 3186 646 ﬁliorum
3213 591 3475 653 Jonadab,
3512 598 3568 644 et
3594 590 3834 660 priorum
3863 607 3955 646 ca-

2362 691 2652 760 ptivorum.
2716 684 3017 740 Videndum
3068 692 3150 738 est
3197 699 3318 737 cum
3366 683 3560 752 quibus
3589 683 3736 737 canit
3765 682 3950 737 David.

2361 782 2496 837 Cum
2543 781 2667 834 ﬁliis
2713 778 2988 841 Jonadab,
3021 776 3089 831 dc
3117 776 3310 845 quibus
3337 774 3601 829 Jeremias
3628 774 3759 828 dicit
3786 777 3960 845 patria

2365 875 2752 931 constitutione
2798 872 2982 926 vinum
3031 885 3141 925 non
3190 868 3410 933 bibere,
3443 876 3500 920 et
3527 883 3719 922 vocem
3748 867 3961 922 Domini

2368 965 2698 1038 increpantis
2737 970 3003 1018 memorat
3029 977 3136 1030 qua
3164 959 3362 1014 dictum
3393 967 3474 1014 est
3499 977 3513 1013 :
3558 958 3688 1013 Fit'ii
3715 959 3960 1014 Ionadab

2367 1059 2661 1116 custodiunt
2707 1062 2964 1127 prcecepta
3011 1054 3175 1125 patris
3225 1051 3332 1119 sui,
3374 1061 3423 1105 et
3459 1067 3566 1106 non
3591 1051 3760 1106 bibent
3788 1054 3965 1106 vinum

2371 1153 2584 1224 (Jerem.
2617 1148 2803 1220 xxxv).
2829 1146 2947 1201 Non
2977 1159 3106 1214 ergo
3134 1153 3382 1215 putemus
3411 1143 3551 1198 ﬁlios
3577 1141 3821 1198 Ionadab
3840 1159 3967 1198 cum

2371 1243 2538 1300 David
2565 1242 2824 1299 cecinisse
2847 1239 3184 1310 psalterium,
3205 1238 3307 1294 sed
3333 1237 3644 1293 sobrietatis
3665 1237 3809 1291 viros
3838 1251 3968 1306 par-

2371 1337 2559 1407 ticipes
2590 1334 2783 1396 fuisse,
2834 1339 2890 1387 et
2917 1331 2973 1386 in
3000 1329 3281 1402 psallendo
3309 1329 3443 1384 Deo.
3475 1327 3592 1382 Non
3625 1327 3768 1382 enim
3798 1341 3968 1382 cane-

2372 1429 2530 1484 batur
2550 1425 2618 1481 ad
2645 1425 2886 1490 libitum,
2918 1422 3014 1478 sed
3041 1422 3110 1477 ad
3138 1421 3427 1490 gemitum,
3460 1419 3551 1474 ubi
3579 1418 3775 1488 captivi
3806 1416 3970 1487 primi

2341 1520 2534 1576 .simnl
2573 1519 2839 1588 lacrymas
2885 1515 3210 1579 funderent,
3258 1511 3544 1567 dicentes:
3595 1507 3739 1563 Deus
3787 1522 3972 1572 meus,

2375 1613 2526 1684 eripe
2552 1626 2640 1666 me
2668 1609 2736 1664 de
2765 1623 2930 1663 manu
2957 1613 3148 1662 contra
3177 1605 3325 1673 leges
3351 1601 3556 1672 agentis
3584 1609 3639 1655 et
3667 1599 3855 1668 iniqui.
3909 1597 3974 1652 In
4004 1606 4013 1616 ‘

2377 1712 2432 1759 te
2458 1690 2806 1758 conﬁrmatus
2833 1715 2954 1754 sum
2989 1713 3056 1754 ex
3085 1704 3262 1752 utero.
3294 1693 3373 1747 Ex
3403 1701 3557 1748 utero
3585 1691 3771 1759 utique
3806 1687 3976 1756 virgi-

2379 1796 2507 1851 nali.
2549 1794 2656 1850 Nos
2685 1793 2912 1849 dicimus
2940 1791 2994 1846 in
3023 1791 3137 1846 Deo
3161 1788 3533 1844 conﬁrmatum
3559 1782 3846 1848 Christum,
3874 1781 3976 1852 qui

2307 1866 2354 1927 Β
2380 1896 2635 1957 tanquam
2664 1884 2968 1957 prodigium
2995 1882 3169 1938 factus
3196 1888 3281 1936 est
3307 1879 3490 1934 multis
3516 1875 3826 1950 incredulis,
3853 1888 3978 1929 cre-

2378 1979 2629 2036 dentibus
2665 1987 2847 2032 autem
2883 1973 3089 2030 exstitit
3127 1972 3341 2048 adjutor
3375 1979 3432 2026 et
3459 1969 3635 2025 fortis.
3684 1967 3976 2038 Repletum

2385 2079 2468 2127 est
2495 2087 2558 2127 os
2603 2069 2719 2139 ejus
2768 2084 2876 2124 non
2923 2068 2979 2122 in
3025 2066 3179 2129 cibo,
3213 2079 3324 2119 non
3352 2061 3638 2125 ebrietate,
3667 2059 3764 2115 sed
3790 2056 3975 2123 laude,

2391 2171 2446 2217 et
2475 2177 2580 2216 non
2612 2168 2695 2216 est
2722 2165 2999 2230 protectus
3028 2156 3081 2211 in
3112 2163 3358 2224 tempore
3397 2151 3663 2222 passionis
3692 2164 3815 2204 cum
3842 2147 3978 2203 deﬁ-

2388 2260 2536 2308 ceret
2581 2251 2750 2306 virtus
2798 2248 2931 2318 ejus.
2966 2247 3084 2315 Non
3132 2253 3216 2300 est
3262 2243 3479 2314 penitus
3516 2240 3805 2296 derelictus
3831 2246 3976 2293 tem-

2381 2359 2515 2416 pore
2557 2357 2666 2413 quo
2711 2341 2964 2396 dicebant
3009 2337 3250 2392 inimici:
3302 2335 3444 2389 Deus
3492 2331 3779 2400 dereliquit
3824 2344 3972 2385 eum.

2384 2437 2535 2492 Tunc
2583 2435 2723 2490 Deus
2769 2449 2880 2488 non
2929 2430 3174 2486 discessit
3218 2429 3285 2484 ab
3333 2443 3431 2494 eo;
3482 2440 3591 2496 quo
3639 2430 3978 2491 resurgente,

2385 2531 2716 2585 erubuerunt
2737 2568 2752 2592 ,
2781 2533 2836 2581 et
2873 2523 3082 2580 confusi
3109 2529 3234 2578 sunt
3262 2520 3579 2575 insultantes
3606 2515 3780 2570 aversi
3806 2522 3980 2580 retro,

2386 2631 2442 2678 et
2468 2620 2677 2677 confusi
2707 2619 2954 2674 volentes
2982 2615 3217 2670 animam
3246 2613 3380 2682 ejus,
3415 2610 3618 2666 nullam
3644 2622 3980 2677 cognoscens

2388 2715 2546 2769 aliam
2573 2710 3016 2780 negotiationem,
3041 2706 3143 2761 nisi
3173 2706 3331 2770 hanc,
3362 2711 3421 2758 ut
3447 2703 3675 2757 intraret
3701 2699 3752 2753 in
3781 2705 3980 2768 poten-

2387 2807 2489 2861 tias
2516 2803 2746 2859 Domini.
2788 2801 2942 2856 Nunc
2985 2797 3227 2854 exterior
3267 2795 3511 2850 interiori
3539 2791 3705 2848 dicit:
3737 2790 3866 2857 Quae
3895 2786 3980 2843 fe-

2388 2896 2510 2951 cisti
2539 2893 2805 2964 magnalia
2829 2893 2990 2954 Deus,
3024 2890 3146 2960 quis
3165 2887 3356 2943 similis
3378 2885 3512 2941 tibi?
3540 2883 3781 2951 Quantas
3801 2889 3980 2936 osten-

2388 2990 2512 3046 disti
2542 2989 2672 3043 mihi
2701 2985 3076 3041 tribulationes
3094 2982 3293 3036 multas
3313 2987 3368 3035 et
3387 2979 3573 3043 malas,
3605 2983 3660 3032 et
3686 2989 3980 3031 conversus

2390 3097 2516 3137 ecce
2544 3078 2825 3134 viviﬁcasti
2853 3092 2973 3141 me,
3006 3083 3062 3131 et
3089 3074 3157 3129 de
3187 3074 3381 3144 abysso
3411 3082 3568 3126 terra:
3597 3070 3792 3124 iterum
3822 3066 3978 3122 redu-

2390 3174 2515 3228 xisti
2541 3188 2646 3227 me.
2709 3167 2947 3224 Dicendo
2988 3168 3182 3222 iterum
3221 3164 3572 3233 quzestionem
3602 3160 3749 3216 fecit.
3800 3159 3978 3214 Semel

2391 3266 2535 3321 enim
2563 3279 2785 3334 passus,
2817 3259 2983 3315 semel
3009 3266 3285 3321 mortuus,
3319 3256 3485 3311 semel
3512 3254 3783 3324 sepultus,
3815 3250 3980 3306 semel

2393 3359 2459 3413 de
2488 3358 2679 3428 abysso
2708 3364 2864 3409 terra:
2893 3353 3164 3416 reductus,
3197 3350 3323 3420 quid
3353 3341 3436 3405 est
3464 3349 3568 3403 hoc
3597 3348 3827 3403 iterum?
3868 3344 3977 3399 lte-

2393 3464 2511 3504 rum
2540 3446 2769 3501 dicendo
2797 3443 3025 3498 exclusit
3055 3447 3213 3513 no'va.
3272 3440 3349 3494 lta
3394 3456 3492 3493 nos
3531 3437 3858 3508 paenitentia:
3898 3451 3981 3490 re-

2401 3539 2804 3610 cuperationem
2837 3543 3112 3604 negantes,
3146 3541 3202 3587 ct
3230 3531 3434 3603 pendas
3465 3530 3680 3585 leonum
3713 3528 3765 3582 in
3795 3541 3980 3581 eorum

2394 3629 2638 3684 lancibus
2666 3628 3031 3697 relinquentes
3052 3612 3091 3690 ,’
3119 3629 3303 3677 noster
3346 3621 3435 3676 hic
3473 3627 3657 3690 pastor
3687 3633 3793 3672 non
3821 3616 3985 3671 relin-

2395 3729 2524 3794 quet
2551 3721 2819 3792 prtedam;
2853 3734 2961 3774 non
2990 3715 3137 3771 videt
3163 3714 3348 3784 lupum
3376 3720 3431 3767 et
3456 3711 3627 3780 fugit,
3677 3708 3772 3763 sed
3799 3711 3984 3762 viven-

2397 3824 2477 3870 tes
2504 3814 2570 3868 de
2601 3827 2694 3867 ore
2724 3813 2941 3865 leonum
2978 3823 3108 3862 oves
3135 3805 3402 3876 eripiens,
3436 3803 3623 3858 iterum
3661 3801 3772 3854 suis
3800 3797 3984 3866 gregi-

2396 3907 2495 3960 bus
2540 3909 2832 3973 praesentat
2881 3898 3214 3962 incolumes,
3263 3896 3368 3950 hoc
3415 3902 3530 3957 cst,
3581 3892 3775 3946 iterum
3804 3889 3899 3959 qui
3930 3887 3985 3942 in

2398 3997 2514 4065 ipso
2561 3991 2755 4061 sepulti
2784 4003 2969 4044 sumus
2996 4002 3094 4058 per
3121 3985 3447 4056 baptismum
3471 4024 3485 4048 ,
3525 3989 3580 4036 et
3606 3980 3883 4034 Christum
3914 3978 3986 4032 in-

2397 4084 2511 4138 duti
2539 4083 2816 4147 morimur,
2868 4077 3086 4149 quando
3124 4091 3223 4131 nos
3263 4075 3425 4130 morti
3467 4073 3726 4127 tradimus
3753 4085 3984 4125 consen-

2397 4175 2579 4230 tiendo
2606 4173 2836 4228 inimicis
2865 4171 3085 4234 nostris,
3118 4169 3339 4239 quinos
3377 4166 3455 4220 sic.
3496 4163 3723 4218 terrenis
3747 4162 3986 4230 volupta-

2398 4268 2540 4322 tibus
2561 4265 2855 4336 implicant,
2879 4271 2939 4317 ut
2952 4261 3231 4317 videamur
3259 4259 3312 4312 in
3336 4257 3531 4327 abysso
3555 4265 3709 4310 terra:
3731 4249 3980 4315 demersi.

2399 4359 2504 4416 Sed
2533 4359 2657 4428 quia
2686 4372 2794 4412 non
2831 4356 3034 4426 patitur
3055 4353 3126 4430 in
3164 4351 3320 4406 nobis
3359 4348 3538 4419 perire
3566 4344 3710 4416 quod
3738 4342 3985 4406 contulit,

2393 4451 2505 4521 jam
2533 4465 2632 4520 per
2679 4448 3001 4518 baptismum
3046 4443 3214 4499 semel
3264 4456 3294 4494 a
3341 4437 3568 4494 mortuis
3607 4436 3893 4491 suscitatos
3918 4431 3986 4485 ad

2400 4543 2563 4596 vitam
2601 4548 2857 4594 :eternam
2877 4576 2892 4601 ,
2925 4536 2991 4590 ab
3029 4543 3230 4588 :eterna
3253 4532 3361 4585 vita
3392 4545 3490 4600 per
3517 4526 3717 4582 diaboli
3744 4523 3988 4579 exclusos

711 4620 1055 4693 pronuntiabo
1099 4619 1358 4676 mirabilia
1406 4631 1511 4676 tua.
1556 4621 1626 4675 Et
1669 4639 1826 4695 usque
1867 4626 1923 4677 in
1963 4592 2221 4679 senectam
2248 4635 2298 4679 et
2326 4592 2378 4654 Β
2401 4634 2672 4696 astutiam,
2708 4632 2760 4685 in
2790 4645 2857 4684 eo
2880 4592 3080 4684 iterum
3122 4623 3366 4682 Christus
3393 4592 3462 4677 de
3497 4621 3691 4692 abysso
3720 4628 3874 4672 πεπτω
3901 4630 3987 4670 ΓΘ·-

711 4713 936 4777 senium,
969 4711 1142 4778 Deus,
1175 4729 1239 4766 ne
1280 4713 1604 4786 derelinquas
1642 4731 1754 4781 me,
1802 4715 1960 4770 donec
1998 4711 2298 4772 annuntiem

712 4802 974 4858 brachium
1007 4813 1148 4860 tuum
1175 4808 1496 4878 generationi
1525 4809 1667 4862 omni
1691 4825 1807 4880 qua:
1830 4818 2048 4863 ventura
2074 4820 2168 4864 est.
2193 4809 2301 4864 Po-

714 4897 927 4951 tentiam
955 4905 1098 4950 tuam
1125 4906 1174 4951 et
1194 4897 1456 4968 justitiam
1480 4909 1639 4963 tuam,
1665 4898 1822 4964 Deus,
1849 4916 2007 4972 usque
2025 4902 2080 4954 in
2109 4900 2302 4954 altissi-

712 5005 798 5043 ma
837 5006 953 5061 qua:
993 4989 1159 5061 fecisti
1215 4990 1502 5060 ntagnalia.
1554 4990 1731 5059 Dens,
1785 4996 1898 5066 quis
1944 4995 2128 5048 similis
2173 4993 2305 5048 tibi?

715 5082 949 5147 Quantas
977 5083 1247 5139 ostendisti
1274 5085 1401 5138 mihi
1432 5085 1786 5142 tribulationes
1817 5087 2004 5141 multas
2031 5098 2081 5141 et
2107 5087 2295 5151 malas,

711 5187 762 5231 et
790 5196 1059 5234 conversus
1088 5178 1356 5249 vivificasti
1385 5196 1497 5242 me,
1538 5189 1588 5233 et
1621 5179 1685 5233 de
1711 5179 1909 5250 abgssis
1940 5190 2090 5234 terra:
2115 5181 2301 5233 iterum

715 5268 965 5323 reduxisti
992 5287 1088 5324 me.
1135 5269 1500 5340 Multiplicasti
1544 5271 1990 5342 magniﬁcentiam
2037 5280 2208 5333 tuam,
2251 5279 2301 5324 et

716 5373 986 5413 conversus
1006 5362 1301 5416 consolatus
1321 5379 1375 5416 es
1404 5378 1503 5416 me.
1537 5360 1677 5415 Nam
1707 5371 1757 5414 et
1781 5379 1874 5432 ego
1902 5363 2183 5431 conﬁtebor
2213 5361 2300 5416 tibi

716 5447 769 5499 in
808 5448 942 5500 vasis
973 5449 1160 5517 psalmi
1198 5453 1460 5506 veritatem
1490 5461 1657 5515 tuam,
1685 5439 1851 5514 Deus;
1883 5435 2104 5522 psallam
2134 5452 2224 5505 tibi
2249 5455 2302 5506 in

716 5537 918 5591 cithara
965 5548 1172 5592 sanctus
1217 5540 1406 5595 Israel.
1457 5542 1805 5596 Exsultabunt
1850 5541 1986 5596 labia
2033 5559 2147 5596 mea
2188 5559 2302 5596 cum

718 5638 991 5684 cantavero
1023 5629 1137 5694 tibi,
1170 5639 1219 5682 et
1246 5626 1422 5685 anima
1461 5651 1574 5688 mea
1601 5651 1755 5703 quant
1797 5634 2071 5688 redemisti.
2113 5633 2218 5686 Sed
2257 5645 2306 5686 et

719 5724 897 5794 lingua
921 5739 1035 5776 mea
1064 5721 1390 5776 meditabitur
1405 5725 1661 5795 justitiam
1694 5737 1850 5790 tuam,
1884 5744 1996 5780 cum
2029 5727 2231 5796 confusi
2258 5736 2307 5778 et

721 5819 921 5872 reveriti
949 5821 1161 5890 fuerint,
1192 5819 1278 5890 qui
1307 5828 1544 5891 quierunt
1571 5821 1710 5873 mala
1740 5823 1882 5876 mihi.

2401 4725 2547 4780 ducit
2572 4737 2592 4789 ,‘
2621 4723 2673 4776 in
2722 4737 2832 4791 quo
2880 4718 3244 4788 multiplicans
3285 4713 3549 4785 justitiam
3594 4725 3778 4773 suam,
3812 4707 3987 4770 idest,

2401 4815 2872 4872 excommunicans
2919 4827 3040 4867 eum
3064 4851 3077 4875 ,
3110 4821 3166 4866 et
3218 4825 3248 4862 a
3291 4807 3439 4878 pacis
3467 4805 3654 4861 osculo
3685 4800 3988 4872 projitiens,

2404 4923 2696 4964 conversus
2725 4907 2915 4960 iterum
2957 4902 3287 4963 consolatur,
3321 4899 3548 4954 reddens
3575 4896 3626 4951 ei
3654 4889 3993 4950 communio-

2405 5015 2529 5054 nem
2578 5014 2739 5068 quam
2786 4996 3116 5059 abstulerat,
3167 4992 3408 5047 osculum
3455 4987 3601 5057 quod
3638 4983 3882 5054 negabat.
3924 4980 3994 5035 Et.

2407 5106 2528 5160 ego,
2560 5091 2749 5160 inquit,
2783 5087 3100 5149 conﬁtebor,
3133 5085 3258 5153 quia
3290 5081 3558 5138 confessio
3586 5087 3669 5133 est
3708 5091 3828 5146 quae
3856 5074 3994 5129 libe—

2407 5191 2493 5237 rat
2521 5183 2892 5254 pmnitentem.
2932 5176 3233 5232 Conﬁtetur
3261 5187 3390 5242 ergo
3417 5173 3470 5226 in
3502 5171 3750 5226 oratione
3771 5182 3868 5221 sua
3898 5165 3998 5219 Do-

2409 5277 2556 5331 mino
2587 5275 2698 5329 Deo
2725 5289 2824 5327 suo
2855 5277 3076 5341 peccata
3097 5277 3099 5279 ‘
3119 5283 3234 5322 sua.
3297 5266 3597 5320 Dei‘autem
3626 5260 3909 5315 veritatem
3941 5255 3995 5310 in

2408 5367 2551 5422 vasis
2574 5365 2784 5436 psalmi.
2818 5364 2947 5428 Quae
2976 5367 3101 5416 sunt
3128 5375 3255 5414 vasa
3277 5357 3502 5430 psalmi?
3550 5354 3607 5409 In
3631 5352 3776 5408 vasis
3805 5347 3996 5422 psalmi

2409 5459 2692 5513 veritatem
2712 5455 2806 5509 Dei
2829 5453 3094 5518 nuntiant,
3120 5451 3210 5520 qui
3233 5453 3376 5505 intus
3394 5443 3542 5502 'intra
3572 5444 3849 5500 vasculum
3875 5455 3998 5495 cor-

2409 5548 2558 5619 poris
2605 5546 2686 5600 sui
2746 5544 3025 5600 veritatem
3085 5551 3247 5598 recta:
3297 5540 3417 5596 ﬁdei
3464 5539 3665 5594 habent
3713 5535 3992 5590 inclusam.
4049 5527 4063 5563 ε

2411 5639 2648 5707 Namque
2695 5636 2740 5690 si
2789 5635 3200 5705 incorporaliter
3237 5633 3501 5702 quispiam
3531 5626 3998 5700 poenitentiae-sum

2412 5727 2732 5783 aﬁlictiones
2761 5726 3029 5790 ostendat,
3062 5741 3092 5779 a
3121 5732 3346 5795 peccato
3367 5723 3654 5786 abstineat,
3688 5720 3740 5774 in
3765 5715 3996 5787 jejunio,

2413 5822 2594 5877 cinere
2617 5861 2630 5885 ,
2681 5821 2964 5888 cilicioque
3009 5825 3358 5889 permaneat:
3411 5815 3512 5870 nisi
3537 5814 3608 5896 ‘in
3639 5812 3779 5868 vasis
3808 5807 4001 5880 psalmi
