4244 6258
363 341 469 395 425

1303 337 1768 393 ΟΟΜΜΕΝΤΑΚΙΙ
1805 335 1871 390 ΙΝ
1910 334 2238 391 PSALMOS.
2283 335 2472 390 PSAL.
2517 335 2690 389 LXXI.

3439 337 3619 396 ,496

361 455 651 510 veritatem
681 462 890 520 teneat,
918 453 1225 522 omniaquae
1244 451 1566 507 laboraverit
1591 457 1934 506 evanescunt.
1964 453 2017 512 Α
2043 448 2316 520 Sapientia
2345 450 2569 504 veniens
2583 449 2731 526 dedit
2750 465 2938 520 pacem
2965 452 3251 515 montibus,
3285 449 3334 504 id
3363 460 3463 517 est,
3488 468 3619 522 apo-

365 545 602 602 Facilius
647 562 745 617 per
787 547 1063 601 veritatem
1112 544 1231 600 lidei
1269 546 1385 600 sine
1407 558 1519 628 ‘sua
1562 543 1627 598 ad
1666 543 1941 612 indulgen-

365 638 505 692 tiam
531 639 710 692 veniet
733 679 748 704 ,
794 652 952 706 quam
981 651 1080 706 per
1105 634 1445 696 alllictionem
1472 650 1625 690 suam
1654 635 1771 689 sine
1799 633 1939 688 veri-

365 735 484 783 tate
509 727 752 796 attinget.
792 725 902 794 Age
929 740 1058 794 ergo
1087 725 1140 779 in
1167 725 1503 781 confessione
1530 733 1622 780 tua
1643 725 1941 794 correptio-

364 831 492 872 nem
520 817 683 873 etiam
710 816 823 871 sine
849 815 1044 879 cilicio,
1064 822 1119 869 et
1139 815 1192 869 in
1211 814 1403 884 psalmi
1422 814 1639 870 vasculo
1656 814 1938 869 veritatem

362 907 599 968 include.
659 907 900 964 Psalmus
943 907 1087 962 enim
1130 921 1290 976 quem
1335 906 1483 961 (anis
1527 905 1595 959 ad
1640 905 1806 960 Deum
1831 920 1940 960 non

359 1000 612 1068 pervenit
691 999 792 1055 nisi
819 999 963 1055 intus
997 998 1054 1052 in
1082 997 1296 1053 vasculo
1324 1012 1424 1052 suo
1451 996 1542 1052 ubi
1568 996 1831 1067 psalmum
1860 997 1941 1052 in-

364 1088 538 1145 cludit
575 1090 832 1144 memoria
855 1128 872 1153 ,
921 1089 979 1144 in
1008 1103 1165 1154 vase,
1206 1088 1452 1157 inquam,
1480 1087 1598 1158 ipso
1625 1086 1821 1142 veritas
1849 1087 1942 1142 Dei

360 1174 520 1233 simul
549 1167 712 1236 facit
735 1186 1085 1234 commorata.
1116 1177 1267 1233 Tunc
1291 1177 1474 1248 psallis
1499 1177 1553 1231 in
1577 1177 1780 1232 cithara
1807 1176 1941 1231 San-

363 1249 456 1323 'eto
482 1264 646 1320 Israel
667 1307 682 1331 ,
731 1274 861 1323 tunc
887 1267 1124 1336 gaudent
1149 1268 1290 1323 labia
1317 1275 1440 1333 tua,
1467 1266 1595 1322 dum
1621 1274 1806 1322 cantas
1832 1266 1940 1322 Do-

366 1357 513 1413 mino
528 1397 544 1422 ,
575 1364 631 1412 et
650 1354 849 1424 anim
867 1365 958 1412 tua
985 1371 1147 1426 quam
1179 1357 1407 1412 redemit
1418 1346 1450 1422 ,'
1466 1370 1625 1425 quam
1652 1356 1846 1411 iterum
1871 1355 1941 1412 de

365 1450 561 1521 abysso
589 1464 854 1506 revocans
878 1450 1156 1516 liberavit,
1201 1456 1257 1506 et
1285 1449 1560 1505 confundit
1584 1457 1783 1505 aeterna
1809 1465 1939 1506 con-

365 1541 575 1598 fusione
596 1541 692 1610 qui
725 1543 1002 1612 quaerebat
1028 1557 1166 1596 eam.
1221 1540 1379 1597 Solus
1417 1542 1560 1597 enim
1586 1551 1796 1598 creator
1821 1543 1940 1612 ejus

364 1636 604 1719 possidet
653 1651 806 1702 eam,
862 1636 954 1706 qui
1004 1644 1192 1705 regnat
1245 1637 1301 1692 in
1355 1636 1547 1692 sucula
1598 1636 1931 1692 saeculorum.

367 1727 554 1785 Amen.

872 1796 1185 1854 PSALMUS
1228 1796 1414 1852 LXXI.

582 1953 599 1967 ο
698 1890 937 1946 Psalmus
963 1890 1130 1946 David
1157 1891 1208 1946 in
1237 1891 1600 1946 Salomonem.

435 2001 599 2066 Deus,
625 2001 876 2071 judicium
899 2011 1036 2055 tuum
1063 2003 1168 2073 regi
1193 2002 1280 2066 da,
1303 2009 1353 2055 et
1373 2001 1631 2071 justitiam
1661 2007 1802 2054 tuam
1823 2000 1935 2070 [ilio

363 2092 522 2161 regis.
553 2089 802 2146 Judicare
837 2091 1078 2162 populum
1108 2101 1245 2145 tuum
1267 2093 1321 2144 in
1344 2092 1578 2162 justitia,
1610 2100 1662 2144 et
1685 2107 1935 2162 pauperes

361 2190 480 2234 tuos
505 2181 562 2233 in
582 2180 802 2251 judicio.
851 2180 1145 2259 Suscipiant
1188 2190 1380 2236 montes
1425 2198 1602 2252 pacem
1648 2180 1858 2251 populo,
1887 2190 1937 2235 et

364 2270 523 2333 colles
559 2270 834 2341 justitiam.
883 2271 1144 2325 Judicabit
1168 2288 1410 2342 pauperes
1447 2271 1649 2341 populi,
1690 2280 1741 2324 et
1765 2271 1933 2326 salvos

363 2362 523 2431 faciet
563 2361 702 2431 ﬁlios
729 2378 1006 2434 pauperum
1029 2405 1043 2427 ,
1082 2374 1132 2417 et
1169 2365 1456 2418 humiliabit
1487 2366 1930 2419 calumniatorem.

359 2449 432 2503 Et
455 2451 772 2522 permanebit
793 2470 904 2507 cum
931 2453 1039 2508 sole
1064 2463 1115 2508 et
1138 2464 1257 2508 ante
1280 2457 1483 2520 lunam,
1522 2457 1578 2508 in
1605 2457 1932 2527 generatione

355 2549 407 2593 ct
448 2543 840 2612 generationem.
891 2541 1176 2601 Descendet
1221 2545 1354 2599 sicut
1398 2544 1571 2614 pluvia
1591 2546 1647 2598 in
1675 2545 1854 2609 vellus,
1883 2553 1934 2598 et

357 2635 489 2687 sicut
531 2633 796 2689 stillicidia
841 2635 1096 2690 stillantia
1139 2653 1293 2706 super
1339 2645 1547 2689 terram.
1624 2632 1832 2688 Orietur
1875 2635 1930 2688 in

353 2724 528 2779 diebus
556 2726 668 2796 ejus
686 2725 891 2796 justitia
908 2767 924 2791 ,
965 2735 1015 2780 et
1042 2725 1362 2780 abundantia
1389 2727 1531 2794 pacis
1551 2768 1565 2792 ,
1597 2726 1758 2779 donec
1786 2726 1932 2794 aufe-

352 2824 502 2869 ratur
529 2817 673 2870 luna.
727 2815 796 2869 Et
823 2815 1172 2887 dominabitur
1201 2833 1232 2868 a
1262 2817 1396 2869 mari
1419 2831 1577 2887 usque
1603 2815 1672 2868 ad
1698 2830 1856 2879 mare,
1882 2823 1932 2867 et

351 2922 386 2957 (ι
415 2906 628 2974 ﬂumine
673 2921 831 2976 usque
869 2906 941 2958 ad
977 2907 1218 2959 terminos
1258 2903 1395 2959 orbis
1421 2914 1694 2959 terrarum.
1747 2903 1932 2960 Coram

348 2998 442 3051 illo
470 2995 738 3068 procident
759 2995 1056 3067 .Etln'opes,
1085 3006 1135 3050 et
1158 2997 1353 3052 inimici
1373 2997 1481 3067 ejus
1503 3006 1690 3050 terram
1714 2996 1924 3066 lingent.

354 3089 523 3160 Reges
551 3087 762 3144 Tharsis
807 3098 856 3142 et
897 3090 1081 3144 insula
1119 3106 1330 3144 munera
1358 3089 1571 3157 o/j'erent
1588 3129 1602 3152 ,
1632 3105 1775 3160 reges
1802 3089 1930 3143 Ara-

2043 539 2224 602 stolis,
2256 549 2311 594 et
2337 541 2564 596 collibus
2586 541 2880 610 justitiam,
2934 542 2985 596 id
3021 551 3135 607 est,
3175 542 3446 612 plebibus;
3473 542 3617 612 judi-

2043 631 2184 685 cavit
2237 646 2359 686 cum
2399 631 2606 700 justitia
2635 648 2922 703 pauperes,
2970 640 3318 687 contemnens
3361 648 3617 702 personas

2043 721 2285 776 divitum.
2345 722 2655 778 Humiliavit
2701 725 3138 779 calumniatorem
3163 764 3179 789 ,
3228 722 3282 777 id
3309 732 3422 790 est,
3453 740 3617 795 popu-

2043 811 2155 866 lum
2181 810 2479 867 «Iudaicum.
2510 811 2795 868 Permanet
2823 830 2944 868 cum
2972 813 3116 878 sols,
3148 813 3313 869 immo
3338 829 3502 884 super
3527 830 3615 869 so-

2042 901 2176 965 lem,
2223 902 2348 972 quia
2389 903 2455 957 ad
2484 902 2758 957 dexteram
2788 903 2960 957 Patris
2989 911 3266 973 permanet
3291 903 3510 970 sedens,
3561 913 3616 959 et

2041 1002 2170 1047 ante
2215 993 2396 1048 lunam
2448 995 2501 1048 in
2544 993 2756 1048 saecula.
2798 987 3001 1048 Lunam
3044 995 3146 1049 hoc
3193 995 3313 1050 loco
3362 1010 3468 1049 non
3514 1010 3614 1065 pro

2042 1098 2204 1138 causa
2234 1084 2374 1139 luna:
2396 1127 2410 1150 ,
2461 1084 2554 1139 sed
2594 1100 2693 1154 pro
2729 1087 3029 1140 :cternitate
3057 1087 3374 1141 memoravit
3402 1087 3612 1142 Domini

2040 1171 2167 1228 Jesu
2191 1171 2406 1228 Christi.
2456 1173 2521 1228 Et
2563 1173 2840 1228 descendit
2879 1176 3017 1229 sicut
3044 1175 3222 1245 pluvia
3248 1177 3300 1230 in
3327 1177 3522 1241 vellus,
3560 1178 3611 1233 id

2041 1273 2144 1329 est,
2176 1265 2231 1320 in
2259 1266 2545 1320 velleribus
2587 1267 2748 1330 lana},
2782 1267 2920 1320 sicut
2953 1265 3173 1323 Gedeon
3200 1269 3410 1338 signum
3438 1269 3610 1325 victo-

2040 1355 2133 1408 riae
2180 1355 2233 1409 in
2280 1357 2565 1411 velleribus
2607 1357 2740 1412 lana:
2784 1359 3040 1429 percepit.
3106 1359 3238 1413 Nam
3284 1368 3341 1414 et
3378 1359 3610 1416 Verbum

2039 1462 2196 1502 suum
2225 1445 2384 1503 Pater
2421 1449 2500 1504 sic
2521 1448 2681 1517 jussit
2706 1452 2844 1505 sicut
2873 1451 3107 1521 pluviam
3133 1453 3436 1521 exspectari
3462 1471 3473 1504 :
3507 1451 3612 1506 Ex-

2040 1545 2331 1608 spectetur,
2363 1539 2465 1604 ait,
2517 1539 2655 1594 sicut
2702 1541 2880 1609 pluvia
2933 1540 3168 1596 Verbum
3214 1556 3411 1596 meum.
3471 1540 3612 1610 Ergo

2038 1642 2197 1697 quem
2250 1629 2302 1682 in
2352 1628 2771 1684 Deuteronomio
2812 1630 2970 1699 jussit
2997 1633 3297 1702 exspectari
3331 1633 3469 1688 sicut
3495 1634 3612 1702 plu~

2037 1721 2201 1787 viam,
2233 1721 2289 1776 in
2324 1720 2626 1790 Evangeliis
2664 1725 3004 1792 pmsentavit
3031 1725 3169 1780 sicut
3194 1726 3448 1795 pluviam.
3496 1726 3613 1783 Non

1967 1810 2226 1879 Butique
2272 1825 2340 1865 ex
2389 1811 2736 1867 inferioribus
2774 1815 2976 1869 semine
3016 1815 3249 1872 humano
3301 1826 3614 1887 erumpente

2038 1900 2491 1970 primogenitum,
2519 1903 2615 1957 sed
2644 1902 2820 1958 Verbo
2850 1902 3022 1959 Patris
3050 1905 3308 1961 calorum
3337 1907 3613 1965 altitudine

2038 1993 2191 2062 quasi
2236 1994 2472 2063 pluviam
2519 1995 2825 2049 venientem
2875 2004 3140 2050 exortum.
3204 1996 3462 2054 Exortum
3485 2043 3500 2067 ,
3534 2001 3612 2055 in-

2037 2099 2196 2154 quam
2223 2125 2238 2150 ,
2287 2085 2340 2138 in
2388 2086 2622 2141 tenebris
2651 2087 2833 2142 mundi
2863 2087 3041 2144 lumen
3084 2091 3244 2146 rectis
3272 2092 3454 2148 corde.
3485 2091 3612 2148 Orta
3635 2087 3648 2096 ’

2038 2183 2121 2228 est
2149 2175 2202 2229 in
2229 2175 2418 2230 diebus
2446 2176 2562 2245 ejus
2584 2176 2791 2245 justitia
2812 2186 2866 2234 et
2887 2180 3207 2236 abundantia
3226 2183 3392 2252 pacis.
3422 2182 3611 2238 Pacem

2036 2281 2205 2318 meum
2234 2265 2300 2319 do
2327 2264 2466 2320 vobis
2505 2265 2684 2336 (Joan.
2719 2267 2848 2339 xw),
2903 2286 3009 2326 non
3057 2271 3222 2326 talem
3269 2273 3480 2341 qualem
3525 2273 3614 2329 hic

2036 2354 2268 2410 mundus
2295 2356 2490 2422 habet,
2539 2357 2634 2412 sed
2662 2374 2848 2428 pacem
2889 2376 3064 2416 meam
3102 2362 3244 2416 illam
3270 2364 3482 2432 qualem
3512 2364 3612 2418 ba»

2035 2445 2166 2500 bent
2193 2446 2335 2510 caeli,
2366 2448 2418 2501 in
2449 2462 2552 2516 qua
2580 2449 2885 2506 dominatur
2921 2451 3163 2508 Christus
3209 2470 3240 2508 a
3281 2455 3417 2509 mari
3446 2469 3614 2524 usque

2034 2535 2103 2590 ad
2130 2550 2300 2602 mare,
2332 2538 2436 2593 hoc
2463 2546 2575 2603 est,
2608 2555 2770 2609 super
2797 2557 3013 2597 omnem
3047 2551 3243 2598 terram
3273 2546 3426 2615 aquis
3450 2547 3612 2600 maris

2035 2636 2090 2680 ct
2146 2626 2422 2684 ﬂuminum
2480 2630 2883 2686 circumdatam.
2956 2631 3150 2688 Coram
3196 2634 3285 2687 illo
3332 2634 3611 2704 procident

2034 2716 2340 2788 Ethiopes.
2385 2718 2668 2789 Ethiopes
2716 2721 3005 2790 nigredinis
3033 2722 3342 2778 circumdati
3367 2723 3608 2794 perﬁdia,

2035 2824 2144 2863 non
2172 2809 2226 2862 in
2255 2809 2408 2864 corio
2435 2811 2634 2875 carnis,
2663 2811 2758 2865 sed
2786 2812 2838 2865 in
2861 2813 3104 2867 sensibus
3131 2813 3341 2868 animat.
3383 2812 3612 2885 Propter

2033 2901 2140 2956 hoc
2171 2900 2453 2971 procident
2489 2909 2613 2956 ante
2641 2918 2764 2957 eum
2783 2942 2796 2967 ,
2831 2912 2886 2958 et
2916 2912 3110 2958 terram
3142 2905 3339 2960 inimici
3369 2905 3484 2976 ejus
3511 2907 3611 2964 lin-

2033 3003 2181 3060 gent,
2204 3001 2263 3048 ut
2282 2993 2664 3062 indulgentiam
2692 2995 2760 3050 ab
2780 3011 2846 3051 eo
2862 2997 3119 3067 consequi
3147 3008 3472 3054 mereantur.
3507 2999 3612 3056 Re-

2034 3096 2130 3151 ges
2158 3091 2336 3139 autem
2385 3081 2603 3140 Tharsis
2663 3093 2719 3141 et
2764 3086 2949 3143 insula:
2994 3104 3214 3144 munera
3261 3088 3522 3156 oﬂ'erunt,
3563 3092 3614 3148 id

350 3181 474 3235 bum
502 3191 552 3235 et
578 3181 725 3242 Saba
749 3181 886 3236 dona
911 3181 1187 3235 adducent.
1215 3181 1282 3235 Et
1307 3179 1595 3235 adorabunt
1620 3197 1734 3235 eum
1753 3197 1926 3235 omnes
1954 3169 2003 3234 C
2033 3183 2136 3237 est,
2167 3174 2260 3243 qui
2308 3183 2534 3244 regnant
2582 3177 2635 3231 in
2684 3193 2913 3248 corpore
2960 3195 3058 3236 suo
3103 3182 3280 3237 securi
3307 3191 3363 3236 et
3390 3198 3612 3238 munera

349 3289 516 3345 reges,
547 3289 723 3330 omnes
749 3281 923 3345 gentes
963 3273 1181 3327 servient
1206 3272 1269 3326 ei.
1289 3268 1450 3347 -Οαζα
1491 3269 1722 3325 liberavit
1745 3288 1932 3342 paupe-

353 3383 458 3419 rem
485 3383 518 3419 α
537 3374 760 3436 potente,
787 3373 839 3418 et
857 3381 1135 3435 pauperem
1163 3365 1244 3417 cui
1271 3380 1374 3417 non
1401 3347 1514 3417 erat
1534 3362 1774 3434 παλαίων.-
1790 3358 1929 3418 Par—

353 3466 428 3509 cet
456 3456 668 3526 pauperi
694 3463 743 3508 et
770 3456 934 3525 inopi,
957 3462 1008 3508 et
1025 3455 1225 3507 animas
1252 3470 1531 3524 pauperum
1559 3454 1732 3508 salvas
1750 3455 1920 3524 faciet.

352 3544 438 3599 Ea:
464 3547 634 3599 usuris
662 3553 712 3604 et
730 3545 1004 3616 iniquitate
1030 3543 1243 3597 redimet
1285 3546 1485 3598 animus
1513 3561 1689 3598 eorum
1711 3583 1726 3606 ,
1757 3554 1808 3598 et
1830 3545 1927 3599 ho-

349 3633 581 3689 norabile
608 3651 793 3690 nomen
818 3651 994 3690 eorum
1029 3650 1202 3688 coram
1231 3634 1340 3687 illo.
1385 3633 1451 3686 Et
1468 3635 1615 3698 vivet,
1647 3643 1696 3688 et
1724 3633 1929 3688 dabitur

351 3725 397 3776 ei
421 3724 482 3777 de
507 3741 633 3778 auro
653 3724 861 3778 Arabia:
882 3763 898 3788 ,
925 3732 976 3778 et
1003 3721 1295 3778 adorabunt
1335 3721 1399 3775 de
1425 3723 1538 3794 ipso
1565 3740 1782 3793 semper,
1823 3713 1928 3778 tota

350 3816 436 3870 die
470 3815 765 3871 benedicent
784 3819 850 3871 ei.
900 3814 1023 3870 Erit
1049 3817 1431 3885 ﬁrmamentum
1458 3817 1512 3869 in
1543 3824 1679 3869 terra
1705 3816 1761 3870 in
1787 3832 1926 3871 sum-

350 3907 448 3960 mis
495 3908 763 3970 montium,
809 3907 1232 3977 superextolletur
1265 3923 1416 3977 super
1443 3905 1692 3961 Libanum
1728 3909 1925 3980 fructus

353 3994 465 4062 ejus
488 4033 503 4056 ,
526 4003 574 4046 et
614 3993 861 4062 ﬂorebunt
887 3996 950 4048 de
977 3997 1177 4051 ciuitate
1198 4037 1213 4060 ,
1251 3999 1385 4050 sicut
1422 4000 1596 4069 fenum
1629 4007 1798 4053 terra'.
1843 3999 1926 4055 Sit

357 4100 549 4139 nomen
571 4087 682 4155 ejus
719 4084 1028 4140 benedictum
1054 4089 1106 4142 in
1129 4089 1321 4142 secula
1338 4128 1352 4152 ,
1381 4097 1500 4142 ante
1532 4089 1691 4144 solem
1716 4106 1922 4160 perma-

356 4185 480 4230 neat
501 4191 686 4230 nomen
705 4176 837 4247 ejus.
869 4175 936 4230 Et
956 4177 1309 4234 benedicentur
1336 4181 1390 4232 in
1431 4181 1540 4249 ipso
1560 4196 1734 4234 omnes
1763 4179 1924 4235 tribus

351 4276 510 4324 terra:
532 4307 547 4331 ,
596 4283 771 4321 omnes
813 4277 985 4339 gentes
1009 4269 1411 4342 magniﬁcabunt
1435 4287 1569 4324 eum.
1621 4270 1924 4326 Benedictus

349 4355 610 4411 Dominus
629 4348 774 4411 Deus
792 4354 977 4424 Israel,
1008 4361 1093 4430 qui
1121 4361 1249 4429 facit
1272 4357 1533 4413 mirabilia
1554 4360 1712 4414 solus.
1745 4359 1815 4414 Et
1835 4358 1922 4414 be-

348 4446 606 4500 nedictum
627 4463 811 4501 nomen
839 4449 1125 4519 majestatis
1146 4448 1258 4518 ejus
1278 4447 1335 4502 in
1363 4456 1628 4515 teternum,
1651 4449 1925 4520 replebitur

347 4537 618 4606 majestate
642 4539 754 4608 ejus
773 4538 941 4594 omnis
962 4546 1100 4592 terra
1122 4555 1140 4592 :
1163 4539 1276 4608 ﬁat,
1298 4539 1413 4608 ﬁat.

910 4684 1339 4725 COIIENTABIUI.

414 4801 518 4870 Qui
548 4801 890 4872 prophetiam
926 4801 981 4856 in
1023 4802 1243 4872 psalmis
1279 4803 1534 4868 credunt,
1567 4810 1750 4860 tenent
1776 4804 1918 4858 illam

337 4881 580 4960 regulam
607 4907 770 4962 quam
791 4893 989 4949 cecinit
1016 4893 1304 4949 Zacharias
1321 4893 1505 4949 dicens
1522 4892 1590 4949 de
1615 4892 1748 4960 Deo,
1777 4894 1922 4962 quod

338 4982 459 5053 ipse
487 4981 700 5039 locutus
726 4983 797 5039 sit
820 4999 919 5054 per
957 4999 1020 5040 os
1047 4985 1427 5056 prophetarum
1443 5026 1457 5051 ,
1489 4985 1836 5041 liberaturum
1862 5002 1920 5044 se

342 5088 445 5128 nos
471 5073 540 5128 ab
569 5072 799 5129 inimicis
827 5074 1045 5130 nostris.
1078 5073 1233 5142 Quod
1271 5082 1452 5131 autem
1480 5074 1534 5129 in
1561 5076 1736 5147 capite
1763 5076 1920 5147 hujus

339 5163 536 5232 psalmi
582 5163 715 5231 legis
736 5203 751 5226 ,
805 5164 1090 5220 Dominum
1138 5149 1379 5220 nostrum
1424 5163 1606 5221 Jesum
1651 5166 1919 5222 Christum

339 5253 749 5324 explanatorem
796 5255 1054 5311 invenies.
1109 5253 1250 5311 Dicit
1291 5255 1432 5310 enim
1479 5256 1532 5310 in
1579 5254 1916 5324 Evangeliis:

335 5322 498 5396 Pater
525 5359 630 5397 non
649 5322 854 5412 judicat
879 5361 1200 5415 quemquam,
1227 5345 1320 5399 sed
1345 5361 1495 5399 omne
1517 5322 1767 5418 judicium
1781 5345 1920 5402 Filio

336 5431 482 5486 dedit
509 5430 691 5502 (Joan.
715 5434 789 5501 v).
840 5433 995 5499 Quod
1040 5449 1168 5504 ergo
1217 5451 1313 5507 per
1357 5451 1420 5490 os
1464 5443 1767 5492 sanctorum
1796 5453 1919 5508 pro-

335 5523 485 5580 misit
513 5524 566 5578 in
595 5523 734 5579 Filio
773 5539 905 5588 suo,
955 5541 1051 5580 rex
1080 5541 1266 5580 verum
1293 5527 1565 5598 implevit,
1599 5527 1753 5598 cujus
1795 5537 1921 5586 tunc

336 5615 627 5682 imaginem
655 5612 912 5670 Salomon
940 5629 1151 5680 gerens,
1181 5617 1440 5687 sapientis
1461 5633 1656 5674 nomen
1686 5621 1916 5692 accepit,

335 5705 545 5765 habens
589 5704 644 5758 in
687 5719 747 5760 se
794 5704 1078 5761 scintillam
1121 5707 1413 5776 sapientize.
1460 5707 1553 5764 llic
1596 5716 1772 5764 autem
1802 5711 1915 5788 ipsa

547 5850 549 5853 .
620 5801 894 5862 ΡΑτιιοι.
942 5798 1100 5866 LIII-

2033 3262 2294 3329 ollerunt;
2327 3279 2481 3333 reges
2508 3267 2743 3323 Arabum
2772 3277 2826 3325 et
2853 3269 2993 3326 Saba
3022 3271 3161 3328 dona
3190 3273 3490 3341 adducunt,
3521 3277 3611 3345 qui

2031 3354 2378 3412 dominantur
2433 3358 2671 3416 moribus
2714 3361 2976 3419 barbaris.
3044 3363 3110 3420 Hi
3155 3364 3294 3422 dona
3343 3365 3613 3422 adducunt

2031 3449 2237 3504 animas
2263 3464 2389 3504 suas
2411 3490 2426 3517 ,
2459 3458 2516 3504 ut
2543 3451 2687 3522 ipsas
2714 3455 2764 3508 ei
2794 3455 3009 3510 tradant
3035 3454 3101 3510 ad
3131 3455 3458 3511 adorandum
3487 3471 3610 3510 eum

2031 3552 2153 3592 sum
2181 3539 2396 3608 regibus
2423 3547 2609 3607 teme,
2661 3543 2752 3611 qui
2783 3545 3010 3599 terrenis
3036 3545 3399 3614 voluptatibus
3437 3544 3609 3600 domi-

2031 3636 2246 3683 lantur.
2275 3627 2473 3686 Omnes
2499 3638 2677 3698 autem
2704 3639 2892 3698 gentes
2919 3631 3154 3686 servient
3171 3633 3241 3698 ei,
3264 3633 3388 3701 quia
3417 3632 3611 3689 liberat

2028 3733 2319 3789 pauperem
2354 3735 2385 3774 a
2414 3725 2656 3789 potente.
2673 3717 2809 3772 Vide
2835 3733 3086 3785 causam;
3117 3718 3262 3784 ideo,
3291 3720 3386 3784 ait,
3414 3735 3605 3776 omnes

2029 3818 2217 3878 gentes
2243 3811 2480 3866 servient
2506 3809 2595 3875 ei,
2625 3810 2749 3878 quia
2779 3808 2969 3863 liberat
3007 3825 3299 3880 pauperem
3321 3853 3336 3877 ,
3387 3827 3604 3868 sensum

2029 3915 2232 3957 eorum
2265 3917 2295 3956 a
2341 3907 2564 3972 potente
2612 3907 2668 3954 et
2715 3905 2894 3955 astuto
2916 3899 3157 3966 diabolo,
3188 3902 3280 3971 qui
3309 3915 3404 3957 eos
3431 3905 3604 3959 suasit

2027 4008 2193 4063 opera
2216 4009 2469 4049 manuum
2495 4007 2710 4049 suarum
2731 3992 2921 4048 timere
2947 4000 3001 4048 et
3025 3991 3223 4049 colere.
3255 3993 3336 4050 Ex
3355 3996 3528 4051 usuris
3549 4006 3606 4052 et

2027 4084 2311 4153 iniquitate
2372 4085 2620 4140 liberavit
2673 4084 2879 4138 animas
2933 4099 3140 4140 eorum.
3198 4086 3604 4156 Ampliabantur

2028 4190 2205 4230 usurae
2232 4176 2510 4229 animabus
2537 4190 2724 4230 eorum
2748 4216 2762 4240 ,
2812 4175 2938 4243 quia
2975 4175 3120 4244 quod
3143 4175 3438 4232 debebatur
3464 4175 3598 4241 Deo,

2027 4263 2188 4318 idolis
2217 4263 2532 4320 tradebatur
2559 4266 2636 4337 (et
2663 4265 2766 4320 illis
2794 4266 3203 4336 accipientibus,
3232 4267 3279 4322 si
3306 4275 3485 4324 tamen
3515 4271 3600 4326 vel

2027 4354 2132 4409 dici
2160 4362 2341 4425 potest
2369 4355 2474 4410 illis
2493 4356 2895 4427 accipientibus,
2916 4356 3007 4426 qui
3027 4357 3160 4412 nihil
3185 4373 3288 4414 nec
3311 4359 3600 4430 accipiunt,

2027 4461 2129 4503 nec
2174 4451 2482 4518 recusant);
2530 4448 2808 4504 daemoniis
2853 4446 2982 4518 er'go
3027 4449 3413 4520 accipientibus
3457 4453 3603 4523 quod

1944 4537 2001 4598 Ι)
2023 4538 2126 4594 soli
2166 4537 2280 4594 Deo
2323 4539 2637 4604 debebatur,
2691 4539 2808 4596 istis
2853 4549 2908 4596 et
2951 4540 3190 4597 debitum
3234 4544 3508 4600 concrevit
3547 4554 3602 4600 et

2023 4629 2198 4686 fenus.
2251 4628 2453 4684 Videns
2503 4630 2652 4700 pius,
2702 4631 2790 4686 cui
2834 4631 2993 4687 Pater
3014 4632 3274 4702 judicium
3301 4649 3456 4691 suum
3486 4643 3599 4689 tra-

2021 4718 2156 4774 didit
2181 4718 2237 4772 in
2263 4717 2534 4774 reddendo
2561 4734 2655 4774 eos
2679 4720 2811 4775 satis
2838 4734 2959 4776 esse
2983 4721 3258 4778 mendicos
3279 4765 3294 4790 ,
3338 4724 3442 4780 hoc
3463 4723 3599 4793 judi-
3694 4756 3698 4758 -

2022 4809 2167 4864 cavit
2191 4827 2202 4862 :
2235 4807 2465 4864 Invicem
2487 4848 2499 4871 ,
2531 4809 2736 4879 inquit,
2772 4824 2868 4866 vos
2894 4810 3142 4867 homines
3169 4813 3425 4868 remittite
3447 4814 3601 4868 vobis

2022 4899 2242 4964 debita,
2288 4906 2350 4952 ut
2393 4899 2546 4954 vobis
2591 4900 2815 4954 remittit
2859 4899 3021 4956 Pater
3066 4910 3245 4958 vester
3283 4903 3376 4971 qui
3413 4908 3496 4955 est
3542 4901 3595 4953 in

2021 4989 2191 5045 ctelis.
2223 4986 2292 5042 Et
2317 4988 2516 5057 adjecit
2545 5007 2558 5042 :
2597 4989 2654 5046 Si
2682 5006 2791 5047 non
2820 4993 3162 5059 remiseritis,
3205 5007 3302 5048 nec
3331 4989 3482 5045 vobis
3509 5003 3596 5044 re-

2021 5081 2218 5136 mittet.
2267 5077 2313 5134 0
2339 5079 2656 5138 liberantem
2683 5099 2752 5138 ex
2780 5086 2957 5140 usuris
2982 5092 3037 5138 et
3065 5083 3338 5150 iniquitate
3367 5079 3592 5143 animas,

2021 5187 2152 5227 vere
2177 5172 2494 5242 praeclarum
2523 5189 2719 5230 nomen
2747 5182 2898 5228 tuum
2925 5173 3098 5235 nobis,
3129 5169 3222 5237 qui
3249 5168 3384 5222 vivis
3411 5169 3465 5223 in
3494 5185 3592 5226 Ste-

2023 5261 2144 5317 cula
2169 5263 2511 5329 szeculorum,
2543 5264 2678 5319 vivis
2705 5269 2760 5316 et
2785 5261 2996 5314 dabitur
3024 5256 3119 5310 tibi
3147 5271 3336 5310 aurum
3362 5256 3590 5316 Arabia).

2025 5351 2227 5407 Aurum
2274 5353 2417 5408 enim
2453 5363 2610 5409 terra:
2650 5351 2788 5405 illius
2815 5356 2898 5402 est
2924 5360 3207 5415 magnum;
3238 5362 3427 5404 aurum
3455 5352 3596 5407 acci-

2024 5442 2110 5512 pis
2138 5443 2452 5513 probatum,
2485 5439 2739 5509 fulgidum
2766 5438 2821 5491 in
2849 5437 3136 5506 apostolis,
3170 5437 3223 5493 in
3252 5442 3591 5513 martyribus,

2026 5533 2080 5588 in
2109 5535 2522 5598 confessoribus,
2553 5532 2607 5585 in
2635 5528 2944 5596 virginibus.
2978 5529 3183 5587 Aurum
3209 5535 3437 5605 accipis,
3488 5551 3593 5589 non

2029 5624 2124 5678 tibi
2153 5631 2332 5692 potest
2357 5620 2472 5674 ﬁeri
2501 5619 2815 5688 impostura.
2865 5617 2980 5674 Erit
3024 5619 3412 5678 ﬁrmamentum
3443 5631 3592 5676 tuum

2029 5713 2082 5769 in
2115 5721 2256 5768 terra
2301 5721 2585 5780 corporum
2621 5712 2960 5779 nostrorum,
2994 5726 3099 5768 non
3141 5713 3194 5767 in
3223 5711 3465 5765 convalle
3494 5709 3590 5770 tle.

3262 5799 3333 5864 η
