4244 6258
540 324 547 333 .
657 268 762 328 427

2014 254 2286 324 ΔΒΝΟΒΠ
2321 255 2626 317 ιυΝιοιυε

3330 190 3365 221 Ρ

3838 259 3949 321 438

658 393 768 448 tus,
799 380 895 438 sed
923 382 979 441 in
1006 377 1227 436 summis
1253 373 1527 433 montibus
1548 370 2010 444 superextolletur
2035 369 2242 429 fructus
2267 372 2324 437 Α
2346 370 2550 429 corde?
2578 368 2706 431 Haec
2749 369 2913 428 dictio
2942 370 3188 439 humanis
3232 369 3485 427 sensibus
3512 358 3829 443 applicanda
3854 385 3949 437 es:

654 484 803 540 tuus,
818 480 881 529 et
898 464 1336 547 supergredietur
1354 462 1694 530 altitudinem
1713 462 1878 519 etiam
1886 461 2078 529 Libani
2099 476 2247 517 mou-

659 566 757 631 tis,
786 570 846 617 et
878 559 1057 637 lloriet
1073 557 1195 629 (sic)
1220 556 1277 613 in
1303 552 1674 625 altitudinibus
1698 552 2087 625 apostolorum.
2104 550 2248 618 Quid

568 688 571 691 η
660 654 839 717 tloriet
881 649 1203 717 audiamus:
1231 644 1386 705 Sicut
1408 643 1594 701 fenum
1612 682 1632 711 ,
1663 644 1867 714 inquit,
1909 656 2040 715 ergo
2068 642 2122 703 in
2148 642 2243 699 illa

654 740 943 819 altitudine
974 736 1195 807 laudata
1227 735 1408 795 lloriet
1444 734 1646 791 fenum.
1688 732 1891 795 Floriet
1918 733 1973 791 in
1998 730 2242 791 Ecclesia

657 849 828 905 usque
857 830 1066 896 hodie,
1117 836 1177 885 ut
1210 834 1511 899 pascantur
1532 826 1796 897 iumenta,
1827 824 1961 879 nihil
1986 839 2111 881 cum
2133 839 2241 895 po-

656 925 786 1001 βεῌο
812 923 881 989 de
918 920 1249 983 sectionibus
1294 917 1489 987 αείωτ.
1544 917 1623 974 lbi
1660 930 1790 986 ergo
1816 915 2133 987 producitur
2156 914 2240 977 fe-

660 1030 788 1077 num
809 1013 1087 1084 iumentis.
1116 1008 1491 1077 Perfectorum
1524 1008 1671 1063 enim
1706 1015 1793 1064 est
1818 1006 2042 1075 solidior
2066 1005 2239 1072 cibus.

656 1108 785 1176 quia
810 1118 942 1174 ergo
970 1102 1154 1167 lenam
1179 1101 1377 1164 ﬂorent
1403 1107 1634 1165 montes,
1666 1113 1827 1161 nemo
1856 1097 2023 1168 fugiat
2050 1096 2240 1163 Eccle-

656 1197 813 1259 sium.
846 1194 1066 1259 veniant
1093 1205 1303 1256 omnes,
1335 1198 1395 1248 ut
1419 1188 1770 1247 benedicatur
1788 1188 1862 1245 ibi
1885 1189 2029 1249 Deus
2052 1187 2238 1255 Israel,

652 1287 748 1355 qui
774 1284 904 1349 facit
927 1283 1198 1343 mirabilia
1220 1281 1395 1348 solus,
1429 1286 1487 1337 et
1513 1279 1585 1335 sit
1611 1279 1687 1337 ibi
1710 1294 1912 1339 nomen
1936 1279 2241 1349 maiestatis

652 1380 773 1448 qua
818 1377 1159 1459 benedictum
1204 1376 1260 1433 in
1280 1373 1483 1439 simula
1500 1414 1517 1440 ,
1566 1380 1627 1431 ut
1651 1372 1926 1451 repleatur
1952 1371 2240 1441 majestate

543 1452 547 1457 “
652 1470 781 1540 eius.
821 1452 1224 1531 canitiem:
1250 1463 1378 1531 ﬁat,
1430 1460 1554 1528 ﬁat,
1602 1461 1707 1533 ipsi
1749 1460 1921 1532 gloria
1959 1461 2014 1521 in
2040 1459 2239 1521 saecula

659 1558 998 1625 saeculorum.
1026 1556 1218 1621 Amen.

1166 1685 1484 1744 PSALMUS
1512 1682 1720 1742 LXXII.

658 1776 981 1881 Defecerunt
1019 1821 1202 1896 hymni
1237 1782 1406 1885 David
1551 1820 1721 1883 Iesse.
1766 1818 2012 1877 Psalmus
2036 1819 2237 1892 Asaph.

612 2026 621 2034 .
730 1978 896 2044 Quam
921 1975 1086 2061 (tonus
1114 1975 1287 2032 Israel
1314 1973 1484 2044 Deus,
1514 1975 1595 2031 his
1628 1976 1714 2050 qui
1752 1984 1890 2031 recto
1918 1985 2040 2030 sunt
2064 1976 2237 2055 corde.

662 2069 769 2124 Mei
789 2054 963 2124 autent
980 2084 1109 2145 pene
1134 2062 1260 2123 moti
1278 2076 1396 2121 sunt
1421 2067 1594 2140 pedes,
1624 2083 1752 2139 pene
1778 2066 1931 2143 emisi
1956 2068 2076 2122 sunt
2096 2083 2242 2139 gres-
2306 2090 2309 2095 ε

656 2178 743 2216 sus
769 2161 889 2214 mei.
939 2154 1076 2225 Quia
1107 2148 1268 2213 zelavi
1303 2175 1457 2230 super
1477 2157 1697 2230 iniquos,
1724 2173 1901 2229 pacem
1919 2167 2245 2229 peccatorum

656 2252 853 2308 videns.
896 2238 1033 2329 Quia
1061 2267 1166 2306 non
1186 2256 1262 2327 est
1288 2259 1545 2329 respectus
1569 2248 1722 2329 morti
1741 2265 1917 2329 eorum
1933 2289 1948 2316 ,
1979 2257 2030 2302 et
2053 2246 2242 2318 ﬁrma-

656 2354 881 2399 mentum
904 2324 964 2397 in
984 2338 1141 2413 plaga
1160 2324 1355 2399 eorum.
1382 2339 1449 2395 In
1470 2339 1644 2397 labore
1671 2326 1936 2396 hominum
1963 2356 2066 2394 non
2098 2348 2237 2404 sunt,

655 2447 845 2491 etcum
878 2434 1170 2490 hominibus
1207 2450 1311 2489 non
1336 2433 1757 2507 ﬂagellabuntur.
1804 2433 1931 2509 Ideo
1962 2434 2123 2507 tenuit
2154 2450 2243 2499 eos

655 2527 915 2597 superbia,
945 2510 1119 2597 aperti
1138 2532 1258 2601 sunt
1281 2524 1555 2596 iniquitate
1586 2534 1636 2579 et
1655 2525 1917 2596 impietate
1943 2540 2058 2578 sua.
2104 2521 2243 2580 Pro-

659 2616 753 2670 diit
774 2618 921 2688 quasi
952 2633 1017 2670 ex
1036 2614 1189 2687 adipe
1217 2610 1469 2695 iniquitas
1492 2631 1667 2669 eorum
1687 2656 1702 2681 ,
1733 2614 2046 2669 transierunt
2073 2615 2129 2670 in
2157 2616 2242 2687 af-

653 2710 840 2780 fectum
858 2706 1048 2781 cordis.
1104 2702 1474 2781 Cogitaverunt
1500 2717 1551 2762 et
1589 2706 1746 2761 locuti
1787 2702 2237 2778 sunt'nequitiam,

654 2800 978 2873 iniquitatem
1004 2801 1059 2855 in
1088 2784 1289 2871 excelso
1309 2800 1467 2875 locuti
1488 2808 1627 2855 sunt.
1660 2796 1958 2857 Posuerunt
1984 2801 2040 2853 in
2059 2798 2239 2853 emtum

653 2909 707 2945 os
726 2908 895 2956 suum,
920 2901 969 2945 et
997 2891 1177 2963 lingua
1203 2908 1389 2969 eorum.
1408 2893 1647 2965 transivit
1674 2893 1729 2953 in
1749 2901 1917 2952 .terra.
1966 2890 2094 2947 Ideo
2115 2908 2240 2947 con—

653 2981 869 3037 vertetur
911 2984 1130 3054 populus
1169 3000 1308 3042 meus
1353 2985 1466 3048 hic,
1511 2994 1562 3039 et
1597 2983 1706 3039 dies
1734 2984 1874 3055 pleni
1918 2984 2240 3040 invenientur

654 3074 705 3125 in
741 3070 838 3126 eis.
882 3070 953 3137 Et
1004 3073 1247 3128 dixerunt
1287 3090 1304 3127 :
1355 3068 1624 3149 Quomodo
1671 3075 1770 3129 scit
1810 3071 1968 3139 Deus,
2003 3081 2051 3127 et
2080 3074 2126 3126 si
2162 3083 2239 3128 est

570 3192 578 3199 ~
654 3163 865 3217 scientia
889 3162 944 3217 in
962 3165 1180 3218 excelso.
1213 3160 1347 3219 Ecce
1366 3166 1467 3235 ipsi
1495 3175 1807 3235 peccatores,
1839 3174 1889 3223 et
1916 3163 2237 3237 abundantes

653 3257 705 3309 in
754 3252 944 3327 διεσαζο
992 3254 1318 3310 obtinuerunt
1364 3247 1590 3310 divitias.
1651 3254 1722 3310 Et
1761 3256 1908 3323 dixi,
1955 3252 2095 3326 Ergo
2123 3257 2237 3331 sine

653 3364 809 3401 causa
839 3344 1123 3419 justiﬁcaui
1164 3362 1253 3401 cor
1285 3338 1489 3411 meum,
1520 3355 1571 3402 et
1610 3347 1712 3425 lavi
1757 3348 1893 3401 inter
1936 3349 2235 3403 innocentes

653 3434 834 3491 manus
863 3453 1022 3513 meas.
1067 3433 1137 3511 Et
1157 3432 1232 3509 [ui
1265 3435 1554 3509 flagellatus
1588 3446 1694 3492 tota
1725 3438 1846 3501 die,
1877 3447 1927 3492 et
1964 3436 2234 3510 castigatio

653 3546 764 3584 mea
783 3514 838 3591 in
863 3516 1152 3613 matutinis.
1193 3528 1255 3589 Si
1275 3526 1541 3597 dicebam:
1577 3521 1825 3593 Narrabo
1854 3530 1961 3596 sic;
2002 3546 2116 3585 ecce
2147 3548 2239 3587 na-

654 3620 840 3675 tionem
874 3612 1109 3691 ‘ﬁliOrum
1152 3629 1352 3679 tuorum
1403 3620 1695 3691 reprobavi.
1757 3619 2139 3691 Existimabam
2180 3633 2238 3685 ut

652 3698 1029 3783 cognoscerem,
1060 3710 1155 3777 lioc
1178 3700 1325 3766 labor
1349 3719 1423 3765 est
1452 3720 1574 3764 ante
1606 3700 1710 3765 me.
1742 3709 1919 3766 Donec
1955 3712 2143 3769 intrem
2181 3712 2236 3777 in

652 3794 1003 3881 sanctuarium
1028 3800 1161 3873 Dei,
1192 3810 1242 3861 et
1286 3802 1576 3875 intelligam
1613 3792 1673 3857 in)
1713 3804 2005 3865 novissimis
2033 3820 2229 3859 eorum.

595 3946 598 3950 λ
658 3890 1020 3949 Verumtamen
1047 3903 1258 3965 propter
1286 3892 1431 3946 dolos
1452 3894 1675 3971 posuisti
1712 3892 1788 3983 eis
1807 3931 1823 3957 ,
1871 3892 2103 3962 dejecisti
2147 3909 2234 3969 eos

652 3984 772 4038 dum
818 3983 1181 4038 allevarentur.
1229 3978 1496 4051 Quomodo
1547 3981 1675 4051 [acti
1695 3978 1813 4033 sunt
1856 3982 1912 4033 in
1950 3979 2234 4051 desolatios-

652 4091 765 4128 nem
787 4116 802 4140 ,
826 4073 991 4128 subito
1031 4066 1346 4145 defecerunt,
1390 4072 1648 4141 perierunt
1676 4078 1886 4141 propter
1911 4071 2234 4142 iniquitatem

651 4156 835 4219 suam.
864 4159 1014 4235 Velut
1041 4162 1296 4229 somnium
1320 4162 1655 4234 surgentium,
1679 4158 1919 4229 Domine,
1945 4162 2000 4215 in
2028 4163 2232 4217 civitate

653 4262 739 4305 tua
767 4252 1043 4329 imaginem
1084 4251 1314 4322 ipsorum
1354 4248 1424 4303 ad
1464 4244 1683 4305 nihilum
1728 4252 1943 4327 rediges.
1987 4249 2122 4319 Quia
2148 4255 2231 4325 in:

651 4334 971 4412 ﬂammatum
990 4351 1067 4415 est
1086 4358 1173 4396 cor
1192 4334 1377 4408 meum,
1402 4351 1451 4395 et
1476 4358 1620 4396 renes
1640 4341 1740 4396 mei
1767 4346 2063 4398 commutati
2087 4355 2226 4413 sunt,

650 4442 700 4487 et
726 4448 817 4504 ego
843 4433 912 4485 ad
941 4430 1158 4513 nihilum
1188 4432 1425 4511 redactus
1450 4450 1581 4500 sum,
1604 4444 1655 4499 et
1678 4437 1885 4490 nescivi.
1932 4435 1999 4491 Ut
2018 4438 2228 4508 jumen-

651 4531 758 4574 tum
782 4523 946 4592 factus
973 4537 1086 4583 sunt
1112 4522 1251 4603 apud
1266 4530 1339 4588 ,te,
1361 4532 1411 4577 et
1435 4541 1530 4595 ego
1552 4541 1752 4596 semper
1781 4536 1961 4583 tecum.
1998 4527 2231 4597 Tenuisti

556 4682 561 4685 _
651 4628 858 4667 manum
878 4602 1143 4673 dexteram
1167 4630 1351 4681 nteant,
1380 4625 1429 4671 et
1453 4616 1507 4671 in
1544 4604 1805 4671 voluntate
1842 4626 1930 4672 tua
1966 4618 2229 4683 deduxisti

650 4721 748 4771 me,
778 4713 828 4759 et
846 4694 971 4761 cum.
987 4704 1156 4777 gloria
1192 4708 1460 4779 suscepisti
1506 4724 1604 4762 me.
1640 4705 1803 4772 'Quid
1838 4710 1972 4769 enim
2014 4711 2145 4766 mihi
2172 4713 2228 4771 in

651 4798 795 4866 cwlo,
812 4805 862 4857 et
888 4814 922 4853 a
942 4786 1002 4853 .te
1025 4798 1148 4869 quid
1173 4798 1309 4857 uolui
1330 4784 1483 4870 super
1501 4784 1726 4869 terram?
1746 4799 1949 4874 Defecit
1969 4819 2090 4859 caro
2116 4820 2229 4863 mea

650 4898 698 4944 et
726 4906 814 4947 cor
859 4905 1044 4955 meum,
1069 4887 1212 4971 Deus
1256 4890 1427 4947 cordis
1473 4892 1573 4946 mei
1595 4928 1610 4954 ,
1641 4900 1693 4947 et
1717 4910 1840 4964 pars
1867 4911 1981 4951 mea
2001 4878 2144 4950 Deus
2171 4898 2227 4965 in

650 4990 912 5039 teternum.
957 4977 1093 5049 Quia
1138 4997 1253 5043 ecce
1292 4982 1377 5055 qui
1417 4983 1661 5055 etongant
1703 5001 1760 5041 se
1797 5003 1830 5040 a
1875 4994 1925 5041 te
1964 4987 2225 5058 peribunt,

650 5074 917 5144 perdidisti
935 5088 1114 5155 omnes
1284 5074 1614 5145 {ornicantur
1660 5074 1753 5131 abs
1780 5084 1847 5130 te.
1880 5075 2014 5151 mihi
2056 5060 2229 5135 autem

650 5162 916 5218 adhcrere
955 5161 1065 5227 Deo
1113 5162 1300 5222 bonum
1345 5172 1423 5220 est
1442 5204 1459 5231 ,
1501 5180 1697 5237 ponere
1742 5166 1796 5220 in
1840 5164 2064 5229 Domino
2111 5167 2223 5226 Deo

652 5267 787 5333 spem
815 5268 1000 5309 meam.
1036 5253 1105 5337 Ut
1132 5240 1434 5335 annuntiem
1470 5272 1653 5321 vanities
1675 5257 2065 5335 praedicationes
2112 5268 2226 5339 tua;

650 5340 703 5421 in
723 5343 888 5421 portis
917 5342 1045 5412 ﬁlia:
1072 5342 1223 5400 Sion.

671 5440 681 5449 “
818 5512 823 5519 η
1215 5452 1651 5520 conticueramus.

536 5611 545 5615 η
717 5542 851 5605 βω)
875 5541 1020 5600 Deus
1046 5547 1295 5605 omnibus
1320 5551 1494 5609 bonus
1520 5556 1590 5611 si
1609 5596 1626 5623 ,
1675 5564 1732 5612 et
1768 5556 1899 5612 nulli
1926 5556 1998 5612 sit
2014 5559 2218 5626 malus,

654 5633 777 5707 quid
824 5638 906 5693 sic
954 5637 1117 5693 voluit
1144 5638 1362 5697 dicere:
1414 5644 1507 5701 llis
1554 5648 1762 5717 bonus,
1792 5650 1886 5720 qui
1910 5659 2063 5709 necto
2090 5662 2217 5708 sunt

1808 5897 1812 5901 .
1872 5897 1910 5906 φ
2016 5892 2052 5902 ..ρ

2346 452 2432 519 his
2457 463 2552 535 qui
2595 462 2896 532 vituperant
2922 460 3129 531 judicia
3166 459 3285 526 Dei,
3325 460 3610 521 dicentes:
3646 462 3743 521 Ille
3776 464 3949 536 perli-

2348 552 2465 619 dus,
2499 553 2588 611 ille
2615 552 2850 625 iniquus;
2880 551 3148 633 sordidus,
3178 552 3551 631 truculentus,
3578 554 3806 624 insanus
3824 566 3943 615 est.

2344 641 2442 713 me
2466 650 2649 707 autem
2674 644 2952 713 innocens,
2982 649 3202 708 casm.
3232 643 3477 715 humilis,
3743 646 3947 719 [διίκε-

2346 742 2454 803 tur,
2486 736 2799 799 inﬁrmitate
2815 734 3153 807 concutitur,
3183 742 3240 789 et
3265 733 3351 793 his
3374 735 3593 801 similia.
3620 735 3749 803 Hac
3774 740 3946 803 rectis

2342 826 2514 893 corde
2570 828 2828 891 virtutum
2872 825 3099 893 semina,
3127 824 3571 897 comprobantur.
3636 826 3699 882 In
3742 828 3946 899 quibus

2345 917 2572 989 probata
2616 916 2750 973 lides
2774 923 3012 985 segetem
3038 929 3191 979 suam
3226 914 3283 971 in
3309 923 3528 985 aeterna:
3554 916 3682 987 vitae
3706 919 3945 976 alumni-

2350 1014 2464 1066 tate
2491 1008 2786 1078 suscipiat,
2832 1014 2888 1062 et
2928 1006 2983 1062 in
3021 1006 3217 1062 saeculo
3257 1008 3412 1076 quasi
3439 1007 3495 1063 in
3521 1008 3700 1077 hieme
3726 1009 3945 1079 glaciali

2343 1100 2508 1171 positi
2535 1099 2722 1171 prima:
2749 1097 3043 1165 anastasis,
3070 1097 3230 1166 quasi
3256 1097 3417 1167 primi
3454 1098 3606 1163 νει-ω
3630 1097 3823 1171 [Forte
3841 1115 3945 1165 ye-

2345 1191 2445 1265 τίς]
2486 1191 2649 1253 liores
2683 1197 3020 1261 exspectent.
3068 1188 3341 1249 Laetantes
3380 1191 3563 1262 itaque
3594 1192 3653 1249 in
3678 1207 3811 1262 pace
3836 1208 3943 1251 sua

2345 1292 2689 1357 peccatores;
2736 1282 2887 1355 quod
2928 1298 3053 1343 eum
3097 1282 3407 1345 hominibus
3446 1297 3563 1346 non
3598 1281 3942 1353 negotiantur

2348 1384 2532 1439 teneat
2556 1375 2828 1447 superbia.
2860 1374 2993 1437 ﬁant
3014 1374 3204 1442 crassi,
3224 1374 3457 1445 prodeat
3474 1388 3546 1437 ex
3563 1374 3721 1446 adipe
3745 1391 3940 1439 60mm

2348 1470 2624 1549 iniquitas.
2650 1475 2858 1540 ponant
2882 1467 2940 1524 in
2966 1466 3105 1527 celo
3132 1480 3196 1527 os
3220 1480 3399 1534 suum,
3422 1479 3488 1527 et
3506 1466 3800 1538 loquntur
3822 1466 3940 1527 ini-

2344 1560 2606 1631 quitatem
2648 1559 2706 1615 in
2754 1558 3010 1624 excelso,
3059 1555 3243 1623 dicant
3286 1571 3396 1623 non
3421 1555 3850 1625 essescientiam
3868 1556 3938 1615 in

2346 1651 2485 1718 Deo,
2536 1652 2628 1722 qui
2673 1659 2855 1706 tamen
2898 1657 3025 1705 sunt
3070 1648 3388 1704 audiamus:
3418 1647 3485 1702 Hi
3524 1649 3656 1703 Sunt
3670 1648 3711 1716 ,ί
3732 1649 3935 1718 inquit,

2268 1746 2324 1810 Β
2348 1751 2662 1818 peccatores
2682 1783 2697 1808 ,
2753 1749 2809 1797 et
2854 1734 3222 1806 abundantes,
3239 1736 3341 1808 qui
3362 1736 3421 1793 in
3448 1738 3645 1794 saeculo
3673 1739 3934 1793 obtinue-

2347 1844 2474 1894 runt
2500 1835 2717 1891 divitias
2737 1872 2753 1899 ,
2801 1833 2909 1889 mel
2954 1831 3137 1888 autem
3174 1846 3314 1903 pene
3341 1832 3474 1888 moti
3494 1839 3628 1887 sunt
3652 1832 3839 1903 pedes,
3869 1841 3934 1888 et

2344 1944 2377 1985 a
2423 1935 2575 1987 recto
2618 1926 2811 1989 itinere
2854 1939 2995 1997 pene
3039 1921 3193 1981 ell‘usi
3236 1929 3362 1980 sunt
3398 1937 3617 1992 gressus
3642 1923 3767 1988 mei,
3796 1924 3931 1993 quia

2329 2020 2454 2078 dixi
2495 2020 2552 2077 in
2591 2017 2756 2077 corde
2789 2030 2954 2095 meo:
2986 2013 3131 2084 Ergo
3167 2013 3287 2073 sine
3321 2027 3485 2072 causa
3510 2012 3804 2082 justilicavi
3832 2026 3932 2068 cor

2346 2125 2551 2178 meum,
2580 2115 2638 2165 et
2664 2109 2773 2167 lavi
2799 2109 2942 2167 inter
2967 2107 3287 2165 innocentes
3308 2118 3506 2167 manus
3528 2118 3707 2185 meas.
3743 2102 3811 2161 At
3836 2104 3930 2160 ubi

2342 2198 2683 2259 consideravi
2721 2194 2902 2255 omnia
2940 2195 3262 2267 temporalia
3286 2185 3411 2257 esse
3436 2208 3559 2264 qum
3582 2192 3930 2265 peccantibus

2338 2292 2735 2355 ministrentur,
2766 2296 2822 2347 et
2846 2289 3027 2349 subito
3053 2302 3151 2344 eos
3175 2286 3408 2345 deiicere
3433 2292 3493 2347 et
3508 2284 3689 2357 perire
3708 2290 3929 2355 propter

2345 2382 2681 2453 iniquitatem
2708 2394 2883 2446 suam,
2910 2388 2970 2436 et
2995 2380 3154 2461 istam
3179 2380 3346 2441 vitam
3372 2379 3639 2449 eosquasi
3656 2376 3927 2439 somnium

2344 2475 2593 2535 tramite.
2650 2472 2719 2531 Et
2760 2475 2891 2544 quia
2930 2472 3074 2531 Deus
3106 2473 3172 2538 in
3212 2471 3434 2529 civitate
3476 2486 3578 2531 sua
3622 2468 3925 2543 Jerusalem

2333 2584 2506 2640 quam
2530 2576 2802 2638 preparat
2827 2566 3048 2633 sanctis,
3080 2564 3368 2634 imaginem
3393 2578 3578 2624 eorum
3604 2562 3673 2622 ad
3696 2561 3924 2621 nihilum

2336 2659 2587 2728 rediget,
2630 2664 2765 2715 tunc
2812 2654 3200 2715 inﬂammatum.
3245 2661 3328 2715 est
3372 2655 3427 2710 is
3449 2645 3659 2713 'amore
3690 2650 3789 2707 Dei
3826 2665 3924 2707 cor

2337 2764 2524 2807 metm
2542 2788 2560 2813 ,
2592 2756 2650 2804 et
2675 2762 2837 2824 renes
2862 2746 2971 2805 mei
2994 2744 3222 2803 resoluti
3248 2752 3407 2809 sunt,
3437 2743 3638 2810 idest,
3670 2742 3736 2806 ad
3758 2742 3925 2805 casti-

2336 2841 2471 2896 tatis
2516 2839 2820 2895 libertatem
2871 2852 2908 2897 a
2960 2837 3089 2895 mali
3134 2834 3371 2906 exempli
3415 2835 3633 2893 vinculo
3678 2833 3920 2893 resoluti.

2314 2929 2469 2987 .ldeo
2514 2929 2662 2985 enim
2700 2928 2769 2983 ad
2812 2926 3039 2999 nihilum
3062 2925 3313 2983 redactus
3339 2939 3491 2991 sum.
3521 2925 3638 2986 haec
3658 2925 3921 2994 cogitans,

2340 3020 2468 3089 quia
2513 3019 2717 3079 nescivi
2768 3032 2881 3074 non
2927 3032 3051 3074 esse
3104 3015 3399 3085 condignas
3444 3015 3724 3085 passiones
3767 3014 3925 3083 hujus

2259 3110 2313 3176 Ω
2342 3111 2603 3181 temporis
2649 3109 2717 3166 ad
2760 3110 2992 3167 futuram
3032 3108 3289 3177 gloriam.
3333 3106 3695 3177 Posteaquam
3740 3107 3921 3172 didici,

2329 3201 2505 3259 etiam
2528 3200 2833 3270 iumentum
2859 3199 3184 3263 aestimatus,
3224 3204 3282 3252 et
3307 3211 3474 3267 pecus
3502 3195 3571 3261 ad
3599 3196 3921 3259 occisionem

2331 3292 2548 3362 positus
2566 3330 2589 3357 .,
2638 3298 2817 3347 tamen
2864 3287 3135 3359 pcrmansi
3177 3302 3392 3357 semper
3436 3294 3631 3341 tecum.
3681 3284 3921 3342 Tenuisti

2338 3396 2557 3441 manum
2585 3380 2864 3437 dexteram
2889 3394 3096 3446 meam,
3147 3379 3201 3437 in
3230 3378 3506 3434 voluntate
3532 3385 3621 3435 tua
3647 3376 3916 3433 deduxisti

2334 3487 2445 3539 me,
2474 3482 2533 3529 et
2560 3488 2682 3530 cum
2706 3473 2880 3541 gloria
2918 3472 3254 3542 assumpsisti
3286 3486 3397 3527 me.
3456 3470 3584 3535 Haec
3608 3469 3661 3535 in
3687 3468 3919 3525 Domino

2333 3563 2465 3621 Jesu
2491 3563 2709 3623 Christo
2737 3565 3008 3635 completa
3035 3572 3178 3623 sunt.
3227 3562 3350 3634 Ipse
3392 3562 3562 3628 tetulit
3596 3562 3781 3631 Seueri
3810 3562 3916 3627 hu-

2334 3671 2500 3716 mano
2544 3658 2828 3715 dexteram
2871 3659 2984 3725 jam
3028 3662 3276 3721 mortuo,
3311 3654 3425 3723 jam
3448 3653 3667 3720 latenti,
3706 3653 3859 3713 duxit
3884 3671 3918 3712 a

2338 3751 2618 3807 voluntate
2645 3751 2844 3807 diaboli
2871 3750 2940 3806 ad
2966 3750 3301 3824 voluntatem
3328 3763 3481 3809 suam
3498 3790 3514 3815 ,
3546 3758 3600 3806 et
3627 3748 3919 3818 “sculpsit

2337 3842 2393 3897 in
2421 3842 2647 3909 gloriam
2667 3880 2685 3906 ,
2737 3841 2828 3910 qui
2867 3839 3129 3896 audenter
3154 3839 3393 3897 diceret:
3425 3840 3565 3907 Quid
3586 3842 3722 3899 mihi
3747 3847 3919 3898 restet

2334 3930 2393 3986 in
2421 3931 2594 3987 ρωιοῖ
2620 3931 2738 3987 Hoc
2760 3939 2846 3986 est
2871 3932 2925 3987 in
2944 3938 3097 3988 terra
3123 3933 3332 4003 positus
3357 3933 3433 3989 ita
3448 3934 3723 4003 emlestem
3748 3932 3918 3991 vitam

2336 4022 2597 4097 exercui,
2627 4030 2688 4078 ut
2713 4021 2843 4078 dum
2866 4022 2925 4078 in
2952 4023 3092 4080 coelo
3116 4025 3414 4080 ascendere
3435 4066 3450 4093 ,
3491 4026 3623 4081 nihil
3662 4026 3793 4089 mihi
3818 4042 3914 4082 su-

2332 4113 2506 4182 persit
2549 4115 2694 4184 quod
2738 4114 2795 4169 in
2832 4122 2976 4173 terra
3015 4116 3225 4186 positus
3252 4133 3360 4173 non
3380 4118 3753 4188 impleverim;
3783 4120 3917 4176 nihil

2334 4205 2480 4260 enim
2518 4213 2715 4275 praeter
2749 4214 2806 4263 te
2833 4207 2979 4264 volui
3004 4223 3168 4279 super
3195 4218 3390 4266 terram
3407 4252 3424 4278 ,
3455 4211 3619 4266 etiam
3642 4212 3689 4266 si
3718 4211 3916 4268 deiecit

2336 4308 2431 4349 cor
2456 4309 2637 4351 meum
2660 4336 2679 4363 ,
2730 4301 2788 4353 et
2813 4312 2944 4354 caro
2970 4312 3092 4354 mea
3122 4300 3176 4355 in
3208 4282 3507 4370 passiones,
3536 4309 3595 4356 et
3612 4317 3744 4373 pars
3770 4317 3911 4368 mea,

2332 4385 2783 4457 quiaDeusest,
2828 4404 2946 4445 non
2984 4389 3220 4457 defecit,
3270 4392 3365 4449 sed
3401 4394 3908 4449 manetinsmcnla.

2255 4472 2310 4542 δ
2333 4475 2452 4532 Non
2497 4479 2643 4533 enim
2688 4486 2946 4548 pereunt,
2997 4480 3099 4546 nisi
3138 4480 3193 4535 hi
3230 4481 3325 4550 qui
3364 4482 3522 4550 longe
3560 4482 3850 4551 se-fnciunt
3875 4499 3909 4539 ι

2333 4564 2446 4620 Deo
2474 4574 2859 4623 conservatore
2885 4583 2986 4635 suo
3013 4588 3026 4621 :
3058 4576 3114 4624 et
3142 4570 3256 4641 ipse
3285 4588 3390 4645 non
3416 4571 3632 4642 perdet,
3657 4572 3759 4628 nisi
3786 4573 3910 4629 illos

2333 4657 2425 4725 qui
2454 4657 2785 4713 fornicamur
2825 4661 2892 4714 ab
2933 4658 3024 4715 illo
3052 4678 3065 4713 :
3099 4652 3280 4725 idest,
3314 4678 3543 4733 quorum
3571 4664 3744 4717 anima
3771 4663 3909 4719 alte-

2334 4760 2452 4801 rum
2478 4747 2627 4803 discit
2650 4746 2819 4803 Betim
2843 4786 2859 4811 ,
2910 4757 3004 4804 aut
3046 4765 3079 4804 a
3104 4748 3350 4809 veritatis
3384 4753 3636 4822 coniugio
3672 4766 3737 4809 se
3762 4751 3914 4808 falsi-

2332 4836 2444 4893 tate
2493 4839 2823 4895 commiscet.
2894 4838 3271 4911 Unusquisque
3314 4850 3497 4898 autem
3539 4851 3778 4901 uestrum
3825 4844 3914 4903 liis

2334 4928 2579 4996 probatis
2620 4928 2805 4984 dicat:
2854 4929 2983 4984 lilii
3030 4940 3208 4991 autem
3259 4932 3533 4991 adhaerere
3562 4932 3679 4989 Deo
3705 4935 3910 4990 bonum

2333 5018 2419 5077 est
2436 5055 2456 5084 ν
2505 5028 2562 5075 et
2602 5034 2809 5090 ponere
2856 5022 2910 5076 in
2934 5020 3163 5080 Domino
3191 5038 3342 5093 spem
3369 5038 3579 5092 meam,
3610 5034 3674 5080 ut
3699 5020 3910 5081 annun-

2333 5110 2464 5165 tiem
2506 5122 2700 5166 omnes
2746 5111 3081 5168 laudationes
3122 5112 3220 5168 Dei
3266 5114 3320 5169 in
3368 5110 3543 5184 portis
3588 5110 3709 5171 ﬁliae
3754 5110 3907 5174 Sion.

2334 5198 2469 5256 Filia
2508 5201 2646 5257 Sion
2695 5203 2870 5257 anima
2915 5200 3142 5259 credens
3189 5204 3424 5271 Christo,
3477 5218 3597 5277 qua:
3636 5208 3698 5262 in
3747 5207 3917 5265 uitem

2334 5282 3041 5365 paulum-inveniet'tlaudes,
3071 5303 3207 5364 quas
3232 5298 3336 5353 sibi
3372 5297 3427 5352 iii
3465 5290 3622 5356 titulo
3644 5290 3909 5360 defecisse

2331 5386 2593 5441 testatur;
2628 5383 2955 5440 Delecerunt
2996 5386 3049 5442 ei
3088 5386 3280 5443 laudes
3300 5429 3316 5455 ,
3341 5439 3344 5442 .
3365 5389 3493 5457 quia
3522 5390 3701 5446 τοιαδί
3726 5380 3819 5447 est
3846 5392 3913 5447 'in

2325 5474 2671 5547 peccantibus
2692 5516 2708 5542 ,
2748 5489 2892 5545 quas
2924 5468 3174 5532 inveniet
3212 5478 3273 5533 in
3317 5477 3506 5546 linem,
3544 5481 3595 5535 si
3616 5470 3913 5537 'adhaes'erit

2314 5564 2577 5631 Donum,
2602 5574 2663 5621 et
2688 5567 2742 5621 in
2772 5566 2890 5637 ipso
2915 5580 3069 5623 suam
3093 5580 3245 5638 spem
3262 5576 3347 5624 iex'
3606 5563 3907 5639 collocarit,

2326 5658 2416 5728 qui
2436 5666 2631 5731 regnat
2658 5659 2712 5713 in
2738 5659 2932 5721 saecula
2960 5652 3295 5715 saeculorum.
3329 5660 3519 5717 Amen.
3895 5690 3898 5699 ~
