4244 6258
290 380 395 435 429

797 487 1101 542 manus
1145 487 1368 566 LXXIII.

683 622 738 675 In
769 622 921 676 ﬁnem
952 621 1256 679 intellectus
1285 621 1483 690 Asaph.

379 757 446 810 Ut
493 757 638 826 quid,
668 755 816 816 Deus,
841 753 1070 822 repulisti
1115 755 1168 805 in
1216 753 1402 821 ﬁnem,
1433 754 1596 804 iratus
1625 759 1700 802 est
1723 741 1866 820 {uror

295 859 411 900 tuus
441 865 594 916 super
621 863 730 899 ores
750 861 953 915 pascua:
984 845 1124 898 tua)?
1153 841 1351 896 Memor
1371 852 1478 895 esto
1508 841 1864 910 congregatio-

295 941 377 990 nis
411 949 512 991 tua,
531 977 545 1000 ,
574 953 723 1007 quam
754 933 1023 1004 possedisti
1054 933 1117 986 ab
1146 934 1312 986 initio.
1371 917 1645 985 Redemisti
1674 931 1868 999 virgam

293 1019 611 1081 Iiwreditatis
662 1037 759 1078 tua:
781 1036 804 1088 ,'
843 1040 989 1076 mons
1041 1023 1168 1077 Sion
1207 1025 1259 1075 in
1301 1039 1398 1092 quo
1436 1019 1678 1073 habitasti
1707 1021 1760 1070 in
1788 1035 1864 1070 eo.

294 1118 431 1170 Leva
459 1133 641 1169 manus
672 1124 783 1167 tuas
809 1116 862 1166 in
892 1113 1155 1183 superbius
1184 1129 1356 1166 eorum
1383 1113 1436 1164 in
1467 1112 1651 1180 ﬁnem,
1681 1117 1873 1178 quanta

291 1206 608 1274 malignatus
629 1213 705 1256 est
735 1193 973 1255 inimicus
992 1204 1056 1253 in
1086 1208 1281 1252 sancto.
1315 1197 1384 1251 Et
1413 1199 1618 1269 gloriati
1646 1207 1763 1249 sunt
1787 1197 1871 1267 qui

293 1296 511 1349 oderunt
540 1304 586 1345 te
605 1295 661 1346 in
696 1293 864 1345 medio
891 1291 1230 1344 solemnitatis
1256 1297 1378 1352 tum,
1412 1296 1685 1358 posuerunt
1724 1287 1874 1356 signa

293 1403 386 1438 sua
408 1386 576 1454 signa,
608 1395 658 1436 et
686 1383 791 1435 nan
813 1391 1154 1451 cognoverunt
1182 1382 1311 1432 sicut
1331 1381 1381 1432 in
1407 1380 1544 1432 exitu
1575 1393 1722 1447 super
1735 1393 1872 1430 sum—

296 1491 452 1528 mum.
505 1472 669 1536 Quasi
716 1474 770 1525 in
803 1471 940 1525 silva
987 1471 1244 1541 lignorum
1289 1469 1543 1522 securibus
1568 1466 1873 1541 exciderunt

298 1570 483 1640 januas
511 1567 624 1635 ejus
653 1567 709 1617 in
731 1565 987 1633 idipsum,
1032 1562 1086 1614 in
1123 1562 1289 1614 securi
1335 1568 1383 1612 et
1412 1539 1874 1627 asciddejecerunt

298 1675 430 1710 eam.
484 1655 832 1710 lucendo-runt
876 1654 983 1723 igni
1032 1652 1384 1704 sanctum-ium
1429 1659 1567 1701 tuum
1612 1650 1664 1700 in
1713 1656 1870 1710 terra,

301 1749 588 1818 polluerunt
643 1744 1026 1798 tabernaculum
1081 1743 1302 1794 nominis
1364 1741 1455 1792 tui.
1513 1736 1769 1791 Dixerunt
1818 1738 1874 1789 in

1218 377 1681 433 COMMENTARII
1720 377 1782 430 IN
1823 375 2146 434 I’SALMOS.
2188 374 2376 430 PSAL.
2421 358 2648 430 LXX-IV.

3273 379 3282 390 -
3358 430 3364 442 ί
3439 370 3538 423 .130

1892 489 1939 547 Δ
1968 503 2146 542 sermo
2172 489 2376 557 ceperit
2406 487 2581 541 ﬁnem.
2604 485 2707 541 'Est
2735 485 2874 540 enim
2899 464 3028 539 etin
3054 482 3204 539 vobis
3233 496 3354 537 arca
3387 489 3543 536 testa-

1967 577 2131 632 menti
2179 577 2408 650 Domini,
2441 593 2601 645 quam
2630 575 2866 645 quotidie
2912 576 3093 629 hostes
3133 581 3397 628 conantur
3438 574 3543 627 eri-

1965 682 2112 735 pere,
2143 665 2194 719 id
2219 674 2319 731 est,
2345 667 2505 719 animi
2535 667 2907 728 constantiam,
2957 681 3075 736 qua:
3103 679 3202 733 pro
3231 662 3543 717 defensione

1965 757 2221 812 virtutum
2252 765 2438 811 contra
2478 757 2606 811 vitia
2635 758 2772 811 bella
2802 756 3103 810 committit.
3141 754 3196 808 Si
3231 769 3358 823 ergo
3386 754 3543 823 hujus

1969 847 2106 902 arcae
2132 848 2455 912 sacerdotes,
2488 847 2540 900 id
2558 854 2660 909 est,
2692 862 2886 916 corpus
2915 854 2968 900 et
2989 847 3164 900 anima
3186 861 3304 900 mea
3326 861 3394 899 ex
3412 861 3544 899 con-

1969 951 2128 991 sensu
2159 937 2457 1002 coluerunt,
2507 935 2795 1003 requiescit
2831 951 2990 1005 super
3026 949 3144 988 eam
3182 927 3458 998 Dominus,
3489 940 3544 1010 et

1971 1042 2076 1081 non
2107 1027 2380 1100 audebunt
2419 1025 2700 1089 datmonia,
2745 1041 2846 1079 nec
2871 1025 3068 1079 bellum
3099 1025 3152 1079 in
3199 1032 3322 1079 cute
3362 1024 3542 1078 consi-

1971 1125 2130 1171 stere.
2165 1117 2232 1170 At
2260 1117 2352 1171 ubi
2379 1117 2492 1172 haec
2517 1132 2615 1187 per
2642 1115 3015 1184 negligentiam
3052 1115 3390 1170 sacerdotum
3427 1129 3544 1168 ces-

1971 1207 2119 1267 serit,
2151 1208 2356 1276 capitur
2383 1207 2449 1260 ab
2489 1205 2831 1269 adversariis,
2864 1213 2919 1260 et
2945 1205 3262 1274 malignatur
3299 1204 3545 1260 inimicus

1973 1298 2024 1350 iu
2050 1306 2254 1361 sancto,
2285 1305 2339 1351 et
2367 1297 2665 1365 gloriantur
2691 1296 2783 1366 qui
2812 1294 3041 1350 oderunt
3067 1293 3350 1349 Dominum
3373 1295 3426 1348 in
3455 1310 3541 1348 eo.

1975 1385 2102 1442 Post
2131 1388 2241 1442 lucc
2266 1403 2386 1442 cum
2415 1388 2660 1458 lacrymis
2688 1385 2919 1461 orandus
2942 1393 3022 1440 est
3047 1385 3318 1450 Dominus,
3352 1391 3408 1438 ut
3428 1385 3545 1437 ani-

1974 1496 2088 1534 mas
2115 1495 2408 1550 pauperum
2443 1495 2550 1533 non
2582 1478 2944 1532 obliviscatﬁr.
2975 1476 3232 1531 Dominus
3259 1476 3313 1530 in
3353 1475 3549 1545 sempi—

1978 1577 2206 1634 ternum,
2239 1584 2345 1623 non
2389 1575 2662 1622 avertatur
2689 1568 2744 1621 in
2788 1563 3068 1637 perpetuo,
3108 1565 3320 1622 humilis
3355 1565 3548 1629 factus,

1977 1659 2250 1723 confusus,
2280 1665 2340 1712 ut
2376 1673 2485 1712 non
2515 1658 2567 1712 in
2596 1666 2853 1712 mternum
2886 1656 3124 1710 tradatur
3147 1657 3332 1711 bestiis
3373 1656 3550 1710 anima

1977 1765 2095 1818 qua:
2124 1748 2409 1804 conﬁtetur
2437 1749 2489 1804 ei
2520 1741 2546 1802 ε’
2563 1755 2624 1802 ut
2650 1733 2858 1827 memor
2883 1749 2952 1802 sit
2979 1756 3239 1803 creatura:
3266 1762 3393 1813 suat,
3425 1747 3552 1816 quia

301 1841 454 1894 corde
481 1857 574 1893 suo
603 1839 839 1909 cognatio
884 1851 1056 1890 eorum
1087 1833 1240 1887 simul
1263 1873 1276 1897 ,
1310 1830 1580 1895 Quiescere
1626 1829 1875 1914 faciamus
1903 1847 1918 1910 1

1903 1847 1952 1910 Β
1981 1842 2168 1914 repleti
2199 1850 2323 1895 sunt
2342 1841 2433 1910 qui
2461 1840 2733 1905 obscurati
2756 1847 2877 1893 sunt
2905 1848 3059 1893 terra:
3086 1839 3276 1910 domus
3304 1838 3553 1907 iniquita-

303 1947 476 1984 omnes
491 1931 607 1982 dies
639 1931 791 1998 festos
821 1926 915 1981 Dei
945 1943 976 1978 a
1008 1936 1162 1978 terra.
1216 1922 1378 1994 Signa
1408 1930 1588 1974 nostra
1615 1937 1718 1974 non
1746 1909 1876 1973 vidi-
1906 1909 1918 1938 ἶ

304 2038 439 2083 mus,
466 2022 579 2090 jam
609 2035 709 2070 non
738 2027 812 2070 est
839 2017 1083 2086 propheta
1101 2054 1114 2078 ,
1146 2023 1192 2067 et
1220 2030 1312 2067 nos
1340 2029 1442 2066 non
1470 2020 1738 2081 cognoscet
1763 2027 1877 2063 am-

309 2113 468 2181 plius.
505 2109 794 2180 Usquequo,
829 2107 998 2170 Deus,
1040 2104 1398 2175 improperabit
1425 2104 1680 2167 inimicus,
1707 2103 1882 2155 irritat

311 2200 637 2253 adversarius
665 2214 846 2252 nomen
874 2205 1013 2250 tuum
1041 2197 1092 2250 in
1113 2196 1286 2265 ﬁnem.
1322 2194 1390 2248 Ut
1413 2193 1534 2264 quid
1557 2194 1742 2248 avertis
1767 2208 1883 2244 ma-

312 2307 438 2343 num
468 2299 605 2342 tuum
629 2329 642 2352 ,
685 2297 733 2341 et
760 2287 1019 2340 dexteram
1048 2295 1182 2338 tuam
1206 2285 1266 2338 de
1293 2285 1456 2338 medio
1481 2284 1596 2337 sinu
1625 2291 1710 2336 tuo
1736 2282 1790 2334 in
1815 2281 1881 2350 ﬁ-

310 2383 465 2435 nem?
493 2380 630 2435 Deus
657 2379 832 2433 autem
860 2395 952 2433 rea:
977 2387 1148 2433 noster
1180 2386 1300 2431 ante
1326 2378 1513 2432 sucula
1541 2386 1780 2448 operatus
1807 2381 1884 2428 est

309 2474 530 2527 salutem
557 2473 610 2524 in
635 2471 802 2525 medio
831 2479 998 2524 terra.
1049 2468 1124 2522 Tu
1153 2471 1471 2539 conﬁrmasti
1508 2471 1564 2522 in
1589 2470 1772 2522 virtute
1795 2475 1884 2520 tua

309 2582 469 2629 mare,
501 2563 858 2640 contr-ibulasti
886 2565 1057 2633 capita
1080 2562 1359 2615 draconum
1386 2563 1443 2615 in
1465 2562 1631 2633 aquis.
1657 2558 1732 2613 Tu
1757 2575 1882 2612 con-

311 2657 509 2727 fregisti
559 2657 730 2725 capita
764 2655 1049 2708 draconum
1072 2695 1086 2719 ,
1131 2653 1318 2706 dedisti
1347 2669 1460 2705 eum
1490 2668 1658 2705 escam
1683 2651 1886 2722 populis

313 2746 741 2818 Etliiopum.'Tu
768 2747 1005 2817 dirupiin
1039 2749 1204 2816 fontes
1235 2755 1284 2798 et
1315 2753 1580 2808 torrentes,
1607 2753 1656 2796 tu
1685 2744 1889 2798 siccasti

313 2839 490 2906 [trurios
519 2836 566 2889 Ε
573 2837 727 2889 liram.
760 2835 896 2889 Tuus
925 2846 998 2889 est
1026 2836 1132 2888 dies
1156 2876 1169 2898 ,
1203 2844 1251 2887 et
1282 2845 1366 2887 tua
1386 2844 1460 2887 est
1489 2850 1614 2898 noa',
1646 2843 1697 2885 tu
1726 2832 1889 2903 fabri-4

312 2940 458 2983 catus
485 2947 539 2983 es
574 2946 816 2982 auroram
842 2938 891 2981 et
922 2928 1098 2982 solem.
1152 2929 1226 2981 Tu
1251 2930 1415 2998 fecisti
1445 2945 1616 2982 omnes
1648 2929 1890 2981 terminos

315 3033 464 3076 terra
491 3062 506 3086 ,
543 3031 783 3100 aestatem
833 3031 881 3073 et
917 3037 1002 3073 ver
1031 3030 1081 3072 tu
1111 3020 1379 3090 plasmasti
1408 3038 1487 3074 ea.
1558 3017 1757 3073 Mentor
1785 3031 1890 3073 esto

311 3115 491 3184 hujus,
523 3113 764 3166 inimicus
791 3111 1155 3181 improperabit
1181 3111 1424 3176 Domino,
1452 3123 1501 3165 et
1528 3111 1741 3181 populus
1769 3111 1893 3164 insi-

1981 1940 2113 1987 tum.
2142 1931 2405 2000 Exsurgat
2428 1946 2554 2000 ergo
2576 1930 2829 1986 Dominus
2855 1938 2908 1985 et
2931 1929 3132 2000 judicet
3151 1947 3362 1986 causam
3383 1946 3554 1994 suam,

1981 2023 2236 2092 quoniam
2265 2038 2361 2092 per
2381 2021 2718 2094 occasionem
2745 2028 3088 2092 peccatorum
3117 2037 3358 2075 meorum
3389 2021 3556 2075 inimiv

1983 2128 2078 2166 cus
2119 2113 2446 2182 improperat
2473 2109 2700 2165 Domino
2742 2129 2756 2164 :
2788 2110 3009 2176 Memor,
3043 2107 3248 2181 inquit,
3275 2120 3409 2176 esto,
3447 2110 3558 2165 Do-

1984 2205 2146 2268 mine,
2190 2203 2636 2274 imprOperiorum
2664 2210 2898 2268 tuorum,
2930 2217 3047 2272 qua:
3075 2203 3142 2256 ab
3189 2200 3559 2272 insipientibus

1987 2295 2121 2348 ﬁunt
2150 2302 2262 2350 tota
2292 2294 2396 2359 die,
2427 2302 2486 2348 ut
2515 2311 2622 2349 non
2651 2294 2982 2350 obliviscaris
3025 2310 3186 2350 voces
3213 2294 3561 2364 quaarentium

1990 2387 2040 2441 te
2069 2401 2166 2458 per
2210 2385 2600 2455 paenitentiam,
2651 2393 2704 2440 et
2728 2387 3184 2441 contemnentium
3231 2395 3285 2440 te
3311 2383 3561 2457 superbia

1988 2475 2240 2531 ascendat
2268 2475 2335 2528 ad
2360 2483 2431 2542 te,
2463 2482 2520 2530 ut
2546 2475 2650 2531 illis
2677 2477 3104 2548 superhientibus
3131 2477 3338 2546 reddas,
3384 2485 3439 2531 et
3465 2491 3562 2530 no-

1988 2569 2069 2622 bis
2098 2567 2476 2623 conﬁtentibus
2503 2583 2714 2640 parcas,
2745 2570 2834 2638 qui
2869 2583 3061 2637 regnas
3089 2569 3142 2623 in
3172 2567 3362 2623 smcula
3391 2583 3562 2623 saecu—

1992 2650 2183 2714 lorum.
2211 2659 2398 2732 Amen.
3561 2641 3564 2644 ﬁ

2487 2748 2800 2806 PSALMUS
2838 2747 3068 2803 LXXIV.

1991 2841 2048 2896 In
2080 2838 2239 2895 ﬁnem
2278 2855 2345 2896 ne
2371 2839 3129 2964 disperda:_vekscoqlmmpas,
3167 2838 3402 2910 psalmus
3438 2853 3566 2894 can-

2639 2925 2709 2964 ICl
2813 2926 2878 2964 an
2923 2949 2935 2962 .

2639 2925 2709 2964 ιρι
2737 2925 2935 2981 Asapn.

2065 3022 2433 3093 Conﬁtebimur
2475 3022 2583 3088 tibi,
2628 3019 2788 3087 Deus,
2828 3020 3182 3092 conﬁtebimur
3216 3031 3265 3076 et
3307 3021 3566 3076 invocabi-

1995 3132 2106 3169 mus
2135 3131 2321 3168 nomen
2351 3125 2508 3168 tuum.
2543 3112 2887 3168 Narfabimus
2913 3113 3169 3168 mirabilia
3199 3123 3305 3181 tua,
3337 3131 3451 3168 cum
3478 3131 3562 3166 ac-

310 3206 465 3274 piens
491 3201 722 3256 incitabit
749 3219 928 3256 nomen
961 3213 1118 3255 tuum.
1162 3200 1247 3254 Ne
1273 3203 1448 3254 tradas
1479 3201 1648 3261 bestiis
1687 3204 1889 3256 animas
1915 3213 1963 3277 ρ
1995 3225 2173 3278 cepero
2215 3216 2426 3277 tempus,
2469 3225 2559 3279 ego
2591 3208 2825 3279 justitias
2861 3205 3127 3279 judicabo.
3151 3207 3452 3281 Liquefacta
3493 3215 3569 3263 est

309 3296 620 3366 confitentes
643 3296 728 3348 tibi
754 3337 766 3357 ,
796 3306 844 3347 et
873 3296 1076 3348 animas
1096 3311 1374 3365 pauperum
1405 3304 1605 3348 tuorum
1625 3313 1688 3348 ne
1711 3295 1894 3350 01)ιίιεὶἈ

313 3387 476 3438 scaris
513 3386 570 3438 in
615 3383 789 3453 finem.
844 3383 1056 3453 Respice
1101 3385 1154 3436 in
1185 3391 1538 3438 testamentum
1571 3395 1737 3447 tuum,
1770 3386 1890 3457 quia

314 3475 492 3544 repleti
523 3486 640 3527 sunt
663 3475 747 3545 qui
775 3473 1029 3527 obscurati
1060 3482 1350 3527 sunt'terraz
1383 3473 1614 3528 domibus
1643 3476 1889 3544 iniquita-

317 3579 443 3618 tum.
479 3561 560 3616 Ne
585 3571 845 3618 avertatur
881 3563 1086 3616 humilis
1116 3565 1283 3634 factus
1312 3565 1553 3643 confusus
1578 3604 1592 3626 ,
1631 3581 1824 3634 pauper
1843 3573 1893 3616 et

317 3661 463 3728 inops
486 3657 766 3710 laudabunt
809 3672 994 3709 nomen
1043 3664 1200 3709 tuum.
1243 3654 1497 3726 Exsurge,
1538 3655 1698 3721 Deus,
1713 3656 1894 3726 judico

318 3765 526 3802 causam
556 3756 720 3810 tuam,
753 3763 946 3800 memor
973 3754 1080 3799 esto
1107 3747 1532 3815 improperiornm
1564 3757 1760 3799 tuorum
1803 3763 1891 3799 eo-

319 3858 431 3893 rum
462 3857 573 3910 qua:
601 3837 662 3891 ab
690 3828 957 3908 insipiente
984 3846 1103 3890 sunt
1147 3846 1253 3903 tota
1300 3838 1399 3890 die.
1470 3836 1548 3890 Ne
1576 3836 1892 3891 obliviscaris

320 3946 466 3983 voces
505 3931 823 3982 inimicorum
865 3936 1063 3981 tuorum
1088 3966 1102 3990 ,
1133 3927 1370 3996 superbia
1395 3944 1568 3980 eorum
1591 3929 1675 3998 qui
1703 3938 1750 3982 te
1771 3928 1893 3982 ode-

325 4027 444 4075 runt
475 4018 701 4072 ascendit
731 4035 941 4087 semper.

893 4113 1318 4163 couuéuranwu.

395 4201 569 4255 Iratus
602 4209 686 4254 est
709 4199 963 4255 Dominus
1009 4218 1166 4273 super
1198 4201 1379 4264 Israel,
1421 4217 1539 4255 cum
1584 4211 1726 4256 esset
1770 4217 1893 4257 arca

325 4291 419 4350 Dei
447 4293 503 4346 in
533 4291 664 4355 Silo,
695 4307 815 4367 cum
845 4291 1014 4361 Ophni
1036 4302 1088 4348 et
1117 4293 1344 4350 Phinees
1374 4293 1467 4348 ﬁlii
1497 4293 1613 4348 Heli
1645 4296 1695 4347 in
1730 4295 1896 4349 sacri-

324 4385 458 4439 ﬁciis
486 4384 597 4438 suis
635 4391 690 4437 et
730 4381 1169 4438 fornicationibus
1219 4400 1318 4439 nec
1354 4384 1613 4453 increpati
1660 4385 1898 4451 corrige-

325 4483 528 4529 rentur.
551 4473 763 4528 Tradita
793 4477 875 4528 est
902 4476 1058 4529 etiam
1082 4491 1203 4529 arca
1221 4475 1525 4529 testamenti
1555 4474 1893 4542 adversariis,

1996 3309 2152 3362 terra,
2174 3307 2223 3350 et
2245 3315 2418 3352 omnes
2447 3300 2532 3369 qui
2558 3297 2793 3352 habitant
2819 3301 2875 3353 in
2913 3316 2994 3366 ea,
3029 3314 3120 3371 ego
3148 3299 3446 3371 conﬁrmavi
3478 3317 3569 3354 co-

1993 3389 2197 3444 lumnas
2219 3391 2347 3460 ejus.
2381 3389 2506 3444 Dixi
2546 3393 2755 3464 iniquis,
2797 3390 2976 3446 Nolite
3013 3393 3183 3463 inique
3217 3409 3383 3464 agere,
3413 3401 3466 3445 et
3480 3393 3570 3446 den

1994 3479 2334 3550 linquentibus
2364 3481 2519 3534 nolite
2547 3483 2781 3535 exaltare
2809 3493 2986 3535 cornu.
3021 3480 3197 3535 Nolité
3232 3483 3477 3537 extollere
3513 3485 3570 3536 in

1995 3567 2156 3621 altum
2185 3583 2342 3621 cornu
2372 3579 2609 3632 vestrum,
2646 3570 2804 3622 nolite
2834 3569 2968 3639 loqui
2997 3570 3242 3623 adversus
3270 3569 3434 3623 Deum
3462 3573 3567 3622 ini-

1995 3659 2256 3726 quitatem.
2287 3655 2422 3720 Quia
2451 3675 2607 3728 neque
2635 3658 2696 3710 ab
2729 3659 2943 3728 oriente,
2975 3674 3136 3726 neque
3173 3658 3237 3710 ab
3285 3658 3566 3724 occidente,

1994 3722 2156 3818 neque
2183 3764 2216 3799 a
2250 3747 2462 3800 desertis
2502 3722 2755 3799 montibus
2774 3785 2787 3809 ,
2831 3722 3072 3815 quoniam
3102 3743 3243 3797 Deus
3274 3746 3439 3816 judea:
3470 3722 3563 3798 est.

1997 3836 2152 3890 Hunc
2183 3837 2417 3890 Itumiliat
2457 3844 2506 3888 et
2551 3834 2684 3887 hunc
2724 3834 2952 3898 exultat,
3002 3835 3122 3904 quia
3164 3834 3300 3887 calix
3330 3835 3383 3888 in
3413 3851 3568 3889 manu

1994 3927 2206 3982 Domini
2241 3929 2344 3980 vini
2380 3929 2507 3981 meri
2555 3926 2732 3997 plenus
2767 3925 2949 3980 mixto.
2993 3923 3064 3978 Et
3090 3926 3356 3980 inclinavit
3383 3944 3446 3981 ex
3474 3927 3569 3981 hoc

1994 4021 2049 4073 in
2072 4021 2187 4084 hoc,
2221 4027 2566 4074 verumtamen
2596 4019 2700 4090 [rex
2727 4019 2838 4089 ejus
2867 4023 2970 4070 non
2991 4023 3066 4071 est
3091 4017 3374 4084 exinanita,
3401 4017 3571 4072 bibent

1996 4128 2170 4164 omnes
2191 4121 2478 4181 peccatores
2509 4122 2674 4166 terrm.
2707 4108 2820 4182 Ego
2851 4116 3019 4178 autem
3045 4107 3359 4164 annuntiabo
3388 4111 3443 4163 in
3469 4126 3570 4165 sa:-

1995 4203 2187 4267 culum,
2216 4205 2432 4258 cantabo
2462 4203 2571 4258 Deo
2597 4201 2778 4257 Iacob.
2808 4200 2879 4255 Et
2909 4204 3083 4256 omnia
3111 4219 3302 4257 cornua
3329 4213 3568 4275 peccato-

1995 4311 2110 4347 rum
2139 4296 2482 4367 confringam,
2510 4305 2558 4349 et
2578 4293 2905 4348 exsultabant
2931 4311 3124 4350 cornua
3135 4296 3284 4364 justi.

2567 4448 3000 4488 COIIENTAMUI.
3055 4457 3063 4466 ⁸

326 4572 381 4619 et
409 4563 620 4631 gloriati
647 4571 769 4618 sunt
794 4565 885 4633 qui
915 4565 1142 4620 oderunt
1169 4581 1290 4619 eum
1320 4565 1370 4618 in
1401 4565 1579 4618 medio
1608 4565 1728 4618 atrii
1759 4564 1892 4634 ejus.
1923 4568 1977 4630 D
2074 4565 2358 4636 Aliquanta
2404 4565 2458 4620 in
2487 4566 2879 4636 septuagesimo
2909 4567 3068 4622 tertio
3111 4565 3310 4622 idcirco
3349 4573 3573 4638 prseter-

325 4653 488 4720 Quasi
517 4653 578 4708 in
625 4653 756 4707 silva
785 4655 1049 4722 lignorum
1079 4655 1394 4709 exciderunt
1419 4653 1610 4723 januas
1635 4656 1893 4710 munitio-

325 4763 469 4802 num.
520 4746 875 4801 Incenderunt
922 4747 1029 4814 igni
1072 4747 1375 4815 ubicunque
1420 4748 1736 4800 invenerunt
1775 4763 1897 4801 san-

326 4840 605 4904 ctuarium,
638 4838 689 4892 id
709 4847 813 4904 est,
839 4839 1016 4893 locum
1039 4839 1302 4894 orationis
1330 4855 1515 4894 eorum
1544 4846 1891 4893 exstructum.

327 4931 391 4986 Et
416 4933 695 5004 quiescere
723 4931 960 4986 fecerunt
983 4929 1149 4985 festos
1175 4930 1288 4985 dies
1308 4930 1519 4984 Domini
1543 4931 1595 4983 in
1625 4938 1787 4992 terra,
1817 4930 1896 4985 di-

327 5032 509 5080 centes
539 5043 552 5076 :
582 5023 698 5078 1am
728 5024 782 5077 in
810 5022 973 5076 Israel
1003 5036 1108 5075 non
1139 5030 1222 5076 est
1254 5021 1512 5091 propheta
1535 5061 1548 5085 ,
1590 5023 1771 5090 utique
1800 5038 1895 5076 au-

325 5118 532 5174 dientes
559 5116 674 5172 Heli
701 5124 968 5170 mortuum
991 5123 1046 5169 et
1065 5114 1198 5168 duos
1219 5112 1354 5167 ﬁlios
1375 5113 1508 5182 ejus,
1526 5114 1615 5186 qui
1638 5129 1899 5168 summam

326 5209 607 5274 sacerdotii
638 5207 894 5262 tenebant
920 5203 1130 5260 occiSos
1165 5205 1221 5258 in
1246 5203 1452 5274 ιιι-ωηο.
1482 5203 1697 5258 Samuel
1729 5204 1903 5258 adhuc

327 5272 441 5357 erat
467 5300 779 5363 infantulus,
810 5297 960 5366 cujus
983 5313 1084 5352 nec
1103 5272 1286 5367 opinio
1306 5305 1560 5366 cmperat.
1589 5295 1654 5348 Et
1684 5296 1803 5351 ideo
1824 5297 1902 5350 vi-

325 5393 550 5447 debatur
593 5391 962 5460 improperare
1008 5389 1254 5442 inimicus
1300 5387 1528 5456 populus
1571 5385 1806 5453 gentium
1850 5393 1903 5438 et

326 5483 602 5546 insultare,
631 5481 682 5534 in
712 5495 820 5549 quo
854 5487 1008 5545 rogat
1036 5493 1104 5532 ne
1134 5479 1338 5532 animas
1367 5493 1657 5546 pauperum
1684 5491 1902 5530 suorum

327 5575 669 5629 obliviscatur
702 5571 960 5626 Dominus
1001 5571 1052 5623 in
1100 5571 1503 5640 sempiternum,
1556 5579 1612 5621 ut
1656 5574 1902 5634 exsurgat

325 5672 378 5718 et
404 5662 605 5731 judicet
647 5676 863 5719 causam
911 5677 1080 5724 suam,
1132 5661 1256 5730 quia
1303 5641 1548 5729 superbia
1591 5674 1775 5711 eorum
1815 5658 1902 5724 qui

326 5753 574 5810 odiebant
597 5768 752 5819 eum,-
780 5751 1098 5806 asceudebat
1119 5751 1292 5805 nimis.
1324 5747 1592 5802 Hactenus
1619 5747 1903 5801 historicus

2004 4659 2244 4714 misimus
2257 4659 2484 4729 psalmo,
2507 4658 2631 4726 quia
2659 4657 2712 4711 in
2739 4659 3132 4726 septuagesimo
3153 4667 3344 4726 quarto
3365 4674 3427 4714 ea
3453 4676 3573 4715 cre-

1991 4752 2178 4815 dimus
2206 4749 2396 4803 melius
2423 4747 2760 4803 declaranda.
2791 4745 3193 4813 Conﬁtebimur,
3237 4749 3427 4818 inquit,
3457 4751 3573 4816 tibi,

2005 4841 2165 4895 Deus.
2189 4839 2246 4894 Si
2267 4846 2487 4909 peccata
2525 4835 2859 4903 conﬁtemur,
2893 4851 2998 4890 non
3024 4843 3082 4889 ut
3111 4837 3247 4890 sciat
3274 4853 3390 4906 quae
3420 4839 3572 4904 igno-

2003 4941 2106 4998 rat,
2138 4931 2258 4986 ideo
2287 4929 2620 4996 conﬁtemur,
2651 4929 2745 4985 sed
2769 4937 2828 4984 ut
2856 4944 2919 4984 ea
2948 4943 3066 5000 quae
3091 4931 3291 5000 optime
3318 4931 3464 4983 novit
3493 4929 3570 4980 iu-

2007 5025 2238 5092 dulgeat.
2267 5021 2400 5088 Quia
2430 5023 2746 5077 conﬁtemur
2774 5038 2897 5077 eum
2926 5029 2980 5076 et
3009 5035 3203 5075 nomen
3225 5019 3341 5086 ejus
3371 5017 3574 5069 invoca-

2004 5131 2142 5169 mus.
2174 5111 2453 5168 Confessio
2481 5113 2623 5167 enim
2645 5109 2954 5182 ptenitentis
2974 5111 3040 5164 ad
3062 5105 3441 5172 indulgentiam
3467 5121 3573 5158 non

2003 5206 2248 5268 attendit,
2279 5203 2321 5257 si
2345 5213 2503 5258 recta:
2527 5203 2646 5257 ﬁdei
2673 5201 2936 5259 invocatio
2960 5195 3188 5250 nominis
3217 5193 3311 5258 Dei
3334 5209 3438 5247 non
3469 5193 3576 5250 fue-

2003 5297 2074 5353 rit
2100 5298 2402 5361 subsecuta,
2455 5297 2507 5350 in
2545 5311 2650 5365 qua
2698 5289 3033 5348 confessione
3079 5291 3365 5340 narrantur
3397 5287 3574 5340 omnia

2005 5388 2266 5442 mirabilia
2295 5387 2430 5456 ejus,
2475 5401 2592 5454 qua:
2633 5381 2800 5436 sancti
2840 5375 3064 5447 symboli
3105 5381 3282 5429 textus
3321 5377 3570 5431 ostendit.

2007 5479 2202 5532 Verum
2245 5479 2364 5548 quia
2397 5478 2475 5546 (ut
2514 5473 2644 5540 dixi)
2696 5471 2747 5522 in
2791 5464 3159 5519 antecessione
3200 5466 3358 5534 hujus
3385 5467 3572 5536 psalmi

2007 5571 2277 5637 aliquanta
2316 5564 2553 5623 transivi,
2600 5574 2716 5627 qua:
2757 5565 2880 5610 sunt.
2930 5557 2980 5609 in
3010 5556 3114 5611 isto
3159 5557 3424 5612 reddenda
3467 5557 3575 5610 haec

2006 5669 2129 5713 sunt
2165 5679 2174 5710 ε
2205 5669 2262 5711 ιιι
2293 5669 2474 5709 narres
2503 5658 2687 5704 contra
2730 5647 3078 5702 Manichtuum
3109 5649 3284 5702 omnia
3313 5644 3572 5699 mirabilia

2007 5748 2139 5814 ejus,
2195 5757 2247 5801 ct
2289 5760 2391 5798 non
2431 5741 2574 5794 dicas
2624 5737 2859 5793 adversis
2908 5747 2963 5792 et
3003 5735 3282 5790 contrariis
3322 5729 3570 5788 mundum
