4244 6258
663 353 762 408 451

1981 339 2251 396 ΔΚΝΟΒΙΙ
2286 334 2589 394 JUNIORJS

2968 251 2974 255 .
2989 246 3060 257 σιφ-

3812 337 3922 390 652

655 466 771 533 agi,
821 471 877 520 et
918 464 1078 527 alium
1117 461 1249 516 lucis
1288 458 1583 524 dominum,
1642 455 1804 510 alium
1851 452 2192 508 tenebrarum
2214 491 2230 518 ,
2261 455 2316 514 Α
2339 465 2428 504 mo
2441 449 2617 513 venit,
2648 446 2742 504 sed
2761 443 3034 516 quomodo
3058 443 3200 498 Deus
3222 442 3391 513 judex
3418 451 3477 498 ut
3503 445 3790 514 superbum
3815 447 3919 502 hu-

666 558 830 612 alium
871 554 1042 608 noctis
1066 591 1082 616 ,
1129 551 1287 604 alium
1313 549 1470 611 .diei,
1516 547 1608 602 sed
1665 561 1828 600 unum
1881 544 2236 613 eamdemque

665 636 948 700 Dominum
1001 640 1344 704 confitentes,
1408 652 1684 692 narremus
1735 635 1915 691 omnia
1973 633 2236 688 mirabilia

659 733 800 804 ejus,
835 733 1110 788 dicentes:
1146 728 1290 784 Tuus
1322 736 1403 784 est
1425 727 1538 781 dies
1563 734 1618 781 et
1653 732 1742 779 tua
1779 733 1864 779 est
1899 739 2039 786 nox,
2071 730 2128 776 tu
2154 720 2236 776 fe-

662 825 782 882 cisti
828 822 996 878 solem
1040 829 1097 876 et
1139 820 1350 883 lunam,
1399 824 1638 872 aestatem
1703 823 1758 870 et
1801 829 1893 869 ver
1941 822 1998 867 tu
2043 810 2232 866 fecisti.

662 915 1002 973 Coniirmasti
1031 914 1085 968 in
1114 913 1308 967 virtute
1333 919 1423 965 tua
1466 924 1640 973 mare,
1685 915 1745 962 tu
1788 905 2096 972 confregisti
2141 919 2234 959 ca-

660 1009 773 1081 pita
795 1007 1085 1062 draconum
1114 1004 1166 1058 in
1197 1002 1367 1072 aquis,
1395 1001 1447 1055 id
1475 1007 1575 1064 est,
1625 998 1802 1068 capita
1847 997 2151 1051 daemonum
2181 994 2235 1048 in

663 1098 1007 1170 baptismate.
1032 1092 1184 1160 Quod
1212 1100 1392 1146 autem
1421 1090 1574 1161 aquis
1601 1088 1755 1154 dixit,
1797 1086 1966 1142 voluit
1992 1085 2238 1141 ostende-

661 1204 722 1242 re
749 1201 915 1241 unum
943 1185 1207 1254 baptisma
1237 1183 1288 1237 in
1313 1181 1466 1250 aquis
1485 1193 1644 1250 posse
1680 1177 1928 1233 omnibus
1955 1175 2232 1242 celebrari,

662 1277 960 1340 ﬂuminum,
1007 1273 1189 1337 maris,
1238 1270 1485 1332 fontium,
1517 1267 1857 1332 torrentium,
1900 1276 2230 1334 stagnorum,

663 1369 734 1423 ibi
765 1368 939 1437 capita
969 1364 1272 1418 daemonum
1303 1360 1728 1427 confringantur,
1762 1356 1813 1411 id
1841 1363 1942 1422 est,
1975 1356 2029 1410 in
2057 1354 2234 1410 omni-

661 1460 761 1513 bus
790 1455 964 1527 aquis.
994 1453 1167 1523 Caput
1193 1459 1371 1506 autem
1399 1449 1649 1505 draconis
1677 1447 1856 1516 magni
1884 1447 1937 1500 in
1965 1445 2234 1516 poeniten-

662 1549 737 1616 tia
763 1545 1060 1612 confringet
1086 1542 1364 1608 Dominus,
1393 1548 1448 1595 et
1474 1539 1566 1593 dat
1593 1553 1718 1593 eum
1745 1538 1799 1591 in
1825 1551 2005 1591 escam
2036 1533 2236 1604 populo

665 1639 999 1709 xEthiopum.
1035 1633 1318 1703 Ethiopes
1356 1647 1386 1685 a
1426 1631 1581 1701 plaga
1609 1628 1903 1683 meridiana
1926 1626 2062 1694 nigri
2087 1631 2232 1680 sunt.

663 1728 729 1785 Hi
750 1743 877 1796 ergo
900 1727 991 1796 qui
1033 1723 1418 1780 daemoniorum
1446 1718 1864 1774 meridianorum
1889 1717 2098 1771 ruinam
2135 1730 2234 1785 pa-

2337 541 2508 596 miliet
2535 541 2672 596 sicut
2696 538 2959 610 promisit,
3001 544 3058 591 et
3081 536 3280 592 exaltet
3300 537 3559 592 humilem
3581 537 3761 593 ferens
3788 540 3921 594 cali-

2337 648 2455 688 cem
2476 633 2528 687 in
2547 647 2710 686 manu
2734 630 2845 684 vini
2871 627 3008 683 meri
3034 627 3251 698 plemun
3279 629 3476 695 mixto,
3521 645 3586 684 ex
3623 645 3734 698 quo
3758 631 3917 687 incli-

2335 729 2430 776 nat
2461 736 2530 775 ex
2553 721 2658 776 hoc
2685 720 2738 773 in
2766 719 2890 774 hoc.
2915 715 3118 772 Vinum
3143 718 3276 773 duas
3302 719 3513 788 species
3536 720 3720 786 habet,
3753 737 3917 778 unam

2337 811 2480 866 unde
2507 810 2748 866 inﬁmos
2775 817 2948 876 sanat,
2981 808 3147 863 aliam
3173 809 3320 865 unde
3344 825 3509 866 santh
3527 810 3790 868 debilitet.
3837 813 3918 870 Ex

2337 915 2446 955 uno
2487 898 2784 968 eodemque
2827 898 2956 955 vino
2991 898 3153 966 justis
3197 898 3519 969 propinatur
3561 900 3629 956 ad
3664 902 3915 970 salutem,

2335 988 2708 1061 peccatoribus
2749 987 2817 1042 ad
2844 988 3119 1044 interitum
3166 988 3452 1057 irrogatnr.
3489 988 3642 1046 Sicut
3669 991 3806 1062 ignis
3826 994 3918 1063 ju-

2336 1081 2452 1144 stis,
2486 1079 2587 1134 faex
2613 1087 2792 1134 tamen
2817 1078 3000 1134 calicis
3018 1093 3128 1134 non
3147 1079 3475 1148 exinanitur,
3506 1089 3566 1136 ut
3591 1083 3780 1138 bibant
3810 1101 3918 1142 non

2335 1170 2510 1242 pauci,
2542 1168 2638 1224 sed
2674 1183 2862 1224 omnes
2905 1174 3220 1238 peccatores
3259 1177 3420 1225 terrae
3453 1188 3466 1223 :
3494 1172 3642 1239 quod
3686 1190 3797 1231 uno
3821 1192 3918 1232 eo-

2335 1262 2564 1332 demque
2588 1261 2784 1331 poculo
2803 1259 2922 1315 aliis
2933 1259 3097 1325 salus,
3116 1259 3236 1315 aliis
3254 1261 3504 1318 interitus
3525 1265 3726 1331 veniat,
3750 1269 3915 1324 etiam

2335 1350 2497 1408 hodie
2524 1352 2618 1421 qui
2639 1350 2856 1420 indigne
2881 1357 3159 1418 gustantes
3194 1350 3492 1406 hauserunt
3523 1371 3537 1406 :
3571 1354 3696 1411 inde
3714 1357 3822 1423 isti,
3853 1367 3916 1413 ut

2335 1443 2411 1496 ait
2433 1440 2741 1512 Apostolus,
2769 1439 2870 1495 sibi
2891 1439 3153 1509 judicium
3181 1449 3416 1496 sumunt.
3448 1441 3561 1500 Nos
3587 1452 3768 1501 autem
3798 1447 3914 1504 hac

2334 1533 2590 1598 scientes,
2620 1533 2666 1587 si
2702 1532 2951 1587 volumus
2991 1531 3227 1600 gaudere
3265 1531 3320 1587 in
3345 1535 3544 1590 saacula
3571 1537 3910 1605 saeculorum,

2334 1625 2408 1679 ita
2433 1631 2709 1680 cantemus
2727 1623 2841 1679 Deo
2860 1623 3046 1690 Jacob,
3070 1631 3130 1679 ut
3148 1625 3328 1680 omnia
3349 1635 3690 1696 peccatorum
3710 1646 3913 1689 cornua

2335 1714 2751 1784 confringamus,
2801 1715 2853 1770 id
2895 1723 2998 1780 est,
3053 1715 3308 1772 vitiorum
3355 1718 3729 1776 ventilationes
3774 1738 3912 1778 con-

661 1821 881 1880 tiuntur,
924 1815 1060 1884 nigri
1090 1813 1222 1867 fiunt
1249 1810 1389 1883 apud
1417 1810 1603 1873 Deum,
1647 1816 1702 1863 et
1728 1823 1826 1878 pro
1856 1808 1968 1877 ipsa
1997 1804 2232 1874 nigredi-
2263 1805 2312 1867 B
2340 1807 2627 1862 temnendo
2663 1807 2985 1877 frangamus,
3017 1814 3074 1861 et
3098 1805 3358 1862 virtutum
3384 1823 3581 1864 cornua
3609 1811 3912 1869 exaltemus

660 1911 744 1965 nis
788 1906 1008 1978 perfidia
1050 1903 1333 1973 ASthiopes
1372 1900 1726 1972 appellantur.
1772 1897 1836 1952 Hi
1892 1898 2071 1966 itaque
2113 1891 2263 1951 cum‘

659 1999 1079 2068 baptizarentur,
1131 1995 1256 2064 quia
1299 1993 1351 2047 in
1399 1992 1550 2061 aquis
1595 1989 1868 2045 confracta
1904 1996 2029 2043 sunt
2059 1987 2234 2058 capita

659 2093 980 2154 daemonum,
1023 2089 1293 2142 venenum
1328 2099 1487 2140 omne
1515 2084 1569 2138 in
1598 2083 1749 2152 aquis
1794 2081 2082 2135 fluentibus
2110 2095 2236 2134 eva-

659 2182 794 2236 nuit.
818 2180 887 2235 Et
910 2180 1030 2235 illos
1052 2179 1164 2248 jam
1187 2176 1435 2242 mundos,
1481 2191 1602 2231 cum
1631 2176 1698 2228 ab
1728 2174 1873 2228 omni
1902 2188 2112 2227 veneno
2139 2173 2236 2228 de-

657 2271 876 2326 faecatos
906 2268 1168 2334 exhibuit,
1193 2267 1402 2322 nuncin
1417 2267 1560 2321 sicco
1585 2265 1794 2335 positis,
1825 2263 1987 2318 draco
2011 2277 2235 2332 magnus

658 2361 776 2430 ipse
799 2361 1050 2430 princeps
1077 2357 1369 2413 draconum
1411 2355 1646 2420 advenit,
1674 2369 1831 2424 quem
1856 2353 1967 2433 suis
1994 2353 2236 2409 cibantes

660 2451 879 2507 nefariis
905 2449 1057 2506 factis
1080 2463 1289 2504 veneno
1329 2447 1444 2516 ejus
1487 2447 1681 2501 iterum
1710 2445 2003 2510 nigrarunt.
2035 2443 2234 2498 Verum

657 2546 781 2614 quia
812 2541 1195 2614 paenitentibus
1220 2539 1476 2594 auxilium
1515 2537 1708 2592 divinae
1737 2536 1951 2606 pietatis
1978 2535 2231 2597 occurrit,

551 2659 553 2662 ί
657 2635 1009 2704 confringitur
1036 2642 1091 2688 et
1118 2632 1277 2702 hujus
1319 2641 1480 2701 caput
1505 2629 1756 2684 draconis
1794 2629 1846 2682 in
1881 2629 2048 2684 sicco.
2080 2627 2232 2698 Aqua

657 2726 730 2780 ibi
759 2725 872 2780 sola
901 2724 1254 2794 lacrymarum
1282 2729 1381 2777 est.
1415 2720 1480 2775 Et
1517 2719 1641 2789 quia
1671 2735 1778 2774 non
1807 2727 1932 2774 sunt
1959 2717 2103 2773 fluvii
2131 2718 2235 2772 cir-

656 2812 718 2871 ca
749 2831 870 2871 eum
898 2809 1169 2878 salientes,
1195 2829 1313 2883 quae
1354 2819 1559 2866 tantum
1600 2809 1749 2866 nefas
1776 2809 1969 2865 veneni
1994 2809 2231 2875 abluant,

657 2908 814 2961 datur
842 2905 999 2960 eisin
1026 2904 1166 2968 cibo,
1203 2910 1257 2958 et
1299 2902 1493 2958 dicitur
1519 2901 1599 2956 eis
1632 2919 1644 2953 :
1678 2900 1900 2967 Quando
1939 2899 2232 2954 draconum

658 2995 832 3065 capita
859 2994 913 3048 in
940 2994 1092 3062 aquis
1105 2993 1256 3047 vobis
1270 2991 1544 3047 confracta
1564 2996 1708 3056 sunt,
1735 2989 1986 3059 gustastis
2015 2997 2069 3043 et
2099 2986 2233 3041 vidi--

659 3087 754 3141 stis
781 3101 938 3155 quam
960 3083 1139 3138 suavis
1165 3090 1248 3137 est
1275 3082 1557 3145 Dominus,
1596 3079 1755 3135 Modo
1789 3079 1912 3148 quia
1946 3078 2232 3133 Dominum

2338 1897 2394 1951 in
2419 1896 2647 1952 Domino
2684 1905 2871 1952 nostro
2897 1895 3026 1954 Jesu
3051 1895 3287 1964 Christo,
3311 1899 3402 1968 qui
3423 1909 3611 1970 mnat
3637 1902 3690 1957 in
3714 1904 3912 1961 saecula

2337 1989 2685 2045 saeculorum.
2697 1987 2890 2045 Amen.

2845 2099 3160 2160 PSALMUS
3194 2098 3405 2160 LXXV.

2336 2197 2395 2253 in
2424 2197 2582 2252 ﬁnem
2613 2198 2666 2252 in
2695 2198 3040 2264 carminibus,
3090 2199 3356 2270 canticum
3404 2197 3475 2254 ad
3501 2197 3748 2270 Assyrios
3775 2199 3909 2270 psai~

2945 2283 3066 2323 mus
3095 2267 3294 2338 Asaph.
3606 2267 3619 2270 ⁷
3703 2293 3710 2300 -

2407 2356 2576 2413 Notus
2615 2359 2670 2411 in
2704 2357 2890 2413 Iudaea
2937 2357 3096 2422 Deus,
3130 2359 3185 2412 in
3234 2357 3402 2414 Israel
3449 2375 3692 2430 magnum
3730 2375 3910 2414 nomen

2334 2450 2465 2520 ejus.
2495 2447 2566 2502 Et
2594 2450 2759 2520 factus
2788 2458 2864 2502 est
2890 2451 2944 2502 in
2966 2465 3093 2519 pace
3127 2450 3268 2504 locus
3298 2449 3430 2519 ejus,
3461 2457 3513 2502 et
3532 2446 3782 2503 habitatio
3802 2450 3910 2519 ejus

2334 2540 2388 2592 in
2412 2539 2561 2593 Sion.
2596 2537 2680 2592 lbi
2706 2540 2960 2610 confregit
2986 2540 3262 2609 potentias,
3308 2555 3502 2603 arcum,
3538 2548 3754 2603 scutum,
3792 2539 3914 2609 gla-

2336 2631 2477 2685 dium
2527 2639 2578 2684 et
2613 2629 2813 2684 bellant.
2850 2629 3158 2684 Illuminans
3185 2639 3238 2682 tu
3265 2629 3562 2684 mirabiliter
3589 2646 3622 2682 a
3658 2628 3912 2686 montibus

2336 2725 2560 2786 cateruis,
2592 2722 2781 2776 turbati
2808 2730 2927 2775 sunt
2949 2738 3123 2775 omnes
3148 2722 3447 2792 insipientes
3475 2721 3645 2776 corde.
3682 2719 3912 2777 Dormie-

2335 2824 2455 2868 runt
2480 2829 2715 2868 somnum
2742 2829 2909 2878 suum,
2939 2821 3006 2866 et-
3027 2812 3157 2866 nihil
3183 2813 3488 2866 inuenerunt
3513 2828 3688 2866 omnes
3711 2812 3804 2865 viri
3833 2812 3907 2866 di-

2335 2905 2574 2957 vitiarum
2602 2905 2657 2956 in
2685 2903 2923 2956 manibus
2956 2903 3080 2956 suis.
3123 2901 3198 2955 Ab
3238 2903 3594 2969 increpatione
3625 2911 3730 2968 tua,
3773 2901 3912 2957 Deus

2332 2991 2519 3056 Iacob,
2548 2993 2948 3047 dormitauerunt
2977 2994 3063 3064 qui
3084 2993 3426 3047 ascenderunt
3453 3009 3626 3064 equos.
3657 2993 3732 3045 Tu
3767 2995 3912 3048 terri-

2334 3085 2453 3140 bilis
2489 3103 2562 3152 es,
2593 3096 2643 3140 et
2662 3088 2774 3158 quis
2814 3087 3014 3140 resistet
3043 3086 3151 3151 tibi,
3185 3102 3250 3140 ea:
3280 3096 3396 3139 tunc
3427 3088 3510 3140 ira
3550 3096 3654 3140 tua.
3687 3079 3766 3141 De
3793 3087 3912 3142 caelo

657 3170 962 3244 reliquistis,
985 3181 1195 3243 gustate
1222 3181 1276 3229 et
1304 3172 1479 3227 videte
1504 3175 1665 3242 quam
1693 3186 1907 3224 amarus
1935 3177 2018 3224 est
2043 3170 2232 3227 diabo-
2261 3163 2307 3227 C
2337 3167 2569 3234 auditum
2597 3180 2765 3251 fecisti
2781 3179 3057 3250 judicium,
3092 3188 3228 3233 terra
3257 3179 3463 3233 tremuit
3481 3188 3531 3231 et
3557 3180 3759 3250 quieuit.
3789 3178 3912 3234 Cum

657 3268 757 3322 lus.
793 3267 870 3322 lbi
898 3266 1150 3335 gustastis
1177 3264 1282 3319 mel
1310 3272 1366 3318 et
1385 3264 1486 3328 lac,
1517 3263 1604 3318 hic
1632 3269 1842 3330 gustate
1871 3262 2104 3317 cinerem
2131 3279 2231 3333 pro

657 3375 815 3438 pane,
871 3365 926 3412 et
971 3357 1234 3427 lacrymas
1279 3361 1486 3408 vestras
1532 3354 1584 3407 in
1632 3352 1842 3422 poculis
1882 3352 2122 3408 miscete.
2154 3353 2232 3410 lbi

658 3461 836 3508 vestes
881 3448 1134 3508 candidas
1173 3455 1228 3503 et
1273 3447 1517 3511 mundas,
1575 3446 1663 3500 hic
1709 3461 1927 3501 sacceas
1965 3447 2228 3502 sordidas.

658 3542 733 3597 lbi
763 3541 1020 3596 habuistis
1047 3538 1319 3609 gaudium,
1356 3536 1443 3591 hic
1470 3536 1730 3604 mugitum
1759 3537 2123 3607 gemitumque
2149 3538 2233 3593 in-

657 3644 741 3690 ter
759 3634 986 3704 suspiria
1013 3637 1321 3701 excrepate.
1351 3628 1548 3698 Sicque
1585 3626 1866 3698 [Ethiopes
1895 3642 2013 3684 esse
2051 3643 2232 3684 cessa-

657 3727 799 3792 bitis,
823 3735 878 3781 et
897 3725 1151 3796 pristinus
1171 3722 1324 3778 vobis
1345 3720 1546 3777 candor
1574 3720 1933 3791 splendorque
1961 3721 2230 3778 reddetur.
2267 3735 2272 3739 ‘

657 3816 734 3872 ibi
764 3817 904 3871 enim
943 3815 1096 3880 vobis
1124 3822 1374 3884 rmnpcnt
1401 3813 1596 3874 iterum
1645 3812 1822 3867 fontes
1850 3819 1906 3866 et
1946 3820 2231 3879 torrentes,

660 3910 751 3965 ubi
784 3893 965 3964 siccati
986 3907 1199 3963 fuerunt
1226 3904 1370 3959 ﬂuvii
1399 3903 1621 3959 Ethan.
1656 3902 1856 3958 [Ethan
1887 3903 2033 3957 fluvii
2060 3903 2113 3957 in
2141 3902 2236 3958 de-

657 4009 804 4056 serto
825 3999 949 4054 Sina
975 3997 1178 4052 inventi
1199 4002 1343 4050 sunt.
1374 3992 1453 4046 Ex
1482 3994 1676 4061 quibus
1703 3993 1794 4061 qui
1815 3999 2103 4058 gustasset,
2127 4007 2234 4046 non

657 4079 795 4152 sient
821 4089 888 4144 de
917 4087 1129 4159 myrrha
1169 4083 1274 4156 [ΑΙ.
1321 4081 1492 4154 mora]
1521 4067 1874 4136 amaritudine
1905 4081 2230 4151 replebatur,

657 4179 749 4235 sed
770 4178 947 4234 statim
981 4184 1191 4230 tumore
1219 4179 1517 4241 correptus,
1549 4171 1738 4226 mortis
1764 4170 2004 4240 periculo
2049 4171 2232 4241 subja-

657 4271 834 4326 cebat.
858 4264 1082 4335 Quando
1103 4277 1252 4334 ergo,
1273 4261 1488 4334 quando
1517 4264 1761 4316 convertit
1784 4262 2008 4318 solidam
2033 4272 2232 4334 petram

656 4361 709 4413 in
737 4369 924 4430 stagna
945 4372 1110 4428 aquae,
1133 4363 1182 4409 et
1197 4370 1371 4424 rupem
1385 4355 1439 4406 in
1463 4355 1627 4425 fontes
1648 4369 1897 4424 aquarum
1920 4353 2035 4423 (Ps.
2059 4355 2228 4425 cxm),

655 4450 746 4504 isti
771 4448 971 4502 :Etban
1000 4445 1143 4500 fluvii
1166 4445 1263 4499 Dei
1292 4452 1424 4498 nutu
1445 4444 1731 4499 siccarunt.
1760 4444 1914 4512 Quod
1943 4445 2139 4501 factum
2162 4447 2231 4502 ad

2333 3281 2629 3342 exsurgeret
2654 3272 2709 3324 in
2730 3271 2982 3341 judicium
3010 3269 3170 3336 Deus,
3211 3280 3268 3323 ut
3311 3272 3482 3325 salvos
3517 3273 3707 3341 faceret
3741 3287 3912 3326 omnes

2334 3372 2622 3417 mansuetos
2654 3372 2823 3417 teme.
2850 3362 3108 3427 Quoniam
3134 3363 3374 3434 cogitatio
3397 3363 3618 3418 hominis
3647 3364 3913 3433 conﬁtebi-

2336 3461 2419 3505 tur
2443 3453 2552 3519 tibi,
2583 3462 2632 3506 et
2660 3453 2888 3522 reliquie
2915 3454 3242 3524 cogitationis
3263 3453 3398 3508 diem
3418 3455 3604 3523 festum
3622 3461 3776 3525 agent
3803 3450 3913 3509 tibi.
3938 3507 3940 3510 ,

2343 3543 2532 3598 Vovete
2550 3552 2599 3598 et
2629 3542 2824 3598 reddite
2849 3542 3074 3599 Domino
3095 3543 3206 3599 Deo
3224 3553 3408 3608 vestro,
3432 3561 3608 3598 omnes
3628 3545 3715 3616 qui
3741 3545 3796 3598 in
3810 3545 3915 3598 air--

2335 3634 2471 3687 cuitu
2499 3636 2610 3705 ejus
2631 3633 2830 3704 ajfertis
2851 3650 3081 3688 munera.
3103 3632 3357 3698 Terribili,
3380 3642 3431 3688 et
3459 3635 3507 3688 ei
3526 3635 3611 3705 qui
3626 3633 3913 3705 aufertspi-

2336 3725 2490 3779 ritum
2517 3726 2827 3796 principum,
2853 3723 3067 3779 terribili
3090 3723 3230 3794 apud
3257 3739 3430 3778 omnes
3450 3739 3591 3795 reges
3612 3731 3782 3778 terra.

2898 3873 3331 3915 COIIENTARIUI.

2401 3988 2679 4044 Canticum
2699 3996 2886 4044 contra
2906 3989 3198 4061 Assyrium,
3221 3989 3276 4044 id
3304 3998 3405 4057 est,
3421 3997 3606 4046 contra
3635 3989 3912 4046 diabolum

2334 4081 2663 4137 inchoamus.
2697 4080 2894 4135 Contra
2919 4097 3042 4136 eum
3078 4083 3220 4138 enim
3239 4089 3400 4138 notus
3427 4081 3596 4138 factus
3624 4091 3708 4138 est
3735 4083 3787 4138 in
3809 4081 3910 4138 Ju-

2333 4170 2445 4226 daea
2465 4169 2625 4237 Deus,
2640 4173 2691 4225 in
2705 4170 2906 4226 Christo
2926 4172 3168 4227 mundum
3181 4173 3518 4228 reconcilians
3527 4175 3628 4228 sibi
3643 4173 3686 4245 (ι
3705 4172 3911 4242 Cor.v).

2332 4261 2390 4316 ln
2419 4261 2583 4318 lsrael
2620 4277 2872 4331 magnum
2898 4279 3096 4319 nomen
3123 4263 3259 4332 ejus.
3291 4263 3450 4319 lsrael
3479 4265 3642 4320 homo
3677 4263 3909 4319 Judaeus.

2332 4354 2497 4410 Deum
2518 4370 2646 4425 ergo
2665 4355 2756 4427 qui
2767 4355 2897 4411 vidit
2915 4357 3187 4413 hominem
3207 4365 3263 4412 et
3281 4351 3702 4420 crediditDeum,
3725 4357 3780 4412 in
3794 4358 3912 4427 ipso

2331 4447 2564 4517 primum
2591 4448 2791 4503 factum
2818 4456 2900 4503 est
2926 4463 3122 4504 nomen
3151 4449 3288 4519 ejus.
3315 4449 3394 4504 ita
3415 4457 3475 4504 ut
3493 4448 3771 4504 diceret-ei
3796 4467 3808 4501 :
3833 4447 3912 4501 Tn

656 4539 760 4593 hoc
785 4537 951 4600 ducit,
981 4535 1106 4604 quia
1143 4535 1526 4604 paenitentibus
1552 4534 1752 4591 jEthan
1776 4535 1920 4591 fluvii
1954 4538 2231 4593 exsiccan-
2261 4530 2309 4590 1)
2334 4555 2387 4591 es
2419 4538 2630 4604 Petrus,
2668 4549 2718 4594 et
2744 4557 2902 4612 supra
2929 4541 3064 4594 hanc
3095 4540 3307 4596 Petram
3329 4540 3598 4612 aediﬁcabo
3627 4539 3914 4596 Ecclesium

654 4635 758 4680 tur.
794 4623 862 4678 Et
889 4639 956 4678 ex
983 4622 1266 4693 desperato
1294 4623 1469 4694 lapide
1495 4634 1657 4694 atque
1683 4625 1962 4681 durissima
1990 4636 2141 4695 petra
2173 4629 2228 4685 in

654 4719 889 4780 deserto,
921 4725 976 4772 et
1003 4716 1056 4771 in
1076 4697 1442 4786 squalentibus
1470 4717 1604 4772 locis
1633 4713 1803 4788 posita
1827 4718 2000 4774 fontes
2028 4721 2228 4790 pariter

655 4813 943 4880 erumpunt
978 4814 1139 4876 atque
1185 4814 1470 4862 torrentes.
1522 4806 1646 4861 Haec
1701 4805 1825 4862 fecit
1863 4807 1976 4863 Rex
2019 4800 2269 4874 noster,‘

654 4898 796 4956 Deus
819 4906 945 4954 ante
965 4897 1155 4953 saecula
1182 4897 1276 4966 qui
1301 4905 1381 4951 est
1404 4898 1537 4967 ipse.
1568 4896 1690 4952 Haec
1711 4898 1834 4953 fecit
1855 4898 1970 4954 Rex
1993 4900 2084 4968 qui
2106 4917 2226 4971 ope-

653 4978 800 5047 ratus
817 4999 893 5045 est
913 4990 1127 5046 salutem
1163 4990 1219 5042 in
1243 4987 1409 5042 medio
1432 4998 1580 5042 terra:
1606 4988 1776 5060 (Psal.
1807 4991 2011 5062 Lxxlu),
2043 4991 2097 5045 in
2119 4990 2227 5046 Do-

655 5086 802 5140 mino
831 5093 1015 5140 nostro
1041 5081 1170 5138 Jesu
1197 5080 1432 5144 Christo,
1474 5083 1564 5151 qui
1605 5083 1740 5137 dixit
1779 5083 1975 5153 iniquis
2004 5102 2016 5136 ε
2049 5083 2226 5140 Nolite

655 5177 837 5246 iniqua
859 5190 1036 5245 agere,
1059 5182 1114 5229 et
1138 5173 1304 5229 nolite
1323 5171 1752 5243 delinquentibus
1777 5175 2014 5229 exaltare
2034 5191 2222 5242 cornu,

658 5264 826 5319 nolite
849 5265 1109 5320 extollere
1137 5264 1188 5318 in
1215 5264 1380 5318 altum
1425 5280 1592 5319 cornu
1639 5273 1896 5328 vestrum,
1945 5265 2109 5320 nolite
2148 5267 2228 5321 Io-

657 5353 750 5422 qui
780 5353 1059 5409 adversum
1087 5354 1254 5410 Deum
1277 5356 1632 5426 iniquitatem.
1654 5356 1713 5411 Si
1731 5357 1852 5426 quis
1877 5365 2055 5412 autem
2077 5359 2226 5414 vobis

657 5443 872 5505 dixerit,
901 5441 1040 5498 Ecce
1066 5445 1152 5498 hic
1173 5444 1434 5512 Christus,
1470 5453 1563 5501 aut
1591 5461 1718 5502 ecce
1753 5446 1879 5508 illic,
1908 5447 2071 5502 nolite
2103 5463 2224 5503 cre-

659 5535 810 5598 dere,
847 5535 970 5604 quia
1013 5549 1185 5603 neque
1222 5539 1287 5591 ab
1331 5539 1556 5601 oriente,
1601 5553 1772 5608 neque
1815 5539 1880 5592 ab
1929 5538 2221 5606 occidente,

661 5615 834 5699 neque
855 5638 883 5678 a
909 5624 1134 5678 desertis
1153 5627 1440 5690 montibus,
1465 5626 1558 5683 sed
1578 5629 1714 5684 sicut
1737 5626 1911 5696 fulgur
1931 5628 2003 5682 ita
2023 5629 2220 5692 veniet,

661 5719 910 5791 quoniam
942 5715 1083 5774 Deus
1105 5716 1267 5788 judex
1297 5725 1395 5775 est.
1434 5719 1548 5775 Non
1577 5721 1652 5794 sic
1674 5711 1815 5778 venit
1834 5720 2103 5793 quomodo
2127 5720 2224 5779 ho-

2333 4645 2519 4682 meam.
2551 4629 2619 4684 Et
2637 4631 2762 4700 quia
2788 4639 2952 4702 porta:
2976 4633 3130 4704 inferi
3150 4648 3253 4687 non
3281 4633 3630 4703 praevalebunt
3667 4632 3911 4687 adversus

2333 4736 2448 4773 eam
2485 4719 2697 4791 (Matth.
2730 4721 2872 4791 xw).
2907 4721 2982 4777 lbi
3027 4722 3291 4793 confregit
3327 4739 3530 4780 cornua
3567 4738 3802 4787 arcuum,
3850 4731 3912 4778 et

2331 4817 2560 4876 scutum,
2585 4821 2640 4866 et
2659 4812 2911 4881 gladium,
2928 4821 2984 4868 et
3001 4814 3218 4881 bellum,
3243 4813 3474 4885 fecitque
3492 4817 3547 4872 in
3574 4831 3706 4886 pace
3723 4815 3908 4871 locum

2330 4900 2463 4971 ejus,
2488 4909 2542 4958 et
2568 4903 2952 4960 habitationem
2981 4905 3096 4975 ejus
3135 4907 3191 4961 in
3219 4905 3376 4973 Sion,
3420 4916 3474 4963 et
3504 4909 3819 4964 illuminavit
3855 4909 3910 4964 ei

2329 5007 2361 5046 a
2382 4993 2651 5050 montibus
2669 4996 2901 5060 aeternis,
2927 5012 2956 5050 a
2980 4997 3254 5068 prophetis
3277 4999 3370 5067 qui
3397 4997 3614 5054 fueramt
3638 5000 3706 5054 ab
3730 4993 3904 5055 initio.

2330 5082 2532 5139 Contra
2560 5101 2720 5156 quam
2747 5088 3030 5143 turbantur
3057 5103 3225 5158 usque
3251 5089 3412 5146 hodie
3439 5105 3628 5146 omnes
3651 5091 3907 5162 insipien-

2328 5182 2413 5230 tes
2436 5174 2618 5232 corde.
2647 5176 2716 5231 Et
2741 5178 2832 5247 qui
2858 5179 3158 5236 moriuntur
3176 5180 3230 5236 in
3249 5181 3483 5251 peccatis
3507 5182 3620 5246 suis
3642 5181 3910 5239 dormien-

2329 5275 2412 5323 tes
2437 5284 2686 5324 somnum
2711 5270 2898 5326 mortis
2926 5287 3100 5335 suum,
3126 5273 3180 5327 id
3206 5280 3306 5339 est,
3348 5289 3593 5330 somnum
3634 5289 3745 5330 suae
3772 5260 3925 5330 dor:

2332 5358 2576 5414 mientes.
2610 5359 2750 5414 Nihil
2771 5361 3086 5418 invenerunt
3113 5363 3165 5417 in
3213 5363 3456 5418 manibus
3481 5363 3592 5420 suis
3615 5363 3688 5419 ibi
3717 5378 3909 5420 omnes
3934 5431 3938 5434 ι

2333 5449 2430 5504 viri
2467 5449 2788 5522 divitiarum.
2821 5451 2919 5507 Hic
2947 5453 3086 5508 enim
3109 5461 3392 5511 nascentes
3416 5469 3533 5524 quae
3565 5456 3904 5523 invenerunt,

2332 5538 2420 5593 hic
2454 5539 2742 5595 morientes
2781 5541 3104 5612 relinquunt.
3152 5543 3267 5599 Non
3317 5545 3488 5600 solum
3538 5545 3732 5600 divites
3775 5546 3906 5601 dor-

2331 5628 2532 5695 miunt,
2569 5630 2664 5687 sed
2702 5638 2758 5686 et
2805 5632 2968 5687 fortes
3007 5635 3098 5704 qui
3139 5633 3494 5690 ascenderunt
3535 5650 3721 5706 equos.
3766 5635 3907 5690 Deus

2331 5721 2472 5779 enim
2492 5722 2742 5779 terribilis
2766 5732 2865 5788 est,
2889 5732 2944 5781 et
2973 5740 3129 5783 nemo
3149 5734 3328 5796 potest
3357 5727 3612 5783 resistere
3646 5728 3718 5782 ei.
3754 5725 3906 5783 Tunc
