4244 6258
318 423 424 486 λεδ

1199 425 1668 484 ΟΟΜΜΕΝΤΑΒΙΙ
1704 426 1771 482 I‘N
1811 424 2135 480 PSLAMOS.
2178 429 2365 490 PSAL,
2408 425 2658 486 LXXVII.

3461 425 3568 489 434

319 542 373 594 in
403 542 483 595 ira
509 556 626 606 sua,
657 556 775 594 cum
804 541 942 594 enini
969 539 1188 609 cmperit
1210 537 1466 607 judicium
1490 538 1558 592 de
1586 539 1724 593 cmlo
1745 537 1893 606 jacu-
1919 536 1974 599 Α
1999 539 2282 595 ricordiam
2311 557 2461 597 suam
2480 545 2506 596 ἲ
2533 541 2598 598 Et
2625 541 2754 608 dixi,
2785 543 2942 598 Modo
2981 545 3142 614 ccepit
3179 547 3403 600 mutatio
3435 547 3570 604 dex-

318 630 441 696 lari,
468 641 612 686 terra
648 641 838 686 tremet
865 639 920 686 et
957 631 1215 700 quiescet,
1246 645 1366 684 cum
1394 643 1683 700 exsurgere
1709 644 1892 699 coepe-
1998 639 2126 685 terte
2161 630 2388 687 Excelsi.
2431 631 2500 687 Et
2540 642 2598 688 ut
2641 633 2951 701 ostendam,
2997 635 3191 706 inquit,
3239 637 3366 706 quia
3404 637 3567 694 modo

319 723 391 776 rit
413 723 470 777 in
509 722 714 792 judicio
759 722 917 786 Deus,
964 722 1018 776 in
1047 735 1156 790 quo
1183 737 1292 776 non
1334 721 1565 776 salvabit
1599 720 1753 788 alios,
1791 720 1894 775 nisi

319 830 512 870 omnes
536 821 842 869 mansuetos
883 822 1056 869 terra.
1097 813 1175 868 lbi
1201 813 1454 882 cogitatio
1481 813 1715 868 hominis
1757 827 1890 867 con-

322 902 560 959 ﬁtebitur
599 904 649 958 ei
668 946 683 969 ,
729 912 784 960 et
823 904 1061 974 reliquiae
1097 903 1484 972 cogitationum
1510 901 1654 957 diem
1697 900 1892 956 festum

320 1003 484 1064 agent
509 995 638 1051 Deo.
664 995 752 1051 Sic
775 1000 934 1052 erunt
951 1011 1143 1051 omnes
1167 995 1283 1050 dies
1303 994 1592 1063 iustorum,
1621 991 1892 1062 quomodo

317 1085 474 1140 nobis
498 1085 663 1140 semel
683 1085 737 1140 in
765 1100 906 1141 anno
933 1093 1152 1141 sanctus
1171 1083 1286 1140 dies
1319 1089 1401 1138 est
1427 1081 1664 1137 Pascha.
1695 1077 1893 1134 Omnes

317 1189 445 1244 ergo
461 1176 637 1232 sancti
660 1175 777 1231 dies
814 1175 982 1232 festos
1011 1183 1172 1244 agent
1196 1174 1348 1240 Deo;
1389 1179 1446 1227 et
1469 1186 1587 1236 vos,
1618 1170 1808 1239 inquit,
1845 1169 1892 1225 si

316 1267 473 1323 vultis
499 1267 732 1336 gaudere
756 1282 878 1322 cum
905 1267 1125 1332 sanctis,
1150 1273 1344 1321 vovete
1371 1272 1426 1319 et
1445 1261 1651 1318 reddite
1665 1259 1892 1316 Domino

316 1355 426 1413 Deo
445 1367 646 1424 vestro,
676 1372 867 1414 omnes
892 1358 986 1428 qui
1012 1357 1068 1412 in
1095 1356 1322 1412 circuitu
1361 1353 1478 1423 ejus
1503 1350 1739 1408 oll'eretis
1773 1365 1892 1404 mu-

317 1462 463 1511 nera,
491 1463 762 1504 memores
780 1447 980 1503 debent
1005 1461 1126 1502 esse
1144 1445 1272 1515 quid
1291 1443 1555 1506 voverint,
1575 1448 1667 1496 aut
1685 1441 1772 1496 cui
1791 1455 1890 1496 vo-

315 1539 504 1595 verint.
536 1539 670 1594 Nam
714 1540 770 1592 in
812 1538 1148 1610 baptismatis
1190 1535 1593 1592 consecratione
1629 1538 1890 1588 voverunt

314 1632 520 1701 seipsos
547 1631 778 1697 tradere,
810 1639 867 1687 et
900 1631 1146 1686 omnibus
1173 1629 1426 1700 operibus
1452 1627 1651 1684 diaboli
1686 1641 1886 1681 renun-

317 1721 471 1777 tiare.
518 1720 631 1777 Hoc
657 1721 864 1776 reddite
890 1719 1121 1775 Domino
1157 1718 1270 1774 Deo
1295 1725 1498 1784 vestro,
1544 1724 1669 1771 ante
1703 1714 1889 1770 oculos

273 1817 284 1824 ’
316 1814 419 1870 hoc
444 1813 721 1879 habentes,
750 1813 873 1883 quia
899 1813 1061 1869 etiam
1086 1811 1386 1882 principum
1417 1809 1623 1864 auferet
1649 1807 1885 1878 spiritus,

314 1917 439 1968 eum
464 1918 497 1958 a
521 1909 652 1958 voto
678 1902 968 1958 discedunt;
1000 1901 1068 1956 Et
1091 1910 1174 1957 est
1200 1900 1451 1956 terribilis
1471 1900 1634 1954 etiam
1679 1897 1894 1966 regibus
1919 1883 1969 1945 Β

316 1999 493 2048 terrae.
520 1992 625 2063 Ipsi
648 1991 816 2062 gloria
842 1993 895 2046 in
922 1991 1115 2046 saecula
1141 1991 1475 2046 sazculorum.
1508 1991 1698 2044 Amen.

815 2126 1126 2184 PSALMUS
1171 2127 1396 2185 LXXVI.

571 2239 628 2296 In
656 2239 814 2296 linem
831 2256 930 2312 pro
949 2240 1418 2314 ldithun,psalmus
1438 2242 1634 2314 Asapb.

403 2375 536 2430 Voce
555 2393 666 2430 mea
689 2376 760 2430 ad
783 2375 1058 2450 Dominum
1077 2377 1310 2443 clamaui,
1331 2393 1451 2432 voce
1468 2393 1584 2432 mea
1611 2377 1680 2430 ad
1699 2376 1884 2442 Deum,

316 2476 366 2520 et
411 2467 632 2521 intendit
678 2465 920 2523 mihi.°ln
948 2468 1031 2522 die
1056 2469 1402 2524 tribulationis
1433 2485 1561 2524 metu
1601 2468 1763 2523 Deum
1789 2485 1884 2524 ea:-

315 2556 514 2625 quisivi,
545 2555 779 2610 manibus
805 2558 932 2610 meis
971 2566 1118 2612 nocte
1157 2568 1338 2613 contra
1372 2575 1508 2624 eum,
1551 2569 1601 2612 et
1627 2576 1732 2613 non
1776 2575 1888 2613 sum

316 2645 569 2714 deceptus.
603 2644 794 2700 Renuit
819 2649 1079 2702 consolari
1102 2650 1278 2702 anima
1299 2663 1434 2714 mea,
1456 2665 1649 2703 memor
1677 2651 1752 2719 fui
1791 2647 1890 2702 Dei

315 2743 361 2787 et
391 2735 664 2792 delectatus
691 2753 823 2800 sum,
854 2746 902 2790 et
927 2739 1235 2792 exercitatus
1275 2755 1409 2803 sum,
1439 2746 1489 2791 et
1526 2738 1710 2809 defecit
1735 2739 1891 2807 spiri-

307 2831 399 2892 tus
425 2840 583 2877 meus.
629 2825 1052 2894 Anticipaverunt
1094 2826 1295 2896 vigilias
1322 2826 1457 2880 oculi
1499 2828 1618 2891 mei,
1660 2825 1893 2880 turbatus

316 2932 427 2970 sum
455 2926 504 2970 et
532 2933 636 2970 non
663 2933 776 2970 sum
803 2918 1019 2971 locutus.
1049 2914 1281 2987 Cogitavi
1308 2917 1415 2971 dies
1445 2918 1698 2988 antiquos,
1720 2926 1772 2972 et
1797 2935 1891 2972 an-

314 3025 406 3063 nos
437 3017 662 3064 mternos
688 3011 744 3063 in
769 3017 938 3063 mente
965 3007 1140 3062 habui.
1184 3007 1254 3062 Et
1289 3009 1561 3063 meditatus
1595 3027 1708 3063 sum
1745 3017 1893 3064 nocte

311 3117 429 3154 cum
459 3099 617 3154 corde
651 3116 784 3164 meo,
821 3108 871 3153 et
907 3098 1246 3164 exertitabar,
1273 3109 1325 3153 et
1360 3100 1630 3168 scopebam
1654 3101 1890 3171 spiritum

313 3207 503 3244 meum.
528 3187 781 3262 Nunquid
805 3191 860 3243 in
884 3199 1129 3244 wternum
1151 3189 1386 3260 projiciet
1403 3188 1656 3256 Deus,aut
1674 3208 1778 3246 non
1793 3197 1887 3263 ap-

316 3289 468 3350 ponet
491 3288 550 3334 ut
575 3280 932 3348 complacitior
959 3281 1026 3333 sit
1052 3279 1237 3332 adhuc.
1273 3279 1376 3332 Aut
1405 3280 1462 3334 in
1493 3280 1650 3350 ﬁnem
1676 3283 1884 3336 miseri-

321 3373 540 3426 cordiam
565 3389 712 3426 suam
737 3370 979 3436 abscidet,
1005 3386 1038 3424 τι
1063 3370 1388 3443 generdtibne
1408 3373 1462 3426 in
1484 3374 1883 3444 generationem.

321 3464 419 3515 Aut
461 3462 781 3518 obliviscetur
818 3463 1050 3516 misereri
1083 3460 1242 3527 Deus,
1284 3473 1375 3515 aut
1411 3463 1687 3518 continebit
1725 3465 1887 3519 inira

322 3569 411 3607 sua
430 3554 805 3608 misericordias
826 3568 964 3606 suas.
991 3549 1062 3605 Et
1079 3552 1191 3606 dixi
1215 3569 1233 3606 :
1255 3550 1412 3606 Nunc
1434 3554 1578 3624 ccepi,
1599 3553 1709 3607 hinc
1727 3564 1890 3608 muta-

323 3644 390 3696 tio
416 3643 636 3698 dexterte
665 3641 893 3696 Excelsi.
933 3640 1134 3695 Hemor
1162 3643 1237 3713 fui
1265 3658 1474 3712 operum
1502 3641 1731 3709 Domini,
1768 3645 1888 3714 quia

324 3749 512 3786 memor
537 3749 625 3787 ero
657 3732 720 3785 ab
747 3733 895 3786 initio
920 3732 1230 3786 mirabilium
1265 3739 1484 3786 tuorum.
1516 3731 1586 3785 Et
1610 3732 1890 3787 meditabor

320 3826 370 3876 in
419 3823 650 3877 omnibus
693 3823 926 3894 operibus
956 3825 1085 3888 tuis,
1115 3833 1164 3878 et
1209 3823 1263 3876 in
1303 3822 1745 3877 adinventionibus
1792 3825 1890 3878 tuis

322 3913 606 3966 exercebar.
641 3913 797 3978 Deus,
831 3915 888 3967 in
917 3922 1094 3968 sancto
1121 3914 1202 3967 via
1232 3921 1337 3978 tua,
1376 3913 1488 3983 quis
1508 3912 1647 3967 Deus
1673 3928 1890 3983 magnus

322 4002 456 4054 sicut
477 3998 613 4053 Deus
633 4011 821 4062 noster,
854 4011 904 4053 tu
940 4018 992 4055 es
1020 4000 1158 4055 Deus
1189 4003 1273 4072 qui
1301 4003 1428 4073 facis
1450 4002 1728 4056 mirabilia.
1769 4001 1888 4058 No-

324 4103 433 4145 tam
461 4092 626 4162 fecisti
654 4090 707 4142 in
739 4091 936 4160 populis
956 4093 1182 4146 virtutem
1211 4099 1370 4157 tuam,
1402 4092 1656 4146 redemisti
1683 4094 1739 4146 in
1768 4091 1889 4146 bra-

323 4184 442 4237 chio
474 4191 559 4236 tuo
578 4180 820 4252 populum
849 4189 985 4233 tuum
1004 4181 1137 4250 ﬁlios
1154 4180 1316 4236 Iacob
1329 4191 1379 4235 et
1396 4181 1609 4252 Ioseph.
1643 4179 1894 4237 Viderunt

321 4286 369 4329 te
394 4289 566 4345 aqua,
596 4270 758 4335 Deus,
789 4271 1021 4325 viderunt
1059 4281 1105 4327 te
1130 4289 1274 4344 aqua
1303 4282 1352 4326 et
1383 4273 1675 4337 timuerunt,
1704 4281 1754 4326 et
1784 4281 1894 4326 tur-

323 4365 456 4419 bata:
479 4372 601 4426 sunt
637 4363 828 4432 abyssi.
861 4359 1138 4432 Multitudo
1166 4365 1362 4417 sonitus
1410 4379 1687 4434 aquarum;
1723 4377 1893 4417 vocem

322 4456 556 4511 viderunt
589 4455 767 4508 nubes.
796 4453 1002 4509 Etenim
1043 4456 1245 4526 sagittd:
1286 4464 1386 4510 tute
1421 4456 1755 4519 transierunt,
1797 4468 1895 4508 vos:

1910 3242 1958 3306 C

1992 722 2172 792 ompit,
2201 738 2410 778 memor
2435 739 2530 780 ero
2558 723 2626 779 ab
2665 726 2818 781 initio
2847 725 3170 782 mirabilium
3195 727 3328 796 ejus,
3361 727 3414 782 in
3442 730 3570 800 qni-~

1991 811 2091 866 bus
2119 812 2364 869 liberavit
2388 814 2644 884 populum
2671 831 2846 871 suum.
2875 816 3006 883 Quis
3032 818 3174 872 enim
3201 825 3310 873 tam
3342 833 3566 888 magnus

1990 900 2132 958 Deus
2155 917 2315 972 quam
2343 903 2486 960 Deus
2513 913 2718 972 uoster,
2745 922 2904 976 quem
2939 907 3188 964 viderunt
3214 924 3365 980 aquae
3400 912 3565 966 maris

1990 1002 2048 1049 et
2072 994 2382 1051 timuerunt.
2408 996 2665 1066 Turbata:
2692 1007 2818 1054 sunt
2851 999 3048 1071 abyssi,
3077 999 3265 1056 dantes
3289 1001 3432 1056 viam
3457 1003 3564 1058 sic-

1989 1097 2109 1138 cam
2133 1083 2358 1154 pedibus
2389 1085 2615 1141 ﬁliorum
2644 1085 2806 1142 Israel
2833 1095 2888 1142 et
2914 1086 3130 1158 Ioseph.
3161 1087 3290 1146 Post
3317 1089 3431 1146 haec
3465 1107 3564 1145 vo-

1988 1189 2107 1230 cem
2151 1175 2412 1232 dederunt
2455 1177 2624 1232 nubes
2667 1195 2680 1230 :
2714 1178 2766 1232 In
2811 1177 3060 1232 columna
3087 1179 3230 1234 enim
3274 1180 3430 1236 nubis
3455 1197 3562 1237 vox

1989 1273 2126 1330 erat,
2167 1267 2380 1336 quando
2423 1268 2630 1338 sagitta:
2665 1268 2760 1323 Dei
2803 1269 2858 1323 in
2897 1268 3180 1341 Egyptios
3213 1271 3556 1326 transierunt.

1990 1357 2106 1414 Vox
2136 1360 2358 1415 tonitrui
2383 1359 2500 1430 ejus
2532 1362 2586 1416 in
2621 1369 2756 1416 rota.
2793 1361 3004 1433 Moyses
3038 1372 3172 1418 roue
3198 1371 3557 1433 comparatur.

1989 1447 2128 1504 Rota
2156 1449 2283 1505 licet
2301 1451 2355 1505 in
2375 1452 2810 1516 terra-volvatur,
2841 1460 3020 1506 tamen
3051 1452 3178 1508 dum
3195 1453 3423 1518 steterit,
3454 1468 3562 1507 ma-

1989 1555 2094 1610 gna
2121 1558 2246 1614 pars
2273 1543 2390 1613 ejus
2428 1545 2602 1600 aliena
2635 1553 2717 1600 est
2755 1561 2785 1599 a
2815 1553 2976 1610 terra,
3003 1554 3058 1602 et
3097 1561 3264 1616 parva
3288 1561 3414 1617 pars
3444 1543 3562 1615 ejus

1989 1631 2044 1686 in
2072 1639 2212 1688 terra
2231 1633 2492 1688 consistit.
2516 1632 2633 1688 Vox
2660 1646 2789 1701 ergo
2813 1634 2907 1689 Dei
2947 1635 3002 1690 in
3028 1643 3146 1690 rota
3173 1644 3272 1701 est,
3313 1636 3404 1704 qui
3431 1651 3560 1706 par-

1989 1723 2070 1778 vis
2091 1723 2254 1779 rebus
2278 1723 2506 1780 terrenis
2533 1731 2837 1791 contentus,
2863 1731 3037 1781 totum
3064 1726 3206 1795 quod
3247 1742 3456 1782 sursum
3479 1735 3561 1782 est

1990 1815 2198 1884 quaerit,
2224 1816 2398 1885 pergit
2421 1817 2510 1872 ubi
2533 1814 2776 1870 Christus
2795 1825 2896 1871 est.
2926 1816 3216 1872 llluxerunt
3232 1819 3560 1874 coruscatio-

1994 1919 2092 1960 nes
2118 1905 2236 1976 ejus
2261 1906 2379 1961 orbi
2406 1915 2589 1972 terrae,
2615 1905 2828 1976 quando
2873 1908 2926 1962 in
2951 1908 3086 1962 mari
3128 1909 3270 1963 viam
3317 1909 3460 1964 fecit.
3494 1908 3560 1965 Et

1989 1997 2234 2052 semitam
2261 1998 2315 2052 in
2343 1999 2494 2068 aquis
2535 1998 2734 2063 multis,
2758 1999 2972 2069 quando
2999 2000 3218 2056 deduxit
3241 2002 3388 2057 velut
3432 2018 3559 2058 oves

1988 2087 2243 2156 populum
2270 2102 2448 2154 suum,
2477 2088 2534 2143 in
2561 2103 2723 2143 manu
2750 2087 2919 2160 Moysi
2947 2098 3003 2146 et
3025 2090 3220 2147 Aaron.
3263 2090 3364 2162 Ipsi
3393 2093 3558 2160 gloria

1990 2177 2043 2232 in
2063 2177 2255 2233 saecula
2276 2178 2612 2235 saeculorum.
2645 2179 2832 2234 Amen.

2489 2333 2803 2390 PSALMUS
2839 2333 3091 2391 LXXVII.

2532 2476 2836 2534 Intellectus
2865 2476 3062 2548 Asaph.
3163 2551 3169 2557 _

2059 2632 2336 2697 Attendite,
2367 2634 2554 2704 popule
2578 2649 2741 2699 meus,
2781 2634 2944 2704 legem
2969 2645 3154 2697 meam,
3189 2630 3435 2685 inclinate
3465 2633 3559 2682 au;

1989 2739 2096 2777 rem
2131 2733 2351 2778 uestram
2384 2726 2439 2777 in
2466 2725 2616 2778 verba
2644 2725 2748 2778 oris
2773 2725 2891 2777 mei.
2930 2723 3170 2793 Aperiam
3211 2723 3268 2775 in
3300 2719 3559 2792 parabolis

1989 2831 2046 2868 os
2068 2831 2252 2881 meum,
2284 2815 2464 2886 loquar
2483 2815 2855 2886 propositiones
2884 2813 2948 2866 ab
2973 2814 3140 2867 initio.
3175 2809 3382 2876 Quanta
3405 2809 3558 2864 audi-

1989 2907 2152 2960 vimus
2177 2914 2229 2959 et
2255 2907 2577 2976 cognovimus
2607 2921 2696 2969 ea,
2726 2911 2778 2958 et
2811 2912 2984 2975 patres
3030 2903 3194 2957 nostri
3235 2901 3560 2955 annuntiave-

1991 3005 2110 3049 runt
2138 2995 2304 3050 nobis.
2331 2993 2457 3050 Non
2485 3005 2602 3049 sunt
2639 2998 2892 3048 occultata
2919 3011 2951 3048 a
2976 2993 3100 3064 ﬁliis
3133 3007 3307 3048 eorum
3323 2993 3378 3045 in
3404 3007 3559 3062 gene-

1990 3087 2193 3141 ratione
2229 3087 2411 3140 allera.
2459 3084 2750 3141 Narrantes
2789 3085 2964 3139 laudes
3008 3083 3218 3139 Domini
3265 3091 3314 3137 et
3351 3084 3563 3136 virtutes

1990 3179 2123 3249 ejus,
2153 3186 2203 3232 et
2222 3177 2482 3232 mirabilia
2517 3179 2628 3249 ejus
2655 3192 2769 3248 qua:
2787 3179 2928 3250 fecit.
2959 3174 3028 3230 Et
3050 3175 3310 3230 suscitauit
3337 3175 3562 3228 testimo-

1990 3272 2134 3324 nium
2161 3270 2218 3323 in
2246 3268 2432 3333 Iacob,
2455 3277 2506 3322 et
2525 3269 2685 3341 legem
2710 3271 2880 3340 posuit
2902 3271 2956 3324 in
2987 3267 3174 3323 Israel.
3198 3263 3405 3331 Quanta
3423 3283 3564 3322 man-

1988 3362 2128 3415 davit
2143 3361 2377 3432 patribus
2399 3362 2591 3415 nostris
2608 3370 2733 3414 nota
2755 3363 2995 3433 facereea
3011 3359 3132 3431 ﬁliis
3153 3360 3280 3422 suis,
3301 3368 3358 3412 ut
3371 3375 3561 3430 cogno-

1988 3462 2100 3506 scat
2120 3453 2381 3523 generatio
2408 3452 2591 3507 altera.
2610 3451 2738 3507 Filii
2764 3455 2849 3524 qui
2879 3461 3174 3518 nascentur,
3193 3460 3242 3504 et
3264 3459 3560 3520 exsurgent,

1989 3552 2038 3598 et
2060 3541 2350 3598 narrabant
2367 3545 2493 3616 ﬁliis
2521 3547 2647 3599 suis.
2685 3543 2753 3597 Ut
2780 3552 2976 3614 ponant
3001 3545 3056 3597 in
3089 3541 3199 3595 Deo
3220 3556 3362 3610 spem
3385 3555 3555 3602 suam,

1988 3649 2037 3693 et
2082 3655 2188 3694 non
2233 3639 2600 3694 obliviscantur
2637 3653 2845 3707 operum
2894 3635 2991 3688 Dei
3012 3675 3029 3700 ,
3072 3642 3125 3686 et
3164 3631 3410 3685 mandata
3449 3631 3562 3700 ejus

1989 3731 2280 3801 exquirant.
2305 3727 2389 3781 Ne
2404 3729 2536 3797 ﬁant
2555 3728 2684 3779 sicut
2703 3731 2875 3794 patres
2895 3736 3102 3776 eorum:
3125 3719 3383 3790 generatio
3401 3731 3563 3788 prava

1991 3831 2042 3876 et
2066 3836 2404 3893 exasperans.
2439 3815 2712 3871 Generatio
2750 3829 2863 3886 qua:
2897 3829 2998 3867 non
3043 3811 3233 3866 direxit
3258 3826 3360 3893 _cor
3393 3824 3560 3873 suum,

1991 3924 2041 3968 et
2094 3889 2205 3968 non.
2245 3922 2321 3968 est
2374 3910 2594 3966 creditus
2649 3922 2762 3961 cum
2813 3904 2922 3960 Deo
2978 3904 3187 3976 spiritus
3243 3889 3390 3973 ejus;
3428 3897 3563 3952 Filii

1992 4002 2221 4074 Ephrem
2249 4001 2568 4058 intendentes
2599 4005 2649 4053 et
2684 3998 2938 4053 mittentes
2975 4010 3174 4059 arcum,
3198 3991 3422 4047 conuersi
3443 3995 3564 4042 sunt

1991 4095 2048 4147 in
2075 4093 2158 4147 die
2180 4093 2318 4146 belli.
2353 4089 2477 4145 Non
2504 4089 2853 4144 custodierunt
2879 4093 3232 4142 testamentum
3275 4080 3392 4147 Dei,
3431 4087 3480 4132 et
3506 4080 3561 4132 in

1996 4185 2106 4255 lege
2153 4183 2264 4253 ejus
2292 4183 2567 4236 noluerunt
2585 4179 2867 4234 ambulare.
2885 4176 2956 4231 Et
2975 4175 3116 4230 obliti
3135 4183 3254 4228 sunt
3268 4171 3562 4242 benefacto-

1995 4289 2110 4326 rum
2154 4273 2287 4342 ejus,
2313 4279 2365 4324 et
2384 4269 2696 4324 mirdbilium
2735 4269 2848 4338 ejus
2871 4276 2982 4339 quis
3008 4263 3226 4320 ostendit
3251 4262 3344 4315 eis.
3373 4256 3563 4312 Coram

2003 4358 2234 4432 patribus
2270 4375 2447 4413 eorum
2485 4360 2604 4430 fecit
2642 4355 2901 4412 mirabilia
2944 4359 3000 4410 in
3037 4364 3173 4409 terra
3210 4349 3458 4422 ngypti,
3505 4346 3564 4399 in

1997 4468 2180 4521 campo
2215 4449 2434 4505 Taneos.
2479 4446 2763 4518 Interrupit
2799 4463 2942 4501 mare
2976 4456 3026 4501 et
3063 4442 3302 4518 perduxit
3348 4458 3468 4506 eos,
3515 4447 3566 4493 et

323 4547 537 4601 tonitrui
567 4546 637 4598 tui
667 4547 722 4598 in
758 4554 892 4600 rota.
925 4543 1216 4599 Illuxerunt
1250 4547 1626 4600 coruscationes
1655 4553 1754 4598 tua:
1780 4543 1891 4598 orbi
1915 4597 1966 4612 _
1999 4545 2178 4598 statuit
2199 4557 2363 4612 aquas
2382 4541 2530 4612 quasi
2547 4541 2604 4593 in
2630 4548 2761 4595 utre.
2786 4537 2856 4593 Et
2883 4539 3098 4593 deduxit
3117 4555 3200 4593 eos
3215 4539 3266 4591 in
3292 4534 3424 4589 nube
3443 4533 3566 4598 diei,

324 4647 476 4690 terra:
493 4653 512 4700 ,'
535 4645 783 4689 commota
801 4644 876 4689 est
890 4643 938 4688 et
953 4637 1252 4690 contremuit
1275 4645 1428 4689 terra.
1455 4635 1520 4688 In
1541 4637 1672 4688 mari
1692 4635 1772 4689 via
1784 4642 1892 4702 tua,

1999 4645 2050 4689 et
2073 4643 2178 4688 tota
2204 4634 2426 4687 noctein
2458 4633 2833 4686 illuminatione
2870 4630 3024 4701 ignis.
3060 4627 3342 4696 Interrupit
3371 4633 3586 4696 petram.

325 4737 372 4781 et
398 4727 590 4781 semita
617 4735 718 4780 tute
734 4727 788 4779 in
827 4727 971 4797 aquis
996 4726 1191 4789 multis,
1230 4733 1279 4779 et
1305 4726 1513 4795 vestigia
1542 4733 1627 4778 tua
1662 4741 1764 4778 non
1809 4741 1895 4777 co-
1997 4728 2054 4780 in
2082 4741 2268 4791 eremo,
2316 4723 2594 4794 adaquavit
2636 4739 2743 4787 eos,
2783 4721 2915 4774 velut
2952 4719 3008 4771 in
3046 4715 3228 4786 abysso
3271 4716 3453 4768 multa.
3500 4709 3571 4763 Et

325 4825 644 4888 gnoscentur.
668 4814 941 4870 Dedusisti
963 4817 1093 4882 sicut
1118 4833 1232 4871 oves
1250 4816 1491 4887 papulum
1517 4824 1678 4881 tuum,
1697 4817 1753 4869 in
1779 4831 1894 4870 ma-

326 4907 590 4979 nu‘Hogsi
616 4916 665 4962 et
691 4907 884 4962 Aaron.

741 5049 745 5054 .
897 5013 1326 5056 COIIEN'I'ARIUI.

397 5087 455 5142 In
483 5089 586 5143 isto
613 5089 819 5160 psalmo
855 5089 1121 5159 promittit
1147 5104 1208 5145 se
1245 5089 1507 5160 propheta
1527 5090 1706 5144 omnia
1733 5089 1899 5144 mira-

323 5180 451 5235 hilia
465 5178 560 5234 Dei
573 5181 641 5234 ab
656 5180 808 5234 initio
828 5188 1267 5246 memoraturum,
1285 5189 1340 5238 et
1353 5185 1567 5235 causam
1588 5180 1743 5250 hujus
1761 5195 1900 5236 como

325 5273 728 5328 memorationis
754 5273 997 5344 exponit.
1039 5274 1117 5329 Ac
1158 5289 1465 5330 memorans
1491 5275 1759 5344 praeterita
1804 5276 1902 5330 bo-

322 5380 414 5430 na,
441 5365 510 5418 de
551 5364 707 5419 malis
740 5364 1092 5434 praesentibus
1119 5365 1426 5435 querelatur
1467 5383 1480 5418 :
1527 5363 1784 5428 Clamavi,
1816 5364 1899 5419 iu-

321 5458 461 5525 quit,
492 5456 560 5511 ad
595 5455 880 5512 Dominum
918 5456 972 5510 in
1017 5455 1106 5511 die
1145 5456 1519 5512 tribulationis.
1567 5455 1636 5511 Et
1673 5455 1904 5527 expaudi

317 5563 516 5604 smnus
555 5563 703 5603 meas
735 5563 918 5604 coram
946 5563 1014 5604 eo
1041 5548 1097 5602 in
1143 5549 1408 5614 noctibus,
1447 5557 1503 5603 et
1530 5565 1638 5604 non
1665 5565 1784 5603 sum
1809 5547 1908 5603 de-

319 5650 536 5710 ceptus.
559 5640 717 5697 Modo
745 5649 924 5696 autem
955 5648 1131 5696 tantas
1155 5655 1337 5696 moras
1361 5640 1486 5695 facit
1508 5641 1563 5694 in
1585 5640 1907 5694 subvenien-

317 5732 396 5788 do
422 5731 702 5799 Dominus,
730 5740 789 5788 ut
815 5733 991 5789 dicam
1022 5751 1036 5786 :
1068 5731 1318 5801 Nunquid
1345 5731 1401 5785 in
1427 5739 1687 5786 :eternum
1716 5730 1908 5785 oblivi-

319 5833 508 5882 scetur
535 5825 777 5880 misereri
806 5823 967 5892 Deus,
996 5831 1089 5901 aut
1114 5822 1411 5880 continebit
1436 5822 1588 5880 inira
1615 5835 1711 5876 sua
1745 5820 1909 5874 mise-

1309 5988 1324 6001 .
1374 5981 1556 6008 μισοιο-

961 5992 1048 6005 -..ν
1080 5996 1150 6011 ,μ
1182 5995 1188 5999 .

2000 4817 2177 4873 eduxit
2221 4830 2408 4886 aquam
2448 4813 2512 4866 de
2555 4822 2722 4884 petra,
2756 4822 2806 4865 et
2848 4809 3027 4864 eduxit
3073 4816 3312 4877 tanquam
3353 4802 3570 4872 ﬁumina

2003 4900 2182 4980 aquas.
2206 4905 2275 4960 Et
2296 4913 2639 4976 opposuerunt
2652 4905 2820 4957 adhuc
2844 4917 3055 4974 peccare
3069 4900 3116 4954 ei
3128 4939 3144 4966 ,
3167 4898 3222 4951 in
3245 4897 3380 4949 iram
3401 4890 3570 4945 conci-

2007 5009 2239 5057 taverunt
2263 4996 2540 5053 Excelsum
2569 4999 2628 5052 in
2655 4999 2922 5067 inaquoso.
2961 4993 3033 5047 Et
3067 4993 3381 5047 tentaverunt
3405 4980 3571 5067 Deum

2003 5094 2061 5147 in
2097 5089 2336 5147 cordibus
2363 5091 2468 5144 suis
2487 5129 2502 5154 ,
2530 5097 2588 5143 ut
2626 5066 2853 5160 peterent
2877 5100 3023 5140 escas
3058 5076 3328 5135 animabus
3345 5072 3473 5126 suis.
3501 5066 3573 5122 Et

2005 5184 2142 5238 male
2177 5182 2334 5237 locuti
2365 5190 2486 5236 sunt
2530 5180 2595 5234 de
2619 5179 2750 5244 Deo,
2792 5178 3052 5236 dixerunt,
3097 5162 3344 5235 Nunquid
3389 5161 3577 5232 poterit

2010 5272 2145 5328 Deus
2195 5289 2384 5344 parare
2428 5287 2655 5327 mensam
2682 5271 2737 5323 in
2773 5261 3004 5319 deserto?
3033 5255 3287 5322 Quoniam
3326 5253 3577 5324 percussit

2006 5371 2205 5432 petram
2245 5370 2296 5415 et
2319 5363 2580 5428 [luxerunt
2606 5372 2753 5429 aqua
2767 5395 2782 5418 ,
2821 5362 2872 5407 et
2911 5355 3156 5404 torrentes
3177 5345 3572 5399 inundauerunt.

2012 5455 2261 5527 Nunquid
2300 5464 2349 5508 et
2394 5469 2580 5525 panem
2621 5448 2805 5519 poterit
2824 5444 2968 5508 dare,
2996 5457 3186 5513 parare
3220 5455 3448 5494 mensam
3485 5455 3576 5508 po-
3637 5509 3644 5516 '

1981 5546 2130 5617 'pulo
2166 5545 2296 5599 suo?
2323 5543 2472 5612 Ideo]
2496 5539 2688 5594 audiuit
2725 5533 2978 5588 Dominus
3015 5542 3064 5588 et
3108 5531 3325 5596 distulit,
3349 5539 3398 5584 et
3441 5529 3576 5597 ignis

2012 5651 2254 5690 accensus
2283 5643 2360 5688 est
2381 5631 2563 5691 Iacob,
2595 5636 2643 5680 et
2665 5626 2747 5678 ira
2765 5627 2996 5679 ascendit
3022 5627 3077 5679 in
3101 5623 3286 5678 Israel.
3315 5620 3450 5683 Quia
3476 5633 3574 5670 non

2013 5726 2341 5780 crediderunt
2367 5724 2423 5774 in
2460 5719 2590 5783 Deo,
2615 5732 2706 5769 nec
2736 5726 3069 5785 speraverunt
3105 5715 3160 5767 in
3200 5706 3415 5765 salutari
3443 5705 3573 5775 ejus.

2016 5816 2086 5870 Et
2113 5812 2379 5868 mandavit
2418 5809 2632 5863 nubibus
2661 5805 2898 5876 desuper,
2927 5816 2977 5859 et
2999 5808 3189 5876 januas
3218 5799 3329 5853 caeli
3359 5795 3559 5851 aperuit
