4252 6264
660 379 763 435 455

1970 362 2238 422 ARNOBII
2276 363 2578 422 JUNIORlS

3807 365 3914 420 436

630 488 731 543 .Et
756 489 885 557 pluit
906 487 1013 540 illis
1046 501 1237 538 manna
1259 482 1327 535 ad
1350 477 1765 535 manducandum
1784 520 1796 544 ,
1830 484 1880 531 et
1903 456 2089 547 panem
2119 474 2233 530 caeli
2259 466 2308 538 Α
2331 468 2479 531 suam
2508 466 2713 548 sprevit.
2746 476 2962 530 Iuvenes
2986 491 3160 530 eorum
3189 473 3409 540 comedit
3427 473 3589 545 ignis,
3621 483 3670 527 et
3691 476 3909 547 virgines

660 580 799 635 dedit
836 579 929 631 eis.
965 575 1161 628 Panem
1186 572 1485 643 angelorum
1504 569 1835 644 manducavit
1854 569 2021 633 homo,
2036 567 2245 621 cibaria‘

636 671 800 743 ‘tnisit
825 668 899 722 'eis
923 667 978 719 in
1000 663 1340 717 abundantia.
1365 661 1654 716 Transtulit
1669 668 1903 714 austrum
1926 660 1992 712 de
2016 660 2160 723 caelo,
2182 667 2235 712 et

658 760 864 813 induxit
881 744 939 811 ut
962 759 1265 811 υίτωιεσω
1287 756 1537 825 africum,
1568 761 1621 808 et
1643 752 1772 824 pluit
1802 768 1957 823 super
1989 764 2077 806 eos
2102 752 2235 806 tam

656 847 913 919 pulverem
951 863 1161 912 carnes,
1187 855 1238 915 et
1256 847 1388 901 sicut
1416 861 1632 899 arenam
1658 845 1816 898 maris
1850 842 2083 897 volatilia
2116 857 2235 912 pen-

659 945 807 992 nata.
840 935 1241 1013 Etceciderunt
1273 937 1328 991 iu
1366 934 1539 989 medio
1563 936 1853 989 castrorum
1878 946 2053 986 eorum
2094 933 2234 984 circa

663 1018 997 1081 tabernacula
1040 1041 1238 1087 eorum.
1286 1022 1357 1079 Et
1401 1023 1874 1104 manducoeerunt,
1921 1031 1977 1076 et
2016 1021 2235 1076 saturati

648 1124 778 1185 sunt
799 1117 977 1181 nimis,
1003 1124 1053 1169 et
1084 1114 1395 1169 desiderium
1422 1124 1599 1169 eorum
1640 1114 1817 1167 attulit
1852 1115 1949 1178 eis,
1986 1128 2090 1166 non
2117 1120 2237 1166 sunt

660 1206 893 1278 fraudati
921 1223 954 1259 a
996 1204 1251 1260 desiderio
1283 1220 1395 1258 suo.
1430 1204 1612 1257 Adhuc
1644 1218 1775 1257 escae
1802 1217 1978 1257 eorum
2006 1210 2156 1255 erant
2180 1203 2236 1255 in

662 1316 753 1375 ore
777 1300 1026 1369 ipsorum,
1048 1307 1099 1352 et
1125 1298 1207 1351 ira
1228 1296 1330 1350 Dei
1366 1296 1600 1351 ascendit
1633 1304 1788 1360 super
1815 1311 1920 1348 eos.
1950 1293 2027 1346 Et
2049 1293 2237 1347 occidit

659 1389 873 1460 pingues
902 1405 1105 1461 eorum,
1127 1395 1178 1441 et
1196 1387 1387 1441 electos
1404 1385 1569 1439 Israel
1597 1385 1879 1456 impedivit;
1913 1383 1978 1436 In
2000 1384 2234 1437 omnibus

662 1464 742 1533 bis
769 1485 1106 1555 peccaverunt
1131 1477 1319 1540 adhuc,
1348 1485 1397 1530 et
1428 1492 1533 1531 non
1571 1475 1907 1534 crediderant
1937 1476 1995 1528 in
2022 1474 2234 1527 mirabit-

660 1568 792 1645 libus
813 1569 945 1639 ejus.
967 1567 1045 1646 Et
1064 1568 1360 1646 defecerunt
1378 1568 1432 1620 in
1454 1568 1679 1621 vanitate
1697 1566 1808 1620 dies
1830 1573 2093 1630 eorum,“
2108 1567 2236 1621 armi

660 1675 836 1714 eorum
856 1675 979 1713 cum
992 1643 1344 1730 festinatione.
1366 1656 1507 1712 (Sum
1545 1656 1798 1711 occideret
1824 1671 1919 1710 eos
1938 1654 2237 1726 quaerebant

661 1765 797 1815 eum,
822 1758 871 1805 et
908 1746 1311 1814 revertebantur,
1346 1757 1396 1802 et
1433 1746 1659 1803 diluculo
1692 1745 1962 1801 veniebant
1990 1746 2068 1800 et!
2096 1761 2230 1798 eum.

662 1822 739 1893 Et
767 1840 1097 1897 rememorati
1121 1847 1273 1904 sunt,
1310 1840 1431 1909 quia
1451 1837 1593 1891 Deus
1630 1836 1844 1906 adiutor
1861 1843 1943 1890 est
1968 1840 2162 1899 eorum,
2185 1841 2237 1889 et
2265 1839 2315 1902 Β
2346 1866 2353 1875 ν

661 1929 799 1984 Deus
827 1930 1057 1984 excelsus
1081 1929 1371 1998 redemptor
1391 1944 1569 1984 eorum
1593 1938 1690 1982 est.
1720 1926 1795 1981 Et
1813 1926 2106 1983 dilacerant
2122 1943 2238 1980 eum

660 2010 715 2074 in
743 2036 831 2074 ore
850 2035 965 2085 suo,
985 2029 1034 2074 et
1055 2020 1232 2091 lingua
1251 2036 1346 2074 sua
1364 2020 1566 2073 mentiti
1591 2028 1710 2072 sunt
1736 2020 1806 2075 ei.
1831 2016 1933 2075 Cor
1963 2026 2133 2073 autem
2151 2035 2239 2074 eo-

661 2096 776 2164 rum
803 2126 907 2164 non
934 2118 1045 2164 erat
1073 2119 1265 2165 rectum
1291 2126 1407 2165 cum
1432 2126 1517 2173 eo,
1546 2126 1641 2164 nec
1652 2109 1835 2180 ﬁdeles
1858 2108 2020 2164 habiti
2041 2113 2240 2166 suntin

663 2186 963 2255 testamento
982 2202 1112 2270 ejus.
1140 2199 1261 2270 Ipse
1279 2190 1451 2267 autetu
1473 2208 1549 2255 est
1567 2203 1959 2267 misericors,,et
1984 2204 2241 2273 propitius

662 2291 751 2360 ﬁet
774 2291 993 2360 peccatis
1008 2305 1203 2354 eorum,
1228 2298 1280 2342 et
1307 2305 1413 2343 non
1438 2289 1700 2359 disperdet
1724 2306 1829 2343 eos.
1869 2288 1939 2343 Et
1960 2289 2240 2344 abundavit

662 2389 720 2432 ttt
749 2382 996 2433 averteret
1021 2380 1152 2433 iram
1176 2394 1358 2443 attain,
1391 2389 1447 2432 et
1475 2394 1582 2434 non
1618 2380 1854 2434 accendit
1876 2397 2076 2434 omnem
2104 2383 2240 2435 iram

663 2485 830 2522 suam.
851 2466 898 2522 Ε
903 2479 921 2521 t
938 2469 1237 2540 recordatus
1256 2477 1357 2536 est,
1367 2471 1488 2540 quia
1500 2487 1624 2525 caro
1643 2480 1762 2524 sunt
1781 2487 1799 2524 :
1820 2472 2031 2541 spiritus
2048 2472 2236 2526 vadens

669 2570 720 2615 et
756 2577 865 2615 non
893 2561 1123 2616 rediens.
1157 2558 1404 2625 Quatiens
1445 2554 1877 2617 exacerbaverunt
1900 2579 2013 2616 eum
2053 2565 2107 2618 in
2149 2564 2238 2619 de-

664 2658 823 2729 serto,
848 2652 904 2707 in
934 2653 1069 2707 iram
1097 2653 1478 2709 concitaverunt
1496 2642 1622 2708 eum
1640 2655 1697 2708 in
1714 2655 1987 2725 inaquoso.
2017 2653 2091 2708 Et
2106 2670 2235 2710 con-

662 2745 801 2825 versi
822 2752 945 2821 sunt
965 2738 1363 2819 etotentaverunt
1385 2744 1579 2812 Deum,
1607 2756 1657 2800 et
1683 2756 1921 2801 sanctum
1938 2746 2110 2803 Israel
2145 2765 2238 2803 ea»

665 2836 1061 2914 acerbaverunt.-
1109 2835 1243 2892 Non
1274 2847 1401 2893 sunt
1442 2838 1699 2901 recordati
1752 2855 1940 2895 nsanus
1988 2841 2104 2912 ejus
2155 2841 2241 2896 die

666 2944 765 3005 qua
792 2928 1008 2984 redemit
1033 2944 1129 2985 eos
1163 2929 1227 2986 de
1268 2947 1429 2988 manu
1459 2930 1772 2991 tribnluntis.
1801 2931 1955 2989 Sieut
1976 2934 2151 3004 posuit
2181 2933 2249 2987 in

666 3016 898 3089 Egypto
924 3020 1079 3091 signa
1096 3037 1219 3088 sua,
1256 3031 1307 3101 et
1334 3022 1575 3094 prodigia
1592 3039 1690 3079 sua
1716 3025 1773 3078 in
1801 3039 1986 3094 eampo
2012 3023 2233 3077 Teneor.

666 3107 736 3162 Et
755 3112 1003 3167 convertit
1038 3113 1100 3167 in
1133 3115 1440 3185 sanguineus
1477 3115 1696 3183 ﬂumina
1721 3130 1929 3180 eorum,
1965 3122 2018 3168 et
2048 3113 2239 3169 imbres

665 3219 838 3258 eorum
861 3220 926 3260 tte
947 3203 1194 3261 biberent.
1219 3206 1377 3263 Misit
1389 3208 1446 3262 in
1471 3223 1561 3262 eos
1583 3207 1922 3279 ctenotnyiam
1944 3216 2001 3260 et
2014 3207 2239 3261 comedit
2261 3190 2309 3257 α

570 3316 585 3322 σ
626 3294 635 3299 ’
666 3304 859 3361 eos;et
897 3312 1113 3362 ranam,
1150 3307 1200 3352 et
1232 3297 1541 3368 disperdidit
1577 3314 1685 3354 eos.
1733 3296 1802 3350 Et
1839 3296 2242 3369 dedit

667 3388 863 3457 fruente
884 3404 1091 3454 eorum,
1121 3398 1177 3444 et
1190 3387 1393 3444 labores
1419 3404 1603 3443 eorum
1622 3387 1852 3442 locusta.
1876 3385 1949 3440 Et
1967 3387 2161 3442 occidit
2181 3390 2239 3443 in

667 3480 922 3559 grandine
950 3481 1127 3535 vineas
1157 3496 1333 3535 eorum
1359 3490 1609 3537 et‘moros’
1632 3495 1811 3535 eorum
1824 3482 1885 3535 in
1916 3472 2127 3551 pruina.
2168 3480 2242 3536 Et

664 3558 880 3639 tradidit
901 3570 1393 3653 grandini'jumenta
1414 3572 2045 3643 eorum,.etpossessiones
2062 3574 2242 3628 eorum
2276 3558 2281 3563 ”

665 3661 795 3731 igni.
826 3659 971 3716 Misit
988 3663 1044 3717 in
1060 3679 1151 3718 eos
1176 3662 1310 3729 iram
1341 3663 1723 3735 indignatiom's
1747 3678 1892 3729 sua,
1915 3662 2241 3735 indignatio-

667 3768 786 3817 nem
804 3760 861 3806 et
878 3754 1095 3819 iramet
1128 3754 1530 3822 tribulationem,
1968 3771 2061 3825 per
2088 3772 2242 3827 ange-

669 3842 749 3915 los
776 3846 961 3903 malos.
1011 3845 1162 3902 Viam
1189 3849 1525 3919 fecitsemitts
1550 3851 1649 3905 ira
1672 3853 1801 3917 sute',
1821 3865 1925 3904 non
1953 3849 2183 3919 pepercit
2207 3864 2242 3901 α

667 3944 831 3993 morte
871 3937 1151 3994 animabat
1186 3956 1382 4006 eorum,
1422 3949 1472 3995 et
1506 3942 1747 4010 jumenta
1782 3956 1955 3995 eorum
1984 3942 2042 3993 in
2076 3947 2241 3994 morte

667 4028 937 4093 conclusit.
982 4027 1052 4084 Et
1089 4031 1341 4099 percussit
1376 4044 1529 4084 omne
1570 4030 1964 4099 primogenitum
2001 4031 2059 4082 in
2103 4037 2242 4082 terra

669 4117 909 4192 Egypti,‘
936 4122 1189 4191 primitias
1215 4122 1383 4175 ornatis
1410 4120 1603 4175 laboris
1628 4136 1801 4175 eorum
1820 4121 1879 4174 in
1898 4120 2239 4177 tabernaculis

668 4208 850 4265 cm.
871 4208 943 4267 Et
962 4209 1171 4265 abstulit
1189 4211 1324 4264 sicut
1344 4224 1463 4264 oves
1480 4210 1725 4280 populum
1743 4225 1913 4277 suum,
1929 4219 1981 4265 et
1997 4212 2241 4283 perduxit

667 4317 755 4356 eos
782 4307 1027 4373 Mquam
1049 4310 1261 4371 gregem
1278 4301 1335 4354 in
1358 4300 1577 4355 deserto.
1609 4298 1691 4353 Εἰ
1706 4299 1927 4373 deduxit
1946 4316 2033 4356 eos
2053 4303 2108 4357 in
2129 4318 2237 4373 spe,
2270 4336 2274 4343 ο

669 4398 725 4443 et
747 4402 853 4446 non
880 4392 1176 4455 timuerunt,
1212 4398 1263 4443 et
1286 4390 1523 4443 inimicos
1550 4404 1725 4444 eorum
1751 4393 1959 4461 operuit
1974 4407 2137 4446 mare.
2170 4390 2243 4445 Et

667 4479 877 4534 induxit
900 4482 992 4535 eos
1022 4481 1338 4537 in'montem
1364 4480 1797 4549 sanctiﬁcationis
1833 4494 1967 4549 sate,
2011 4491 2237 4537 montem

667 4582 814 4640 quem
841 4569 1109 4640 acquisivit
1128 4569 1345 4625 dextera
1523 4547 1601 4625 Et
1621 4571 1773 4642 ejeéit
1821 4588 1855 4626 a
1902 4547 2038 4645 faeie
2061 4586 2237 4628 eorum
2260 4547 2318 4610 Β

669 4665 863 4730 gentes,
893 4665 944 4732 et
959 4666 1097 4732 sorte
1124 4660 1295 4716 diuisit
1323 4662 1396 4716 eis
1427 4670 1618 4717 terram
1642 4664 1699 4718 in
1728 4665 1958 4737 funiculo
1985 4665 2239 4721 distribu-

672 4750 843 4805 tionis.
875 4747 953 4805 Et
967 4749 1202 4807 habitare
1236 4753 1433 4822 fecitin‘
1476 4753 1822 4810 tabernaculis
1858 4771 2033 4810 eorum
2073 4755 2238 4811 tribus

671 4838 859 4896 Israel.
884 4840 956 4895 Et
983 4849 1387 4898 tentamntet
1416 4845 1846 4911 enacabavqunt
1871 4845 2038 4904 Deum
2065 4849 2237 4903 excel-

658 4951 801 5011 sunt,
831 4945 881 4990 et
909 4935 1203 4993 nutrientis
1245 4935 1485 5005 ejusnmt
1529 4939 1894 4993 custodierunt.
1929 4937 2002 4994 Et
2037 4924 2235 4995 averte-

669 5034 789 5083 runt
813 5038 888 5092 se,
908 5034 959 5081 et
976 5041 1081 5080 non
1103 5035 1433 5082 «evaserunt
1445 5036 1673 5097 pectunt,
1700 5028 2128 5099 quemadmodum
2147 5044 2237 5100 pe-

671 5124 773 5173 tres
804 5130 981 5175 eorum
1025 5116 1252 5175 conversi
1288 5124 1411 5173 sunt
1444 5117 1508 5171 ire
1539 5132 1719 5172 areum
1743 5134 1975 5189 pravum.
2009 5117 2238 5174 In'iram
2276 5156 2282 5163 ‹

671 5206 1057 5261 concitaverunt
1080 5213 1195 5263 eum
1231 5204 1289 5265 in
1313 5204 1526 5261 collibus
1552 5208 1690 5271 suis,
1716 5216 1778 5259 ,et
1819 5209 1884 5284 in
1919 5207 2241 5277 sculptilibus
2278 5216 2285 5254 i

672 5295 780 5349 suis
809 5293 887 5353 ad
904 5295 1279 5355 mulationem
1304 5310 1421 5353 eum
1437 5295 2238 5365 promcavernnttAstdivitDsus
2272 5332 2279 5341 ι

673 5390 724 5436 et
746 5384 953 5452 sprevit,
982 5392 1034 5438 et
1067 5385 1145 5441 ad-
1164 5385 1382 5443 nihilum
1409 5386 1605 5457 redegit
1632 5386 1783 5440 ualde
1820 5385 2010 5440 Israel.
2060 5385 2240 5441 Etre—

674 5473 825 5542 plevit
852 5471 1234 5533 tabernaculum
1262 5475 1403 5542 Silo,
1437 5477 1819 5533 tabernaculum
1845 5492 1994 5537 suum
2021 5478 2108 5533 ubi
2135 5480 2234 5533 Ita-
2274 5520 2280 5524 .

2334 584 2509 622 eorum
2531 585 2632 622 non
2658 575 2777 622 sunt
2807 571 3120 622 lamentatte.
3169 565 3479 621 Sacerdotes
3504 570 3677 619 eorum
3708 566 3760 620 in
3798 567 3912 639 gla-

2337 654 2425 713 dio
2450 660 2767 725 ceciderunt,
2798 667 2849 713 et
2873 658 3043 713 vidua:
3083 672 3258 711 eorum
3305 662 3409 710 non
3438 654 3794 726 plorabantur.
3842 654 3911 709 Et

2312 751 2584 803 excitatus
2621 758 2698 805 est
2745 759 2987 820 tanquam
3033 748 3295 802 dormiens
3342 744 3618 809 Dominus,
3672 753 3912 815 tanquam

2337 847 2517 907 potens
2553 839 2853 909 crapulatus
2903 855 2935 891 a
2974 840 3109 891 vino.
3141 832 3213 889 Et
3239 835 3492 907 percussit
3530 835 3768 889 inimicos
3794 851 3913 889 suos

2336 929 2391 981 in
2418 931 2722 998 posteriora,
2755 928 3086 1000 opprobrium
3108 928 3481 997 sempiternum
3519 926 3669 980 dedit
3690 925 3815 979 illis.
3844 923 3913 979 Et

2319 1018 2527 1087 repulit
2553 1018 2945 1073 tabernaculum
2978 1017 3194 1085 Ioseph,
3236 1020 3289 1071 et
3319 1014 3508 1071 tribum
3550 1006 3779 1088 Ephrem
3810 1033 3912 1069 non

2337 1108 2508 1178 elegit.
2534 1108 2642 1163 Sed
2659 1110 2811 1180 elegit
2839 1107 3024 1162 tribum
3045 1108 3201 1174 Juda,
3225 1116 3448 1162 montem
3478 1098 3627 1172 Sion,
3661 1125 3805 1180 quem
3834 1106 3914 1159 di-

2339 1196 2481 1250 lexit.
2498 1197 2571 1250 Et
2596 1198 3016 1268 wdiﬁcavit‘sieut
3038 1200 3362 1252 unicornium
3389 1197 3737 1268 sanctiﬁciutn
3764 1204 3914 1251 suum

2336 1290 2391 1342 in
2421 1296 2565 1342 terra
2590 1306 2741 1360 quam
2771 1289 3005 1359 fundavit
3025 1290 3079 1342 in
3109 1288 3319 1343 sarcula.
3342 1286 3416 1342 Et
3437 1289 3590 1360 elegit
3611 1287 3782 1342 David
3808 1305 3917 1341 ser-

2330 1398 2454 1436 rum
2482 1399 2647 1450 suum,
2670 1393 2719 1438 et
2746 1383 2953 1437 sustulit
2979 1400 3093 1437 eum
3115 1384 3177 1436 de
3205 1381 3442 1454 gregibus
3465 1386 3634 1437 ovium
3662 1400 3679 1436 :
3709 1382 3772 1436 de
3796 1391 3916 1452 post

2332 1480 2565 1549 'fetantes
2590 1476 2786 1546 accepit
2807 1490 2940 1529 eum.
2972 1473 3197 1530 Poscere
3226 1473 3388 1529 Jacob
3415 1482 3612 1529 servum
3649 1492 3795 1531 suum
3814 1516 3829 1542 ,
3864 1483 3916 1528 et

2332 1567 2513 1622 -Israel
2538 1566 2890 1622 Itwreditatem
2928 1584 3097 1622 suam.
3147 1564 3217 1619 Et
3246 1568 3384 1637 pavit
3418 1583 3503 1622 eos
3533 1568 3588 1619 in
3616 1566 3917 1620 innocentia

2338 1659 2510 1714 cordis
2538 1660 2639 1723 sui,
2664 1668 2716 1712 et
2739 1659 2793 1712 in
2821 1657 3166 1713 intellectibus
3186 1673 3435 1711 manuum
3462 1672 3672 1711 suarum
3698 1654 3917 1709 deduxit

2404 1771 2448 1807 8.

2338 1771 2428 1875 .808
2436 1794 2448 1806 .
2900 1832 3335 1876 οοιιιικτΑιιῐωι.

2409 1940 2564 2009 Quod
2584 1935 2828 2010 promisit
2870 1934 2982 1991 Deo
3011 1935 3065 1991 in
3092 1935 3485 2007 septuagesimo
3519 1940 3695 1998 sexto,
3723 1933 3911 1995 hocin

2340 2030 2731 2104 septuagesimo
2745 2026 2972 2097 septimo
2991 2024 3295 2081 hominibus
3316 2023 3495 2079 tradit.
3512 2021 3588 2078 lbi
3613 2023 3747 2078 dixit
3768 2021 3908 2076 Deo:

2341 2125 2541 2179 Memor
2560 2139 2647 2176 ero
2676 2119 2741 2173 ab
2766 2119 2916 2186 initio
2936 2115 3250 2185 mirabitur!
3277 2121 3500 2172 tuorum.
3535 2114 3633 2170 Hic
3660 2114 3788 2169 dicit
3814 2128 3914 2183 po—

2340 2221 2469 2292 pulo
2523 2237 2535 2270 :
2590 2216 2806 2286 Loquar
2850 2212 3250 2292 propositiones
3295 2212 3365 2267 ab
3402 2210 3581 2279 initio,
3598 2210 3822 2265 virtutes
3859 2214 3917 2263 et

2340 2288 2608 2368 mirabilia
2632 2306 2749 2377 eius
2775 2320 2894 2375 quae
2931 2288 3076 2368 iecit,
3108 2310 3169 2358 ut
3213 2294 3504 2372 cognoscat
3528 2299 3807 2370 generatio
3833 2297 3917 2350 al-

2340 2413 2476 2467 tera,
2508 2395 2568 2459 ut
2598 2390 2693 2453 lilii
2725 2402 3011 2451 nascentes
3039 2398 3346 2462 exsurgant.
3392 2390 3501 2461 Ipsi
3536 2395 3759 2445 narrent
3793 2386 3915 2441 ﬁliis

2339 2495 2470 2558 suis,
2499 2500 2560 2547 ut
2587 2503 2699 2546 non
2724 2480 2998 2543 conﬁdant
3024 2480 3289 2539 inmundi
3318 2468 3499 2545 lucris,
3530 2490 3639 2535 non
3667 2479 3723 2533 in
3753 2484 3918 2531 torre-

2338 2584 2423 2640 nis
2448 2579 2826 2653 cupiditatibus
2848 2574 3048 2641 saeculi,
3064 2573 3159 2629 sed
3179 2573 3232 2627 in
3256 2572 3368 2627 Deo
3387 2570 3505 2627 solo
3532 2575 3737 2640 ponant
3762 2580 3915 2636 spem

2339 2674 2510 2741 suam,
2534 2680 2591 2728 et
2619 2684 2727 2726 non
2768 2668 3151 2725 obliviscantur
3178 2677 3342 2735 opera
3388 2661 3485 2717 Dei
3519 2661 3620 2725 sui,
3666 2666 3719 2714 et
3757 2672 3914 2711 man-

2338 2767 2464 2822 data
2492 2763 2609 2833 ejus
2633 2762 2937 2831 exquirant.
2956 2756 3026 2813 Ut
3052 2771 3160 2812 non
3192 2755 3322 2809 ﬁant
3346 2752 3487 2809 sicut
3502 2758 3683 2823 patres
3702 2760 3909 2810 eorum,

2338 2867 2508 2928 genus
2535 2868 2758 2927 pravum
2783 2860 2837 2908 et
2860 2864 3220 2922 peramarum.
3249 2846 3392 2903 Sane
3419 2858 3585 2914 genus
3613 2854 3731 2898 cum
3762 2836 3909 2906 dicit,

2339 2956 2465 3003 ante
2491 2943 2788 3001 considera.
2817 2941 2935 2996 Non
2955 2941 3096 2995 enim
3127 2937 3428 2995 creaturam
3449 2935 3504 2989 in
3524 2929 3916 2988 damnabilibus

2338 3034 2505 3101 Deus,
2532 3034 2627 3089 sed
2651 3033 2984 3088 voluntatem
3005 3016 3343 3085 condemnat.
3373 3023 3572 3080 Videns
3614 3034 3742 3090 ergo
3787 3020 3935 3091 quia

2337 3138 2508 3199 genus
2528 3122 2878 3196 vituperando
2905 3121 3254 3192 quaestionem
3277 3116 3496 3182 fecerat,
3527 3120 3722 3170 eruen‘s
3765 3110 3911 3166 hunc

2339 3229 2643 3273 semonem
2693 3230 2724 3267 a
2778 3206 3049 3268 Creatoris
3078 3209 3290 3279 injuria,
3339 3205 3587 3276 exposuit
3629 3214 3739 3258 non
3790 3214 3915 3256 esse

2334 3306 2554 3379 generis
2578 3305 2785 3369 vitium,
2815 3302 2907 3359 sed
2938 3301 3250 3357 voluntatis.
3296 3297 3617 3354 Prosecutus
3645 3294 3785 3350 enim
3812 3292 3908 3355 ait,

2340 3399 2537 3463 Genus,
2567 3398 2760 3467 inquit,
2783 3394 2928 3465 quod
2951 3410 3058 3449 non
3087 3386 3342 3448 direxerit
3362 3400 3458 3446 cor
3476 3401 3649 3445 suum.
3673 3385 3740 3439 Et
3759 3385 3914 3454 quasi

2342 3493 2703 3560 interrogatus
2748 3494 2894 3544 esset
2916 3526 2930 3553 ,
2986 3483 3257 3554 quomodo
3319 3496 3428 3538 non
3474 3474 3767 3536 direXerint
3818 3491 3913 3531 cor

2340 3578 2831 3651 s'uum,respondit':
2850 3576 2985 3644 Quia
3007 3591 3113 3631 non
3142 3572 3508 3630 custodierunt
3533 3576 3911 3626 testamentum

2341 3673 2460 3736 Dei,
2511 3679 2567 3727 et
2614 3672 2667 3725 in
2715 3670 2833 3738 lege
2867 3666 2983 3736 ejus
3029 3666 3316 3721 noluerunt
3352 3660 3645 3718 ambulare.
3676 3657 3911 3714 Dicendo

2340 3766 2617 3820 notuerunt
2669 3758 2895 3815 exclusit
2933 3756 3144 3825 culpam
3181 3770 3211 3809 a
3253 3762 3470 3823 genere,
3502 3757 3557 3806 et
3584 3749 3783 3805 crimen
3813 3760 3913 3801 vo-

2342 3856 2563 3911 luntatis
2582 3852 2832 3915 ostendit,
2855 3863 2954 3919 per
2979 3862 3141 3917 quam
3185 3844 3335 3901 obliti
3361 3850 3486 3899 sunt
3512 3836 3911 3897 benefactorum

2341 3952 2399 4000 et
2417 3942 2740 3997 mirabilium
2768 3937 3113 4009 Dei,,quando
3137 3935 3314 3991 divisit
3341 3946 3489 3988 mare
3516 3938 3575 3987 ut
3593 3929 3908 3991 transirent,

2342 4045 2403 4092 et
2423 4034 2609 4091 statuit
2629 4047 2795 4102 aquas
2821 4031 2935 4101 ejus
2960 4031 3086 4084 hinc
3114 4027 3239 4083 inde
3265 4025 3415 4096 quasi
3441 4026 3493 4079 in
3522 4031 3667 4087 utre;
3698 4018 3914 4090 quando

2341 4125 2597 4181 duxiteos
2611 4124 2663 4178 in
2674 4123 2922 4178 columna
2933 4119 3089 4175 nubis
3099 4133 3198 4189 per
3209 4117 3368 4183 diem,
3385 4122 3439 4171 et
3452 4115 3504 4169 in
3518 4114 3763 4168 columna
3777 4111 3914 4179 ignis

2341 4228 2439 4287 per
2447 4211 2899 4284 noctem;quando
2908 4211 3114 4281 rupitin
3123 4209 3336 4264 deserto
3347 4202 3914 4278 petram‘etadaquavit

2341 4320 2437 4361 eos
2449 4304 2593 4360 velut
2612 4305 2665 4359 in
2681 4304 2873 4376 abysso
2883 4301 3068 4369 multa,
3082 4306 3136 4355 et
3150 4298 3320 4369 potati
3334 4297 3529 4367 gratias
3542 4311 3650 4351 non
3666 4299 3910 4363 egerunt,

2339 4397 2437 4452 sed
2464 4402 2828 4468 apposuerunt
2844 4406 3087 4464 peccare.
3121 4388 3188 4444 Et
3211 4390 3285 4444 ita
3314 4396 3372 4444 ut
3400 4387 3540 4442 male
3562 4386 3915 4456 loquerentur

2341 4487 2413 4544 de
2435 4487 2567 4552 Deo,
2608 4494 2669 4542 ut
2705 4485 2983 4540 dicerent:
3013 4468 3152 4538 Ecce
3188 4480 3255 4536 de
3286 4486 3437 4551 petra
3465 4472 3648 4534 eduxit
3676 4491 3870 4546 aquam
3897 4516 3913 4540 ,

2342 4576 2582 4647 nunquid
2606 4590 2797 4648 panem
2817 4573 3022 4645 poterit
3035 4573 3196 4628 dare?
3215 4570 3338 4626 Haec
3357 4570 3624 4636 dicebant,
3656 4568 3782 4638 quia
3802 4581 3914 4621 non

2343 4660 2632 4725 Credebant
2651 4666 2762 4721 Deo
2787 4680 2905 4729 suo,
2929 4678 3029 4719 nec
3048 4667 3399 4733 speraverant
3424 4661 3479 4715 in
3508 4658 3744 4715 salutare
3770 4654 3909 4724 eius.

2341 4758 2411 4814 Et
2436 4753 2973 4813 mandavit-nubibus
3005 4751 3252 4823 desuper.
3295 4748 3362 4806 Et
3398 4748 3593 4819 ianuas
3630 4747 3750 4804 cali
3781 4741 3919 4815 ape;

2342 4853 2469 4907 ruit.
2497 4849 2696 4904 Januas
2715 4846 2932 4902 abusive
2958 4843 3341 4911 dictum,~sicut
3366 4843 3433 4898 de
3461 4850 3604 4898 terra
3630 4855 3650 4893 τ’
3668 4836 3913 4909 Aperuit,

2340 4942 2532 5011 inquit,
2560 4954 2622 4995 os
2648 4953 2803 4993 suum
2834 4953 2849 4991 :
2881 4934 3167 5006 Aperiendi
3188 4949 3350 4991 causa
3374 4934 3571 5002 exegit,
3600 4939 3655 4987 et
3681 4932 3733 4984 in
3765 4924 3916 4986 terra

2342 5048 2406 5089 os
2431 5039 2487 5103 et
2510 5031 2564 5086 in
2589 5030 2740 5086 caelis
2782 5025 3277 5097 januas'nominare
3298 5030 3319 5093 ,‘-
3338 5028 3394 5081 et
3418 5024 3556 5096 pluit
3581 5023 3685 5078 illis
3711 5035 3917 5099 manna

2342 5122 2411 5179 ad
2437 5121 2861 5178 manducandum
2900 5138 2915 5174 :
2964 5118 3176 5185 Manna,
3226 5112 3417 5173 Latine
3460 5114 3605 5186 quod
3644 5104 3874 5170 dicimus
3900 5156 3916 5179 ,

2341 5213 2469 5284 quid
2510 5221 2601 5270 est
2626 5214 2749 5279 hoc,
2797 5211 2927 5267 dicit
2980 5209 3254 5266 Hebticu’s.
3296 5209 3437 5265 Cum‘
3477 5216 3606 5276 ergo
3653 5214 3919 5274 tanquam

2339 5316 2527 5359 semen
2566 5302 2831 5358 coriandri
2883 5300 3133 5369 pluercnt
3177 5299 3329 5364 caeli,
3379 5298 3771 5365 interrogantes
3816 5291 3923 5353 lilii

2339 5392 2504 5449 Israel
2533 5404 2726 5448 nomen
2749 5390 3029 5457 dederunt,
3043 5388 3168 5445 dum
3188 5396 3450 5461 qurerunt.
3479 5387 3610 5442 Nam
3631 5387 3876 5442 dieculae
3904 5404 3921 5439 :

2344 5480 2483 5545 Quid
2508 5480 2699 5546 θεὴ·Ῐὰ
2714 5482 2805 5535 est
2824 5494 3039 5546 manna,
3071 5480 3145 5536 de
3184 5482 3288 5535 hoc
3321 5476 3464 5548 quod
3507 5476 3929 5545 interrogabant
3980 5476 3990 5489 ”

651 5560 850 5616 'oitavit
868 5562 925 5619 in
952 5562 1261 5621 hominibus.
1293 5565 1374 5621 Et-
1389 5569 1604 5626 tradidit
1629 5569 2049 5639 inooptieitatem
2074 5571 2236 5623 virtu-
2278 5571 2525 5636 “verbo,
2568 5582 2765 5625 nomen
2803 5570 3019 5640 species
3054 5570 3168 5640 ipsa
3207 5568 3462 5639 Suscepit,
3511 5566 3665 5636 quod
3687 5566 3923 5639 auxesin

676 5659 776 5708 tem
800 5668 979 5709 eorum
1004 5664 1054 5713 et
1077 5657 1505 5726 pulchritudinem
1530 5678 1706 5717 eorum
1734 5664 1790 5717 in
1816 5663 2230 5717 ηιαπαειὶιιὶπιίά.
2338 5656 2541 5716 faciens
2566 5656 2785 5730 adjecit.
2810 5659 3009 5715 Panem
3029 5659 3149 5716 coeli
3169 5659 3314 5714 dedit
3333 5656 3428 5724 eis,
3452 5670 3552 5729 per
3568 5653 3922 5713 occasionem

677 5740 743 5795 Et
774 5743 1022 5809 conchtsit
1040 5745 1094 5800 in
1129 5747 1305 5817 gladio
1329 5750 1568 5819 populum
1603 5770 1789 5818 suum,
1811 5764 1859 5806 et
1883 5751 2234 5808 hereditatem
2276 5772 2284 5781 τ

1292 5902 1350 5912 ς...
1392 5906 1405 5911 -

2341 5762 2553 5810 mentm
2577 5753 2734 5823 panis
2758 5753 2951 5822 quide
2980 5752 3126 5808 ouele
3143 5750 3423 5808 descendit
3436 5750 3750 5807 nominatus
3778 5744 3875 5805 est
3904 5768 3918 5803 :
