4244 6258
335 438 440 502 437
1232 432 1701 495 COMMENTARII
1738 432 1807 493 1N
1844 427 2174 492 PSALMOS.
2218 434 2408 493 PSAL.
2454 430 2733 496 LXXVIU
3516 428 3620 503 λεδ

340 560 567 624 Panem,
600 556 790 627 inquit,
821 548 1130 624 angelorum
1158 549 1499 607 manducavit
1542 550 1725 606 homo.
1756 548 1925 617 Quid-
1955 547 2009 610 Α
2032 553 2158 606 sunt
2180 592 2194 617 ,
2239 548 2373 606 nihil
2410 552 2465 605 in
2511 552 2703 621 spiritu
2732 552 3004 622 sapientes
3026 592 3041 618 ,
3091 558 3147 608 et
3188 551 3406 624 spiritus
3441 565 3627 613 essent

339 649 471 720 quid
500 646 856 704 mternitatem
884 644 938 700 in
966 643 1203 715 potando
1232 652 1288 698 et
1313 643 1366 697 in
1382 639 1766 727 manducando
1792 654 1951 711 praz-'
2034 646 2244 709 euntes,
2276 650 2332 697 et
2359 657 2466 697 non
2493 648 2847 699 revertentes.
2874 640 3000 699 ideo
3027 645 3173 715 saepe
3201 643 3459 702 Dominus
3487 663 3620 717 pec-
3718 707 3735 721 ,

337 747 469 803 stat,
498 736 795 811 angelicum
824 744 924 801 est,
955 750 1064 791 non
1084 736 1293 791 habens
1322 740 1573 804 patentes
1600 739 1763 802 atque
1791 739 1929 786 ster-

339 832 533 887 cereas
575 816 917 899 digestiones.
968 822 1179 884 Habent
1231 825 1375 880 enim
1419 824 1671 880 universa
1714 820 1930 879 vivendi

336 920 643 989 materiam,
665 928 720 978 et
746 921 857 981 sive
885 916 1080 990 angeli,
1112 934 1207 976 seu
1240 931 1580 990 quaecunQue
1604 916 1658 974 in
1685 916 1823 973 cmlo
1842 914 1927 970 vi-

336 1004 491 1080 vunt,
542 1000 649 1070 non
690 1012 791 1071 sibi
837 1004 956 1068 sine
1004 1011 1263 1067 alimento
1311 1007 1602 1067 sufﬁciunt.
1647 1008 1927 1064 Ducuntur

334 1102 480 1161 ernim‘
528 1103 669 1159 fame
707 1106 762 1161 et
802 1100 912 1170 siti,
943 1100 1059 1158 sive
1094 1096 1268 1157 laudis
1297 1100 1526 1157 Domini.
1573 1099 1642 1154 Et
1684 1100 1929 1156 esuriant

333 1188 389 1254 et
414 1188 605 1252 sitiunt
627 1192 894 1266 justitiam
926 1192 1062 1264 ejus,
1108 1210 1206 1265 per
1242 1206 1405 1264 quam
1448 1194 1825 1262 pinguescunt,
1872 1197 1930 1245 et

334 1296 593 1344 aeternum
633 1286 843 1361 apicem
874 1294 1081 1341 tenent.
1113 1283 1264 1340 Sicut
1291 1300 1323 1339 e
1351 1282 1623 1339 contrario
1664 1287 1926 1352 apostata:

337 1377 508 1449 angeli
533 1376 781 1433 'esuriunt
809 1385 864 1431 et
891 1374 1082 1431 sitiunt
1110 1375 1446 1446 injustitiam,
1481 1380 1534 1429 et
1566 1388 1631 1429 ex
1662 1384 1728 1429 eo
1758 1382 1925 1443 opere

336 1454 664 1541 saginantur.
695 1466 832 1523 Nam
862 1464 915 1523 et
944 1467 1089 1539 quod
1117 1467 1247 1522 dicit
1276 1462 1532 1521 Dominus
1575 1465 1802 1537 gaudere
1825 1482 1922 1519 an-

336 1559 471 1631 gelos
497 1562 551 1614 in
585 1554 711 1616 caelo
740 1574 893 1632 super
918 1570 1077 1613 unum
1105 1560 1460 1630 pwuitentem,
1500 1558 1787 1613 ostendere
1827 1573 1922 1613 vo-

2034 730 2309 823 catoribus
2347 734 2401 789 in
2430 735 2535 790 hoc
2579 732 2779 791 mundo
2812 733 3048 791 ltetitiam
3070 744 3126 791 et
3153 732 3543 823 abundantiam
3567 746 3626 795 et

2031 822 2330 897 potentiam
2354 833 2665 898 usurpatam
2685 827 2959 900 relinquit,
3000 826 3126 899 quia
3147 826 3249 884 scit
3267 841 3387 897 quas
3412 822 3626 900 passuri

2031 922 2156 972 sunt
2184 917 2238 971 in
2281 918 2541 986 gehennae
2570 917 2841 983 incendio,
2871 925 2929 974 et
2954 919 3251 977 cbndoiens
3297 920 3395 989 eis,
3427 919 3625 979 avertit

2032 1010 2086 1066 in
2115 1010 2220 1067 hoc
2257 1011 2453 1067 saeculo
2475 1011 2611 1066 iram
2636 1026 2788 1067 suam
2820 1011 2887 1067 ab
2933 1012 3030 1069 eis.
3075 1010 3191 1069 Hoc
3228 1010 3611 1081 considerans,

2031 1098 2175 1173 q'uod
2213 1113 2403 1158 euntes
2432 1098 2586 1158 ibunt
2621 1103 2676 1158 in
2724 1102 3002 1160 interittun
3047 1104 3233 1160 :eterni
3282 1105 3535 1174 incendii,
3566 1114 3624 1163 et

2032 1191 2173 1247 ultra
2200 1204 2306 1248 non
2336 1193 2582 1248 redeunt.
2614 1192 2898 1260 Quotiens,
2928 1194 3122 1265 inquit,
3156 1197 3623 1252 exacerbaverunt

2032 1293 2156 1339 eum
2180 1274 2234 1340 in'
2275 1278 2513 1351 deserto,
2558 1301 2664 1341 non
2686 1286 3035 1342 recordantes
3064 1286 3207 1343 diem
3236 1302 3341 1357 qua
3370 1288 3623 1345 liberavit

2034 1371 2131 1433 eos
2152 1368 2411 1434 Dominus
2438 1379 2507 1434 de
2535 1394 2698 1435 manu
2726 1380 3048 1446 tribulantis,
3075 1388 3130 1436 et
3160 1380 3406 1436 inimicos
3434 1396 3621 1437 eorum

2040 1466 2191 1539 prius
2220 1466 2405 1524 decem
2436 1468 2608 1549 plagis
2638 1471 2932 1540 percussit,
2965 1479 3154 1541 postea
3192 1470 3357 1525 etiam
3385 1471 3439 1524 in
3485 1470 3625 1528 mari

2025 1562 2230 1627 mersit;
2264 1562 2411 1641 ipsos
2458 1570 2637 1617 autem
2669 1561 2854 1618 eduxit
2892 1571 3149 1632 tanquam
3193 1568 3377 1633 pastor
3403 1576 3532 1618 oves
3565 1562 3620 1619 in

336 1650 435 1705 luit
456 1648 525 1705 ad
538 1665 725 1706 eorum
755 1647 1105 1704 refectionem
1135 1647 1357 1703 rediisse
1386 1662 1484 1719 per
1505 1646 1767 1716 justitiam
1794 1663 1918 1702 eum
2022 1650 2257 1733 deserto,
2288 1659 2345 1709 et
2372 1650 2580 1711 induxit
2614 1655 2667 1710 in
2696 1658 2910 1710 mentes
2933 1648 3370 1710 sanctiﬁcationis
3394 1670 3523 1721 suae,
3552 1663 3610 1710 et
3635 1656 3642 1734 ς

338 1738 428 1812 qui
470 1744 569 1815 per
622 1738 938 1812 inju'Stltiam'
993 1748 1208 1796 ventres
1256 1739 1563 1797 daamonum
1618 1738 1913 1808 saginabat.

337 1818 542 1901 Quanta
567 1822 692 1889 sunt
718 1828 878 1888 etiam
902 1833 956 1888 in
977 1833 1313 1904 corporibus,
1346 1848 1467 1902 qua:
1496 1824 1614 1888 sine
1642 1836 1915 1889 stereorea

2024 1732 2190 1814 eiecit
2215 1744 2245 1798 a
2272 1743 2407 1803 facie
2433 1760 2619 1800 eorum
2650 1753 2859 1816 gentes.
2892 1741 2961 1800 Et
2998 1754 3122 1816 post
3150 1745 3352 1811 omnia,
3384 1745 3513 1815 quid
3539 1744 3593 1801 le
3634 1732 3641 1804 ἐ

2021 1836 2248 1889 cemm?
2278 1832 2605 1891 Averterunt
2643 1851 2720 1904 se,
2747 1834 2950 1906 inquit,
2981 1840 3165 1892 etnon
3195 1836 3625 1892 observaverunt

336 1924 633 1997 digestione
662 1920 926 1993 reficiunt,
954 1926 1010 1981 ut
1035 1936 1118 1981 est
1139 1926 1359 1981 nuntius
1382 1925 1581 1990 bonus,
1599 1922 1659 1979 ut
1682 1933 1766 1980 est
1787 1913 2005 1995 odor'B
2032 1926 2249 1997 pactum
2272 1924 2411 1984 sicut
2439 1930 2620 1999 patres
2640 1943 2849 1991 eorum,
2884 1928 2957 1982 ita
2986 1928 3148 1983 etiam
3178 1934 3238 1982 ut
3264 1927 3318 1981 in
3357 1927 3622 1997 sculptili-

338 2018 596 2088 0ptimus,
621 2018 681 2071 ut
710 2026 794 2071 est
823 2025 1072 2088 aspectus
1100 2015 1381 2083 mirabilis,
1404 2024 1463 2071 ut
1490 2022 1573 2070 est
1606 2014 1779 2085 gratia
1809 2030 1927 2070 ma-

340 2100 536 2177 iOrum,
558 2114 618 2162 ut
646 2115 727 2162 est
755 2105 937 2179 opinio
967 2107 1190 2176 optima,
1221 2124 1339 2178 quae
1383 2102 1580 2162 dicitur
1608 2105 1772 2161 etiam
1801 2122 1926 2161 ossa

344 2197 693 2273 impinguare.
727 2194 852 2252 ilice
878 2196 996 2252 ideo
1023 2194 1271 2262 diximus,
1292 2202 1349 2251 ut
1369 2196 1716 2253 ostendamus
1745 2196 1925 2253 omnia

307 2302 463 2356 ~qua:
492 2287 545 2341 in
593 2284 729 2344 coelo
770 2294 825 2363 et
869 2290 987 2358 quae
1012 2287 1062 2341 in
1093 2297 1235 2344 terra
1276 2288 1401 2343 Sunt
1447 2286 1734 2343 invisibilia
1764 2292 1928 2357 atQue

345 2370 594 2444 visibilia,
626 2386 679 2435 et
707 2394 986 2435 mensuras
1025 2378 1149 2434 suas
1168 2377 1387 2444 habere,
1430 2380 1556 2451 quia
1594 2378 1745 2433 solus
1784 2378 1928 2432 Deus

343 2469 641 2541 immensus
689 2468 801 2535 est;
849 2464 903 2525 et
950 2484 1046 2540 per
1091 2471 1466 2543 compaginem
1495 2474 1606 2525 sua:
1650 2468 1927 2539 qualitatis

337 2562 647 2630 subsistere,
678 2562 803 2633 quia
851 2562 1000 2617 solus
1030 2560 1173 2618 Deus
1202 2563 1557 2632 incorporeus
1595 2569 1680 2617 est
1702 2579 1716 2627 ;
1738 2568 1803 2637 et
1830 2572 1928 2631 per

338 2653 496 2709 aliam
541 2642 896 2710 substantiam
929 2654 1131 2720 vivere,
1178 2654 1305 2724 quia
1342 2654 1492 2709 solus
1538 2652 1683 2708 Deus
1731 2652 1934 2707 nullius

339 2752 480 2814 eget.
512 2744 630 2818 ipse
655 2752 834 2801 autem
866 2744 1118 2800 omnibus
1147 2753 1232 2800 est
1273 2728 1645 2806 necessarius:
1677 2742 1778 2813 ipsi
1819 2740 1930 2797 nul-

337 2833 439 2890 lus.
454 2832 560 2890 Sed
586 2834 711 2906 quia
733 2833 897 2890 nimia
918 2836 1089 2904 gratia
1121 2834 1337 2905 pietatis
1356 2838 1464 2888 suae
1494 2832 1755 2888 {acturam
1776 2846 1929 2887 suam

339 2930 396 2985 in
427 2918 676 2983 omnibus
704 2924 899 2996 diligit,
924 2924 1176 2994 dignatur
1199 2930 1300 2996 per
1326 2923 1520 2993 legem,
1551 2938 1650 2994 per
1673 2921 1951 2978 virtutum

334 3015 560 3089 judicia,
589 3032 687 3088 per
710 3011 1182 3085 compunctionem
1230 3012 1426 3099 cordis,
1476 3024 1575 3084 per
1602 3012 1929 3083 magnitudi-

337 3108 469 3163 n'em
492 3109 716 3178 operum
752 3104 1032 3161 hominum
1080 3103 1305 3159 invitare
1352 3103 1645 3159 hominem.
1697 3098 1765 3158 Et
1807 3103 1929 3159 ideo

335 3221 450 3263 non
492 3200 665 3264 solum
704 3202 873 3276 panes
920 3201 1230 3273 angelorum
1256 3244 1271 3270 ,
1318 3198 1413 3260 sed
1458 3211 1513 3261 et
1533 3203 1712 3259 avium
1739 3206 1929 3259 carnes

2030 2016 2132 2075 bus
2160 2018 2272 2073 suis
2299 2016 2683 2074 :cr‘nularentur
2710 2035 2834 2075 eum
2862 2038 2880 2097 λε
2907 2013 3138 2090 Propter
3167 2020 3287 2087 hoc,
3326 2020 3517 2090 inquit,
3542 2035 3622 2076 rea

2031 2104 2167 2178 pulit
2206 2102 2613 2165 tabernaculum
2660 2108 2832 2165 Silon.
2864 2109 3015 2165 Facit
3056 2106 3206 2166 locus
3230 2117 3418 2166 contra
3446 2112 3621 2167 haere-

2032 2199 2170 2254 ticos
2198 2192 2289 2269 Qui
2319 2197 2521 2265 dicunt,
2557 2206 2657 2270 pro
2688 2198 2915 2255 duorum
2950 2199 3189 2271 peccatis
3210 2196 3441 2256 filiorum
3473 2198 3614 2265 Hei,

2032 2290 2173 2345 Deus
2188 2288 2365 2359 justus
2384 2300 2601 2344 omnem
2621 2286 2784 2345 lsrael
2799 2289 3057 2360 populum
3079 2286 3611 2354 tradiditPhilistaais,

2030 2382 2261 2453 Spiritus
2289 2390 2419 2436 vero
2445 2388 2665 2437 sanctus
2687 2382 2947 2452 detegens
2994 2383 3199 2439 crimen
3249 2384 3481 2439 universi
3529 2398 3616 2457 ρος

2030 2464 2143 2543 puli
2171 2468 2302 2529 dicit
2334 2492 2347 2525 :
2373 2471 2527 2540 Quod
2547 2482 2861 2529 averterunt
2883 2490 2943 2530 se
2977 2490 3008 2530 a
3036 2474 3168 2539 Deo,
3195 2478 3250 2529 et
3282 2490 3387 2531 non
3431 2474 3617 2531 obsera

2029 2563 2276 2619 vaverint
2306 2573 2572 2637 praecepta
2594 2564 2731 2636 ejus,
2762 2566 2901 2622 sicut
2925 2575 2981 2623 et
3008 2575 3190 2638 patres
3218 2580 3406 2623 eorum
3430 2588 3442 2619 :
3468 2566 3615 2633 ideo,

2032 2648 2245 2726 inquit,
2272 2656 2340 2713 ad
2387 2658 2613 2714 nihilum
2653 2659 2864 2730 redegit
2904 2661 3065 2716 nimis
3089 2660 3275 2726 lsrael,
3305 2666 3360 2716 et
3389 2658 3510 2715 ideo
3538 2677 3615 2716 re~

2032 2744 2167 2818 pulit
2190 2749 2599 2807 tabernaculum
2629 2749 2810 2818 Silon,
2844 2752 2965 2808 ideo
3001 2752 3271 2807 convertit
3302 2751 3356 2806 in
3385 2752 3616 2822 captivi-

2032 2848 2201 2896 tatem
2227 2844 2775 2914 virtutemipSorum.
2798 2842 2867 2897 Et
2903 2841 3356 2914 pulchritudinem
3384 2848 3575 2898 eorum
3599 2883 3617 2908 ,

2032 2930 2084 2984 id
2114 2941 2215 2996 eet,
2249 2948 2433 2990 arcam
2460 2935 2769 2990 testamenti
2813 2935 3028 2990 Domini
3056 2935 3277 2991 tradidit
3324 2936 3379 2990 in
3424 2943 3631 3015 manus.

2032 3025 2253 3081 inimici.
2288 3024 2567 3083 Conclusit
2612 3025 2668 3096 in
2694 3025 2876 3097 gladio
2904 3027 3164 3099 populum
3194 3042 3369 3094 suum,
3402 3034 3458 3081 et
3502 3026 3617 3081 haz-

2030 3116 2317 3172 reditatem
2344 3131 2499 3171 suam
2533 3116 2759 3187 sprevit,
2804 3117 2878 3172 ita
2908 3125 2968 3172 ut
3006 3125 3061 3173 et
3089 3117 3399 3179 sacerdotes
3426 3132 3617 3173 eorum

2030 3204 2209 3276 gladio
2237 3202 2530 3272 caderent,
2571 3207 2798 3277 juvenes
2834 3207 2972 3278 ignis
3009 3207 3352 3274 comederet,
3384 3207 3617 3278 virgines

336 3270 805 3352 innumerabilium
827 3270 1331 3365 concupiscentibus
1352 3292 1540 3350 tribuit
1561 3292 1722 3350 etiam
1743 3294 1924 3364 ingra-
1954 3270 2003 3337 ο
2030 3270 2149 3354 sine
2176 3294 2413 3354 lamento
2440 3270 2914 3370 perirentyvidu'ae
2941 3302 3059 3357 sine
3084 3270 3424 3372 plorantibus
3450 3270 3618 3359 inter-

340 3380 430 3451 tis.
461 3385 528 3440 Et
550 3384 619 3441 ne
641 3378 867 3441 inultum
899 3378 1228 3455 ingratorum
1256 3384 1457 3441 crimen
1484 3378 1774 3456 posteritas
1815 3390 1925 3441 non

340 3464 556 3531 timeret
583 3476 703 3530 cum
731 3475 907 3530 adhuc
936 3478 1073 3530 escis
1101 3490 1289 3529 eorum
1319 3474 1475 3529 erant
1501 3475 1556 3531 in
1584 3482 1679 3531 ore
1711 3490 1919 3543 eorum,

2029 3389 2188 3443 irent.
2221 3388 2478 3446 Venimus
2506 3407 2649 3448 nunc
2671 3392 2738 3448 ad
2768 3390 2946 3449 locum
2970 3436 2985 3461 ,
3034 3393 3127 3464 qui
3156 3410 3256 3451 nos
3284 3395 3352 3451 ab
3371 3390 3617 3453 .historia

2026 3474 2094 3535 a’d
2123 3480 2410 3552 mysticum
2437 3490 2494 3538 et
2514 3482 2776 3540 moralem
2821 3484 3061 3541 auditum
3104 3486 3366 3557 impellat.
3400 3484 3617 3542 Excita-

340 3567 420 3620 ira
446 3564 538 3621 Dei
568 3565 715 3649 venit
744 3580 906 3639 super
934 3581 1048 3631 eos,
1083 3562 1210 3635 quia
1240 3560 1347 3620 non
1384 3556 1732 3621 crediderunt
1760 3556 1924 3622 mira-
2025 3574 2113 3625 tus
2141 3576 2244 3634 est,
2273 3571 2481 3641 inquit,
2517 3580 2771 3643 tanquam
2821 3573 3095 3631 dormiens
3134 3556 3417 3630 Dominus.
3462 3573 3614 3641 Quo-

339 3652 533 3711 bilibns
573 3655 714 3727 ejus.
756 3650 1080 3711 Del‘ecerunt
1127 3655 1182 3710 in
1206 3656 1443 3711 vanitate
1468 3655 1583 3711 dies
1629 3671 1838 3721 eorum,
1868 3664 1925 3712 et
2027 3663 2339 3734 tiescunque
2367 3676 2497 3733 ergo
2526 3664 2808 3735 captivitas
2853 3665 2967 3720 sive
3013 3667 3262 3729 carnalis,
3295 3666 3410 3721 sive
3457 3666 3617 3735 spiri-

339 3736 466 3803 anni
482 3764 672 3813 eorum
693 3746 815 3804 cum
844 3746 1206 3804 festinatione.
1240 3747 1442 3804 Verum
1486 3750 1650 3819 quia,
1684 3754 1742 3804 ut
1769 3750 1877 3805 dixi
1904 3791 1919 3815 ,
2028 3752 2147 3808 talis
2192 3754 2371 3818 venit,
2417 3754 2649 3809 sciamus
2706 3753 2943 3810 dormire
2990 3754 3295 3822 Dominum,
3326 3762 3383 3810 et
3429 3755 3615 3815 tandiu

339 3830 399 3897 tu
444 3836 489 3898 si
532 3836 638 3898 non
683 3844 824 3899 malo
870 3851 1090 3900 coactus
1123 3842 1442 3901 benefacere
1490 3862 1597 3902 non
1627 3842 1709 3901 vis
1741 3865 1752 3899 :
1785 3844 1921 3902 Cum
2023 3840 2241 3910 dormit,
2270 3842 2509 3913 quandiu
2536 3842 2878 3898 inveniantur
2906 3843 3104 3911 idonei,
3135 3844 3225 3917 qui
3248 3847 3364 3901 ausi
3392 3846 3499 3901 sint
3519 3861 3614 3903 ex~

338 3926 633 4013 occideret,
678 3930 869 4002 inquit,
911 3949 1024 3998 eos,
1062 3934 1376 4004 qurerebant
1422 3951 1567 4001 eum,
1606 3943 1663 3992 et
1701 3953 1923 3993 conver-
2024 3930 2194 3989 citare
2230 3948 2375 3990 eum.
2425 3930 2543 3989 Hoc
2563 3940 2795 4004 namque
2840 3942 2924 3991 est
2968 3934 3113 4006 quod
3160 3934 3313 3991 tinxit
3354 3935 3613 3994 Dominus

341 4012 519 4074 tentes
567 4012 798 4097 diluculo
820 4021 1105 4076 veniebant
1151 4014 1217 4077 ad
1253 4039 1395 4078 enm.
1448 4022 1599 4082 Tunc
1648 4028 1921 4083 recordati
2024 4030 2211 4083 noster
2257 4021 2411 4087 Iesus
2457 4025 2701 4085 Chiistus
2748 4028 2803 4084 in
2851 4031 2974 4085 navi
3014 4029 3141 4087 dum
3180 4028 3551 4085 transfretaret
3595 4049 3608 4084 :

338 4107 470 4164 sunt
495 4102 621 4179 quia
649 4108 791 4165 Deus
819 4104 1030 4179 adiutor
1060 4121 1115 4169 et
1147 4123 1429 4185 protector
1459 4132 1647 4173 eorum
1676 4127 1779 4174 est.
1812 4118 1922 4176 Sed
1969 4164 1977 4172 .
2023 4118 2189 4174 nimia
2218 4122 2273 4175 et
2301 4120 2707 4191 incomparabili
2735 4127 3053 4193 tempestate
3093 4118 3249 4177 navis
3278 4120 3333 4177 in
3360 4133 3465 4191 qua
3493 4126 3612 4178 erat

339 4198 605 4267 dicentes,
639 4200 831 4272 inquit,
878 4212 935 4259 tu
965 4220 1023 4260 es
1069 4192 1207 4262 Dens
1247 4202 1453 4276 noster,
1502 4211 1605 4268 hoc
1633 4212 1769 4277 sola,
1801 4212 1915 4281 ait,

338 4286 520 4363 lingua
552 4292 763 4349 mentiti
792 4294 918 4351 sunt
942 4295 1011 4362 ei,
1040 4311 1133 4351 cor
1177 4298 1354 4354 antem
1402 4294 1589 4359 eorum
1640 4313 1746 4359 non
1796 4308 1915 4361 erat

337 4386 545 4440 rectum
570 4376 692 4441 cum
722 4401 808 4441 eo.
861 4380 1013 4443 Unde
1049 4395 1103 4443 et
1149 4380 1407 4448 Dominus
1452 4384 1581 4448 dicit
1615 4412 1627 4447 :
1659 4392 1917 4467 Populus,

337 4472 532 4545 inquit,
563 4476 643 4563 hic
663 4468 813 4563 labiis
842 4472 922 4533 nte
945 4478 1131 4552 diligit,
1163 4497 1252 4537 cor
1279 4484 1447 4539 autem
1470 4500 1644 4538 eorum
1673 4485 1825 4558 longe
1842 4495 1919 4545 est

336 4554 661 4641 a'rnﬁlsai.
704 4556 873 4643 xxii).
917 4564 1060 4637 ﬂare,
1102 4578 1270 4643 quare
1317 4568 1463 4632 haee?
1489 4568 1623 4644 'Quia
1648 4554 1782 4634 σί]εὲ
1806 4579 1914 4635 nan

334 4650 416 4714 est
456 4652 637 4715 habita
668 4656 989 4718 testamento
1015 4656 1152 4734 ejus.
1187 4664 1314 4720 Sine
1341 4662 1476 4738 ﬁde,
1509 4664 1686 4723 autem
1705 4711 1720 4735 ,
1762 4679 1821 4725 ut
1844 4670 1919 4727 ait

335 4744 646 4836 Apostolus,
690 4751 1003 4836 impossibile
1056 4756 1132 4810 est
1190 4754 1394 4827 placere
1442 4748 1549 4814 Deo
1580 4746 1775 4831 (Hebr.
1817 4754 1941 4836 x1).

337 4832 689 4899 Diseutiainiis
728 4834 1018 4918 parumper
1054 4838 1122 4903 de
1187 4840 1296 4920 quo
1343 4844 1667 4906 testamento
1707 4832 1913 4923 agatur.

334 4932 466 4989 Audi
497 4928 814 5015 Apostolum
847 4936 860 4988 ὲ
921 4936 1198 5005 Hominis,
1244 4941 1338 5009 ait,
1384 4940 1743 5015 testahtentum
1770 4934 1941 5005 nemo.

334 5028 534 5081 irritum
552 5022 702 5109 facit,
742 5014 831 5082 aut
871 5024 1256 5105 superordinat.
1300 5022 1522 5091 Abraha:
1562 5030 1755 5092 dictum
1788 5051 1867 5094 est
1898 5059 1916 5096 :

336 5114 399 5207 In
648 5110 733 5207 tib
755 5114 1069 5203 Itarreditabo
1099 5120 1272 5207 omnes
1299 5114 1473 5198 gentes
1500 5143 1518 5181 :
1543 5124 1596 5180 Ν
1602 5146 1691 5196 οη,
1723 5112 1945 5202 inquit;

331 5202 462 5264 dixit
485 5214 539 5264 in
558 5202 863 5289 seminibus,
887 5206 1035 5285 quasi
1073 5216 1127 5268 in
1158 5202 1356 5283 inultis,
1381 5217 1472 5271 sed
1500 5208 1554 5273 in
1578 5224 1774 5277 semine
1805 5228 1911 5292 tuo,
1938 5208 1945 5297 ί

331 5294 465 5385 quod
487 5313 563 5355 est
583 5282 818 5385 Christus
848 5282 1047 5369 (Calat.
1084 5321 1140 5360 ιιι
1160 5302 1201 5377 ).
1236 5282 1349 5363 Hoc
1371 5300 1503 5376 ergo
1534 5282 1912 5367 testamentum

330 5384 472 5462 quod
504 5384 627 5447 cum
669 5384 938 5449 Abraham
973 5392 1347 5465 patre'eorum
1384 5396 1571 5455 habuit
1602 5400 1761 5468 Deus,
1788 5395 1943 5460 dum‘

328 5479 625 5554 compleret
658 5484 711 5539 in
742 5480 890 5541 Filio
918 5503 1017 5541 suo
1037 5528 1052 5552 ,
1086 5486 1215 5544 ﬁdes
1257 5482 1363 5544 non
1412 5484 1495 5546 est
1525 5476 1706 5548 habila
1749 5502 1913 5550 testa-

326 5562 511 5628 mento
540 5564 674 5643 ejus.
702 5570 821 5647 ipse
844 5585 1025 5632 auten;
1045 5580 1129 5634 est
1154 5574 1478 5649 misericors,
1495 5582 1657 5638 etiam
1681 5580 1733 5639 in
1756 5602 1916 5643 cruce
1938 5570 1944 5583 ’

326 5652 569 5761 positus,
589 5658 853 5761 propitius
886 5667 941 5722 iit
969 5671 1205 5741 peccatis
1235 5687 1441 5742 eorum,
1466 5681 1540 5740 et,
1566 5668 1685 5761 cum
1708 5684 1911 5745 posset,

326 5748 435 5833 non
466 5744 783 5828 diSperdidit
810 5744 926 5814 eos.
970 5758 1039 5813 ita
1074 5772 1132 5816 ut
1161 5770 1376 5826 rogaret
1424 5756 1637 5819 Patrem
1666 5744 1823 5821 suum
1855 5752 1944 5820 ut.

320 5855 382 5903 et
412 5834 524 5917 ipse
552 5840 851 5918 indulgeret
872 5844 967 5913 bis.
1002 5850 1134 5921 Quia
1168 5846 1481 5910 recordatus
1502 5850 1583 5910 est
1610 5846 1755 5926 quod
1783 5848 1910 5915 caro

831 5963 1091 5986 κ.‹’””ιξ-ο
1132 5973 1138 5978 .

1947 4626 2003 4690 D

2023 4220 2145 4265 cum
2170 4204 2447 4283 discipulis
2474 4215 2603 4280 suis,
2628 4213 2905 4283 agebatur,
2929 4216 3003 4270 ita
3032 4206 3091 4271 ut
3119 4212 3251 4272 nihil
3278 4220 3607 4290 superesset,

2024 4300 2126 4358 nisi
2180 4311 2239 4359 ut
2261 4315 2636 4375 mergerentur
2662 4306 2717 4361 in
2745 4304 3014 4364 ﬂuctibus.
3066 4307 3401 4364 Accedentes
3439 4306 3605 4364 disci-

2021 4388 2133 4463 puli
2162 4388 2230 4447 ad
2271 4393 2629 4451 dormientem
2667 4392 2973 4466 Dominum,
3000 4396 3235 4454 clamare
3279 4412 3404 4453 emn
3441 4396 3608 4454 nimio

2020 4485 2263 4575 excitant
2290 4486 2531 4544 dicentes
2558 4508 2570 4543 :
2604 4487 2921 4563 Prttcepto'r,
2953 4494 3178 4566 perimus
3209 4490 3436 4565 (Matth.
3468 4492 3603 4565 vm).

2021 4579 2113 4636 ille
2143 4583 2324 4635 autem
2362 4584 2587 4650 surgens
2626 4581 2910 4655 imperavit
2939 4585 3144 4650 ventis,
3175 4590 3230 4640 et
3287 4583 3609 4655 quieverunt

2027 4666 2180 4728 unda;
2208 4678 2265 4729 et
2288 4670 2644 4745 tranquillataz
2668 4676 2944 4732 sunt.NOn
2975 4691 3104 4746 ergo
3133 4674 3254 4733 ideo
3275 4678 3474 4734 dormit
3493 4678 3604 4734 Do-

2022 4758 2219 4831 mi'nus,
2252 4773 2312 4822 ut
2350 4770 2542 4821 Somno
2564 4770 2829 4822 teneatur.
2872 4764 3101 4839 Semper
3133 4764 3333 4837 vigilat,
3366 4774 3421 4824 et
3468 4784 3607 4824 nun-

2021 4849 2183 4925 quam
2202 4854 2433 4912 dormiet
2452 4856 2690 4924 oinnino,
2718 4855 2892 4930 neque
2911 4852 3241 4915 dormitabit.
3266 4858 3372 4915 Sed
3392 4857 3606 4927 quando

2023 4940 2071 4999 ei
2096 4944 2196 5001 nos
2223 4946 2494 5003 silentium
2523 4947 2745 5008 faeimus
2773 4948 2882 5006 tale
2906 4992 2920 5017 ,
2948 4952 3108 5022 quale
3133 4951 3223 5022 qui
3261 4944 3403 5005 dicat
3454 4964 3466 4997 :
3511 4944 3605 4999 Sic

2022 5034 2120 5092 vos
2140 5039 2340 5105 siletis,
2371 5040 2510 5095 sicut
2537 5042 2677 5099 solet
2722 5041 2839 5101 ﬁeri
2886 5040 3156 5115 silentium
3187 5034 3559 5110 patrifamilias
3584 5050 3598 5099 ς

2025 5132 2085 5182 ut
2112 5130 2354 5199 quiescat
2391 5142 2515 5186 ecce
2543 5134 2761 5202 Quiesco
2786 5175 2801 5201 ,
2834 5138 2962 5188 ecce
2990 5126 3148 5193 sileo,
3201 5139 3329 5181 ecce
3364 5122 3599 5192 dormio,

2025 5222 2132 5278 non
2176 5224 2479 5280 orationum
2526 5219 2811 5296 gemitibus
2849 5221 3070 5293 puisor,
3118 5230 3226 5272 non
3270 5216 3603 5287 psalmorum

2026 5314 2245 5371 vocibus
2273 5314 2569 5387 inquietor,
2602 5331 2701 5370 nec
2730 5305 2954 5369 assiduis
2996 5308 3462 5381 deprecatiOnibus
3503 5327 3601 5368 ex-

2023 5396 2181 5472 ci'tor,
2211 5407 2526 5477 grandi'dioc
2547 5414 2726 5461 vestro
2764 5398 2980 5458 silentio
3026 5404 3128 5473 ego
3171 5399 3403 5470 dOrmio,
3426 5408 3480 5460 et
3515 5412 3604 5462 me

2023 5497 2324 5553 dormiente
2345 5498 2490 5554 venit
2511 5511 2673 5566 super
2702 5480 2801 5549 vos,
2820 5501 2914 5547 aut
2938 5490 3213 5566 spiritalis,
3243 5508 3301 5553 ut
3342 5492 3471 5565 dixi,
3504 5502 3596 5552 aut

2019 5590 2246 5644 carnalis
2276 5596 2565 5657 tempestas
2586 5624 2601 5648 ,
2645 5600 2751 5654 qua
2797 5582 3060 5659 compulsi
3088 5584 3155 5646 ad
3203 5606 3385 5660 regem
3413 5588 3600 5644 confu-

2019 5681 2197 5746 giatis,
2227 5688 2286 5733 ut
2308 5677 2423 5745 ejus
2454 5675 2644 5744 vigiliis
2662 5676 2965 5744 liberemiltl
2987 5723 3001 5748 ,
3042 5682 3197 5751 cujus
3223 5676 3414 5737 somno
3444 5678 3594 5747 capi-

2017 5770 2165 5846 mini.
2195 5767 2433 5846 Denique
2461 5766 2722 5823 excitatus
2749 5770 3001 5840 precibus
3029 5780 3368 5846 sanctorum,
3414 5767 3597 5823 audite

2014 5844 2141 5928 quid
2188 5844 2373 5911 fecerit
2404 5875 2415 5912 :
2450 5846 2751 5932 Percussit,
2791 5852 2981 5934 inquit,
3025 5857 3211 5918 omnes
3251 5844 3496 5917 inimicos
3540 5859 3596 5919 in
