4244 6258
632 413 736 466 459

1948 403 2036 458 ΑΒ
2046 401 2219 457 NOBII
2257 401 2556 489 JUNIORIS

3798 409 3902 464 440

633 531 844 578 secreto
873 523 1074 577 natium
1097 498 1305 575 eorum.
1341 519 1618 588 'I‘antaque
1658 518 1886 572 murium
1915 517 2068 587 copia
2113 532 2209 571 ex-
2239 517 2293 574 Δ
2319 518 2546 571 cessaris
2567 519 2649 572 sui
2675 502 2919 584 secutus,
2952 519 3243 572 lamentum
3288 503 3446 573 simul
3487 519 3596 572 Deo
3627 535 3749 574 cum
3779 538 3903 577 ora—

635 612 790 678 stitit,
823 621 882 665 ut
909 611 1086 666 nullus
1110 626 1300 665 eorum
1329 619 1473 665 esset
1501 609 1656 679 cujus
1680 625 1815 663 anns
1843 625 1951 663 non
1982 625 2012 662 a
2047 608 2214 662 muri-

547 692 560 706 ’
631 701 732 755 bus
755 698 1057 765 raderetur,
1081 701 1154 754 ita
1181 707 1261 763 ut,
1276 701 1414 755 sicut
1432 699 1561 754 dicit
1589 699 1726 753 liber
1753 698 1959 768 primus
1987 695 2213 764 Regum,

632 791 845 848 exir’ent
885 793 1254 862 prominentes
1303 791 1509 848 extales
1547 806 1754 847 eorum.
1807 789 1923 844 Hoc
1964 802 2091 858 ergo
2133 797 2216 842 est

634 884 780 954 quod
808 885 885 938 ait
923 900 1065 940 nunc
1093 885 1149 938 in
1192 884 1296 939 isto
1325 885 1550 954 psalmo,
1596 883 1888 939 excitatum
1928 882 2213 936 Dominum

631 976 967 1045 percussisse
996 975 1243 1030 inimicos
1272 975 1324 1030 in
1354 975 1673 1044 posteriora.
1706 972 2063 1042 Opprobrium
2086 1012 2101 1037 ,
2133 972 2217 1026 in-

631 1069 766 1138 quit,
785 1069 1168 1138 sempiternum
1195 1067 1341 1121 dedit
1363 1067 1484 1132 illis,
1511 1075 1566 1120 et
1587 1065 1783 1134 repulit
1805 1063 2213 1119 tabernaculum

629 1156 830 1228 Ioseph
851 1159 903 1213 in
932 1171 1098 1226 regno
1125 1157 1320 1211 Saulis.
1351 1155 1479 1210 Duae
1508 1157 1622 1210 ista:
1649 1155 1814 1210 tribus
1836 1155 2090 1209 tenebant
2113 1153 2213 1207 im-

627 1249 860 1317 perium,
889 1246 1089 1317 Ioseph
1111 1247 1316 1302 scilicet
1355 1256 1411 1300 et
1447 1246 1744 1314 Benjamin.
1778 1244 1930 1300 Unde
1970 1243 2208 1314 adjecit,

629 1339 829 1392 tribum
869 1338 1103 1408 Ephrem
1137 1354 1244 1393 non
1289 1338 1476 1405 elegit,
1528 1345 1587 1391 ut
1629 1336 1980 1391 subaudiatur
2019 1334 2085 1388 ad
2126 1349 2213 1388 re-

629 1443 814 1496 gnum,
844 1429 937 1482 sed
961 1429 1123 1495 elegit
1153 1429 1350 1482 tribum
1376 1425 1512 1482 Jnda
1541 1427 1606 1482 ad
1639 1441 1882 1496 regnum,
1911 1425 2056 1496 quod
2085 1425 2212 1480 licet

627 1519 684 1571 in
713 1518 876 1572 David
907 1527 1031 1572 tunc
1056 1527 1274 1588 pactum
1300 1518 1405 1582 sit,
1431 1515 1722 1580 invChristo
1747 1508 2076 1587 completum
2105 1522 2206 1570 est.

542 1651 544 1654 τ
624 1609 683 1662 In
715 1617 899 1662 monte
945 1607 1076 1663 Sion
1120 1623 1284 1678 quem
1312 1607 1503 1676 elegit,
1534 1608 1586 1662 in
1622 1622 1730 1676 quo
1765 1605 2049 1661 aedificavit
2071 1604 2212 1660 sicut

634 1701 907 1755 unicornis
935 1700 1298 1756 sanctuarium
1341 1715 1516 1764 suum,
1548 1699 1622 1753 ibi
1649 1706 1834 1763 natus,
1879 1696 1952 1751 ibi
1978 1695 2211 1766 baptiza-

631 1799 738 1856 tus,
772 1791 845 1844 ibi
875 1798 1126 1857 tentatus,
1179 1791 1252 1845 ibi
1293 1791 1345 1844 in
1381 1789 1668 1844 virtutibus
1711 1787 2103 1855 manifestatus,
2135 1785 2209 1841 ibi

2319 609 2467 662 tione
2511 608 2752 664 effundit.
2817 608 2984 678 Cujus
3037 609 3258 664 historia
3325 611 3651 680 praeteritam
3702 612 3905 669 caedem

2319 695 2722 754 Philistinorum
2778 699 3070 769 explanat,
3122 699 3462 769 prophetiam
3511 699 3747 756 futuram
3794 702 3902 756 Na-

2317 790 2777 849 buchodonosoris
2821 800 3209 848 commemorat
3265 792 3486 847 moralis
3531 793 3704 848 nostri
3743 793 3904 864 hujus

2316 883 2570 953 spiritalis
2633 883 2827 953 praelii.
2889 882 2960 938 Ut
3013 898 3142 938 vere
3203 882 3491 939 dicendum
3545 892 3664 949 est,
3722 885 3904 954 plorat

2316 973 2526 1028 venisse
2573 983 2761 1042 gentes
2813 975 2866 1028 in
2915 974 3280 1029 haereditatem
3329 974 3443 1029 Dei.
3488 971 3556 1028 Et
3607 973 3746 1029 liber
3788 973 3902 1031 Re-

2316 1077 2442 1132 gum
2483 1065 2542 1128 I,
2575 1064 2642 1119 de
2690 1065 2893 1120 Salom.
2923 1107 2936 1131 ,
2996 1073 3052 1120 et
3105 1080 3229 1120 arca
3277 1066 3584 1121 testamenti
3611 1075 3899 1121 memorat.

2315 1153 2385 1208 Et
2403 1153 2668 1208 Jeremias
2695 1154 2763 1208 de
2788 1152 3084 1209 Jerusalem
3105 1162 3158 1208 et
3184 1153 3252 1209 de
3272 1153 3489 1224 templo,
3511 1155 3554 1208 si
3581 1155 3904 1225 prophetico

2315 1245 2476 1300 modo
2506 1246 2647 1300 hunc
2673 1246 2936 1315 psalmum
2963 1246 3158 1314 quaeris
3185 1245 3454 1316 explanat.
3503 1245 3613 1302 Nos
3638 1261 3768 1303 vero
3808 1248 3902 1317 qui

2313 1334 2610 1413 Jerusalem
2651 1343 2888 1390 nostram
2933 1337 3166 1391 animam
3211 1336 3455 1404 dicimus,
3497 1337 3543 1393 si
3581 1346 3764 1394 tamen
3804 1355 3905 1395 rex

2315 1427 2568 1497 pacificus
2587 1427 2873 1496 requiescit
2902 1428 2954 1481 in
2983 1443 3066 1490 ea,
3098 1427 3214 1482 haec
3225 1427 3438 1496 quando
3456 1443 3556 1498 per
3581 1443 3903 1485 consensum

2313 1531 2488 1581 suum,
2521 1525 2577 1571 et
2604 1525 2826 1587 propter
2846 1518 3423 1588 negligentiamsuam,
3454 1519 3578 1575 dum
3606 1534 3715 1574 non
3736 1535 3905 1590 repu-

2313 1605 2525 1676 gnando
2553 1616 2854 1677 superatur,
2878 1623 2942 1662 ac
2961 1607 3086 1662 dum
3116 1608 3387 1678 peccando
3427 1609 3536 1665 Deo
3560 1611 3628 1666 ab
3666 1610 3786 1679 ejus
3811 1610 3902 1666 of"-

2311 1692 2555 1751 fensione
2583 1695 2907 1761 discesserit,
2932 1697 3158 1752 veniunt
3193 1697 3263 1772 _ad
3300 1712 3420 1752 eam
3447 1707 3651 1767 gentes.
3676 1699 3759 1754 Ad
3781 1715 3902 1755 eam

2312 1786 2500 1856 utique
2525 1801 2688 1855 quam
2732 1787 2787 1841 in
2827 1787 3145 1842 haereditate
3166 1803 3261 1842 sua
3281 1788 3520 1859 possidet
3553 1787 3813 1856 Christus,
3843 1799 3902 1845 et

624 1896 835 1951 passus,
869 1882 942 1935 ibi
981 1890 1256 1948 mortuus,
1299 1881 1371 1936 ibi
1406 1881 1682 1952 sepultus,
1726 1880 1800 1935 ibi
1841 1893 2133 1948 exsurgens
2176 1893 2208 1933 a
2237 1878 2286 1939 Β
2315 1875 2562 1947 polluunt
2602 1877 2858 1948 templum
2887 1887 3134 1933 sanctum
3171 1878 3306 1947 ejus,
3336 1885 3583 1934 sanctum
3623 1879 3815 1935 factum
3843 1881 3898 1935 in

623 1973 850 2028 mortuis
880 1973 1036 2028 tertia
1065 1973 1186 2038 die,
1214 1972 1287 2028 ibi
1315 1971 1555 2029 ascendit
1591 1973 1644 2028 in
1681 1971 1866 2029 celos.
1896 1970 1952 2027 In
1999 1977 2198 2028 terram

621 2076 786 2130 quam
808 2063 1047 2117 fundavit
1076 2064 1130 2118 in
1160 2063 1352 2119 sarcula
1371 2105 1384 2129 ,
1418 2063 1469 2118 id
1506 2071 1616 2130 est,
1659 2064 1714 2119 in
1735 2063 1886 2127 Sion,
1912 2061 1966 2117 id
1993 2072 2107 2128 est,
2144 2063 2201 2119 in

623 2153 861 2210 Ecclesia
890 2163 1216 2211 sanctorum.
1262 2154 1394 2210 Nam
1425 2156 1498 2211 ibi
1521 2157 1758 2226 elegerat
1792 2155 1962 2211 David
1986 2171 2199 2211 servum

622 2259 794 2310 suum,
824 2245 1041 2314 quando
1065 2261 1190 2301 eum
1220 2245 1342 2301 tulit
1385 2245 1452 2301 de
1485 2247 1735 2315 gregibus
1765 2247 1975 2312 ovium,
2008 2252 2067 2301 ut
2105 2261 2202 2316 pa-

623 2341 796 2389 sceret
821 2333 987 2391 Iacob
1029 2343 1084 2391 et
1110 2335 1294 2403 Israel,
1334 2337 1702 2392 hzereditatem
1726 2353 1906 2404 suam,
1939 2352 2078 2407 quos
2103 2351 2202 2408 pa-

624 2432 741 2479 scet
765 2441 935 2495 usque
963 2427 1123 2482 hodie
1150 2426 1246 2481 Dei
1275 2426 1440 2482 Filius
1460 2428 1575 2482 sine
1602 2428 1804 2482 malitia
1833 2427 2030 2493 cordis,
2063 2436 2118 2482 et
2146 2428 2199 2482 in

624 2531 784 2571 sensu
811 2532 1064 2572 manuum
1093 2534 1312 2573 suarum
1354 2518 1573 2573 seducet
1601 2533 1719 2573 nos.
1764 2518 1888 2573 Ideo
1914 2518 2058 2573 enim
2087 2533 2201 2571 ma-

624 2621 722 2660 nus
749 2622 875 2662 suas
904 2608 956 2661 in
987 2623 1142 2664 cruce
1173 2609 1395 2671 levavit,
1429 2616 1489 2663 ut
1517 2609 1569 2662 in
1598 2609 1766 2677 gloria
1795 2623 2048 2663 manuum
2077 2624 2202 2663 sua-

624 2711 741 2752 rum
769 2689 964 2768 dirigat
992 2715 1128 2764 nos,
1177 2700 1270 2769 qui
1297 2707 1485 2768 regnat
1531 2715 1653 2755 cum
1693 2698 1856 2756 Patre
1901 2709 1957 2756 et
1999 2700 2202 2772 Spiritu

625 2798 810 2845 sancto
839 2790 893 2844 in
923 2790 1112 2846 saecula
1141 2790 1474 2844 saeculorum.
1515 2790 1702 2845 Amen.
1769 2861 1776 2866 ι

1100 2922 1320 2977 PSALM
1329 2921 1413 2978 US
1451 2921 1730 2977 LXXVIII.

1177 3034 1419 3090 Psalmus
1447 3035 1645 3106 Asaph.

699 3169 860 3234 Deus,
882 3181 1123 3224 venerunt
1150 3181 1324 3241 gentes
1360 3174 1414 3224 in
1455 3172 1808 3225 hccreditatem
1830 3180 1987 3234 tuam,
2010 3171 2204 3242 pollue-

629 3269 748 3313 runt
777 3261 1017 3329 templum
1045 3270 1278 3313 sanctum
1315 3270 1455 3313 tuum
1478 3299 1493 3319 ,
1527 3271 1807 3330 posuerunt
1832 3259 2123 3334 Jerusalem
2148 3261 2206 3314 in

631 3365 904 3418 pomorum
942 3349 1254 3403 custodiam.
1304 3348 1594 3402 Posuerunt
1632 3350 1902 3402 morticina
1949 3365 2208 3403 servorum

631 3453 833 3496 tuorum
857 3458 1001 3495 escas
1021 3442 1310 3495 volatilibus
1338 3441 1480 3506 cmfi,
1531 3458 1712 3494 carnes
1757 3451 2050 3495 sanctorum
2094 3450 2208 3495 tuo-

628 3549 741 3585 rum
770 3533 940 3585 bestiis
965 3541 1134 3586 terrae.
1159 3530 1468 3600 Effuderunt
1489 3533 1794 3602 sanguinem
1825 3533 2055 3602 ipsorum
2081 3540 2204 3586 tan-

627 3639 778 3692 quam
800 3639 980 3693 aquam
1010 3623 1064 3675 in
1093 3624 1310 3677 circuitu
1333 3623 1644 3688 Jerusalem,
1675 3634 1846 3679 etnon
1875 3633 1988 3678 erat
2013 3626 2098 3697 qui
2120 3641 2204 3678 se-

627 3715 826 3782 peliret.
859 3713 1011 3768 Facti
1050 3731 1226 3768 sumus
1253 3714 1581 3785 opprobrium
1617 3718 1796 3770 vicinis
1840 3717 2062 3784 nostris,
2093 3715 2206 3772 sub-

627 3805 868 3858 sannatio
913 3813 963 3857 et
1009 3804 1183 3858 illusio
1230 3805 1296 3858 iis
1339 3807 1424 3876 qui
1478 3808 1533 3860 in
1583 3808 1798 3861 circuitu
1849 3817 2024 3863 nostro
2062 3817 2199 3862 sunt.

629 3893 934 3966 Usquequo,
986 3893 1225 3960 Domine,
1271 3898 1516 3950 irasceris
1564 3898 1619 3949 in
1659 3898 1846 3966 linem,
1899 3899 2205 3951 accendetur

627 3985 758 4039 velut
798 3987 930 4057 ignis
973 3987 1111 4040 zelus
1149 3998 1279 4040 tuus.
1323 3986 1553 4054 E/funde
1578 3989 1711 4039 iram
1743 3998 1882 4040 tuam
1927 3991 1982 4040 in
2026 3998 2202 4057 gentes

552 4088 554 4091 ’
625 4091 738 4145 quia
781 4085 828 4128 te
869 4093 972 4129 non
1001 4085 1265 4139 noverunt,
1308 4084 1358 4128 et
1396 4077 1449 4128 in
1477 4092 1638 4144 regna
1675 4092 1786 4145 qua:
1831 4092 2012 4129 nomen
2062 4085 2203 4130 tuum

624 4181 727 4218 non
760 4166 1134 4219 invocaverunt.
1185 4162 1318 4226 Quia
1364 4164 1692 4218 comederunt
1722 4163 1914 4230 Iacob,
1945 4173 1994 4219 et
2034 4168 2202 4221 locum

627 4258 733 4322 ejus
755 4258 1128 4312 desolaverunt.
1147 4254 1229 4310 Ne
1255 4257 1546 4311 memineris
1566 4257 1887 4327 iniquitatum
1909 4267 2200 4314 nostrarum

628 4347 971 4415 antiquarum,
1001 4348 1102 4400 cito
1123 4347 1402 4417 anticipent
1427 4364 1522 4401 nos
1547 4349 1914 4403 misericordire
1939 4359 2058 4416 tum,
2080 4353 2201 4422 quia

625 4449 873 4502 pauperes
899 4437 1023 4506 facti
1052 4452 1227 4488 sumus
1255 4436 1648 4506 nimis.Adjuva
1666 4437 1933 4504 nos,Deus
1953 4441 2199 4496 salutaris

625 4529 816 4585 noster,
848 4531 896 4574 et
928 4534 1135 4592 propter
1169 4524 1388 4594 gloriam
1417 4527 1641 4580 nominis
1676 4529 1748 4581 tui
1785 4528 1945 4582 libera
1992 4547 2117 4597 nos,
2147 4541 2231 4585 et-

2309 1969 2574 2042 baptismo
2595 1985 2790 2043 corpus
2817 1971 2952 2041 ejus.
2995 1970 3209 2026 Ponunt
3251 1971 3565 2039 Jerusalem,
3596 1975 3762 2031 veluti
3789 1991 3891 2046 po-

2303 2078 2514 2118 morum
2540 2064 2865 2120 custodiam;
2879 2062 2957 2120 Ita
2977 2062 3243 2120 desertam
3271 2063 3474 2122 faciunt
3500 2079 3641 2132 eam,
3658 2074 3719 2120 ut
3741 2074 3897 2137 putes

2305 2151 2450 2207 illam
2479 2153 2755 2209 civitatem
2795 2169 3044 2224 magnam
3086 2156 3140 2210 in
3167 2155 3329 2211 vilem
3359 2157 3594 2212 casulam
3623 2139 3900 2212 hortulaui

2307 2260 2643 2302 conversam.
2689 2245 2991 2304 Posuerunt
3027 2247 3310 2302 morticina
3357 2263 3636 2303 servorum
3675 2258 3890 2304 tuorum

2313 2351 2467 2392 escas
2493 2337 2800 2392 volatilibus
2819 2338 2960 2393 cmli.
2987 2337 3106 2394 Hoc
3132 2339 3253 2394 loco
3280 2339 3516 2394 volatilia
3553 2341 3774 2410 spiritus
3794 2342 3897 2395 im:

2307 2427 2491 2483 mundi
2549 2429 2913 2496 nominantur,
2944 2429 3011 2485 de
3039 2429 3232 2499 quibus
3260 2430 3389 2485 dicit
3415 2429 3747 2501 Apostolus:
3776 2431 3898 2501 Spi-

2307 2519 2445 2574 ritus
2474 2519 2615 2574 aeris
2664 2519 2839 2589 hujus.
2873 2519 2975 2590 Ipsi
3011 2521 3157 2575 velut
3201 2521 3445 2576 volucres
3488 2521 3775 2577 comedunt
3805 2537 3897 2591 per

2308 2615 2574 2671 luxuriam
2603 2631 2795 2671 carnes
2820 2626 3126 2672 sanctorum
3147 2626 3381 2672 tuorum.
3406 2617 3897 2675 Comeduntsimul

2309 2704 2497 2760 bestia:
2545 2713 2720 2770 terra},
2749 2707 2793 2760 si
2823 2705 3107 2762 effuderint
3158 2708 3472 2776 sanguinem
3519 2723 3725 2774 eorum,
3757 2709 3901 2768 velut

2308 2811 2505 2866 aquam
2530 2798 2673 2853 circa
2698 2798 2867 2868 ipsam
2888 2797 3206 2855 Jerusalem.
3228 2798 3296 2854 Et
3322 2815 3430 2855 non
3453 2798 3610 2855 fuerit
3637 2799 3728 2869 qui
3754 2810 3901 2870 sepc'

2307 2887 2422 2953 fiat,
2467 2888 2594 2943 dum
2649 2904 2808 2945 nemo
2851 2883 2937 2946 est
2981 2891 3074 2959 qui
3102 2891 3352 2962 exemplo
3406 2891 3528 2946 vita:
3565 2890 3633 2945 ab
3674 2891 3893 2946 interitu

2308 2980 2501 3035 mortis
2529 2980 2842 3049 abscondat.
2867 2980 3017 3035 Tunc
3044 2980 3307 3037 efﬁcimur
3333 2983 3389 3036 in
3432 2982 3610 3037 derisu
3652 2982 3899 3038 omnibus

2311 3068 2609 3136 daemoniis,
2639 3072 2732 3141 qui
2771 3071 2894 3126 ideo
2919 3072 3078 3127 vicini
3123 3072 3292 3128 nostri
3321 3080 3376 3128 et
3403 3072 3605 3128 inimici
3631 3073 3898 3139 dicuntur,

2310 3160 2436 3230 quia
2459 3175 2560 3215 nec
2596 3175 2706 3215 uno
2727 3160 2943 3230 quidem
2981 3171 3180 3232 puncto
3209 3163 3277 3217 ab
3306 3163 3598 3218 inimicitiis
3620 3164 3774 3232 juxta
3804 3181 3899 3221 nos

2233 3236 2281 3302 C
2311 3252 2472 3324 positi
2503 3267 2611 3308 non
2638 3253 2918 3309 recedunt.
2955 3253 3036 3309 Ad
3081 3255 3196 3310 haec
3223 3255 3492 3324 rogandus
3519 3256 3805 3325 Dominus,
3843 3267 3898 3315 ut

2311 3340 2549 3398 effundat
2569 3354 2731 3413 super
2749 3357 2844 3398 eos
2880 3343 3015 3397 iram
3041 3349 3211 3400 Suam.
3245 3342 3377 3410 Quia
3426 3345 3542 3417 ipsa
3584 3353 3710 3402 sunt
3736 3363 3897 3418 regna

2308 3448 2428 3504 quae
2449 3448 2646 3489 nomen
2675 3433 2792 3505 ejus
2816 3450 2925 3490 non
2953 3435 3224 3503 invocant,
3267 3437 3362 3494 sed
3389 3438 3682 3494 comedunt
3719 3440 3896 3510 quoti.

2308 3525 2396 3581 die
2421 3524 2608 3594 Iacob,
2623 3531 2679 3582 et
2699 3525 2874 3582 locum
2900 3526 3034 3596 ejus,
3066 3528 3211 3596 quod
3239 3537 3356 3583 erat
3382 3538 3634 3585 ornatum
3659 3531 3896 3587 moribus

2308 3617 2364 3672 in
2385 3633 2624 3673 eremum
2643 3627 2983 3675 convertunt.
3016 3617 3284 3674 Eveniunt
3309 3620 3465 3676 nobis
3483 3621 3599 3678 haec
3618 3623 3664 3676 si
3692 3637 3896 3678 memor

2308 3709 2381 3764 sit
2409 3708 2666 3764 Dominus
2693 3709 3034 3780 iniquitatium
3063 3712 3388 3776 nos'trarum,
3422 3711 3626 3766 utinam
3645 3711 3895 3780 antiqua-

2308 3817 2428 3856 rum
2449 3809 2503 3856 et
2527 3817 2634 3857 non
2663 3817 2942 3858 novarum.
2981 3800 3088 3858 Sed
3115 3804 3242 3872 quia
3275 3803 3564 3859 remedium
3602 3803 3894 3858 vulneratis

2309 3899 2392 3946 est
2445 3893 2826 3959 necessarium,
2874 3893 2982 3948 cito
3037 3909 3136 3950 nos
3185 3895 3475 3966 anticipent
3514 3895 3895 3952 misericordias

2306 3991 2431 4047 tute,
2457 3981 2617 4037 Deus.
2649 3980 2783 4048 Quia
2806 3998 3070 4054 pauperes
3095 3986 3222 4041 facti
3244 4001 3428 4042 sumus
3452 3986 3626 4052 nimis,
3655 3987 3895 4057 perdidi-

2305 4085 2424 4123 mus
2462 4085 2650 4124 aurum
2679 4069 2966 4141 pudicitiae,
3007 4083 3286 4144 argentum
3321 4077 3479 4132 bona:
3530 4077 3890 4132 conscientia.

2304 4158 2412 4214 Nos
2439 4158 2538 4228 ipsi
2556 4161 2733 4231 praeda
2761 4162 2996 4218 hostium
3024 4164 3150 4220 f‘aéti
3179 4181 3362 4223 sumus
3382 4175 3606 4239 propter
3631 4168 3893 4223 honorem

2304 4252 2534 4307 nominis
2563 4255 2658 4320 tui,
2684 4253 2927 4321 Domine,
2955 4257 3122 4313 libera
3151 4275 3270 4325 nos,
3303 4267 3358 4314 et
3375 4260 3641 4331 propitius
3658 4269 3796 4328 esto,
3827 4275 3893 4316 ne

2301 4344 2570 4412 gaudeant
2597 4347 2874 4414 increduli,
2905 4357 2961 4405 et
3003 4349 3184 4406 dicant
3216 4371 3228 4405 :
3264 4350 3363 4408 Ubi
3387 4362 3470 4408 est
3492 4353 3634 4409 Deus
3672 4354 3892 4408 eorum?

2303 4436 2538 4494 Defende
2576 4440 2889 4509 sanguinem
2946 4456 3222 4498 servorum
3264 4451 3500 4511 tuorum,
3553 4445 3647 4516 qui
3694 4442 3892 4500 effusus

2302 4537 2402 4584 est.
2427 4529 2577 4585 Sicut
2621 4533 2763 4586 enim
2792 4533 2845 4587 in
2874 4532 3027 4588 ruina
3049 4534 3328 4590 hominum
3355 4535 3555 4591 habent
3602 4531 3890 4599 daemones,

623 4613 872 4682 propitius
894 4623 1000 4667 esto
1021 4616 1242 4684 peccatis
1268 4619 1458 4671 nostris
1481 4628 1688 4689 propter
1715 4637 1898 4675 nomen
1921 4631 2080 4678 tuum.
2114 4622 2201 4678 Ne
2225 4601 2280 4662 Ῐ)
2304 4620 2380 4674 ita
2405 4621 2459 4675 in
2485 4623 2826 4692 reparatione
2854 4631 3036 4680 nostra
3063 4626 3314 4693 gaudium
3334 4627 3535 4683 habent
3554 4627 3744 4696 angeli.
3769 4627 3892 4697 Spi-

526 4699 527 4703 “
622 4705 754 4772 forte
782 4703 956 4756 dicant
982 4705 1036 4757 in
1066 4706 1332 4776 gentibus:
1355 4706 1451 4763 Ubi
1472 4718 1548 4764 est
1565 4709 1705 4764 Deus
1729 4713 1943 4767 eorum?
1970 4723 2019 4767 et
2043 4716 2197 4770 inno-

620 4801 778 4844 tescat
829 4794 883 4846 in
931 4795 1222 4850 nationibus
1254 4814 1429 4852 coram
1465 4802 1626 4854 oculis
1654 4804 1864 4857 nostris.
1902 4802 2043 4858 Ultio
2070 4800 2195 4860 san-

619 4884 790 4953 guinis
836 4901 1097 4938 servorum
1135 4895 1336 4940 tuorum
1381 4891 1469 4959 qui
1490 4891 1680 4959 eﬁ‘usus
1718 4903 1826 4958 est,
1871 4895 2094 4949 introeat
2139 4899 2195 4951 in

616 4986 886 5045 conspectu
917 4986 1000 5030 tuo
1029 4979 1245 5048 gemitus
1287 4983 1706 5050 compeditorum.
1741 4985 2038 5041 Secundum
2076 5005 2192 5043 ma-

615 5068 932 5137 gnitudinem
975 5069 1171 5124 brachii
1213 5073 1284 5125 tui
1321 5074 1525 5143 posside
1559 5075 1698 5144 filios
1737 5081 2184 5149 ntortiﬁcatorum.

614 5155 682 5208 Et
707 5161 860 5213 redde
879 5163 1058 5216 vicinis
1079 5164 1272 5216 nostris
1299 5165 1587 5234 septuplum
1615 5168 1671 5219 in
1709 5168 1827 5220 sinu
1856 5186 2031 5224 eorum
2049 5210 2064 5235 ,
2096 5173 2188 5225 im-

613 5252 907 5318 properium
933 5254 1159 5322 ipsorum
1178 5255 1313 5325 quod
1331 5256 1768 5325 exprobrauerunt
1791 5257 1880 5312 tibi
1896 5299 1910 5322 ,
1943 5258 2181 5315 Domine.

615 5336 730 5391 Nos
771 5350 938 5394 autem
973 5346 1188 5414 populus
1220 5355 1332 5400 tuus
1360 5357 1410 5399 et
1438 5364 1552 5402 oves
1581 5365 1786 5417 pascua:
1819 5358 1939 5430 tute,
1971 5353 2186 5422 conﬁte-

612 5429 780 5480 bimur
808 5427 895 5482 tibi
915 5431 968 5481 in
989 5433 1248 5488 steculum.
1269 5435 1336 5488 In
1354 5440 1732 5506 generationem
1747 5449 1795 5491 et
1809 5427 2184 5508 generationem

613 5519 1030 5572 annuntiabimus
1055 5520 1256 5577 laudem
1275 5535 1432 5580 tuam.

1101 5637 1108 5643 ’
1188 5668 1622 5714 consumian.

2303 4710 2440 4766 ritus
2469 4728 2598 4767 vero
2613 4714 2925 4783 nequissimi
2954 4716 3228 4772 interitum
3254 4717 3548 4788 patiuntur,
3575 4734 3695 4774 cum
3713 4719 3880 4773 intra-

2302 4800 2440 4854 verit
2485 4802 2536 4856 in
2590 4812 2882 4874 conspectu
2928 4805 3023 4860 Dei
3069 4807 3299 4874 gemitus
3351 4809 3797 4880 compeditorum.
3827 4807 3886 4864 Si

2298 4898 2508 4944 tantum
2529 4893 2760 4962 gemitus
2785 4910 2885 4964 pro
2923 4897 3158 4965 peccatis
3178 4913 3285 4953 non
3307 4906 3488 4969 potest
3509 4897 3643 4966 fieri,
3670 4899 3774 4954 nisi
3803 4901 3887 4954 in-

2297 4989 2406 5035 tret
2435 4982 2484 5034 in
2514 4992 2803 5053 conspectu
2832 4984 2948 5040 Dei.
2979 4984 3046 5040 Et
3077 4986 3266 5057 incipit
3302 4989 3595 5044 secundum
3621 4990 3888 5056 magnitu-

2297 5061 2478 5128 dinem
2524 5075 2730 5131 brachii
2786 5077 2868 5132 sui
2915 5079 3190 5148 possidere
3229 5073 3488 5136 deinus
3513 5079 3649 5136 filios
3671 5081 3884 5144 mortis,

2296 5170 2355 5216 ut
2391 5164 2483 5231 qni
2514 5174 2667 5220 erant
2711 5166 2803 5221 filii
2842 5169 3030 5223 mortis
3074 5169 3329 5240 incipiant
3378 5186 3496 5226 esse
3536 5179 3591 5226 et
3619 5170 3714 5226 filii
3739 5172 3882 5225 vitae.

2295 5251 2431 5307 Cum
2453 5254 2740 5310 reddiderit
2767 5257 2995 5313 inimicis
3032 5261 3333 5332 septuplum
3351 5301 3366 5326 ,
3389 5262 3515 5331 quia
3541 5260 3688 5330 quod
3715 5261 3884 5331 septi-

2293 5343 2449 5400 formi
2473 5348 2662 5416 spiritu
2691 5349 2743 5402 in
2774 5350 3109 5420 baptismatis
3138 5361 3384 5424 tempore
3423 5354 3748 5425 promissum
3774 5363 3877 5416 est,

2293 5438 2485 5492 horum
2513 5448 2595 5495 est
2623 5443 3051 5512 suggestionibus
3077 5447 3145 5502 ab
3173 5445 3238 5504 iis
3265 5450 3357 5518 qui
3400 5449 3763 5519 promiserant
3782 5447 3878 5504 de-

2290 5539 2562 5598 negatum.
2595 5533 2736 5589 Satis
2765 5543 2944 5591 autem
2973 5538 3232 5595 facientes
3252 5538 3475 5608 Spiritui
3495 5548 3684 5595 sancto
3717 5521 3879 5608 quem

2289 5617 2347 5672 in
2375 5623 2779 5678 consecratione
2806 5628 3159 5696 suscepimus,
3187 5628 3426 5684 dicamus
3451 5629 3504 5684 ei
3530 5643 3629 5683 nos
3663 5647 3675 5681 :
3701 5627 3878 5698 Popu-

2199 5768 2207 5775 ,
2287 5708 2371 5763 Ius
2388 5717 2511 5765 tuus
2549 5718 2605 5766 et
2632 5726 2760 5768 oves
2779 5716 2955 5784 gregis
2981 5716 3077 5781 tui,
3107 5717 3220 5772 sive
3247 5732 3460 5787 pascua;
3498 5725 3623 5782 tuae,
3655 5713 3877 5772 confite-

681 5780 1114 5851 δενιιιεεεείηιυε
1154 5791 1206 5838 ει
1234 5794 1455 5858 octavus
1498 5791 1733 5862 psalmus
1780 5794 1987 5870 apicem
2027 5805 2177 5856 ante-
2284 5801 2462 5859 bimur
2483 5804 2578 5862 tibi
2617 5805 2672 5861 in
2701 5780 2911 5876 saecula,
2945 5817 2999 5864 et
3029 5780 3081 5868 in
3111 5780 3364 5868 smculum
3405 5811 3584 5868 saeculi
3611 5780 3870 5864 narrabi-

3041 5983 3069 5997 ~
