4244 6258
405 411 501 510 m
524 396 535 418 ’

1303 454 1769 512 COMMENTARII
1809 449 1872 508 IN
1911 453 2237 509 PSALMOS.
2283 456 2468 512 PSAL.
2518 455 2719 510 LXXX.

3561 450 3664 503 442

406 584 524 623 mus
545 569 724 623 laudes
748 579 879 632 tuas,
897 567 988 636 qui
1015 583 1206 637 regnas
1225 583 1346 623 cum
1362 565 1520 620 Patre
1539 574 1594 618 et
1614 563 1767 626 Filio,
1791 571 1975 618 sancte
2003 566 2056 626 Α
2084 566 2242 620 timus
2267 566 2470 621 rabiem
2497 564 2797 621 daemonum
2830 567 2882 620 in
2910 565 3073 622 corde
3101 570 3289 621 nostro
3318 562 3539 632 ingredi,
3572 563 3663 620 ubi

404 660 664 730 Spiritus,
706 675 844 714 nunc
885 667 937 714 et
964 675 1175 729 semper
1214 660 1269 714 in
1296 667 1493 713 aeterna
1533 656 1726 712 saecula
1754 655 1976 740 saeculo-

402 765 542 805 rum.
572 750 760 805 Amen.

887 823 1200 896 ramus
1236 839 1470 896 LXXIX.

400 928 456 986 In
503 928 658 986 ﬁnem
709 946 805 1001 pro
849 930 932 986 bis
968 932 1062 1000 qui
1113 932 1584 1001 commutabuntur
1619 930 1855 1001 psalmus
1878 944 1977 1000 pro

583 1075 596 1086 ν
717 1000 722 1001 ⁷
759 1001 991 1071 Assyriis
1019 1001 1385 1057 testimonium
1415 1000 1616 1072 Asaph.

463 1106 563 1173 Qui
589 1111 731 1180 regis
778 1107 946 1165 Israel
970 1111 1198 1177 intende,
1221 1113 1306 1183 qui
1334 1111 1542 1166 deducis
1569 1112 1703 1166 velut
1721 1128 1860 1166 ovem
1880 1111 1975 1166 Jo-

391 1202 526 1271 seph.
579 1198 686 1264 Qui
734 1202 879 1257 sedes
925 1218 1077 1274 super
1121 1201 1368 1256 cherubin
1422 1203 1757 1273 manifestare
1803 1217 1977 1256 coram

391 1288 660 1360 Ephraim,
681 1289 959 1362 Benjamin
974 1299 1023 1344 et
1033 1289 1297 1345 Manasse.
1311 1289 1502 1344 Excita
1515 1291 1796 1361 potentiam
1816 1299 1975 1355 tuam,

391 1388 437 1432 et
478 1381 604 1445 veni,
629 1389 694 1433 ut
738 1380 913 1434 salvos
939 1382 1106 1452 facias
1138 1397 1252 1435 nos.
1279 1378 1420 1434 Deus
1447 1382 1706 1445 virtutum,
1743 1391 1980 1436 converte

393 1487 500 1537 nos,
529 1481 578 1525 et
603 1471 824 1526 ostende
846 1473 1031 1541 faciem
1069 1480 1230 1538 tuam,
1273 1479 1324 1526 et
1368 1471 1492 1525 salvi
1521 1472 1726 1524 erimus.
1757 1468 1978 1524 Domine

394 1559 527 1614 Dens
548 1563 814 1627 virtutum,
829 1577 1085 1632 quousque
1103 1563 1344 1615 irasceris
1370 1577 1524 1630 super
1537 1560 1816 1628 orationem
1845 1560 1978 1613 servi

399 1651 502 1703 tui?
521 1649 726 1706 Cibabis
747 1667 841 1705 nos
861 1668 996 1722 pane
1014 1652 1380 1722 lacrymarum,
1401 1659 1452 1705 et
1469 1659 1643 1722 potum
1663 1650 1809 1705 dabis
1829 1651 1976 1708 nobis

394 1742 448 1794 in
475 1741 720 1813 lacrymis
746 1743 801 1796 in
837 1759 1098 1796 mensura.
1135 1741 1366 1796 Posuisti
1390 1759 1486 1796 nos
1524 1744 1578 1797 in
1606 1743 1974 1798 contradictio-

395 1846 510 1884 nem
535 1832 714 1885 vicinis
752 1832 959 1896 nostris,
991 1841 1042 1886 et
1093 1833 1287 1886 inimici
1327 1834 1496 1887 nostri
1533 1834 1978 1889 subsannaverunt

2080 657 2416 728 suscepimus
2432 655 2722 712 Christum.
2756 655 2826 712 Et
2859 657 2980 713 ideo
3007 657 3158 714 cibus
3177 656 3334 712 nobis
3357 669 3466 711 non
3501 654 3664 710 debet

2080 763 2200 804 esse
2220 748 2416 817 gaudii,
2447 749 2542 804 sed
2561 749 2714 818 panis
2743 749 3116 820 lacrymarum,
3139 756 3196 804 et
3219 756 3380 819 potus
3406 747 3460 802 in
3486 745 3662 819 lacry-

2079 838 2198 901 mis.
2226 838 2271 894 si
2297 839 2559 896 sentimus
2579 840 2705 909 quia
2724 838 2850 896 lacti
2873 855 3057 896 sumus
3083 841 3138 895 in
3161 839 3506 910 opprobrium
3525 838 3659 894 vici-

2079 928 2183 995 nis,
2214 935 2269 984 et
2298 930 2400 999 ipsi
2428 929 2865 987 deriseruntmos.
2887 931 2948 987 In
2973 931 3220 988 oratione
3238 930 3382 986 enim
3401 930 3658 1003 lacryma-

2078 1035 2198 1076 rum
2227 1028 2632 1090 permanentes,
2671 1022 2813 1078 Deus
2839 1023 3098 1078 virtutum
3138 1021 3357 1092 respicit
3403 1020 3472 1076 de
3498 1021 3657 1087 ctelo,

2079 1119 2136 1166 et
2160 1109 2324 1175 videt,
2353 1119 2409 1166 et
2429 1111 2606 1166 visitat
2631 1112 2839 1167 vineam
2859 1113 3038 1179 istam,
3063 1121 3120 1169 et
3146 1111 3328 1182 dirigit
3356 1126 3475 1167 eam
3497 1125 3657 1181 quam

2079 1201 2340 1271 plantavit
2388 1202 2440 1256 in
2470 1201 2625 1258 nobis
2660 1201 2884 1257 dextera
2927 1200 3043 1270 ejus
3069 1215 3169 1272 per
3210 1199 3401 1254 Filium
3427 1200 3661 1256 hominis

2078 1287 2279 1357 Jesuni,
2295 1305 2456 1360 quem
2477 1289 2813 1346 conﬁrmavit
2838 1289 2940 1345 sibi
2960 1290 3178 1346 incenso
3199 1290 3341 1358 igne,
3363 1297 3418 1343 et
3435 1288 3660 1344 suﬂ‘ossa

2079 1395 2262 1447 manu,
2287 1381 2502 1449 quando
2515 1380 2782 1435 Abraham
2807 1381 3026 1458 incenso
3045 1380 3189 1448 igne.
3201 1387 3256 1434 et
3275 1385 3478 1432 amata
3499 1392 3660 1432 manu

2079 1470 2278 1539 gladio,
2310 1480 2528 1542 paratus
2561 1471 2662 1526 fuit
2690 1469 2856 1526 ﬁlium
2895 1485 3050 1548 suun;
3067 1468 3314 1538 jugulare
3339 1481 3521 1523 coram
3551 1466 3660 1521 Do-

2079 1561 2250 1616 mino.
2283 1561 2433 1617 Tunc
2453 1561 2894 1631 juravitAbrahaa
2921 1559 3065 1631 quod
3097 1558 3264 1614 ﬁlium
3287 1557 3405 1627 ejus
3432 1557 3505 1612 ita
3531 1571 3661 1612 con-

2079 1649 2319 1706 tinuaret
2362 1651 2484 1717 sibi,
2522 1659 2583 1706 ut
2609 1652 2664 1706 in
2703 1653 2821 1722 ipso
2848 1650 3190 1706 haereditaret
3236 1663 3425 1704 omnes
3450 1655 3656 1717 gentes.

2078 1740 2222 1810 Ergo
2247 1758 2456 1798 memor
2481 1751 2620 1807 esto,
2670 1743 2914 1809 Domine,
2940 1742 3085 1817 quod
3137 1741 3349 1813 iurasti,
3378 1749 3434 1796 et
3469 1755 3661 1812 repara

2079 1834 2226 1904 quod
2263 1834 2498 1902 donasti,
2526 1843 2586 1890 ut
2609 1850 2717 1890 non
2736 1834 3071 1891 discedamus
3093 1848 3125 1888 ι
3154 1842 3235 1900 te;
3265 1849 3373 1889 non
3392 1833 3534 1888 enim
3552 1831 3661 1887 dis-

397 1938 512 1977 nos.
556 1920 696 1977 Deus
749 1924 1008 1990 virtutum,
1038 1934 1267 1978 converte
1292 1939 1407 1990 nos,
1466 1934 1517 1978 et
1556 1926 1766 1980 ostende
1792 1927 1978 1998 faciem
2008 1930 2059 1992 Β
2083 1923 2336 1980 cedemus
2355 1939 2387 1979 a
2416 1931 2496 1992 te,
2532 1925 2578 1980 si
2608 1932 2668 1979 tu
2703 1922 3079 1981 viviﬁcaberis.
3101 1924 3212 1980 Nos
3238 1931 3416 1978 autem
3446 1935 3661 1991 semper

400 2019 563 2076 tuam,
593 2022 640 2066 et
667 2014 796 2067 salvi
817 2016 1024 2070 erimus.
1057 2014 1270 2070 Vineam
1307 2017 1368 2071 de
1386 2015 1620 2089 Egypto
1640 2020 1974 2083 transtulisti,

405 2105 600 2174 ejecisti
633 2115 810 2177 gentes
835 2115 885 2159 et
926 2106 1172 2172 plantasti
1199 2124 1330 2161 eam.
1375 2107 1496 2162 Dux
1525 2110 1727 2164 itineris
1758 2111 1904 2182 fuisti
1923 2114 1979 2164 in

408 2207 678 2268 conspectu
720 2197 853 2267 ejus,
903 2207 953 2250 et
978 2197 1224 2267 plantasti
1263 2199 1460 2254 radices
1487 2200 1619 2270 ejus,
1659 2210 1710 2254 et
1753 2202 1980 2272 implevit

403 2297 612 2342 terram.
655 2283 868 2358 Operuit
892 2295 1090 2341 montes
1113 2287 1292 2341 umbra
1327 2289 1470 2358 ejus,
1516 2299 1564 2343 et
1608 2288 1818 2344 arbusta
1865 2290 1979 2361 ejus

401 2380 581 2433 cedros
615 2379 733 2433 Dei.
761 2377 1012 2434 Eztendit
1030 2380 1267 2451 palmites
1307 2399 1428 2437 suos
1454 2399 1614 2454 usque
1638 2384 1709 2437 ad
1737 2400 1899 2450 mare,
1929 2395 1980 2439 et

396 2485 555 2541 usque
604 2469 674 2524 ad
717 2471 904 2540 flumen
930 2474 1240 2544 propagines
1283 2473 1416 2544 ejus.
1444 2472 1511 2527 Ut
1531 2474 1654 2545 quid
1679 2475 1980 2530 destruxiin

394 2561 671 2614 maceriam
699 2562 830 2632 ejus,
845 2570 896 2614 et
913 2563 1226 2617 vindemiant
1242 2579 1358 2617 eam
1378 2580 1552 2618 omnes
1570 2565 1654 2636 qui
1676 2575 1979 2636 praetergre-

393 2653 602 2707 dinntur
620 2654 754 2707 viam
771 2653 793 2707 τ’
809 2652 1188 2708 Exterminavit
1213 2671 1326 2707 eam
1355 2671 1481 2724 aper
1500 2656 1564 2718 de
1590 2655 1738 2720 silva,
1769 2665 1818 2708 et
1865 2658 1978 2710 sin-

389 2744 590 2814 gularis
610 2745 749 2815 ferus
770 2744 1012 2814 depastus
1040 2753 1115 2797 est
1139 2761 1269 2798 eam.
1303 2743 1444 2798 Deus
1471 2746 1732 2809 virtutum,
1773 2762 1982 2801 conver-

389 2845 520 2900 tere,
544 2836 740 2906 respice
759 2835 823 2889 de
847 2835 991 2899 caelo,
1022 2843 1070 2888 et
1089 2834 1218 2899 vide,
1251 2845 1300 2887 et
1319 2835 1469 2888 visita
1495 2837 1690 2889 vineam
1717 2836 1890 2890 istam.
1907 2835 1982 2891 Et

389 2925 588 2996 perﬁce
616 2942 730 2979 eam
757 2942 908 2997 quam
937 2926 1188 2996 plantavit
1234 2925 1447 2980 dextera
1481 2935 1594 2992 tua,
1624 2937 1674 2981 et
1695 2945 1847 2999 super
1882 2928 1980 2982 Fi-

389 3018 522 3071 lium
549 3017 773 3072 hominis
793 3034 940 3089 quem
961 3018 1280 3087 confirmasti
1301 3018 1410 3071 tibi.
1429 3017 1651 3074 Incensa
1671 3023 1780 3092 igni
1793 3030 1843 3077 et
1868 3025 1982 3096 suf-

390 3110 546 3179 fossa
581 3106 648 3162 ab
689 3110 1039 3181 increpatione
1057 3109 1222 3164 vultus
1245 3110 1318 3162 tui
1345 3110 1596 3181 peribunt.
1628 3112 1756 3167 Fiat
1795 3131 1982 3169 manus

388 3208 484 3253 tua
513 3216 671 3271 super
694 3201 855 3254 virum
883 3202 1108 3255 dextera:
1129 3208 1244 3265 tute,
1276 3209 1327 3254 et
1354 3217 1509 3271 super
1536 3201 1731 3259 Filium
1758 3207 1981 3261 hominis

2081 2031 2279 2072 nomen
2309 2024 2458 2070 tuum
2484 2016 2870 2072 invocabimus.
2887 2015 3005 2070 Alia
3025 2015 3167 2070 enim
3187 2028 3314 2086 spes
3340 2019 3523 2069 nostra
3552 2027 3661 2068 non

2079 2115 2180 2172 est,
2206 2106 2306 2161 nisi
2329 2113 2388 2161 ut
2407 2115 2690 2162 convertas
2707 2121 2827 2172 nos,
2857 2105 3033 2161 dando
3053 2105 3194 2160 bona
3212 2103 3434 2160 consilia
3458 2104 3514 2158 in
3540 2117 3661 2159 cor-

2034 2255 2046 2264 ,
2078 2195 2238 2251 dibus
2266 2197 2483 2263 nostris,
2515 2203 2569 2251 et
2595 2193 2929 2252 ostendendo
2957 2183 3113 2250 nobis
3139 2193 3330 2250 faciem
3354 2203 3520 2249 tuam.
3552 2193 3660 2249 Cu-

2074 2285 2164 2356 jus
2178 2302 2278 2342 nos
2297 2296 2518 2359 aspectu
2549 2287 2836 2353 salvemur,
2860 2288 2915 2342 in
2934 2285 3150 2342 Christo
3174 2283 3301 2342 Iesu
3320 2282 3550 2340 Domino
3569 2299 3659 2338 no-

2080 2386 2214 2446 stro,
2245 2379 2338 2446 qui
2365 2387 2541 2433 tecum
2569 2386 2763 2434 etcum
2809 2377 3008 2448 Spiritu
3031 2384 3218 2432 sancto
3243 2377 3372 2431 vivit
3395 2384 3450 2430 et
3475 2385 3660 2444 regnat

2082 2468 2137 2523 in
2161 2468 2352 2525 saecula
2374 2469 2709 2524 saeculorum.
2735 2467 2924 2524 Amen.

2603 2581 2917 2638 PSALMUS
2954 2579 3161 2636 LXXX.

2082 2674 2142 2730 In
2171 2675 2331 2731 ﬁnem
2350 2690 2451 2746 pro
2479 2674 3126 2800 torcularibstzsﬁbgqqlmus
3154 2672 3254 2745 ipsi
3273 2671 3450 2744 Asaph
3476 2670 3657 2741 quinta

2152 2837 2428 2893 Exsultate
2479 2836 2585 2892 Deo
2615 2837 2841 2908 adjutori
2868 2845 3064 2901 nostro,
3079 2834 3297 2908 jubilate
3338 2833 3449 2890 Deo
3475 2833 3655 2890 Iacob.

2085 2930 2286 2987 Sumite
2304 2931 2563 3003 psalmum
2590 2939 2639 2984 et
2668 2929 2786 2984 date
2813 2939 3129 3001 tympanum,
3150 2928 3449 3000 psalterium
3473 2928 3659 2999 jucun~

2084 3022 2206 3077 dum
2225 3037 2340 3076 cum
2368 3021 2589 3076 cithara.
2621 3020 2898 3075 Buccinate
2923 3022 2976 3074 in
2998 3018 3264 3075 neomenia
3292 3021 3429 3085 tuba,
3459 3017 3514 3072 in
3539 3019 3660 3072 insi-

2083 3116 2174 3187 gni
2194 3115 2276 3169 die
2311 3111 2652 3169 solemnitatis
2673 3120 2881 3168 uestra.
2913 3108 3046 3176 Quia
3078 3119 3384 3182 praeceptum
3411 3109 3466 3164 in
3494 3107 3681 3163 Israel'

2083 3215 2182 3272 est,
2196 3215 2246 3260 et
2253 3207 2510 3278 judicium
2522 3205 2634 3262 Deo
2647 3204 2829 3261 Iacob.
2850 3204 3214 3260 Testimonium
3223 3203 3278 3257 in
3290 3200 3482 3274 Ioseph
3495 3202 3661 3273 posuit

385 3305 542 3360 quem
579 3289 899 3361 confirmasti
924 3289 1033 3344 tibi.
1062 3289 1132 3344 Et
1157 3308 1260 3346 non
1308 3293 1618 3349 discedimus
1655 3312 1688 3348 a
1718 3304 1784 3363 te,
1815 3298 1982 3368 vivifi-
2007 3297 2054 3360 C
2084 3297 2235 3362 illud,
2265 3314 2380 3353 cum
2405 3301 2568 3354 exiret
2601 3299 2664 3353 de
2699 3307 2835 3352 terra
2857 3295 3094 3368 (Egypti,
3125 3295 3354 3367 linguam
3380 3309 3531 3366 quam
3559 3308 3662 3346 non

389 3381 537 3436 cubis
563 3397 681 3449 nos,
710 3390 762 3437 et
802 3398 988 3436 nomen
1011 3392 1149 3436 tuum
1176 3384 1545 3440 invocabimus.
1575 3384 1798 3442 Domine
1836 3385 1980 3443 Deus

389 3475 655 3542 virtutum,
687 3484 918 3530 converte
938 3491 1053 3542 nos,
1076 3483 1126 3528 et
1153 3478 1363 3531 ostende
1389 3479 1573 3549 faciem
1595 3487 1756 3544 tuam,
1783 3489 1832 3534 et
1851 3481 1982 3536 salvi

390 3566 599 3621 erimus.

961 3651 1394 3692 COIIENTARIUI.

467 3747 654 3803 Adhuc
682 3746 871 3803 eadem
893 3761 992 3820 per
1018 3746 1206 3802 eadem
1231 3747 1300 3804 de
1328 3748 1496 3805 exitio
1524 3749 1784 3806 eteadem
1812 3750 1982 3806 tribu-

397 3839 600 3895 latione
626 3839 813 3910 populi
841 3839 894 3895 in
939 3838 1043 3894 isto
1071 3839 1278 3910 psalmo
1324 3848 1524 3896 cantat.
1557 3838 1772 3910 Rogans
1799 3850 1856 3896 ut
1887 3843 1980 3912 qui

401 3931 537 3999 regit
578 3929 746 3986 Israel
789 3929 1049 3997 intendat,
1097 3931 1296 3986 excitet
1333 3933 1626 4002 potentiam
1657 3947 1828 3999 suam,
1853 3933 1981 4002 quia

403 4019 578 4074 nullus
595 4018 786 4089 dignus
805 4018 1070 4076 invenitur
1088 4021 1181 4090 qui
1202 4028 1324 4076 eum
1353 4019 1546 4076 audeat
1577 4022 1830 4078 excitare.
1863 4021 1982 4094 Ipse

402 4125 533 4181 ergo
559 4111 760 4177 excitet
783 4113 1076 4181 potentiam
1102 4128 1274 4176 suam,
1297 4113 1476 4168 veniat
1501 4122 1558 4168 et
1578 4115 1756 4170 salvos
1775 4130 1874 4169 nos
1899 4113 1981 4169 fa-

400 4202 524 4258 ciat.
558 4200 757 4257 Verum
777 4201 902 4271 quia
931 4201 1202 4257 invisibilis
1229 4211 1328 4268 est,
1358 4211 1413 4257 et
1432 4218 1463 4257 a
1491 4203 1638 4258 nullo
1658 4207 1872 4275 penitus
1899 4205 1979 4259 vi-

397 4293 512 4348 deri
540 4299 743 4363 potest,
764 4298 940 4347 sumat
967 4292 1243 4348 materiam
1275 4307 1370 4361 per
1405 4307 1567 4362 quam
1611 4294 1860 4362 dignetur
1896 4292 1980 4348 fa-

396 4384 532 4439 ciem
577 4397 731 4439 suam
759 4381 1062 4449 ostendere,
1111 4397 1271 4452 quam
1310 4383 1356 4438 si
1400 4384 1696 4438 ostenderit
1724 4384 1834 4447 ille,
1879 4399 1980 4439 nos

398 4475 528 4530 salvi
557 4474 771 4530 erimus.
814 4473 990 4529 Veluti
1009 4475 1054 4530 si
1101 4474 1152 4528 in
1181 4474 1390 4544 glaciali
1418 4475 1657 4546 periculo
1685 4475 1864 4546 positi,
1889 4474 1981 4530 ubi

399 4565 477 4620 vis
495 4562 708 4634 frigoris
725 4565 960 4620 minatur
989 4564 1286 4630 interitum,
1317 4565 1611 4621 liberantur
1648 4567 1765 4622 sine
1791 4566 1978 4636 dubio,

2085 3399 2298 3446 noverat
2316 3391 2526 3445 audivit.
2551 3389 2771 3446 Divertit
2803 3389 2867 3444 db
2893 3385 3133 3444 oneribus
3159 3386 3370 3442 dorsum
3398 3386 3530 3457 ejus,
3553 3395 3663 3437 ma-

2085 3499 2182 3535 nus
2209 3481 2323 3552 ejus
2348 3483 2400 3536 in
2423 3481 2640 3554 cophino
2663 3481 2961 3535 servierunt.
2995 3477 3060 3531 In
3082 3475 3406 3530 tribulatione
3419 3469 3664 3527 invocasti

2083 3591 2185 3640 me,
2216 3582 2265 3627 et
2288 3573 2498 3628 liberavi
2529 3582 2594 3636 te,
2622 3581 2673 3627 et
2699 3571 2939 3626 exaudiri
2969 3579 3015 3623 te
3043 3569 3100 3622 in
3146 3566 3444 3620 abscondilo
3474 3574 3663 3634 tempe-

2084 3666 2254 3731 statis,
2281 3665 2492 3736 probavi
2537 3673 2586 3718 te
2631 3662 2769 3733 apud
2811 3675 2997 3731 aquam
3036 3655 3478 3712 contradictionis.
3506 3652 3662 3717 Audi,

2085 3756 2306 3827 populus
2325 3771 2488 3819 meus,
2517 3762 2566 3806 et
2594 3749 2921 3806 contestabor
2941 3758 3019 3812 te;
3045 3745 3229 3808 Israel,
3249 3747 3294 3799 si
3320 3741 3544 3798 audieris
3562 3759 3661 3809 me,

2085 3863 2188 3901 non
2219 3847 2316 3900 erit
2344 3843 2435 3898 tibi
2486 3842 2626 3896 Deus
2653 3857 2853 3904 recens,
2890 3853 3050 3909 neque
3077 3833 3318 3890 adorabis
3347 3833 3510 3888 Deum
3537 3833 3664 3888 alie—

2083 3953 2226 3992 num.
2258 3935 2371 4008 Ego
2390 3937 2528 3990 enim
2567 3949 2680 3988 sum
2707 3930 2956 3984 Dominus
2983 3926 3123 3981 Deus
3168 3934 3300 3993 tuus,
3331 3926 3416 3996 qui
3436 3923 3590 3977 eduxi
3618 3931 3666 3977 te

2085 4027 2149 4081 de
2176 4036 2312 4080 terra
2340 4021 2581 4098 rqupti,
2619 4017 2784 4076 dildtd
2811 4036 2869 4074 os
2899 4027 3037 4072 tuum
3077 4024 3126 4070 et
3153 4013 3372 4084 implebo
3409 4011 3556 4068 illud.
3591 4009 3665 4068 Et

2083 4132 2189 4170 non
2217 4115 2411 4170 audivit
2436 4113 2656 4186 populus
2698 4126 2841 4166 meus
2880 4123 3047 4164 vocem
3073 4108 3259 4169 'me'am,
3289 4113 3338 4159 et
3367 4102 3536 4157 Israel
3562 4119 3666 4158 non

2082 4204 2306 4258 intendit
2332 4204 2478 4258 mihi.
2495 4202 2566 4256 Et
2587 4201 2783 4256 dimisit
2809 4216 2897 4254 eos
2916 4192 3190 4253 secundum
3211 4194 3468 4250 desideria
3495 4193 3664 4247 cordis
3720 4209 3726 4216 ·

2084 4313 2280 4360 eorum,
2301 4295 2447 4348 ibunt
2473 4297 2525 4349 in
2551 4291 2996 4348 adinventionibus
3029 4291 3156 4345 suis.
3190 4282 3254 4344 Si
3283 4286 3499 4360 populus
3526 4301 3667 4339 meus

2086 4387 2314 4440 audisset
2332 4404 2429 4451 me,
2449 4385 2615 4440 Israel
2635 4386 2680 4439 si
2698 4386 2750 4438 in
2770 4384 2865 4438 viis
2888 4383 3015 4436 meis
3033 4380 3361 4436 ambulasset.
3376 4375 3485 4432 Pro
3504 4377 3668 4431 nihilo

2087 4480 2308 4552 forsitan
2328 4480 2566 4533 inimicos
2586 4493 2762 4532 eorum
2783 4474 3149 4539 humiliassem,
3173 4481 3222 4526 et
3243 4488 3395 4542 super
3423 4467 3670 4524 tribulam

2089 4577 2163 4624 tes
2190 4586 2276 4624 eos
2314 4569 2566 4622 misissem
2595 4583 2804 4621 manum
2829 4571 3015 4620 meam.
3049 4561 3255 4618 Inimici
3285 4560 3495 4618 Domini
3521 4576 3668 4615 men-

395 4657 439 4711 si
489 4656 804 4712 ostendatur
829 4659 908 4712 eis
953 4657 1082 4714 solis
1123 4667 1392 4729 aspectus.
1425 4658 1634 4726 Quanto
1679 4661 1849 4729 magis
1885 4661 1985 4717 Dei
2007 4663 2063 4725 ι)
2091 4663 2171 4716 titi
2193 4671 2312 4715 sunt
2337 4661 2404 4723 ei,
2445 4669 2492 4712 et
2515 4661 2612 4713 erit
2641 4668 2836 4729 tempus
2873 4673 3048 4712 eorum
3071 4656 3125 4710 in
3152 4655 3360 4710 sucula.
3389 4649 3460 4707 Et
3485 4648 3670 4706 cibavit

395 4747 547 4803 nobis
579 4757 797 4804 ostensa
826 4747 993 4812 facie,
1037 4749 1091 4802 in
1123 4749 1350 4805 Domino
1387 4758 1570 4805 nostro
1614 4749 1739 4804 Jesu
1770 4749 1985 4807 Christo

398 4855 493 4895 nos
510 4839 644 4895 salvi
663 4839 968 4895 erimus?Si
994 4854 1124 4909 ergo
1147 4842 1407 4896 sentimus
1429 4840 1792 4910 captivitatem
1813 4843 1983 4898 vincat:

396 4930 620 4998 Domini,
638 4946 802 5000 quam
821 4931 888 4986 de
910 4931 1145 5005 [Egypto
1165 4948 1265 5005 per
1292 4948 1484 5002 aquam
1509 4942 1565 4988 et
1589 4931 1846 5002 Spiritum
1866 4949 1984 4989 san-

339 5011 344 5017 ’
395 5029 537 5093 ctum
562 5023 852 5087 transtulit,
883 5037 1043 5092 quam
1073 5024 1260 5093 ejectis
1286 5024 1564 5079 dremoniis
1590 5024 1869 5094 plantavit,
1887 5025 1981 5094 qui

397 5111 466 5164 ita
488 5110 586 5166 fuit
615 5112 699 5166 via
721 5114 774 5167 in
799 5121 1094 5184 conspectu
1122 5122 1332 5179 nostro,
1363 5121 1422 5169 ut
1443 5114 1650 5170 diceret
1682 5135 1694 5168 :
1727 5115 1842 5188 Ego
1867 5133 1979 5170 sum

396 5203 475 5255 via
506 5203 682 5272 (Joan.
715 5203 792 5273 x).
817 5204 920 5270 Qui
948 5206 1020 5259 ita
1040 5205 1304 5275 plantavit
1321 5205 1531 5261 radices
1555 5214 1767 5262 nostras
1796 5207 1850 5262 in
1878 5206 1983 5260 lide

396 5309 511 5357 sua,
543 5303 602 5350 ut
645 5295 880 5365 repleret
907 5313 1123 5353 omnem
1162 5307 1361 5354 terram
1407 5299 1648 5369 corporis
1695 5299 1881 5354 nostri.
1913 5297 1984 5354 Et

397 5395 537 5441 esset
592 5387 645 5441 in
701 5387 857 5442 nobis
895 5389 1051 5444 vinea
1101 5405 1248 5455 vera,
1292 5390 1444 5460 cujus
1493 5391 1731 5446 membra
1771 5391 1984 5461 cperuit

399 5487 630 5545 montes,
653 5481 902 5537 omnibus
935 5485 1135 5539 sanctis
1162 5483 1371 5538 melior.
1402 5481 1568 5553 Cujus
1598 5485 1812 5552 arbusta
1839 5499 1982 5555 prae-

398 5572 658 5627 stantiora
683 5582 883 5641 essent,
915 5583 971 5630 et
991 5575 1181 5632 altiora
1211 5575 1386 5633 cedris
1403 5577 1519 5644 Dei,
1551 5578 1690 5636 hanc
1727 5576 1982 5632 extermi-

399 5663 544 5718 navit
569 5663 624 5718 in
663 5665 913 5735 passione
953 5682 1084 5738 aper
1111 5667 1180 5724 de
1201 5669 1355 5731 silva,
1402 5667 1629 5737 populus
1658 5666 1982 5732 incredulus,

2085 4753 2206 4807 illos
2249 4768 2313 4805 ea:
2369 4751 2520 4820 adipe
2571 4749 2835 4820 frumenti,
2885 4755 2935 4799 et
2965 4746 3028 4800 de
3053 4739 3197 4816 petra
3225 4745 3374 4800 melle
3420 4739 3671 4797 saturavit

2085 4861 2190 4898 808.

2661 4923 3076 4966 COIIENTARIUI
3085 4948 3100 4962 .

2155 5025 2212 5080 ln
2236 5024 2633 5094 septuagesimo
2661 5039 2807 5079 nono
2854 5023 3064 5094 psalmo
3095 5015 3251 5073 vinea
3281 5015 3574 5080 reparatur.
3601 5005 3668 5061 Et

2088 5117 2142 5172 in
2171 5115 2498 5184 octogesimo
2525 5129 2625 5185 pro
2651 5112 3004 5170 torcularibus
3032 5107 3222 5176 agitur.
3262 5096 3536 5152 Exsultate
3555 5096 3668 5154 Deo

2087 5207 2314 5278 adjutori
2338 5214 2544 5271 nostro,
2566 5205 2690 5274 quia
2713 5200 2945 5258 surrexit
2965 5197 3119 5251 vinea
3146 5191 3281 5259 ejus.
3300 5185 3530 5241 Jubilate
3551 5186 3664 5241 Ι)ρο

2088 5299 2274 5365 Jacob,
2309 5305 2556 5368 reparata
2604 5303 2687 5349 est
2713 5293 2867 5347 vinea
2910 5286 3045 5354 ejus.
3070 5280 3314 5339 Surrexit
3341 5278 3481 5334 enim
3509 5295 3666 5349 quem

2087 5389 2466 5446 exterminavit
2493 5381 2797 5440 incredulus
2827 5373 3074 5446 populus.
3096 5373 3274 5443 Ipsum
3295 5372 3478 5441 utique
3499 5379 3662 5425 exter-

2089 5483 2336 5547 minavit,
2364 5481 2457 5550 qui
2477 5477 2614 5533 dixit
2637 5492 2649 5526 :
2676 5471 2789 5542 Ego
2808 5483 2919 5522 sum
2938 5468 3052 5521 vitis
3081 5484 3198 5522 vera
3221 5465 3416 5538 (Joan.
3440 5463 3552 5533 xv).
3588 5461 3665 5530 Ip-

2086 5590 2206 5630 sum
2233 5572 2323 5642 qui
2343 5570 2478 5625 dixit
2501 5585 2514 5618 :
2544 5562 3028 5615 Exterminaverunt
3046 5575 3229 5614 manus
3256 5573 3416 5620 meas,
3442 5565 3490 5607 et
3517 5552 3666 5623 pedes

2082 5679 2222 5719 meos
2237 5658 2447 5733 (Matth.
2475 5653 2678 5722 xxvtn).
2705 5650 2823 5723 Ipse
2841 5666 2968 5706 vero
2991 5651 3080 5720 qui
3099 5645 3472 5705 exterminavit
3495 5657 3666 5733 popu-q

399 5762 454 5807 et
477 5731 764 5825 singularis
791 5758 936 5813 ferus
979 5731 1236 5828 depastus
1262 5766 1345 5811 est
1390 5731 1526 5810 eam.
1559 5754 1728 5820 Quem
1757 5756 1904 5825 prius
1931 5762 1988 5808 et
2084 5755 2190 5818 lus,
2222 5731 2354 5818 apro
2391 5743 2624 5801 silvestri
2660 5752 2743 5799 est
2795 5743 2971 5798 acrior
3021 5756 3147 5798 ecce
3184 5731 3666 5828 surrexit-.991}!li

401 5844 455 5904 in
485 5849 638 5906 nobis
668 5850 951 5910 tumultum
993 5850 1239 5909 Christus
1263 5848 1481 5920 patitur,
1511 5847 1726 5917 quando
1764 5845 1986 5918 pennit-

2089 5837 2404 5912 plorabatis,
2435 5837 2525 5892 hic
2554 5837 2821 5892 exsultate
2859 5853 2872 5887 :
2903 5834 2994 5901 qui
3022 5832 3092 5886 ibi
3121 5826 3386 5892 tacuistis,
3416 5824 3502 5879 hic
3528 5822 3663 5886 iubi-
