4252 6264
530 380 629 434 “'5
1826 371 2098 429 ARNOBII
2136 374 2441 431 JUNIORIS
3674 373 3793 427 ’444

533 466 637 549 laié
668 512 678 547 :
708 494 799 563 qui
829 494 899 547 ibi
940 492 1139 545 anxiati
1168 484 1335 558 'estis,
1366 493 1448 545 hic
1484 480 1534 545 in
1561 490 1779 560 psalmis
1807 492 1862 546 et
1892 487 2103 561 hymnis
2130 492 2183 552 Α
2210 488 2272 543 de
2298 508 2454 544 manu
2484 488 2770 561 peccatoris
2818 486 3047 545 liberate.
3083 489 3414 552 Nescierunt,
3453 505 3611 561 neque
3655 468 3801 547 inici-

533 582 881 653 eongaudete,
905 579 1037 636 etin
1058 581 1146 636 die
1168 580 1375 651 ineigni,
1393 582 1443 637 id
1467 584 1567 649 est,
1599 583 1651 637 in
1674 583 1762 638 die
1790 579 2107 650 redemptio-
2209 582 2459 648 (exerunt,
2491 583 2544 635 in
2575 580 2795 637 tenebris
2822 581 3109 647 ambulant,
3138 580 3470 636 movebuntur
3493 580 3666 635 omnia
3688 582 3802 653 {un-

535 674 618 728 nis
644 666 874 726 Domini.
922 666 1057 736 Quia
1098 671 1211 740 ipsa
1241 679 1323 726 est
1349 671 1464 727 dies
1500 672 1854 728 solemnitatis
1893 672 2109 734 nostra,
2213 671 2453 727 damento
2482 681 2652 727 terra.
2700 666 2813 744 Ego
2844 672 2993 726 dixi:
3026 670 3117 725 Dii
3143 670 3299 737 estis,
3343 672 3443 741 ﬁlii
3470 666 3682 726 Επειεί
3703 687 3807 724 om-

535 759 715 828 ἰηῃο
736 762 1061 828 praeceptum
1086 760 1219 814 dare
1241 761 1494 831 dignatur
1505 762 1764 818 DOminns
1784 761 1853 817 ad
1880 762 2119 818 testimod
2214 778 2324 815 nes.
2364 761 2470 816 Vos
2498 771 2669 816 autem
2695 763 2826 816 sicut
2851 763 3085 815 homines
3106 761 3414 825 moriemini,
3446 766 3499 814 et
3518 748 3649 814 sicut
3675 776 3806 813 unus

538 848 683 905 nium
710 848 929 920 incepit,
973 860 1041 908 eo
1084 845 1228 921 quod
1253 855 1561 912 visitatione
1609 854 1919 911 visitaturus
1972 861 2119 911 esset
2217 852 2282 906 de
2309 851 2627 924 principibus
2656 850 2870 905 cadetis.
2904 851 3089 923 Surge,
3141 849 3303 914 Deus,
3330 851 3511 923 judice
3557 860 3747 907 terram
3787 867 3806 906 :

538 954 634 999 eos
657 942 935 1000 Durnium.
972 944 1115 1013 Ergo
1140 944 1338 1017 Ioseph
1376 949 1753 1004 teStimonium
1780 949 1846 1004 de
1870 948 1989 1018 ipso
2016 963 2117 1017 po-
2221 942 2464 1013 quoniam
2490 949 2542 995 tu
2571 940 2900 998 hareditabis
2927 943 2983 997 in
3012 936 3247 998 omnibus
3269 940 3523 1014 gentibus.

539 1031 666 1099 snit,
697 1028 818 1089 cum
843 1028 1017 1090 exiret
1042 1035 1111 1091 de
1133 1040 1275 1091 terra
1298 1036 1536 1108 Aigypti,
1562 1039 1795 1108 linguam
1823 1050 1985 1108 quam
2014 1052 2123 1091 non
2597 1030 2603 1036 ’
2793 1050 3205 1108 Μη,,;,,,,,,,,,,
3335 1038 3341 1045 ’

540 1132 762 1181 noverat
790 1118 1008 1190 audivit,
1039 1134 1163 1196 pom
1207 1114 1625 1197 quadringentos
1667 1128 1884 1199 triginta
1931 1141 2120 1182 annos.

542 1216 759 1273 Audivit
784 1222 974 1273 vocem
998 1217 1097 1273 Det
1120 1221 1223 1288 per
1238 1222 1455 1276 noctem
1491 1219 1659 1293 Moysi
1680 1235 1849 1290 genus
1878 1218 2123 1287 Abrahxe,
2298 1210 2471 1269 Omne
2494 1212 2641 1283 quod
2670 1210 2966 1270 honoriﬁco
2995 1214 3212 1270 nomine
3240 1212 3567 1283 generaliter
3604 1202 3809 1272 nuncu-

543 1309 682 1363 sicut
708 1309 761 1363 ei
788 1309 1107 1379 promissum
1130 1307 1322 1378 iuerat,
1341 1312 1462 1366 cum
1484 1310 1776 1367 diverteret
1791 1312 1858 1366 ab
1875 1309 2130 1366 oneribus
2230 1305 2351 1376 pari
2370 1312 2568 1375 potest,
2602 1305 2705 1361 hoc
2732 1305 2965 1375 speciale
2984 1302 3082 1361 De‘i
3102 1313 3203 1371 est,
3223 1306 3319 1377 per
3346 1298 3586 1362 naturam
3614 1298 3809 1363 incom4

545 1400 879 1467 gravissimis
898 1399 1123 1456 domum
1149 1401 1285 1471 ejus.
1316 1400 1540 1469 Quando
1569 1418 1761 1457 manus
1799 1402 1916 1472 ejus
1953 1402 2008 1456 in
2036 1415 2129 1456 co-
2230 1394 2607 1468 prehensibills
2635 1395 2931 1467 maiestatis"
2960 1397 3095 1468 ejus,
3127 1414 3233 1468 qua
3276 1400 3359 1455 eét
3397 1396 3554 1467 Deus,
3590 1408 3645 1456 et
3673 1400 3807 1456 dici-

488 1564 497 1571 _
546 1488 713 1562 phino
759 1488 1086 1558 serviebant,
1118 1488 1177 1548 in
1210 1492 1324 1549 luto
1352 1492 1405 1549 et
1427 1490 1613 1550 latere.
1647 1494 1799 1549 Tunc
1835 1493 1887 1548 in
1919 1484 2133 1547 tribula-
2236 1495 2322 1542 tur
2350 1490 2532 1542 tamen
2563 1486 2790 1555 homini,
2829 1488 2963 1544 Dedi
3015 1499 3060 1544 te
3080 1487 3247 1544 Deum
3274 1484 3564 1546 Pharaonis
3612 1489 3806 1562 (Exod.

550 1581 696 1637 tione
723 1580 984 1638 invocasti
1011 1597 1116 1649 me,
1141 1584 1197 1638 et
1223 1580 1444 1639 liberavi
1474 1588 1547 1650 te,
1572 1580 1701 1641 dicit
1730 1583 1798 1639 ad
1836 1576 2000 1638 Israel
2025 1579 2135 1636 Do-
2234 1578 2350 1648 vn)
2378 1598 2389 1632 :
2423 1574 2619 1634 dicitur
2648 1588 2703 1635 et
2742 1577 3001 1635 Dominus
3027 1578 3211 1647 homo,
3244 1597 3364 1637 cum
3405 1580 3548 1636 Deus
3575 1580 3722 1636 solus
3745 1576 3810 1638 sii

549 1673 755 1739 minus;
804 1668 1065 1752 exaudivi~
1100 1683 1157 1731 te
1210 1677 1263 1730 in
1312 1656 1627 1734 abscondito
1657 1674 2023 1748 tempestatis;
2080 1681 2134 1729 te
2233 1664 2495 1727 Dominus
2528 1688 2540 1724 :
2574 1668 2768 1727 dicitur
2788 1672 3007 1727 Sanctus
3032 1666 3213 1739 homo,
3246 1688 3371 1727 cum
3396 1662 3539 1727 Deus
3576 1672 3724 1727 solus
3746 1672 3812 1727 sit

547 1762 818 1835 exaudivt,
843 1768 897 1825 et
918 1766 1160 1827 inimicos
1195 1776 1315 1827 tuos
1343 1774 1523 1829 mersi.
1576 1772 1806 1829 Probavi
1836 1782 1889 1828 te
1914 1773 1968 1827 in
1991 1754 2131 1842 aqua
2235 1767 2473 1843 sanctus
2505 1760 2702 1819 dicitur
2726 1762 2900 1820 bonus
2947 1764 3131 1830 homo.
3177 1780 3300 1820 cum
3325 1780 3485 1820 nemo
3526 1754 3700 1820 bimus
3726 1766 3811 1829 sit.

550 1860 1006 1927 contmdidlionis,
1034 1863 1088 1917 in
1114 1863 1657 1934 murmure-pessimo,
1689 1864 1742 1917 in
1764 1872 1871 1933 quo
1901 1870 1956 1917 et
1984 1860 2133 1933 Moy-
2164 1848 2213 1909 B
2240 1852 2342 1909 nisi
2361 1852 2503 1910 Deus
2531 1854 2695 1909 solus.
2729 1852 2795 1907 Et
2821 1852 2925 1909 hoc
2954 1854 3038 1909 est
3060 1853 3173 1910 Deo
3201 1852 3377 1909 simile
3406 1844 3459 1909 in
3488 1844 3812 1920 hominibus,

551 1948 638 2006 ses
663 1954 848 2008 servus
872 1946 1355 2025 irreprebensibilis
1375 1956 1520 2011 visus
1546 1965 1631 2011 est
1659 1954 1963 2011 oiIendisse.
1995 1954 2133 2009 Audi
2236 1945 2381 2014 quod
2410 1960 2473 2000 ea
2502 1956 2620 2014 ίῐιιω
2656 1943 2798 2001 Deus
2849 1936 3165 2025 ηδιυτθίῖίθζ
3215 1940 3490 2025 Ροέείάβι»,
3526 1936 3684 1999 homo
3721 1958 3812 2014 De?

2791 1092 3227 1161 oon-asumma

554 2044 715 2109 nunc,
740 2045 971 2116 populus
996 2060 1167 2100 meus.
1200 2042 1265 2115 Et
1294 2040 1484 2116 loquar
1508 2040 1691 2113 Israel,
1726 2053 1779 2102 et
1809 2045 2136 2101 testilicabor

555 2132 671 2199 tibi,
694 2148 780 2189 me
801 2148 961 2204 quem
988 2135 1271 2207 cruciﬁgis,
1295 2136 1406 2211 Ego
1428 2155 1539 2193 sum
1560 2139 1719 2193 Deus.
1745 2138 1811 2193 Et
1836 2138 1928 2209 qui
1955 2134 2135 2194 Deus?

555 2223 674 2294 Ipse
721 2227 808 2297 qui
851 2237 899 2281 te
943 2222 1099 2283 eduxi
1133 2227 1196 2283 de
1230 2238 1369 2283 terra
1407 2228 1628 2302 Egypti
1668 2229 1864 2301 (Num.
1898 2231 2012 2301 xx).
2044 2226 2136 2284 Di-
2176 2246 2187 2255 ·

557 2312 662 2369 lata
683 2318 745 2371 os
786 2324 953 2384 tuum,
994 2324 1049 2373 et
1076 2326 1177 2388 ego
1202 2314 1503 2389 adimplebo
1539 2312 1684 2375 illud.
1719 2318 1855 2387 Quid
1884 2326 1967 2375 est
1993 2319 2136 2389 quod

558 2394 839 2477 tantopere
855 2407 1032 2478 iubes,
1066 2418 1124 2466 ut
1162 2409 1350 2467 dilatet
1371 2396 1433 2467 os
1456 2428 1609 2468 suum
1635 2413 1864 2484 populus
1890 2412 2139 2469 crimino-

557 2512 649 2553 sus
669 2505 830 2569 atque
850 2501 1170 2567 incredulus,
1194 2504 1286 2572 qui
1304 2498 1569 2559 'cru'cilixit
1594 2503 1917 2560 Dominum?
1941 2498 2134 2567 Dilata,

558 2588 746 2658 inquit,
795 2606 858 2646 os
883 2600 1052 2659 tuum,
1078 2600 1133 2648 et
1158 2604 1262 2662 ego
1288 2593 1589 2666 adimplebo
1619 2594 1765 2650 iliud.
1789 2592 1834 2651 Ο
1872 2595 2140 2665 piissimus

557 2680 825 2750 Salvator,
855 2692 913 2738 et
949 2684 1166 2739 humani
1194 2687 1411 2754 generis
1460 2686 1892 2742 evidentissimus
1921 2700 2141 2756 repara-

559 2780 662 2828 tor.
695 2773 867 2829 Dilata
890 2791 953 2831 os
980 2785 1149 2844 tuum,
1173 2787 1358 2848 et‘ego
1378 2772 1682 2851 adimplebo
1711 2778 1860 2834 illud.
1886 2778 1941 2835 Si
1979 2780 2141 2835 vultis

558 2862 785 2922 evadere
810 2864 1038 2923 mortem
1068 2882 1230 2939 quam
1271 2856 1587 2939 incurristis,
1625 2870 1790 2928 bibite
1827 2862 2141 2942 sanguinem

560 2965 719 3027 quem
749 2956 979 3014 fudistis.
1005 2960 1112 3015 Sed
1140 2962 1267 3031 quid
1296 2964 1575 3034 sequitur?
1603 2960 1719 3019 Non
1749 2950 1951 3020 audivit
1978 2964 2143 3036 popu-

563 3047 646 3101 lus
665 3060 854 3102 vocem
882 3063 1078 3117 meam,
1101 3053 1155 3107 et
1182 3051 1345 3119 Israel
1370 3044 1475 3111 non
1502 3055 1728 3111 intendit
1749 3055 1897 3110 mihi.
1931 3046 1999 3108 Et
2020 3046 2142 3109 ideo

2238 2032 2525 2102 imaginem
2571 2030 2813 2104 suscipit,
2842 2041 2994 2089 tanto
3032 2020 3154 2104 plus
3195 2018 3570 2099 simulaiu'rus,
3616 2028 3814 2103 quanto

2238 2123 2401 2181 fuerit
2428 2125 2654 2197 amplius
2678 2126 2789 2192 suis
2817 2116 3055 2181 muribus
3077 2125 3192 2195 ejus
3218 2120 3617 2181 similitudinem
3646 2118 3815 2179 imita~

2239 2224 2345 2273 tus.
2377 2214 2528 2273 Unde
2557 2226 2612 2273 et
2641 2218 2693 2272 in
2724 2218 2976 2289 praesenti
2999 2218 3205 2289 psalmo
3232 2216 3375 2273 Deus
3423 2214 3537 2289 ipse
3586 2212 3816 2286 loquitur

2240 2302 2533 2377 bisquibus
2552 2305 2826 2376 judicandi
2850 2306 3034 2361 tribuit
3063 2308 3405 2378 potestatem.
3442 2302 3578 2375 Ego,
3624 2306 3814 2378 inquit,

2238 2396 2351 2455 dixi
2379 2419 2391 2451 :
2417 2400 2501 2455 Dii
2524 2400 2671 2465 estis,
2704 2408 2758 2455 et
2780 2396 2873 2454 illii
2892 2398 3103 2456 Excelsi
3125 2402 3331 2455 omnes.
3353 2398 3460 2455 Vos
3483 2407 3659 2454 autem
3684 2399 3817 2452 Sicut

2241 2484 2487 2547 homines
2512 2492 2836 2558 moriemini,
2868 2500 2923 2547 et
2941 2491 3078 2547 sicut
3105 2506 3243 2547 unus
3270 2490 3336 2546 de
3364 2486 3692 2561 principibus
3720 2506 3813 2545 ca-

2242 2585 2400 2641 detis.
2437 2582 2585 2639 Unus
2604 2582 2672 2638 de
2699 2574 3047 2653 principibus,
3070 2582 3122 2637 id
3150 2590 3251 2649 est,
3282 2580 3545 2647 diabolus,
3578 2582 3630 2636 et
3659 2572 3818 2635 Iudas

2245 2673 2494 2741 traditor,
2527 2682 2583 2728 et
2619 2672 2767 2737 Saul,
2809 2679 2863 2727 et
2904 2670 3223 2738 Jeroboam,
3267 2682 3359 2726 aut
3388 2688 3523 2728 unus
3545 2688 3611 2725 ex
3640 2671 3704 2726 iis
3728 2668 3819 2741 qui

2242 2766 2604 2840 principatum
2633 2768 2939 2819 tenuerunt.
2963 2760 3054 2821 Sic
3083 2771 3138 2819 et
3160 2779 3253 2818 vos
3274 2761 3493 2828 cadetis,
3536 2762 3658 2833 quia
3678 2756 3820 2830 judi-

2243 2863 2380 2917 eatis
2402 2858 2757 2928 iniquitatem.
2782 2855 2850 2912 Et
2874 2856 3036 2913 facies
3078 2862 3420 2926 peccatorum
3442 2850 3680 2921 sumitis;
3713 2871 3818 2908 non

2241 2942 2495 3022 iudicatis
2514 2944 2717 3021 pupillo
2746 2950 2801 3005 et
2829 2960 3019 3019 egeno,
3047 2946 3299 3002 humilem
3324 2950 3379 3001 et
3405 2954 3693 3019 pauperem
3715 2958 3822 3000 non

2241 3042 2610 3115 iustiﬁcastis;
2654 3058 2761 3098 non
2816 3040 3087 3112 eripuistis
3133 3052 3425 3112 pauperem
3472 3042 3527 3094 et
3566 3053 3821 3108 egenum,

561 3132 738 3193 dimisi
765 3140 858 3194 eos
886 3136 1177 3198 secundum
1206 3144 1471 3201 desideria
1494 3145 1671 3202 cerdis
1700 3160 1905 3211 eorum,
1929 3144 2165 3209 atatim.

2280 3151 2347 3191 .ec
2366 3135 2434 3191 de
2462 3148 2624 3190 manu
2641 3110 2988 3204 peccatorum
3018 3110 3304 3187 liberastis.
3336 3126 3404 3184 Et
3446 3129 3570 3186 licet
3602 3143 3821 3198 genera-

562 3228 687 3283 runt
714 3224 767 3283 in
792 3226 1258 3289 adiuventionibus
1286 3218 1415 3290 suis,
1451 3232 1531 3290 Ad
1580 3232 1836 3307 populum
1866 3236 2009 3291 hunc
2040 3242 2142 3304 ego
2169 3212 2218 3278 C
2247 3220 2370 3284 liter
2396 3227 2540 3283 dicta
2563 3228 2672 3307 sint
2691 3227 2792 3282 ista
2823 3224 2891 3281 de
2905 3224 3172 3295 iudicibus
3194 3224 3249 3281 et
3272 3222 3614 3296 pauperibus,
3646 3234 3823 3278 tamen

563 3317 681 3409 veni
701 3359 715 3386 ,
740 3316 807 3375 ad
836 3320 981 3377 hunc
1009 3320 1682 3409 populum,'et.antequam
1728 3326 1967 3380 venirem
2013 3326 2141 3395 pro;
2180 3326 2193 3338 '

564 3408 754 3481 phetas
782 3412 921 3491 misi.
948 3413 1031 3469 Ad
1048 3412 1192 3491 hunc
1214 3402 1389 3469 solum
1416 3413 1671 3486 populum
1693 3415 1970 3485 apostolos
1992 3423 2145 3470 ante-

562 3506 722 3570 quam
741 3510 956 3573 paterer
983 3490 1263 3572 destinavi,
1286 3496 1377 3577 qui
1416 3512 1502 3561 me
1525 3506 1739 3576 penitus
1785 3505 1971 3562 audire
2015 3520 2145 3562 con-

564 3593 801 3667 tempsit.
832 3588 889 3661 Si
918 3595 1060 3650 enim
1082 3611 1169 3675 me
1198 3596 1451 3662 audisset,
1477 3604 1569 3651 aut
1597 3598 1647 3651 si
1672 3596 1725 3652 in
1754 3592 1856 3652 viis
1876 3598 2013 3654 meis
2039 3612 2148 3653 am-

567 3682 824 3753 bulasset,
849 3683 916 3739 ad
942 3682 1165 3740 nihilum
1196 3680 1441 3743 inimicos
1462 3680 1649 3743 eorum
1676 3686 2061 3751 bumiliassem.
2094 3694 2149 3752 et

565 3778 728 3859 super
758 3774 1097 3841 ,tribulantes
1124 3792 1220 3834 eos
1264 3779 1533 3835 misissem
1564 3794 1781 3836 manum
1820 3797 2015 3835 meam.
2040 3770 2150 3835 Sed

567 3862 834 3938 principes
852 3869 1210 3936 sacerdotum,
1235 3879 1290 3926 et
1303 3870 1503 3927 Scriba?
1520 3879 1575 3927 et
1595 3862 1867 3937 Pharisaei,
1886 3872 1977 3940 qui
1998 3876 2153 3926 erant

569 3948 766 4012 inimici
795 3956 1006 4013 Domini
1029 3944 1155 4014 Iesu
1177 3948 1394 4027 Christi,
1427 3961 1527 4030 ipsi
1548 3952 1757 4015 mentiti
1786 3968 1910 4012 sunt
1929 3958 2148 4030 populo,

569 4036 810 4104 (licentes
841 4069 852 4102 :
887 4047 1011 4105 Non
1052 4059 1128 4105 est
1175 4064 1209 4104 a
1263 4048 1387 4106 Deo.
1420 4049 1499 4104 illi
1548 4059 1726 4105 autem
1757 4040 1937 4103 miseri
1965 4058 2151 4104 contra

570 4129 799 4196 salutem
820 4152 971 4196 suam
1000 4132 1102 4196 illis
1138 4132 1518 4194 mentientibus
1546 4128 1904 4196 crediderunt.
1940 4136 2007 4193 Et
2031 4155 2152 4194 eum

508 4217 515 4226 ’
572 4232 660 4299 qui
685 4246 779 4287 eos
806 4226 1035 4288 liberare
1061 4239 1285 4286 venerat
1300 4230 1650 4301 negaverunt,
1675 4232 1777 4286 erit
1803 4237 1985 4287 tamen
2015 4237 2153 4285 tem-

576 4328 676 4390 pus
698 4316 885 4377 eorum
915 4324 966 4377 in
995 4329 1274 4375 :eternum.
1312 4302 1445 4375 Cum
1475 4319 1615 4376 enim
1639 4319 1900 4391 plenitudo
1930 4322 2157 4394 gentium

2246 3308 2550 3387 Pharisteis,
2574 3306 2681 3375 una
2702 3335 2821 3375 cum
2843 3314 3171 3390 principibus
3191 3306 3525 3375 Sacerdotuni
3546 3312 3824 3390 prophetia

2247 3415 2500 3473 carminis
2525 3399 2699 3470 sonat.
2726 3408 3049 3469 Nescierunt'
3066 3408 3208 3468 enim
3232 3406 3403 3483 neque
3433 3396 3825 3476 ilitellexeruni,

2247 3505 2374 3575 quia
2394 3500 2596 3561 dictum
2620 3504 2705 3560 est
2732 3488 2835 3559 illis
2859 3520 2872 3556 ε
2905 3498 3037 3571 Nisi,
3048 3492 3364 3557 credideritis
3385 3496 3486 3557 non
3513 3496 3825 3573 intelligetis.

2248 3598 2330 3653 illi
2354 3599 2401 3654 si
2428 3596 2802 3663 credidissent,
2831 3595 3199 3673 intelligerent
3223 3609 3377 3651 suum
3399 3608 3519 3649 esse
3545 3584 3831 3648 Dominum

2250 3705 2413 3762 quem
2433 3689 2721 3758 negabant,
2739 3695 2796 3743 et
2813 3672 3125 3755 diligentem
3146 3700 3205 3740 se
3224 3683 3348 3739 odio
3377 3684 3832 3762 persequebantur

2252 3760 2456 3851 iniquo.
2500 3778 2632 3835 Esto
2661 3776 2952 3834 secundum
2997 3774 3423 3831 incredulitatem
3452 3760 3677 3828 vestram
3720 3760 3830 3826 non

2254 3850 2371 3928 erat
2390 3869 2666 3934 Dominus,
2685 3868 2849 3923 frater
2863 3873 3041 3921 tamen
3062 3873 3195 3932 erat,
3210 3858 3465 3921 Hebraeus
3486 3880 3552 3921 ex
3573 3850 3829 3927 Hebrasis,

2254 3970 2308 4019 et
2336 3968 2590 4033 parentes
2635 3958 2828 4015 fratres
2865 3957 3123 4015 dicebatis
3171 3952 3312 4030 apud
3340 3960 3437 4012 v'os
3478 3946 3614 4012 esse.
3664 3936 3834 4009 Dicitel

2255 4066 2386 4123 ergo
2414 4058 2532 4122 qua:
2562 4050 2722 4107 fuerit
2749 4066 2910 4107 causa
2949 4050 3058 4106 odii
3091 4070 3104 4104 :
3146 4049 3343 4118 Quare,
3376 4038 3642 4119 inquiunt,
3698 4042 3836 4102 iniir~

2256 4161 2377 4201 mos
2430 4153 2585 4200 curat
2632 4134 2686 4200 in
2734 4142 3004 4200 sabbatis?
3042 4138 3112 4198 Et
3163 4142 3266 4199 hoc
3318 4142 3556 4197 meretur
3599 4132 3836 4199 medicus

2258 4232 2439 4294 odium
2470 4253 2568 4311 pro
2596 4237 2772 4294 salute
2802 4230 3024 4292 fratrum
3054 4220 3344 4304 incurrere,
3370 4243 3425 4291 et
3451 4226 3550 4311 pro
3578 4218 3837 4291 cbaritate

2259 4316 2357 4386 sua
2407 4310 2585 4385 vestra
2636 4327 3067 4385 exsecrabilitate
3110 4324 3308 4382 vexari.
3341 4310 3539 4384 Verum
3582 4318 3837 4400 quoniam

571 4402 849 4507 introierit,
875 4422 993 4503 tunc
1013 4411 1177 4507 omnis
1209 4404 1383 4464 Israel
1404 4410 1572 4507 saluus
1591 4411 1679 4480 ﬁet
1702 4408 1877 4480 (Rom.
1906 4412 2001 4484 χι),
2032 4416 2160 4467 tunc
2261 4423 2350 4495 qui
2374 4422 2481 4478 odi:
2510 4416 2725 4495 fratrm
2741 4438 2889 4475 suum
2914 4420 2969 4475 in
2991 4416 3213 4501 tenebris
3240 4406 3466 4475 ambutai
3495 4419 3546 4491 (l
3566 4406 3725 4507 .loan.
3756 4420 3836 4493 ιι),

574 4498 896 4556 ribabuntur
938 4500 992 4556 et
1044 4496 1145 4570 ipsi
1189 4516 1256 4556 ex
1302 4501 1459 4570 adipe
1488 4499 1758 4570 frumenti,
1809 4505 1956 4560 etde
2003 4512 2155 4576 petra

2265 4514 2429 4585 atque
2475 4504 2835 4570 movebuntur
2876 4506 3059 4585 omnia
3088 4498 3431 4567 fundamenta
3485 4498 3667 4585 terrm,
3717 4498 3837 4581 eum

577 4590 735 4683 inelie
760 4584 1139 4645 saturabuntur
1159 4588 1456 4660 eredentes,
1481 4608 1549 4648 ex
1569 4608 1677 4665 quo
1723 4584 2031 4651 ceciderunt
2072 4596 2153 4652 in-
2178 4582 2234 4640 Ι)
2261 4582 2515 4675 exsurget
2538 4597 2699 4669 Deus,
2724 4611 2787 4658 ut
2807 4584 3009 4672 judicet
3038 4597 3258 4669 terram,
3286 4588 3596 4683 recedemus
3621 4584 3687 4655 ab
3717 4588 3840 4655 odio

575 4676 841 4745 videntes.
871 4681 1069 4737 Potens
1109 4692 1191 4738 est
1216 4684 1358 4739 enim
1388 4683 1646 4742 Dominus
1676 4686 1868 4743 iterum
1914 4688 2153 4745 inserere

579 4758 716 4830 illos.
760 4772 866 4831 Nos
894 4766 1070 4831 antem
1105 4776 1155 4832 in
1187 4778 1289 4834 lide
1317 4778 1433 4848 ejus
1475 4788 1696 4848 stemus,
1740 4789 1797 4836 ut
1837 4782 1902 4837 ad
1932 4782 2155 4837 nihilum

579 4867 825 4923 inimicos
864 4876 1077 4925 nostros
1116 4870 1340 4957 redigat.
1390 4869 1457 4925 Et
1499 4887 1661 4945 super
1691 4872 2004 4927 tribulantes
2032 4886 2151 4938 nos,
2194 4898 2199 4903 ν

579 4961 692 5021 sive
720 4959 987 5032 spiritales
1014 4948 1221 5029 hostes,
1259 4948 1373 5015 sive
1424 4962 1694 5028 carnales,
1725 4964 1904 5017 mittat
1942 4977 2160 5033 manum

578 5052 749 5117 suam,
782 5069 878 5124 per
903 5049 1172 5109 Christum
1220 5048 1505 5107 Dominum
1545 5062 1817 5120 nostrum,
1850 5055 1941 5125 qui
1971 5042 2159 5125 regnat

510 5180 513 5185 η
579 5159 700 5198 cum
728 5140 885 5221 I’atre
913 5146 972 5201 et'
989 5143 1191 5216 Spiritu
1210 5151 1416 5209 sancto,
1449 5146 1545 5215 per
1570 5140 1748 5201 omnia
1770 5147 1961 5203 stecula
1991 5150 2158 5205 Saecu-

581 5228 774 5288 lorum.
800 5234 987 5289 Amen.
1130 5242 1133 5245 ’
1236 5244 1239 5247 ’
1486 5291 1492 5297 .

1068 5301 1382 5360 PSALMDS
1409 5298 1642 5359 LXXXI.

1137 5391 1382 5450 Psalmus
1402 5388 1603 5464 Asapli.

652 5501 795 5557 Deus
815 5478 951 5556 stetit
971 5502 1024 5556 in
1046 5520 1308 5577 synagoga
1328 5504 1555 5570 deorum,
1588 5506 1642 5560 in
1667 5504 1833 5561 medio
1853 5515 2020 5561 autem
2042 5504 2163 5563 dealt

584 5590 856 5667 dijudicut.
912 5588 1178 5671 Usqueq‘uo
1216 5597 1467 5667 judicatis
1515 5598 1854 5671 iniquitatem,
1904 5600 1952 5656 et
2006 5601 2164 5672 facies

584 5694 906 5755 peccatorum
927 5676 1127 5737 sumitis
1144 5682 1423 5739 ?Judicate
1447 5692 1605 5757 egeno
1624 5698 1672 5741 et
1690 5686 1901 5761 pupillo,
1926 5689 2166 5746 humilem

585 5786 634 5830 et
662 5794 933 5848 panperem
955 5776 1256 5848 justi/irate.
1306 5774 1506 5848 Eripite
1529 5778 1822 5850 pauperem,
1867 5791 1918 5839 et
1952 5800 2167 5857 egenum

2257 4684 2500 4752 fratrum.
2534 4688 2669 4762 Quia
2706 4692 2797 4766 qui
2837 4690 2944 4747 odit
2973 4693 3185 4765 fratrem
3215 4709 3381 4759 suum,
3432 4680 3587 4746 nescit
3615 4680 3712 4764 quo
3759 4682 3840 4766 eat

2263 4770 2476 4862 (ibid),
2506 4784 2632 4857 quia
2662 4764 2995 4839 circumdant
3024 4799 3144 4838 eum
3172 4783 3423 4837 tenebrae.
3452 4782 3683 4850 Agamus
3711 4764 3845 4850 ergo

2260 4878 2490 4935 sollicite
2514 4871 2581 4931 de
2626 4866 2732 4929 ﬁne
2762 4868 2981 4944 psalmi,
3016 4881 3073 4927 ut
3113 4889 3233 4928 cum
3262 4870 3558 4928 surrexerit
3585 4862 3842 4926 Dominus

2286 4968 2502 5025 udicare
2530 4962 2749 5033 terram,
2774 4974 2828 5020 et
2850 4981 2946 5020 nos
2968 4956 3021 5019 in
3043 4956 3350 5019 inmeditate
3374 4960 3568 5033 capiat,
3598 4954 3649 5017 in
3677 4958 3841 5017 omni~
3896 4988 3910 5000 -

2286 4987 2502 5025 uutcare
2531 4987 2749 5033 terram,
2774 4987 2828 5020 ct
2850 4987 2946 5020 nos
2968 4987 3021 5019 tn
3043 4987 3350 5019 ηωωωωιε
3374 4987 3568 5033 captat,
3598 4987 3649 5017 III
3677 4987 3841 5017 Ulllllh

2259 4987 2366 5116 ints
2416 5050 2694 5130 gentibus,
2745 5054 2838 5128 qui
2900 5056 3085 5125 regnat
3137 5055 3190 5109 in
3246 5054 3436 5110 saecula
3507 5054 3841 5110 smculorum.

2265 5138 2455 5207 lmen.

2757 5212 3068 5271 PSALMUS
3098 5212 3351 5269 LXXXII.

2690 5304 2973 5361 Canticum
3000 5305 3187 5375 psalmi
3225 5300 3422 5377 Asaph.
3524 5341 3528 5344 ~

2340 5420 2503 5487 Deus,
2532 5421 2644 5495 quis
2674 5416 2858 5503 similis
2885 5414 2984 5472 erit
3011 5418 3138 5474 tibi?
3162 5416 3225 5474 ne
3251 5428 3441 5489 taceas,
3467 5435 3624 5491 neque
3652 5419 3848 5488 contpel

2270 5514 2456 5581 scaris;
2486 5508 2643 5565 Deus.
2679 5502 2933 5575 Quoniam
2971 5525 3085 5562 ecce
3127 5508 3322 5564 inimici
3350 5510 3421 5562 tui
3466 5512 3762 5573 sonuerunt,
3799 5502 3849 5561 et

2270 5598 2356 5677 qui
2386 5604 2603 5660 oderunt
2649 5611 2694 5656 te
2722 5598 3012 5655 extulerunt
3039 5612 3210 5674 caput.
3241 5600 3409 5673 Super
3437 5602 3678 5672 papulum
3708 5590 3850 5654 tuum

2269 5695 2679 5765 ‘malignaverunt
2702 5690 2991 5754 consilium,
3015 5700 3064 5744 et
3085 5691 3431 5762 cogitaverunt
3458 5686 3701 5767 adversus
3733 5707 3852 5743 san-

2274 5780 2383 5842 ctos
2399 5760 2541 5841 luos.
2575 5780 2847 5877 Dixerunt,
2906 5778 3103 5847 Venite,
3150 5760 3208 5834 et
3258 5762 3611 5855 disperdamui
3657 5780 3743 5836 eos
3785 5775 3850 5838 de
3946 5760 3989 5806 "
