4244 6258
469 333 569 386 ω

1787 313 2055 374 ΑΒΝΟΒΙΙ
2092 308 2394 374 ΙΠΝιίΟΒΙΞ

3643 321 3746 376 448

469 461 498 498 a
527 445 638 496 Deo
678 441 926 501 bibimus,
959 445 1010 490 et
1056 433 1291 489 avaritiae
1322 432 1462 487 ferre
1505 431 1890 501 cogitabamus,
1917 447 2056 484 nunc
2083 432 2133 490 Α
2161 433 2299 486 rubis
2328 450 2449 508 nos,
2475 443 2524 486 et
2545 435 2686 505 plebs
2726 443 2814 487 tua
2855 432 3114 488 laetabitur
3140 434 3193 487 in
3223 441 3290 486 te.
3325 432 3554 487 Ostende
3578 436 3747 498 tlbbis,

469 536 590 603 igne
610 531 808 587 amoris
834 529 997 584 divini
1017 526 1258 582 succensi
1293 525 1552 580 dicimus:
1587 524 1757 591 Quam
1787 523 2057 587 amabilia,

469 642 632 698 quam
659 624 874 687 dilecta,
905 633 1175 690 quamque
1210 617 1433 688 pulchra
1478 616 1824 672 tabernacula
1867 623 1974 678 tua,
2008 614 2060 668 in

469 719 663 788 quibus
718 715 947 778 habitas,
998 711 1224 767 Domine
1279 709 1421 767 Deus
1450 709 1726 764 virtutum.
1767 705 1898 774 Qum
1939 713 2064 760 sunt

470 810 588 879 ipsa
616 804 980 869 tabernacula,
1009 803 1078 858 de
1123 802 1317 873 quibus
1353 799 1502 867 dicit,
1545 798 1682 866 Quia
1711 797 2062 868 concupiscit,

469 910 529 958 et
554 900 735 956 deficit
763 899 938 955 anima
967 912 1088 952 mea
1115 896 1171 950 in
1198 895 1348 950 atriis
1376 893 1512 962 ejus,
1557 893 1612 948 in
1649 891 1853 962 quibus
1886 899 1942 946 et
1969 905 2065 945 cor

471 993 590 1062 ejus
616 1000 673 1048 et
709 1006 802 1047 cor
821 989 1057 1045 exsultat
1084 990 1210 1043 novi
1255 985 1415 1056 hujus
1451 984 1741 1049 amatoris;
1766 984 1820 1037 in
1848 982 2062 1051 quibus,

471 1084 665 1154 inquit,
695 1097 884 1152 passer
905 1079 1150 1136 Christus
1179 1079 1384 1134 invenit
1409 1076 1512 1132 sibi
1556 1075 1809 1141 domum;
1851 1073 1980 1128 inibi
2009 1080 2065 1128 et

474 1185 650 1233 turtur
689 1173 893 1240 nidum,
937 1172 990 1227 id
1017 1180 1120 1237 est,
1151 1170 1410 1248 Ecclesia,
1441 1169 1534 1224 ubi
1568 1175 1861 1236 congreget
1886 1165 2064 1236 pullos

473 1285 619 1329 suos.
634 1268 898 1332 Ubisunt,
913 1266 1104 1335 inquit,
1123 1263 1312 1318 altaria
1326 1271 1439 1327 tua,
1463 1261 1692 1316 Domine
1713 1260 1990 1322 virtutum,
2010 1255 2064 1312 id

473 1368 576 1424 est,
603 1359 856 1431 mysteria
885 1365 999 1421 tua,
1021 1356 1140 1411 Rex
1166 1369 1320 1410 meus
1345 1361 1399 1408 et
1422 1352 1564 1407 Deus
1587 1367 1760 1406 meus.
1793 1350 1945 1404 Beati
1972 1348 2063 1418 qui

475 1451 621 1511 adea
641 1448 1115 1521 pertingunt,quia
1131 1446 1185 1500 in
1213 1455 1472 1501 aeternum
1495 1444 1788 1500 laudabunt
1815 1450 1890 1507 te,
1919 1441 2063 1498 sola-

475 1543 610 1598 tium
631 1540 786 1596 dulce
805 1539 1052 1594 miseriaz.
1071 1537 1148 1593 lbi
1170 1537 1312 1593 enim
1341 1536 1596 1591 auxilium
1611 1536 1871 1591 habentes
1891 1542 2061 1600 tuum,

477 1632 820 1689 ascensiones
849 1639 1058 1701 ponunt
1109 1629 1163 1685 in
1209 1628 1371 1684 corde
1417 1643 1537 1692 suo,
1567 1643 1676 1682 non
1706 1627 1760 1682 in
1806 1625 2066 1681 conviviis

478 1723 784 1788 ridentium,
817 1721 912 1777 sed
932 1721 986 1776 in
1013 1719 1257 1776 convalle
1284 1718 1659 1790 lacrymarum.
1691 1717 1769 1772 Ibi
1794 1717 1939 1772 enim
1965 1717 2064 1772 be-

2162 524 2402 590 Domine,
2424 527 2830 580 misericordiam
2857 535 3015 590 tuam,
3045 535 3095 579 et
3120 525 3349 579 salutare
3385 535 3526 579 tuum
3555 527 3622 579 da
3649 543 3749 580 no-

2163 620 2258 672 bis.
2292 619 2514 673 Audiam
2540 620 2665 691 quid
2691 619 2928 691 loquatur
2948 620 3002 672 in
3029 635 3110 672 me
3136 617 3389 673 Doniinus
3418 618 3562 674 Deus
3579 661 3594 684 ,
3627 639 3755 692 quo-

2162 713 2305 766 niam
2332 712 2564 781 loquetur
2591 728 2769 783 pacem
2794 713 2852 766 in
2869 710 3064 781 plebem
3093 727 3258 765 suam.
3284 709 3355 764 Et
3373 727 3528 782 super
3545 722 3754 768 sanctos

2163 821 2303 868 suos,
2333 813 2383 882 et
2427 805 2482 858 in
2521 821 2609 859 eos
2635 805 2721 876 qui
2749 811 3117 858 convertuntur
3145 803 3213 857 ad
3240 819 3348 858 cor.
3387 803 3753 882 Verumtamen

2164 912 2322 966 prope
2346 881 2578 950 timentes
2605 911 2719 950 eum
2741 894 2971 948 salutare
3006 894 3188 964 ipsius,
3227 901 3285 946 ut
3311 881 3566 947 inhabitét
3583 893 3755 964 σιω-επ

2163 987 2218 1040 in
2241 979 2378 1042 terra
2401 995 2600 1042 nostra.
2626 985 2990 1041 Misericordia
3007 993 3057 1040 et
3075 986 3263 1040 ueritas
3284 983 3615 1039 obviaverunt
3632 985 3753 1051 sibi,

2159 1079 2366 1150 justitia
2392 1088 2441 1132 et
2466 1095 2573 1150 pax
2599 1078 2847 1134 osculata
2872 1085 3011 1131 sunt.
3044 1075 3248 1129 Veritas
3268 1075 3334 1129 de
3355 1083 3493 1129 terra
3520 1085 3636 1130 orta
3655 1085 3752 1140 est,

2165 1181 2213 1226 et
2251 1169 2459 1242 justitia
2498 1171 2562 1226 de
2606 1171 2730 1225 creto
2755 1169 3038 1241 prospexit.
3081 1166 3292 1222 Etenim
3319 1165 3573 1223 Dominus
3611 1169 3757 1222 dabit

2167 1264 2551 1336 benignitatem,
2573 1272 2624 1317 et
2653 1271 2789 1316 terra
2819 1269 2998 1315 nostra
3025 1257 3168 1313 dabit
3193 1260 3414 1330 fructum
3447 1275 3611 1313 suum
3653 1258 3754 1313 Ju-

2167 1357 2311 1409 stitia
2353 1364 2474 1410 ante
2517 1371 2633 1408 eum
2677 1352 2992 1417 ambulabit,
3038 1361 3092 1408 et
3135 1358 3291 1424 ponet
3332 1353 3388 1405 in
3421 1352 3504 1406 uia
3541 1367 3751 1422 gressus

2167 1463 2306 1518 suos.

2743 1529 3178 1570 COIIENTARIUI.

2238 1627 2609 1697 Octogesimus
2657 1637 2882 1698 quartus
2935 1627 3174 1698 psalmus
3221 1625 3566 1684 nihilominus
3609 1626 3752 1684 Core

2171 1720 2293 1777 filiis
2325 1721 2643 1792 applicatur.
2672 1720 2814 1777 Core
2853 1720 2947 1776 ﬁlii
2974 1729 3120 1786 sunt,
3164 1721 3358 1791 quibus
3395 1729 3552 1792 pater
3578 1721 3756 1790 ignem

477 1815 839 1871 nedictionem
888 1812 1158 1884 accipiunt
1186 1827 1217 1867 a
1247 1819 1318 1877 te,
1367 1826 1401 1865 a
1441 1825 1549 1879 quo
1591 1807 1788 1877 Legem
1816 1822 2070 1878 suscepe-
2097 1795 2146 1857 Β
2172 1812 2407 1867 alienum
2429 1811 2483 1866 in
2501 1811 2673 1866 altare
2691 1812 2879 1867 volens
2898 1825 3104 1882 ponere
3123 1811 3348 1877 tollitur,
3365 1820 3421 1866 et
3438 1819 3593 1881 pater
3604 1811 3758 1866 Chri-

478 1913 622 1972 runt,
651 1913 706 1960 et
731 1903 915 1960 vident
943 1903 998 1958 in
1044 1903 1128 1958 his
1157 1902 1327 1957 Deum
1367 1900 1591 1956 deorum
1619 1901 1675 1955 in
1703 1899 1854 1966 Sion,
1886 1899 1940 1954 id
1966 1907 2085 1966 est,

479 1996 535 2051 in
555 1992 796 2051 Ecclesia
815 2001 930 2060 tua,
957 1993 1013 2048 in
1032 2007 1159 2062 qua,
1190 1993 1416 2049 Domine
1438 1993 1580 2049 Deus
1606 1993 1882 2059 virtutum,
1906 2007 2071 2048 exau-

481 2087 597 2142 dies
624 2101 833 2157 preces,
866 2101 976 2141 non
1003 2086 1277 2152 vitiorum,
1309 2085 1451 2141 Dens
1476 2103 1488 2138 :
1518 2085 1609 2140 ille
1633 2094 1780 2140 amet
1803 2099 1910 2150 me,
1940 2083 2072 2138 illud

478 2178 773 2248 acquiram,
788 2177 921 2234 illud
941 2178 1188 2244 habeam,
1209 2178 1309 2233 has
1334 2179 1588 2234 vitiorum
1608 2192 1797 2248 preces
1819 2175 2072 2245 dedigna-

482 2278 570 2322 tur
596 2267 853 2323 Dominus
879 2267 1155 2324 virtutum.
1181 2267 1248 2322 Et
1285 2269 1415 2338 quid
1435 2267 1808 2340 amplectitur?
1836 2267 1912 2322 Da
1941 2266 2072 2321 mihi

480 2360 782 2416 castitatem
803 2400 818 2426 ,
851 2359 1203 2430 sapientiam,
1233 2367 1602 2431 contemptum
1630 2358 1833 2422 mundi,
1864 2359 2073 2428 patien-

483 2452 632 2517 tiam,
680 2453 1019 2518 charitatem,
1059 2453 1259 2508 bonam
1305 2453 1667 2532 suspicionem
1704 2454 1757 2507 in
1801 2451 2069 2523 proximo.

481 2542 538 2596 Si
564 2542 668 2598 ista
714 2543 972 2597 virtutum
999 2548 1202 2613 genera
1242 2552 1387 2610 sunt,
1412 2553 1467 2599 et
1511 2544 1654 2600 Deus
1680 2546 1938 2599 virtutum
1992 2551 2075 2597 est

479 2650 642 2704 quem
671 2650 908 2700 oramus,
951 2636 1035 2690 his
1083 2637 1270 2706 utique
1314 2637 1476 2692 rebus
1503 2637 1710 2702 annuit,
1740 2636 1933 2706 quibus
1977 2651 2074 2690 nos

479 2744 590 2785 sum
619 2727 778 2784 faciet
799 2736 1005 2784 natura:
1033 2739 1334 2786 consortes.
1375 2730 1509 2785 cum
1552 2731 1776 2801 respicit
1799 2731 1852 2784 in
1885 2729 2076 2785 faciem

481 2821 698 2889 Christi,
727 2830 783 2877 et
809 2823 1082 2878 hominem
1127 2824 1324 2879 viderit
1368 2825 1647 2880 sedentem
1691 2823 1759 2878 ad
1797 2823 2073 2878 dexteram

480 2928 652 2978 suam,
677 2929 776 2982 per
797 2929 959 2982 quem
977 2913 1172 2969 melior
1191 2915 1308 2970 dies
1333 2931 1460 2980 una,
1492 2916 1617 2984 quia
1646 2916 1849 2970 aeterna
1876 2914 1997 2980 erit,
2021 2923 2077 2968 et

481 3012 696 3058 noctem
719 3019 824 3059 non
845 3004 1082 3071 habebit,
1097 3005 1151 3060 in
1181 3005 1364 3061 laetitia
1385 3007 1489 3061 erit
1515 3006 1867 3072 credentium,
1886 3006 2078 3061 melior

482 3093 586 3148 erit
605 3093 721 3148 htec
735 3093 849 3148 dies
871 3110 976 3149 una
1005 3096 1061 3150 in
1082 3110 1250 3165 regno
1277 3097 1394 3166 ejus
1415 3112 1578 3166 super
1593 3096 1758 3151 millia
1788 3111 2070 3160 annorum,

2173 1912 2287 1960 stus
2308 1919 2405 1974 per
2435 1903 2662 1972 gratiam
2690 1901 3042 1959 condonatur.
3081 1901 3233 1957 Sicut
3271 1902 3416 1957 enim
3444 1901 3586 1957 illius
3621 1901 3758 1971 ignis

2176 1997 2338 2052 libido
2366 2004 2451 2052 est
2469 2003 2659 2052 contra
2680 1996 2847 2051 Deum
2866 2003 2921 2050 et
2949 2003 3136 2051 contra
3162 1994 3404 2066 Moysen,
3437 1994 3490 2050 id
3513 2003 3760 2062 est,con-

2176 2098 2258 2144 tra
2287 2089 2484 2159 Legem
2507 2089 2742 2156 vadens;
2771 2089 2846 2144 ita
2877 2088 3034 2159 hujus
3059 2087 3218 2158 ignis,
3236 2087 3400 2144 corda
3427 2087 3760 2144 credentium

2176 2181 2229 2234 in
2259 2180 2506 2251 amplexu
2535 2179 2914 2235 misericordia:
2959 2188 3016 2234 et
3039 2178 3280 2234 veritatis
3315 2178 3536 2244 excitat,
3585 2179 3658 2233 ita
3703 2186 3762 2232 ut

2169 2270 2376 2338 justitia
2405 2279 2461 2325 et
2486 2285 2592 2341 pax
2628 2270 2939 2325 osculentur
2964 2284 3041 2324 se.
3073 2267 3300 2336 Quando
3323 2277 3504 2324 autem
3534 2259 3636 2324 ista
3665 2283 3761 2338 ge-

2175 2370 2258 2416 sta
2282 2363 2412 2427 sint,
2441 2361 2487 2416 si
2515 2361 2747 2430 requiris
2773 2361 3033 2416 ausculta.
3065 2359 3293 2426 Quando
3339 2359 3610 2415 benedixit
3655 2358 3761 2415 Do-

2176 2451 2353 2506 minus
2380 2461 2580 2506 terram
2608 2465 2760 2506 suam
2787 2451 3019 2506 adventu
3043 2465 3173 2517 suo,
3217 2459 3344 2506 tunc
3369 2451 3559 2505 avertit
3585 2450 3756 2520 capti-

2177 2543 2396 2598 vitatem
2442 2542 2628 2598 Iacob.
2653 2542 2804 2598 Tunc
2830 2543 3037 2598 remisit
3064 2543 3393 2614 impietatem
3432 2541 3601 2613 plebis
3624 2557 3756 2609 sine,

2176 2635 2440 2704 mitigavit
2467 2651 2679 2690 omnem
2706 2636 2840 2690 iram
2865 2650 3038 2700 suam,
3068 2644 3124 2690 et
3157 2637 3350 2692 avertit
3377 2652 3408 2690 a
3436 2635 3590 2692 nobis
3627 2637 3762 2692 iram

2180 2725 2558 2794 indignationis
2597 2739 2726 2781 suae.
2778 2726 3078 2782 Ostendens
3113 2727 3290 2790 .nobis
3340 2726 3762 2784 miserimrdiam

2177 2830 2348 2881 suam,
2373 2825 2428 2870 et
2452 2816 2688 2872 salutare
2715 2832 2871 2871 suum
2893 2819 2948 2872 in
2974 2814 3191 2872 Christo
3218 2817 3352 2874 dans
3379 2817 3554 2874 nobis.
3573 2817 3764 2874 Audia-

2176 2924 2296 2963 mus
2345 2909 2475 2978 quid
2521 2909 2790 2979 loquatur,
2841 2910 2934 2979 qui
2980 2911 3129 2966 venit
3165 2918 3221 2966 et
3266 2910 3541 2966 benedixit
3565 2919 3764 2967 terram

2177 3017 2329 3056 suam
2358 3020 2371 3055 :
2406 3001 2599 3056 Pacem
2643 3018 2833 3067 meam,
2867 3003 3056 3072 inquit,
3111 3003 3178 3057 do
3222 3001 3360 3057 vobis
3392 3001 3581 3075 (Joan.
3613 3019 3702 3058 xiv
3717 3002 3758 3075 ).

2179 3091 2320 3148 Ecce
2343 3095 2422 3149 sic
2440 3093 2679 3162 loquitur
2714 3104 2905 3165 pacem
2933 3096 2986 3150 in
3015 3094 3227 3166 plebem
3247 3111 3399 3151 suam
3432 3114 3446 3150 :
3479 3097 3655 3168 primo
3679 3111 3762 3152 su-

482 3201 606 3256 quaa
635 3195 758 3240 sunt
788 3186 841 3240 in
867 3193 1010 3241 terra
1038 3158 1377 3258 consumpta.
1410 3158 1512 3253 Qui
1541 3189 1653 3243 haec
1681 3195 1858 3263 autem
1883 3158 2072 3251 credit,
2104 3158 2151 3223 c
2179 3199 2278 3257 per
2303 3158 2540 3252 Sanctos,
2571 3183 2625 3241 id
2650 3158 2752 3251 est,
2795 3187 2958 3258 supe'r
2983 3158 3274 3257 apostolos.
3306 3186 3434 3244 Post
3603 3202 3764 3259 super

481 3277 605 3348 plus
633 3276 781 3346 eligit
801 3275 1040 3347 abiectus
1060 3293 1178 3332 esse
1207 3279 1259 3332 in
1289 3279 1698 3334 conversatione
1719 3277 2072 3334 credentium.

415 3364 420 3369 ’
480 3368 618 3448 Quia
639 3367 831 3425 domus
851 3367 948 3423 Dei
974 3385 1083 3424 non
1113 3380 1362 3425 cemento
1385 3379 1596 3426 constat
1623 3379 1678 3426 et
1705 3372 1871 3438 calce,
1903 3371 1996 3426 sed
2024 3372 2075 3426 in

481 3460 700 3517 homine
727 3461 980 3517 credente
1020 3470 1075 3516 et
1129 3461 1246 3531 ejus
1289 3471 1556 3533 praecepta
1604 3471 1871 3519 servante.
1935 3463 2078 3520 Inter

483 3564 585 3606 nos
608 3564 739 3620 ergo
769 3545 961 3606 melius
990 3559 1074 3607 est
1098 3551 1228 3606 mihi
1259 3568 1357 3622 pro
1387 3552 1598 3622 abjecto
1620 3554 1826 3622 haberi,
1850 3565 2011 3623 quam
2031 3556 2078 3611 si

483 3658 583 3713 pro
602 3657 730 3712 rege
757 3643 959 3699 habear
979 3644 1034 3699 in
1065 3645 1426 3702 tabernaculis
1453 3654 1817 3716 peccatorum,
1848 3647 1937 3702 ubi
1977 3649 2080 3702 mi-

483 3734 831 3791 sericordiam
860 3746 916 3792 et
933 3738 1218 3794 veritatem
1239 3739 1412 3808 diligit
1440 3737 1716 3807 Dominus,
1741 3750 1797 3795 et
1816 3749 1939 3811 post
1974 3742 2078 3796 mi-

482 3826 830 3882 sericordiam
876 3828 1074 3885 viderit
1103 3838 1158 3885 et
1184 3832 1466 3886 veritatem
1510 3832 1832 3888 custoditam
1879 3832 1946 3886 ab
1989 3847 2075 3899 eo,

482 3917 577 3986 qui
597 3931 718 3972 eam
743 3917 893 3973 dedit
912 3917 1189 3975 Dominus.
1220 3919 1348 3976 Post
1376 3921 1491 3975 hmo
1516 3924 1742 3989 gratiam
1772 3928 1827 3976 et
1854 3921 2076 3987 gloriam

482 4007 648 4073 dabit,
675 4007 748 4063 ita
769 4017 826 4063 ut
845 4010 962 4064 sine
989 4011 1328 4065 successione
1349 4024 1443 4065 eas
1465 4011 1755 4078 possideat.
1789 4001 2077 4067 Non'enim

483 4096 718 4167 privabit
745 4099 902 4153 bonis
928 4113 1024 4155 eos
1070 4100 1161 4169 qui
1210 4099 1602 4154 ambulaverint
1645 4101 1700 4156 in
1748 4101 2072 4156 innocentia.

484 4191 566 4245 Ad
616 4192 731 4248 lizec
779 4193 1020 4249 dicamus
1064 4208 1253 4249 omnes
1285 4211 1297 4247 :
1329 4192 1556 4249 Domine
1611 4193 1752 4250 Deus
1799 4195 2072 4263 virtutum,

486 4283 678 4339 beatus
703 4286 789 4340 vir
836 4287 927 4356 qui
965 4294 1149 4357 sperat
1196 4288 1248 4342 in
1305 4294 1378 4342 te.
1413 4285 1508 4342 Vir
1548 4302 1671 4342 cum
1717 4287 1934 4354 dixeris,
1968 4305 2076 4345 non

487 4388 675 4429 sexum
704 4375 1002 4430 discrevisti
1021 4418 1035 4442 ,
1067 4377 1163 4432 sed
1189 4385 1446 4432 mentem.
1479 4376 1700 4433 Femina
1729 4380 1872 4434 enim
1901 4380 2074 4435 virum

489 4469 612 4529 aget
631 4463 910 4518 virtutum.
952 4464 1111 4519 Amat
1137 4481 1232 4521 rex
1258 4481 1377 4535 qua:
1419 4467 1542 4537 jure
1581 4469 1664 4524 vir
1707 4469 1918 4538 dicitur,
1951 4487 2074 4527 cum

483 4551 612 4605 vitia
633 4565 753 4619 quae
805 4552 1059 4608 feminam
1103 4556 1265 4610 etiam
1294 4557 1467 4613 virum
1519 4559 1748 4625 faciunt,
1780 4561 1945 4617 animi
1988 4564 2070 4618 sui

483 4638 801 4694 credulitate
819 4644 1170 4710 prostraverit
1192 4661 1289 4716 per
1298 4648 1524 4716 gratiam
1539 4649 1750 4706 Domini
1767 4655 1936 4709 nostri
1947 4653 2073 4710 Jesu

484 4727 704 4796 Christi,
755 4733 846 4803 qui
900 4743 1088 4802 regnat
1116 4753 1237 4794 cum
1267 4737 1427 4796 Patre
1457 4751 1514 4797 et
1547 4741 1750 4813 Spiritu
1787 4755 1976 4802 sancto
2018 4748 2072 4802 in

487 4821 680 4877 smcula
711 4822 1050 4879 szeculorum.
1084 4826 1272 4882 Amen.

963 4958 1273 5018 PSALMUS
1311 4962 1593 5022 LXXXIV.

913 5075 916 5078 ’
985 5071 1042 5130 ln
1073 5075 1232 5132 finem
1263 5075 1382 5134 ﬁliis
1409 5078 1566 5135 Core.

565 5180 893 5252 Benedixisti,
919 5187 1158 5255 Domine,
1185 5202 1374 5247 terram
1414 5204 1574 5258 tuam,
1603 5197 1831 5251 avertisti
1855 5201 2074 5270 captivi-

489 5281 642 5325 tatem
664 5271 845 5328 Jacob.
875 5275 1137 5334 Remisisti
1156 5283 1480 5354 iniquitatem
1501 5285 1663 5356 plebis
1685 5294 1804 5351 tuae,
1833 5292 2078 5360 aperuisti

487 5364 663 5416 omnia
701 5374 912 5433 peccata
954 5384 1147 5423 eorum.
1194 5371 1452 5446 Mitigasti
1490 5393 1690 5431 omnem
1731 5380 1865 5434 iram
1914 5390 2073 5449 tuam,

487 5455 716 5508 avertisti
749 5455 813 5508 ab
843 5458 922 5509 ira
952 5459 1324 5532 indignationis
1365 5475 1482 5521 tuae.
1515 5467 1763 5525 Converte
1789 5487 1903 5537 nos,
1937 5472 2077 5526 Deus

485 5544 730 5600 salutaris
751 5555 943 5613 noster,
973 5558 1022 5602 et
1041 5561 1212 5605 auerte
1240 5555 1374 5609 irem
1399 5565 1537 5613 tuam
1563 5577 1595 5613 a
1620 5556 1788 5617 nobis.
1826 5559 2078 5635 Nunquid

484 5635 548 5688 in
571 5646 816 5692 (sternam
845 5638 1080 5694 irasceris
1115 5641 1280 5709 nobis,
1313 5657 1404 5700 aut
1426 5650 1670 5706 extendes
1698 5653 1833 5707 iram
1861 5661 2004 5708 tuam
2041 5670 2076 5708 a

489 5731 817 5796 generatione
842 5733 894 5786 in
915 5735 1337 5804 generationem?
1363 5737 1519 5807 Deus,
1547 5752 1598 5796 tu
1619 5761 1890 5802 conversus
1911 5748 2075 5820 viviﬁ-
2158 5785 2162 5788 -

1711 5906 1774 5917 ‘-

2103 4521 2155 4585 D

2178 3292 2272 3333 eos
2298 3278 2393 3346 qui
2422 3293 2521 3348 per
2566 3278 2844 3348 apostolos
2887 3287 3273 3334 convertuntur
3299 3279 3367 3335 ad
3409 3293 3552 3335 eum.
3590 3279 3763 3350 Prope

2178 3375 2262 3422 est
2288 3367 2431 3422 enim
2470 3368 2779 3425 timentibus
2807 3369 2976 3426 Deum
3003 3371 3237 3426 salutare
3265 3371 3448 3442 ipsius,
3481 3373 3528 3428 si
3555 3372 3765 3428 inhabi—

2181 3461 2374 3515 taverit
2393 3459 2585 3528 gloria,
2609 3460 2663 3516 id
2679 3469 2780 3526 est,
2799 3460 3030 3533 Spiritus
3049 3471 3297 3530 sanctus;
3324 3462 3378 3518 in
3395 3472 3538 3518 terra
3559 3470 3761 3530 nostra,

2180 3552 2234 3607 id
2261 3558 2364 3618 est,
2394 3553 2448 3608 in
2491 3552 2809 3624 corporibus
2839 3555 3055 3619 nostris,
3084 3569 3194 3624 quo
3221 3553 3516 3622 habitante,
3552 3555 3762 3611 miseri-

2181 3645 2363 3701 cordia
2392 3655 2449 3701 et
2491 3647 2690 3702 veritas
2717 3655 3009 3702 occurrunt
3035 3645 3136 3702 sibi
3174 3647 3228 3701 in
3259 3647 3415 3702 nobis
3443 3646 3617 3702 charis
3647 3661 3764 3700 am-

2181 3739 2446 3808 plexibus.
2462 3737 2682 3794 'Justitia
2702 3753 2834 3793 vero
2855 3746 2910 3793 et
2929 3753 3036 3808 pax
3063 3735 3373 3794 osculantur
3397 3753 3472 3792 se.
3505 3735 3638 3803 Quia
3667 3741 3762 3790 ve’v

2181 3829 2333 3897 ritas,
2363 3842 2484 3897 quae
2503 3834 2586 3883 est
2603 3825 2867 3894 Christus,
2883 3826 2953 3883 de
2974 3836 3135 3894 terra,
3156 3827 3208 3883 id
3224 3836 3326 3894 est,
3349 3827 3414 3883 de
3432 3826 3619 3890 Maria,
3638 3833 3759 3882 orta

2147 3990 2152 3998 η
2181 3924 2282 3980 est,
2308 3925 2364 3971 et
2383 3919 2457 3972 ita
2474 3918 2620 3986 justo
2643 3918 2747 3973 hoc
2767 3917 2972 3988 judicio
2997 3919 3196 3974 factum
3226 3928 3327 3986 est,
3354 3917 3499 3989 quod
3518 3933 3642 3974 cum
3669 3916 3766 3973 fie-

2148 3999 2263 4062 ‘ret
2281 4007 2627 4075 docebamur,
2651 4009 2796 4077 quod
2817 4008 3024 4078 justitia
3054 4009 3123 4065 de
3149 4010 3286 4066 caelo
3313 4010 3607 4081 prospexit.
3632 4007 3768 4065 Cum

2181 4100 2438 4156 Dominus
2485 4101 2639 4157 daret
2683 4101 2824 4158 hanc
2850 4103 3280 4160 benedictionem
3326 4101 3526 4168 Mariae,
3558 4103 3610 4157 in
3659 4116 3767 4171 qua

2180 4191 2334 4261 quasi
2382 4199 2525 4247 terra
2550 4200 2756 4257 nostra,
2789 4208 2857 4248 ex
2885 4201 3070 4249 nostra
3100 4195 3285 4263 utique
3337 4194 3584 4258 materia,
3614 4192 3768 4248 daret

2179 4285 2411 4340 fructum
2438 4301 2612 4341 suum.
2645 4283 2814 4341 Suum
2842 4286 3026 4356 utique
3046 4278 3320 4341 hominem
3348 4284 3665 4356 perfectum,
3696 4299 3764 4340 ex

2179 4376 2384 4431 semine
2422 4375 2589 4432 David
2618 4376 2911 4433 secundum
2957 4391 3176 4433 carnem
3214 4385 3339 4432 ante
3375 4391 3536 4446 quem
3558 4375 3765 4446 justitia

2181 4468 2473 4522 ambulavit
2500 4469 2554 4522 in
2601 4467 2808 4524 Joanne
2831 4468 3091 4538 Baptista,
3139 4475 3198 4524 ut
3226 4467 3300 4522 ita
3337 4473 3567 4539 poneret
3593 4467 3648 4521 in
3678 4466 3765 4521 via

2177 4552 2392 4629 gressus
2421 4575 2567 4626 suos,
2599 4568 2659 4614 ut
2705 4559 2820 4629 ipse
2859 4568 3003 4615 esset
3048 4569 3154 4616 vox
3190 4558 3342 4622 Isaiae
3374 4557 3763 4614 vaticinatione

2177 4650 2460 4722 promissa,
2501 4665 2605 4720 qua
2630 4651 2889 4707 clamaret
2908 4653 2961 4707 in
2989 4652 3204 4708 deserto
3225 4650 3384 4720 hujus
3403 4651 3583 4707 saeculi
3613 4647 3760 4704 :Pa-

2175 4751 2289 4796 rate
2307 4744 2414 4795 vias
2446 4741 2675 4808 Domini,
2706 4751 2872 4797 rectas
2901 4744 3057 4814 facile
3083 4745 3288 4797 semitas
3309 4741 3412 4796 Dei
3437 4743 3602 4804 nostri
3623 4739 3760 4812 (Isa.

2179 4834 2288 4904 χι).
2323 4833 2455 4888 Nam
2485 4842 2541 4890 et
2568 4833 2854 4889 Zacharias
2883 4834 2961 4889 sic
2994 4833 3124 4891 dicit
3149 4833 3343 4888 Joanni
3373 4852 3386 4888 :
3417 4831 3492 4886 Tu
3521 4831 3758 4903 quidem,

2176 4943 2321 4998 puer,
2346 4927 2594 4998 prapheta
2631 4927 2883 4982 Altissimi
2921 4927 3213 4991 vocaberis;
3243 4925 3450 4997 prwibis
3481 4926 3618 4979 enim
3646 4930 3766 4976 ante

2177 5020 2365 5092 faciem
2395 5019 2624 5087 Domini,
2655 5038 2843 5093 parare
2867 5021 2978 5075 vias
3005 5021 3115 5091 ejus
3138 5019 3286 5092 (Luc.
3319 5020 3379 5091 ι).
3411 5019 3470 5074 ln
3491 5019 3608 5088 ipso
3636 5030 3766 5085 ergo

2171 5109 2378 5179 justitia
2407 5119 2533 5165 ante
2563 5127 2683 5166 eum
2713 5111 3023 5177 ambulavit,
3049 5119 3108 5165 ut
3136 5111 3247 5181 ipsa
3271 5109 3475 5180 justitia
3497 5123 3595 5179 per
3615 5106 3769 5162 Chri-

2178 5211 2322 5259 stum
2349 5214 2579 5274 poneret
2605 5205 2659 5258 in
2701 5205 2840 5259 viam
2887 5221 2992 5276 qua
3023 5206 3192 5260 iretur
3229 5205 3296 5260 ad
3343 5202 3510 5260 caalos
3551 5216 3767 5272 gressus

2178 5309 2324 5359 suos,
2341 5303 2399 5349 ut
2423 5310 2712 5364 sequamur
2722 5296 2946 5364 vestigia
2958 5296 3074 5366 ejus
3092 5297 3185 5366 qui
3205 5303 3485 5368 peccatum
3501 5310 3608 5350 non
3623 5293 3766 5358 fecit,

2184 5402 2284 5442 nec
2311 5386 2560 5442 inventus
2587 5393 2670 5440 est
2697 5385 2853 5442 dolus
2882 5388 2937 5441 in
2964 5402 3059 5443 ore
3087 5387 3226 5458 ejus,
3248 5387 3350 5459 ipsi
3391 5387 3561 5456 gloria
3590 5386 3642 5440 in
3671 5399 3771 5439 sm-

2179 5477 2298 5532 cula
2313 5476 2662 5532 satculorum.
2693 5477 2881 5534 Amen.

2673 5567 2988 5626 PSALMUS
3025 5569 3276 5627 LXXXV.

2731 5657 2740 5663 “
2773 5657 2958 5716 Oratio
2991 5661 3176 5717 David.

2252 5749 2459 5808 Inclina
2521 5749 2774 5818 Domine,
2823 5767 2997 5808 aurem
3027 5761 3166 5807 tuam
3195 5762 3246 5806 et
3281 5751 3470 5806 exaudi
3498 5740 3609 5816 me,
3635 5765 3779 5830 quot
