4244 6258
332 269 498 326 ⁸139

392 387 538 439 niam
563 385 715 452 inops
738 388 790 435 et
811 384 1001 450 pauper
1024 394 1135 432 sum
1153 394 1266 448 ego.
1299 377 1509 432 Custodi
1531 379 1759 431 animam
1778 373 2047 440 meam,‘A

388 474 635 548 quoniam
660 479 865 525 sanctus
901 485 1040 532 sum,
1066 469 1263 521 salvum
1287 469 1370 538 [ac
1399 483 1595 521 servum
1625 475 1793 532 tuum,
1823 466 1963 521 Deus

391 580 555 627 meus,
579 569 866 632 sperantem
889 562 942 614 in
963 569 1028 614 te.
1050 558 1296 613 Miserere
1313 561 1431 623 mei,
1455 558 1693 622 Domine,
1721 560 1963 630 quoniam

393 655 464 710 ad
491 665 538 709 te
557 654 773 707 clamavi
801 660 904 706 tota
925 651 1040 716 die;
1070 650 1278 719 laniﬁca
1297 649 1527 702 animam
1549 650 1679 702 servi
1707 650 1798 711 tui,
1834 665 1963 720 quo-

392 747 538 801 niam
556 744 625 797 ad
644 752 711 809 te,
726 741 963 811 Domine,
979 741 1208 794 animam
1226 757 1393 794 meam
1413 740 1589 794 levavi.
1611 737 1866 802 Quoniam
1889 749 1960 804 tu,

392 834 630 899 Domine,
655 833 822 886 suavis
842 841 890 885 et
907 832 1067 893 mitis,
1083 841 1134 885 et
1150 830 1328 885 multa:
1347 829 1712 884 misericordia
1731 826 1966 883 omnibus

389 922 740 998 invocantibus
767 930 832 976 te.
872 920 1096 976 Auribus
1133 922 1366 992 percipe,
1411 919 1653 990 Domine,
1682 921 1965 974 orationem

387 1035 574 1082 meam,
604 1026 654 1071 et
674 1014 880 1069 intende
897 1015 1006 1068 voci
1034 1013 1408 1084 deprecationis
1434 1000 1580 1065 meae.
1607 1010 1673 1063 In
1696 1010 1780 1064 die
1799 1009 1965 1063 tribu-

387 1108 596 1164 lationis
623 1123 748 1163 mea:
775 1105 992 1160 clamavi
1011 1103 1082 1158 ad
1111 1112 1176 1168 te,
1199 1103 1322 1174 quia
1341 1101 1602 1157 exaudisti
1622 1118 1719 1156 me.
1748 1099 1870 1154 Non
1891 1109 1967 1154 est

388 1201 570 1256 similis
601 1201 675 1253 tui
701 1200 759 1252 in
788 1197 910 1264 diis,
934 1195 1176 1260 Domine,
1197 1203 1248 1249 et
1276 1211 1382 1249 non
1402 1202 1482 1248 est
1508 1193 1788 1248 secundum
1811 1208 1966 1263 opera

393 1298 497 1342 tua.
531 1286 726 1341 Omnes
753 1293 928 1358 gentes
955 1299 1282 1356 quascunque
1303 1284 1469 1355 fecisti
1488 1286 1686 1337 venient
1705 1291 1754 1336 et
1773 1283 1966 1336 adora-

391 1379 510 1432 bunt
543 1395 721 1433 coram
755 1387 823 1443 te,
850 1375 1091 1440 Domine,
1123 1384 1172 1428 et
1204 1373 1567 1446 gloriﬁcabunt
1586 1391 1768 1429 nomen
1803 1383 1961 1428 tuum.

393 1465 648 1532 Quoniam
676 1482 895 1537 magnus
918 1481 973 1519 es
995 1474 1069 1530 tu,
1095 1472 1146 1516 et
1163 1465 1360 1534 faciens
1381 1461 1656 1526 mirabilia,
1682 1473 1732 1515 tu
1751 1480 1806 1518 es
1826 1463 1968 1519 Deus

390 1559 547 1613 solus.
572 1557 752 1611 Deduc
772 1574 871 1622 me,
892 1556 1131 1622 Domine,
1161 1558 1217 1610 in
1245 1556 1326 1609 via
1355 1564 1440 1608 tua
1457 1593 1472 1616 ,
1518 1563 1568 1608 et
1609 1555 1873 1626 ingrediar
1911 1557 1966 1610 in

392 1650 601 1703 veritate
617 1656 726 1714 tua,
757 1648 961 1702 laetetur
983 1664 1072 1702 cor
1099 1662 1267 1700 meum
1289 1654 1345 1698 ut
1373 1647 1548 1699 timeat
1578 1661 1763 1700 nomen
1799 1653 1960 1700 tuum.

1253 261 1715 321 COMMENTARII
1755 262 1818 318 nv-
1861 244 2185 327 PSALMOS.
2228 261 2416 318 PSAL.
2460 260 2735 316 LXXXVI.

3535 265 3642 322 450

2543 375 2764 432 PSALM
2775 375 2858 432 US
2893 376 3173 434 LXXXVI.

2448 467 2687 524 Psalmus
2711 469 2917 526 Cantici
2948 470 3067 526 filiis
3096 470 3255 526 Core.

2136 563 2499 618 Fundamenta
2525 563 2634 633 ejus
2656 564 2711 616 in
2737 564 2993 618 montibus
3021 565 3234 627 sanctis,
3268 562 3438 634 diligit
3458 562 3640 616 Domi-

2065 672 2161 709 nus
2190 664 2366 725 portas
2394 653 2523 709 Sion
2547 671 2700 724 super
2729 656 2904 708 omnia
2936 654 3264 710 tabernacula
3294 653 3473 707 Jacob.
3521 654 3632 708 Glo-

2065 746 2208 800 riosa
2237 745 2374 799 dicta
2403 754 2522 798 sunt
2550 745 2613 798 de
2634 754 2698 807 te,
2737 746 2916 799 civitas
2937 745 3053 799 Dei.
3081 745 3280 799 Memor
3305 761 3394 798 ero
3419 743 3564 797 Raab
3591 753 3642 798 et

2065 834 2366 906 Babylonis,
2384 837 2652 889 scientiam
2681 852 2779 888 me.
2801 834 2937 888 Ecce
2956 836 3283 906 alienigena,
3307 844 3356 888 et
3385 833 3570 904 Tyrus,
3593 843 3642 889 et

2066 925 2284 995 populus
2306 924 2635 994 zEthiopum,
2664 924 2703 978 ii
2728 927 2932 995 [uerum
2959 925 3086 978 illic.
3121 921 3372 994 Nunquid
3400 924 3528 978 Sion
3556 925 3639 978 di-

2067 1024 2145 1069 cet
2173 1032 2190 1068 :
2222 1014 2413 1078 Homo,
2435 1023 2486 1068 et
2509 1015 2658 1070 homo
2686 1025 2836 1068 natus
2863 1024 2938 1068 est
2971 1018 3024 1069 in
3055 1033 3148 1080 ea,
3179 1026 3229 1069 et
3267 1017 3378 1086 ipse
3404 1016 3642 1087 fundarit

2066 1124 2179 1161 eam
2199 1107 2532 1161 Altissimus?
2554 1106 2807 1161 Dominus
2828 1104 3063 1160 narrabit
3089 1105 3144 1158 in
3166 1105 3450 1176 Scripturis
3481 1124 3642 1178 popu-

2065 1197 2233 1252 lorum
2276 1206 2328 1250 et
2373 1197 2684 1267 principum,
2722 1197 2904 1251 horum
2937 1197 3023 1267 qui
3053 1198 3257 1266 fuerunt
3294 1197 3350 1250 in
3389 1213 3468 1251 ea.
3499 1196 3642 1252 Sicut

2067 1288 2352 1341 latentium
2371 1286 2598 1340 omnium
2625 1284 2875 1340 habitatio
2902 1294 2980 1338 est
3007 1285 3060 1338 in
3090 1292 3156 1336 te.

2640 1389 3074 1431 COIIENTABIUI.
3378 1429 3383 1434 ,

2137 1469 2335 1523 Omnes
2383 1481 2523 1537 pene
2550 1465 2740 1536 psalmi
2788 1465 2881 1535 qui
2922 1464 2976 1518 in
3030 1461 3153 1518 ﬁliis
3176 1463 3318 1519 Core
3346 1464 3643 1531 titulantur,

2066 1559 2249 1614 laetitia
2273 1557 2416 1629 pleni
2443 1564 2586 1614 sunt.
2603 1555 2721 1612 Non
2741 1554 2883 1611 enim
2910 1554 3080 1611 secuti
3103 1555 3435 1626 iniquitatem
3457 1557 3642 1626 patris,

2067 1649 2302 1704 alienum
2330 1663 2360 1701 a
2385 1648 2497 1703 Deo
2522 1647 2700 1716 ignem
2730 1645 3070 1702 libidinosum
3097 1655 3393 1713 assumunt,
3418 1647 3513 1703 sed
3542 1648 3646 1704 hoc

392 1737 682 1810 Conﬁtebor
711 1738 820 1804 tibi,
851 1737 1073 1792 Domine
1099 1737 1239 1791 Deus
1261 1752 1422 1801 meus,
1451 1736 1507 1788 in
1535 1744 1639 1790 toto
1659 1736 1816 1790 corde
1832 1753 1965 1803 meo,
1996 1744 2044 1806 Β
2071 1747 2315 1795 amantes
2341 1737 2486 1808 quod
2509 1737 2684 1806 diligit
2729 1736 3005 1802 Dominus,
3045 1736 3113 1791 de
3161 1737 3390 1793 civitate‘
3417 1737 3645 1807 gloriosa

392 1838 438 1883 st
467 1828 766 1899 gloriﬁcabo
795 1845 976 1882 nomen
1011 1836 1152 1881 tuum
1190 1827 1246 1880 in
1282 1834 1548 1881 retentum.
1593 1823 1728 1889 Quia
1765 1828 1970 1881 miseri-

393 1919 569 1972 cordia
608 1928 696 1972 tua
739 1935 929 1990 magna
978 1927 1052 1972 est
1095 1933 1248 1988 super
1283 1933 1394 1982 me,
1439 1925 1490 1970 et
1525 1917 1704 1970 emisti
1742 1919 1970 1972 animam

396 2026 562 2063 meam
584 2025 647 2063 ex
673 2010 878 2079 inferno
898 2008 1152 2079 inferiori.
1190 2005 1330 2060 Deus
1347 2045 1363 2071 ,
1392 2007 1553 2077 iniqui
1580 2007 1972 2062 insurrexerunt

400 2115 552 2169 super
587 2115 687 2163 me,
719 2107 768 2151 et
804 2113 1068 2168 synagoga
1096 2098 1375 2168 potentium
1401 2097 1712 2168 quesierunt
1739 2096 1971 2150 animam

401 2207 584 2255 meam,
616 2200 666 2244 et
689 2207 793 2244 non
820 2198 1188 2262 proposuerunt
1208 2198 1255 2244 te
1279 2193 1334 2244 in
1360 2199 1640 2261 conspectu
1659 2206 1772 2245 suo.
1795 2188 1864 2243 Et
1893 2199 1966 2255 tu,

402 2282 621 2337 Domine
642 2281 801 2347 Deus,
825 2283 1093 2336 miserator
1111 2290 1160 2334 et
1178 2282 1486 2347 misericors,
1509 2283 1708 2351 patiens
1727 2290 1778 2334 et
1797 2281 1970 2335 multa!

400 2373 762 2428 misericordia:
785 2383 834 2426 et
861 2389 1033 2428 verax.
1068 2371 1284 2443 Respice
1311 2375 1363 2426 in
1387 2390 1486 2438 me,
1517 2382 1568 2426 et
1590 2375 1833 2428 miterere
1847 2374 1968 2438 mei,

397 2463 465 2516 da
491 2464 755 2534 imperium
785 2474 922 2517 tuum
948 2480 1103 2532 puero
1133 2473 1238 2527 tuo,
1270 2473 1319 2517 et
1342 2465 1538 2518 salvum
1565 2466 1648 2535 {ac
1672 2465 1840 2534 [ilium
1873 2481 1971 2517 an-

397 2555 528 2610 cilla.-
552 2565 670 2609 tuaz.
694 2553 806 2608 Fac
835 2571 1027 2609 mecum
1058 2555 1264 2626 signum
1301 2557 1357 2608 in
1389 2554 1552 2619 bono,
1578 2563 1634 2607 ut
1651 2554 1856 2609 videant
1883 2554 1971 2624 qui

396 2646 608 2702 oderunt
628 2663 725 2712 me,
749 2656 797 2700 et
818 2646 1240 2719 confundantur;
1264 2646 1504 2715 quoniam
1527 2653 1599 2712 tu,
1618 2644 1860 2711 Domine,
1882 2644 1971 2699 ad-

397 2737 564 2806 iuvisti
591 2746 640 2792 et
667 2739 961 2793 consolatus
990 2753 1042 2791 es
1072 2753 1172 2790 me.

963 2843 1396 2883 COIIENTARIUI.
1455 2871 1468 2877 -

469 2919 604 2976 Dum
661 2921 713 2974 in
759 2921 1091 2989 octogesimo
1145 2919 1380 2975 secundo
1423 2920 1638 2975 aieret:
1685 2919 1820 2975 Deus
1861 2924 1974 2993 quis

400 3012 583 3066 similis
612 3009 743 3065 tibi?
768 3010 920 3065 Nunc
963 3010 1015 3064 in
1065 3011 1393 3079 octogesimo
1421 3009 1611 3079 quinto
1653 3009 1784 3066 dicit
1811 3029 1824 3063 :
1857 3010 1972 3066 Non

2073 1831 2384 1900 loquuntur.
2435 1825 2592 1894 Quod
2636 1836 2814 1882 tamen
2863 1826 3181 1897 principium
3208 1826 3416 1883 dederit
3440 1829 3645 1898 psalmo

2073 1921 2401 1989 octogesimo
2448 1927 2603 1976 sexto
2649 1917 2944 1990 prophetiae
2993 1916 3236 1988 spiritus,
3291 1917 3641 1988 requiramus.

2071 2010 2440 2067 Fundamenta
2466 2010 2601 2081 ejus.
2633 2009 2820 2064 Adhuc
2848 2025 2956 2064 non
3009 2008 3187 2063 dixisti
3215 2008 3386 2078 cujus,
3417 2016 3473 2063 et
3517 2009 3646 2066 dicis

2065 2101 2178 2172 jam
2205 2100 2360 2171 ejus?
2390 2100 2544 2157 Unde
2571 2107 2795 2171 apparet
2822 2098 2990 2154 Deum
3019 2098 3114 2153 tibi
3135 2098 3435 2153 ostendisse
3459 2098 3646 2154 civita-

2071 2201 2201 2258 tem,
2231 2193 2384 2263 cujus
2409 2201 2464 2248 te
2508 2193 2727 2264 positio,
2757 2190 2884 2246 dum
2909 2199 3153 2246 cantares
3189 2189 3439 2258 Domino,
3467 2191 3646 2261 appel‘

2072 2284 2232 2350 lavit;
2255 2291 2312 2338 et
2338 2284 2472 2338 dans
2489 2291 2598 2338 tua:
2642 2281 2956 2352 cogitationi
2982 2297 3322 2352 responsum,
3341 2282 3523 2346 subito
3546 2299 3643 2338 ex-

2071 2379 2316 2434 clamasti
2347 2395 2363 2434 :
2413 2379 2781 2434 Fundamenta
2829 2378 2968 2433 illius
3013 2378 3241 2434 civitatis
3263 2393 3422 2447 quam
3449 2379 3646 2448 cogito,

2071 2470 2227 2540 cujus
2254 2478 2438 2541 portas
2455 2471 2627 2541 diligit
2644 2471 2904 2527 Dominus
2929 2486 3090 2541 super
3102 2471 3279 2527 omnia
3310 2471 3646 2526 tabernacula

2070 2561 2258 2628 Jacob,
2289 2561 2358 2617 de
2382 2577 2489 2631 qua
2529 2562 2760 2632 gloriosa
2787 2562 2928 2616 dicta
2957 2569 3081 2616 sunt
3107 2577 3138 2615 a
3181 2561 3488 2631 prophetis;
3525 2559 3646 2614 fun-

2072 2652 2326 2710 damenta
2353 2651 2472 2721 ejus
2499 2652 2555 2707 in
2599 2652 2869 2707 montibus
2919 2651 3133 2706 sanctis.
3181 2650 3259 2704 lbi
3303 2658 3426 2705 sunt
3463 2650 3646 2705 funda-

2073 2751 2252 2798 menta
2279 2742 2534 2810 civitatis,
2562 2757 2699 2812 quos
2724 2741 2968 2797 Christus
3006 2749 3215 2797 montes
3234 2743 3476 2798 excelsos
3502 2742 3645 2808 fecit,

2073 2846 2304 2901 quorum
2331 2832 2560 2888 vertices
2586 2831 2780 2887 cmlum
2809 2831 3046 2902 pulsant,
3076 2831 3128 2886 in
3150 2831 3343 2901 quibus
3371 2831 3646 2901 transfigu-

2073 2931 2258 2978 rantur
2285 2923 2340 2978 in
2361 2921 2662 2993 splendore,
2694 2922 2748 2978 in
2775 2922 2966 2990 quibus
2986 2929 3244 2992 apparent
3270 2937 3390 2978 cum
3411 2937 3478 2978 eo
3501 2922 3648 2994 Moy-

2075 3027 2164 3068 ses
2187 3020 2243 3067 et
2268 3011 2433 3078 Elias,
2463 3012 2517 3067 in
2543 3012 2737 3082 quibus
2764 3010 2874 3066 Lex
2893 3019 2949 3066 et
2980 3012 3266 3082 Prophetia
3295 3029 3416 3068 cum
3436 3008 3650 3069 Christo

399 3112 485 3160 est
501 3102 690 3158 similis
710 3103 785 3156 tui
814 3102 868 3156 in
892 3101 1011 3166 diis,
1039 3099 1284 3157 Domine.
1313 3100 1465 3168 Quod
1486 3101 1532 3156 si
1553 3102 1974 3171 interrogaverat
1999 3108 2046 3173 ο
2075 3103 2423 3169 concordant,
2455 3103 2508 3158 in
2533 3103 2726 3172 quibus
2752 3102 2951 3173 apertis
2978 3103 3145 3168 caelis,
3174 3103 3371 3158 clamat
3402 3102 3563 3160 Pater
3584 3104 3650 3160 de

398 3193 551 3265 quasi
605 3193 840 3262 ignarus,
870 3191 1101 3247 edocuit.
1150 3191 1227 3246 lbi
1267 3199 1454 3246 contra
1495 3207 1692 3248 omnes
1741 3201 1970 3260 gentes:

400 3285 496 3341 Hic
516 3299 706 3340 omnes
729 3290 934 3353 gentes,
961 3283 1155 3353 inquit,
1176 3299 1310 3353 quas
1336 3282 1526 3348 fecisti,
1551 3298 1659 3339 non
1679 3285 1898 3340 venient
1919 3293 1976 3341 et

399 3376 689 3441 bellabunt,
720 3376 813 3440 ait,
840 3374 978 3430 sicut
1010 3374 1083 3429 ibi
1101 3373 1350 3430 dixerat:
1383 3374 1488 3431 Sed
1518 3376 1752 3441 venient,
1780 3376 1973 3448 inquit,

401 3477 453 3524 et
476 3466 776 3523 adorabunt
801 3480 984 3522 coram
1013 3473 1086 3532 te,
1111 3465 1358 3520 Domine.
1403 3465 1550 3522 Unde
1579 3468 1681 3524 ista
1709 3467 1803 3522 tibi
1835 3482 1975 3538 prai-

399 3559 662 3630 sumptio?
688 3556 744 3612 Si
772 3557 1133 3622 inclinaveris,
1167 3557 1359 3626 inquit,
1385 3573 1571 3613 aurem
1600 3567 1770 3622 tuam,
1802 3565 1974 3614 etau-

400 3650 559 3706 dieris
604 3665 709 3714 me,
753 3657 808 3705 et
853 3642 1174 3705 custodieris
1200 3656 1305 3714 me;
1336 3649 1463 3718 quia
1508 3658 1726 3706 sanctus
1751 3665 1891 3716 sum,
1923 3650 1979 3707 id

400 3749 501 3804 est,
525 3743 649 3813 quia
676 3737 1038 3797 sanctiﬁcatus
1065 3755 1203 3804 sum,
1244 3747 1300 3794 et
1325 3739 1678 3796 laztificaveris
1705 3756 1814 3807 me,
1852 3741 1980 3810 quia

401 3848 585 3890 servus
611 3841 733 3888 tnus
776 3848 913 3899 sum,
937 3841 993 3888 et
1014 3832 1066 3886 in
1093 3818 1562 3888 die'tribulationis
1588 3849 1721 3890 mea:
1745 3834 1980 3890 claman-

403 3932 513 3980 tem
540 3938 640 4000 me.
653 3922 720 3977 ad
739 3931 793 3978 te
817 3922 1136 3990 exaudieris,
1168 3931 1223 3978 et
1249 3922 1536 3986 deduxeris
1562 3939 1649 3979 me
1676 3923 1729 3979 in
1757 3925 1842 3980 via
1865 3933 1975 3992 tua,

405 4020 461 4068 et
488 4012 828 4067 ambulavero
854 4012 908 4066 in
935 4013 1161 4068 veritate
1183 4020 1293 4078 tua,
1324 4019 1380 4068 et
1413 4011 1724 4068 liberareris
1745 4015 1976 4068 animam

405 4119 581 4160 meam
623 4119 689 4159 ex
717 4102 923 4159 inferno
968 4103 1222 4168 inferiori,
1267 4104 1448 4160 ethos
1498 4105 1726 4173 injustos
1762 4105 1980 4176 spiritus

404 4195 724 4262 immundos,
753 4195 846 4266 qui
873 4194 1276 4250 insurrexerunt
1315 4196 1368 4249 in
1395 4210 1482 4250 me
1509 4194 1831 4260 confuderis,
1853 4203 1981 4250 tunc

402 4285 669 4342 laetabitur
711 4300 808 4341 cor
857 4299 1037 4340 meum
1063 4285 1130 4341 de
1173 4285 1418 4351 victoria,
1467 4295 1522 4340 et
1549 4286 1756 4340 timebit
1783 4301 1979 4340 nomen

403 4385 552 4431 tuum
590 4374 656 4431 de
681 4389 878 4446 pugna.
909 4373 969 4430 In
996 4375 1180 4445 prmlio
1209 4375 1354 4431 enim
1381 4375 1486 4431 hoc
1510 4391 1676 4430 unum
1705 4383 1761 4430 et
1804 4374 1978 4429 solum

2078 3195 2294 3252 Christo
2321 3193 2420 3252 su'o
2453 3215 2465 3249 :
2516 3196 2620 3252 llic
2653 3206 2756 3262 est,
2801 3196 2858 3250 in
2883 3213 2982 3268 quo
3009 3197 3136 3251 mihi
3184 3198 3311 3251 bene
3346 3199 3648 3269 complacui,

2075 3290 2244 3361 ipsum
2270 3291 2445 3344 audite
2465 3289 2678 3362 (Matth.
2705 3291 2858 3363 xvn).
2893 3291 2949 3345 In
2975 3291 3104 3362 ipsis
3149 3293 3419 3348 montibus
3461 3291 3650 3347 funda-

2076 3390 2258 3437 menta
2281 3389 2406 3436 sunt
2423 3380 2676 3438 Ecclesia:
2703 3382 2982 3438 collocata.
3016 3381 3435 3437 Fundamentum
3475 3391 3650 3438 autem

2077 3471 2152 3527 ibi
2187 3487 2333 3526 nemo
2389 3480 2554 3543 potest
2589 3489 2798 3544 ponere,
2829 3479 3016 3541 printer
3050 3471 3106 3525 id
3146 3472 3281 3542 quod
3306 3474 3525 3543 positum
3577 3484 3652 3526 est

2081 3562 2278 3634 (lCor.
2328 3565 2427 3634 ιιι).
2477 3563 2677 3618 Saxum
2732 3563 2873 3616 enim
2904 3560 3135 3630 positum
3178 3570 3259 3616 est
3307 3561 3552 3616 solidum.
3587 3561 3652 3617 Et

2079 3653 2125 3707 si
2169 3652 2290 3722 quis
2335 3661 2530 3722 prteter
2583 3653 2688 3706 hoc
2725 3649 2868 3719 quod
2911 3649 3141 3719 positum
3183 3657 3265 3705 est
3310 3651 3566 3719 posuerit,
3598 3653 3650 3707 in

2077 3757 2295 3798 arenam
2323 3741 2522 3813 posuit.
2565 3740 2671 3796 Sed
2715 3739 2853 3794 forte
2879 3739 3032 3804 dicis,
3078 3738 3214 3794 Cum
3253 3755 3419 3795 unum
3464 3741 3651 3796 funda-

2078 3840 2317 3887 mentum
2361 3837 2624 3886 memoret
2670 3816 2958 3900 Apostolus
2979 3868 2993 3894 ,
3037 3829 3309 3898 quomodo
3362 3829 3448 3884 hic
3498 3829 3651 3900 plura

2077 3939 2346 3980 memoras
2399 3920 2777 3977 fundamenta?
2817 3919 2899 3976 Ad
2951 3921 3056 3975 hoc
3106 3912 3236 3975 illud
3287 3919 3494 3990 respice
3539 3939 3552 3973 :
3609 3921 3652 3975 si

2078 4029 2260 4085 regem
2285 4013 2485 4069 dixeris
2529 4011 2797 4068 Christum
2840 4011 3032 4077 solum,
3064 4010 3258 4066 dicitur
3284 4011 3402 4076 tibi,
3425 4010 3541 4066 Rex
3567 4024 3653 4066 re-

2079 4119 2203 4174 gum
2231 4111 2342 4169 est;
2373 4104 2418 4159 si
2447 4103 2749 4169 Dominum,
2792 4101 3202 4173 respondebitur
3248 4101 3363 4167 tibi,
3382 4100 3653 4172 .Dominus

2079 4194 2465 4250 dominantium
2515 4201 2627 4260 est;
2675 4193 2719 4248 si
2770 4199 3036 4257 sanctum,
3084 4199 3300 4246 sanctus
3346 4199 3651 4247 sanctorum

2081 4293 2183 4342 est.
2230 4284 2319 4340 Sic
2345 4292 2402 4340 et
2428 4285 2475 4339 si
2502 4285 2674 4340 solum
2721 4283 3125 4340 fundamentum
3151 4298 3438 4350 memores,
3467 4282 3654 4340 funda-

2078 4373 2317 4432 mentum
2363 4375 2826 4432 fundamentorum
2877 4390 3074 4445 negare
3101 4389 3206 4431 non
3235 4377 3457 4446 poteris.
3506 4377 3656 4434 Unde

407 4465 650 4522 solatium
675 4465 854 4528 habui,
878 4465 1021 4534 quod
1049 4473 1104 4520 te
1149 4465 1432 4521 Dominum
1461 4481 1636 4522 meum
1664 4481 1752 4521 me
1791 4467 1980 4522 timere
2001 4472 2057 4534 Ι)
2080 4467 2222 4523 idem
2272 4466 2564 4538 Apostolus
2625 4467 3039 4538 superaedilicari
3104 4466 3384 4524 credentes
3445 4467 3656 4526 Christo

405 4555 689 4626 gloriabar,
733 4570 852 4610 cum
877 4555 932 4609 hi
960 4555 1052 4625 qui
1076 4555 1481 4610 insurrexerunt
1505 4556 1560 4609 in
1602 4570 1688 4611 me
1715 4572 1823 4611 non
1852 4570 1978 4625 pro-
2082 4559 2352 4616 desiderat
2370 4567 2425 4614 et
2451 4566 2691 4629 exoptat,
2723 4575 2876 4630 super
2895 4559 3286 4632 fundamentum
3312 4563 3657 4631 apostolorum

405 4653 664 4718 ponerent
688 4654 741 4700 te
763 4653 892 4718 ante
919 4644 1108 4702 oculos
1133 4656 1277 4701 suos.
1302 4645 1500 4702 Verum
1519 4647 1644 4716 quia
1673 4646 1978 4702 misericors
2081 4659 2130 4704 et
2150 4649 2512 4720 prophetarum
2541 4649 2701 4720 (Eph.
2731 4649 2811 4719 ιι).
2843 4649 2901 4704 In
2929 4649 3031 4704 hac
3055 4663 3185 4718 ergo
3210 4649 3429 4705 civitate
3455 4667 3658 4706 memo-

405 4748 458 4794 et
484 4739 766 4795 miserator
793 4753 873 4801 es,
904 4745 959 4792 et
984 4745 1323 4808 contemptor
1349 4751 1427 4802 es,
1457 4754 1564 4792 non
1593 4737 1822 4803 occides,
1842 4737 1979 4792 sicut
2085 4738 2218 4794 rabo
2265 4738 2433 4804 Raab,
2465 4738 2823 4809 excipientem
2852 4739 3089 4801 nuntios,
3118 4746 3174 4794 et
3199 4736 3526 4810 Babylonem
3563 4739 3657 4792 du-

404 4831 458 4885 in
483 4831 587 4886 illis
612 4831 920 4886 misericors
939 4845 1017 4896 es,
1041 4830 1096 4885 in
1115 4846 1203 4886 me
1220 4845 1386 4886 verax
1407 4837 1542 4896 esto,
1572 4837 1628 4885 et
1647 4829 1714 4884 da
1737 4836 1976 4900 potesta-

409 4929 513 4976 tem
534 4928 678 4976 tuam
701 4936 872 4991 puero
885 4928 979 4976 tuo
997 4919 1124 4976 Jesu
1151 4919 1382 4986 Christo,
1406 4927 1461 4975 et
1478 4920 1684 4975 salvum
1709 4919 1794 4976 fac
1815 4920 1978 4975 lilium

410 5012 609 5067 ancilla:
637 5020 742 5067 tua:
769 5011 966 5067 Maria).
999 5011 1095 5067 lllo
1123 5014 1265 5068 enim
1315 5019 1632 5080 exsurgente
1679 5027 1710 5066 a
1755 5013 1982 5068 mortuis

410 5109 464 5158 et
490 5103 807 5159 ascendente
835 5103 890 5158 in
919 5104 1134 5169 malum,
1158 5120 1256 5160 nos
1280 5104 1508 5174 apostoli
1529 5111 1583 5159 et
1600 5104 1845 5176 discipuli
1866 5103 1982 5174 ejus

410 5191 721 5249 habebimus
747 5195 957 5263 signum
983 5195 1157 5250 crucis
1184 5194 1300 5263 ejus
1329 5194 1382 5248 in
1409 5195 1551 5250 bono
1575 5209 1694 5250 cum
1720 5194 1980 5250 universis

411 5283 500 5351 qui
524 5283 807 5348 credimus,
842 5279 912 5338 ita
943 5293 1001 5337 ut
1024 5283 1241 5338 videant
1284 5283 1335 5337 in
1385 5282 1645 5338 frontibus
1683 5285 1877 5339 nostris
1903 5284 1978 5339 si-

410 5388 567 5445 gnum
593 5383 765 5442 tuum,
789 5384 843 5430 et
862 5375 1276 5438 confundantur,
1306 5375 1419 5430 sive
1457 5377 1710 5441 visibiles,
1742 5376 1854 5430 sive
1898 5375 1978 5430 in-

413 5465 646 5521 visibiles
696 5467 916 5522 inimici.
959 5467 1014 5522 In
1046 5469 1161 5538 ipso
1188 5467 1331 5521 enim
1378 5468 1529 5536 signo
1558 5466 1792 5535 adjuvas,
1821 5475 1874 5522 et
1927 5466 1979 5522 in

431 5572 530 5626 pso
556 5559 851 5616 consolaris
879 5576 994 5625 nos,
1026 5560 1115 5632 qui
1142 5574 1332 5630 regnas
1353 5561 1403 5615 in
1427 5560 1618 5615 saecula
1648 5561 1975 5615 saeculorum.

413 5645 600 5706 Amen.

2082 4838 2291 4886 centem
2320 4831 2581 4900 captivos,
2611 4831 2848 4899 gentium
2876 4831 3084 4888 scilicet
3120 4831 3306 4901 plebes
3332 4829 3574 4886 sordidas
3604 4829 3656 4882 in

2089 4921 2459 4988 fornicatione,
2489 4923 2629 4978 sicut
2651 4922 2820 4989 Raab,
2843 4932 2899 4979 et
2925 4923 3182 4995 superbas
3201 4921 3491 4999 invii-tute,
3520 4917 3656 4973 sicut

2086 5011 2342 5082 Babylon.
2374 5010 2483 5068 llas
2509 5012 2652 5079 dico,
2683 5013 2874 5081 inquit,
2919 5014 2972 5067 in
3000 5012 3102 5065 ista
3139 5009 3355 5064 civitate
3381 5011 3654 5070 venturas,

2085 5109 2144 5156 ut
2168 5102 2343 5158 sciant
2388 5109 2461 5158 te.
2491 5101 2568 5158 Ibi
2596 5103 2737 5158 enim
2791 5109 2848 5157 et
2892 5098 3221 5164 alienigenae,
3271 5094 3342 5148 ibi
3387 5093 3551 5164 Tyrii,
3583 5093 3655 5150 ibi

2082 5192 2244 5248 etiam
2282 5192 2511 5263 populus
2557 5191 2868 5261 Ethiopum
2916 5185 3221 5241 clamabunt
3265 5183 3334 5239 de
3375 5185 3653 5256 apostolis,

2083 5283 2323 5340 dicentes
2365 5301 2377 5335 :
2410 5283 2709 5336 Audivimus
2739 5296 2824 5335 eos
2866 5273 3210 5343 unusquisque
3249 5273 3437 5347 linguis
3466 5281 3656 5332 nostris

2083 5372 2341 5444 loquentes
2362 5373 2625 5444 magnatia
2654 5369 2749 5423 Dei
2780 5369 2914 5439 (Act.
2947 5361 3026 5434 ιι).
3059 5364 3135 5420 lbi
3162 5367 3510 5435 cognovimus
3542 5384 3655 5422 ma-

2085 5470 2222 5520 trem
2250 5464 2379 5520 Sion
2407 5464 2694 5520 dicentem,
2727 5457 2871 5527 quod
2916 5457 3081 5514 homo
3120 5466 3175 5513 et
3213 5460 3375 5515 homo
3404 5468 3559 5514 natus
3587 5461 3654 5514 sit

2087 5560 2139 5615 in
2170 5575 2251 5624 ea,
2282 5558 2333 5612 in
2362 5555 2490 5611 Sion
2518 5549 2790 5622 provincia
2819 5558 3044 5606 matrem
3071 5551 3267 5607 civium
3311 5550 3652 5606 llebmorum

2087 5650 2349 5707 dicentem
2375 5665 2386 5698 :
2411 5639 2771 5714 Cognovimus
2789 5658 2887 5701 nos
2913 5650 3115 5712 gentes,
3142 5642 3283 5712 quod
3304 5642 3463 5695 homo
3485 5637 3651 5692 Adam
