4244 6258
660 319 763 375 455
1463 329 1539 382 .I'f
1606 329 1630 342 ’⁸

1989 324 2258 380 ARNOBll
2293 325 2596 382 JUNIORIS

3813 334 3925 391 456

659 421 853 508 gloria"
872 423 940 494 et
977 437 1146 492 virtus
1191 449 1381 492 eorum
1409 444 1468 492 tu
1497 452 1576 494 es.
1621 437 1736 494 Tua
1765 448 1849 495 est
1876 441 2040 508 enim,
2070 442 2230 508 Deus,
2260 447 2309 504 Α
2337 446 2504 498 nostri
2527 447 2658 499 sicut
2679 460 2843 498 arena
2871 445 3269 512 meditabantur,
3301 449 3412 502 dies
3433 443 3686 505 annorum
3721 466 3923 509 nostro-

659 530 956 622 assumptio
982 528 1217 584 hominis
1240 567 1257 593 ,
1298 529 1444 598 quod
1471 529 1710 586 locutum
1739 539 1796 586 te
1823 547 1887 586 ac
1915 531 2115 587 dixisse
2138 549 2238 603 per

659 636 721 675 os
747 617 1057 674 sanctorum
1084 630 1237 672 sacra
1267 623 1498 672 testatur
1524 617 1800 689 Scriptura
1819 660 1835 685 ,
1867 621 2092 677 electuri
2121 622 2236 676 ele-

659 717 802 766 ctum
830 709 899 762 de
945 707 1103 778 plebe
1148 707 1284 772 Dei,
1331 707 1387 762 in
1414 723 1524 778 quo
1567 709 1830 778 glorietur
1852 711 2024 779 gloria
2048 725 2238 764 manus

539 841 556 849 -
661 807 783 863 tum,
814 799 907 868 qui
935 799 1033 854 tibi
1067 799 1179 854 Deo
1213 798 1419 855 diceret
1445 800 1501 854 in
1526 801 1791 857 veritate:
1822 801 1986 856 Pater
2013 819 2156 881 meus
2183 819 2236 856 es

661 902 732 944 tu.
766 891 844 946 De
870 907 979 961 quo
1016 899 1072 946 et
1098 899 1157 946 tu
1183 891 1426 948 diceres:
1459 891 1572 961 Ego
1598 894 2012 964 primogenitum
2041 911 2238 965 ponam

660 999 813 1047 eum,
843 990 900 1035 ut
926 983 1133 1036 nomine
1168 984 1280 1054 ejus
1306 1000 1457 1038 omne
1493 1001 1630 1056 genu
1664 986 1904 1056 ﬂectatur
1937 985 2235 1051 ctelestium,

661 1073 982 1126 terrestrium
1001 1081 1052 1126 et
1078 1073 1431 1144 infernarum,
1462 1082 1512 1129 et
1529 1075 1696 1129 omnis
1724 1075 1901 1146 lingua
1932 1076 2240 1145 confiteatur

660 1165 781 1234 quia
811 1163 1065 1218 Dominus
1101 1163 1258 1237 Iesus.
1293 1165 1348 1218 in
1378 1167 1547 1233 gloria
1574 1176 1652 1220 est
1678 1164 1776 1220 Dei
1803 1165 1982 1221 Patris
2013 1165 2235 1238 (Philip.

663 1255 745 1324 ιι),
775 1256 868 1325 qui
893 1257 1074 1326 posuit
1094 1255 1148 1310 in
1170 1255 1420 1311 saeculum
1438 1256 1618 1312 saeculi
1630 1255 1813 1312 sedem
1826 1255 1962 1326 ejus,
1976 1257 2062 1312 cui
2083 1263 2244 1312 testa-

660 1353 898 1402 mentum
920 1362 1074 1401 suum
1096 1347 1150 1401 in
1171 1352 1428 1401 aeternum
1450 1345 1678 1402 ﬁdeliter
1699 1355 1913 1413 servat,
1947 1347 2100 1416 cujus
2121 1347 2240 1403 dies

629 1509 634 1512 _
659 1436 798 1491 sicut
811 1435 926 1490 dies
943 1435 1065 1492 οωιὶ
1085 1445 1211 1491 sunt
1228 1436 1568 1505 repromittit.
1590 1435 1689 1492 llic
1702 1444 1882 1492 tamen
1896 1451 1994 1506 pro
2007 1436 2242 1507 peccatis

662 1525 860 1581 nostris
887 1526 955 1582 ab
983 1526 1214 1582 inimicis
1237 1527 1348 1582 suis
1373 1534 1569 1592 tentus,
1599 1527 1882 1597 profanata
1909 1537 1992 1584 est
2016 1528 2072 1584 in
2097 1536 2239 1585 terra

661 1617 920 1673 sanctitas
943 1616 1078 1686 ejus.
1127 1617 1242 1672 Non
1279 1617 1572 1689 permittit,
1615 1632 1716 1674 nec
1761 1619 1816 1673 in
1842 1635 1950 1676 uno
1977 1619 2240 1691 discipulo

661 1711 984 1782 adjutorium
1014 1710 1177 1780 gladii
1205 1709 1323 1779 ejus
1347 1748 1363 1774 ,
1401 1709 1495 1766 sed
1522 1709 1718 1765 clamat
1744 1710 1794 1766 ei
1821 1728 1834 1764 :
1867 1710 2109 1767 Reconde
2126 1711 2240 1784 gla-

663 1802 803 1856 dium
831 1803 1057 1855 tuum-in
1083 1801 1231 1854 theca
1264 1816 1358 1854 sua
1395 1798 1572 1871 (Ioan.
1603 1799 1770 1869 xvm).
1815 1798 1884 1854 Et
1908 1815 2029 1856 cum
2054 1812 2237 1870 posset
2263 1808 2312 1871 Β

662 1894 710 1948 ei
738 1893 991 1948 exhibere
1017 1892 1298 1963 plusquam
1323 1889 1608 1946 duodecim
1636 1890 1873 1959 legiones
1900 1885 2260 1960 angelorum,’

662 1984 834 2040 noluit
871 1983 1117 2038 auxiliari
1160 1982 1210 2038 ei
1258 1982 1312 2036 in
1358 1982 1464 2037 hoc
1488 1980 1660 2048 bello,
1691 1980 1787 2038 sed
1813 1981 2101 2037 minoravit
2122 1981 2238 2038 dies

662 2074 918 2144 temporis
945 2073 1080 2142 ejus,
1112 2081 1168 2128 et
1211 2071 1448 2142 perfudit
1475 2086 1599 2126 eum
1636 2079 1784 2126 tanta
1812 2070 2148 2135 confusione,
2180 2080 2241 2126 ut

659 2180 780 2220 cum
831 2165 1005 2234 impiis
1045 2163 1350 2234 deputatus,
1384 2162 1438 2216 in
1480 2161 1658 2216 medio
1699 2159 2088 2216 homicidarum
2122 2177 2240 2216 cru-

660 2256 738 2311 cis
781 2254 1199 2324 compelleretur
1241 2253 1424 2308 subire
1469 2253 1788 2323 patibulum.
1847 2251 1964 2307 Non
2010 2260 2095 2307 est
2135 2251 2240 2306 hoc

662 2346 939 2402 irascentis
969 2345 1082 2411 Dei,
1113 2345 1207 2400 sed
1231 2343 1553 2401 miserentis.
1583 2341 1722 2410 Quid
1753 2351 1931 2398 tamen
1957 2341 2087 2397 dicit
2112 2343 2238 2412 quia

662 2437 899 2508 patitur?
949 2451 1231 2507 quousque
1276 2434 1586 2491 accenditur
1628 2433 1778 2489 velut
1817 2432 1954 2502 ignis
2002 2432 2081 2486 ira
2110 2433 2240 2488 tua?

663 2526 982 2594 Memorare,
1011 2525 1267 2590 Domine,
1297 2525 1423 2596 quia
1450 2540 1516 2580 ex
1545 2523 1762 2593 Virgine
1788 2538 1875 2578 me
1898 2523 2154 2592 genuisti,
2185 2531 2242 2578 et

664 2635 872 2675 memor
899 2627 1016 2675 esto
1040 2633 1159 2689 quae
1199 2617 1270 2673 sit
1296 2631 1416 2672 mea
1443 2615 1760 2672 substantia.
1818 2613 1954 2683 Quia
1982 2626 2104 2668 cum
2132 2628 2241 2669 om-

661 2728 758 2767 nes
786 2710 1032 2766 homines
1059 2709 1357 2765 moriantur
1382 2708 1435 2762 in
1462 2706 1699 2778 peccatis
1723 2705 1862 2770 suis,
1893 2705 1966 2760 ita
1989 2711 2046 2759 ut
2066 2703 2241 2759 nullus

661 2803 731 2857 sit
757 2802 848 2872 qui
885 2801 1062 2866 vivat,
1094 2810 1150 2854 et
1186 2814 1294 2854 non
1323 2797 1500 2853 videat
1525 2805 1786 2863 mortem,
1817 2803 1873 2851 et
1898 2810 2038 2866 pene
2065 2795 2262 2850 nullus'

661 2893 749 2958 sit,
781 2892 874 2961 qui
901 2897 1056 2946 eruat
1085 2889 1319 2945 animam
1347 2903 1496 2944 suam
1518 2889 1588 2944 de
1611 2902 1774 2943 manu
1788 2885 1945 2942 inferi
1976 2886 2242 2957 (conclusa

661 2993 781 3038 sunt
808 2984 942 3037 enim
988 2983 1164 3038 omnia
1208 2983 1265 3036 in
1310 2981 1700 3045 incredulitate,
1740 2988 1798 3034 ut
1823 2977 2060 3035 omnibus
2086 2979 2240 3034 misa-

664 3077 847 3140 rearis,
891 3073 1041 3129 Rom.
1073 3074 1184 3144 xl),
1215 3073 1436 3128 veniant
1461 3071 1837 3128 misericordia:
1877 3079 1980 3126 tua:
2007 3069 2239 3141 promis-

2339 551 2452 587 rum
2478 535 2534 588 in
2560 535 2689 605 ipsis
2717 537 3043 606 septuaginta
3066 539 3209 591 anni.
3245 537 3305 592 Si
3341 549 3511 593 autem
3551 542 3606 593 in
3644 548 3921 611 potentati-

2341 624 2434 678 bus
2459 627 2723 697 octoginta
2749 630 2875 680 anni
2900 667 2914 690 ,
2956 637 3007 682 et
3033 630 3270 699 amplius-
3289 645 3465 685 eorum
3505 631 3652 686 labor
3677 646 3727 688 et
3753 636 3917 692 dolor.

2345 711 2604 778 Quoniam
2636 719 2926 786 superuenit
2951 719 3290 773 mansuetudo
3316 729 3367 774 et
3399 724 3753 794 corripiemur.
3798 726 3921 791 Quis

2339 805 2482 858 novit
2505 813 2808 874 potestatem
2835 807 2929 860 ἕνα
2951 815 3070 871 tute,
3098 818 3149 861 et
3174 825 3283 877 prie
3309 812 3490 864 timore
3520 821 3605 866 tuo
3630 815 3760 867 iram
3785 829 3918 871 tuam

2341 894 2704 949 dinumerare?
2730 895 3014 952 Dexteram
3041 907 3180 952 tuam
3203 901 3277 953 sic
3295 913 3469 955 notam
3491 905 3596 974 fac,
3620 915 3669 958 et
3697 907 3947 962 eruditos

2341 984 2496 1040 corde
2521 987 2578 1038 in
2605 987 2884 1056 sapientia.
2933 985 3260 1054 Convertere,
3301 988 3542 1058 Domine,
3571 1010 3843 1067 usquequu,
3875 1010 3920 1051 ιιι

2342 1072 2678 1143 deprecabilis
2727 1085 2836 1129 esto
2888 1091 3045 1148 super
3095 1093 3268 1132 servos
3307 1087 3438 1134 tuos.
3499 1079 3700 1153 Repleti
3746 1103 3920 1140 sumtu;

2341 1179 2494 1218 mane
2538 1165 2897 1220 misericordia
2921 1174 3029 1230 tua,
3065 1169 3451 1236 exsultavimus,
3474 1181 3525 1225 et
3562 1172 3800 1230 delectati
3828 1195 3918 1231 sn-

2341 1271 2456 1309 mus
2479 1256 2536 1309 in
2562 1255 2795 1310 omnibus
2823 1257 2998 1312 diebus
3025 1260 3236 1313 nostris.
3281 1258 3469 1315 Ltetati
3495 1279 3667 1318 sumus
3685 1283 3780 1336 pro
3811 1269 3918 1321 dic-

2342 1342 2434 1399 bus
2461 1344 2641 1418 quibus
2670 1363 2764 1402 nos
2785 1348 3092 1413 humiliasti,
3122 1351 3273 1404 annis
3301 1353 3480 1422 quibus
3507 1353 3722 1409 uidimus
3753 1358 3914 1411 mala.

2345 1433 2564 1506 Respice
2581 1437 2637 1490 in
2656 1453 2827 1491 seruos
2869 1447 3008 1504 tuos,
3038 1447 3088 1492 et
3119 1439 3174 1494 in
3219 1457 3376 1511 opera
3418 1452 3526 1510 tua,
3557 1454 3606 1499 et
3651 1448 3817 1517 dirige
3844 1450 3914 1518 ﬁ-

2341 1526 2440 1580 lios
2475 1543 2669 1581 eorum.
2714 1528 2785 1581 Et
2821 1531 2888 1584 sit
2919 1530 3164 1600 splendor
3201 1530 3412 1588 Domini
3438 1535 3537 1590 Dei
3569 1540 3730 1592 nostri
3759 1556 3916 1609 super

2343 1634 2454 1683 nos,
2485 1627 2536 1673 et
2562 1637 2722 1691 opera
2760 1638 3002 1676 manuum
3047 1632 3338 1679 nostrarum
3389 1626 3553 1699 dirige
3598 1646 3754 1699 super
3799 1647 3911 1695 nos,
3953 1681 3956 1684 .

2342 1718 2393 1762 et
2418 1725 2544 1781 opus
2573 1727 2815 1766 manuum
2842 1723 3138 1768 nostrarum
3164 1714 3347 1786 dirige.

2897 1863 3331 1904 COIIENTARIUII.

2407 1981 2776 2049 Octogesimus
2822 1996 2996 2037 nonus
3036 1982 3271 2052 psalmus
3314 1985 3460 2046 canit
3503 1986 3782 2042 Dominum
3813 2003 3912 2043 no-

2337 2080 2526 2139 strum,
2553 2072 2645 2142 qui
2672 2073 2934 2142 refugium
2961 2073 3134 2130 factus
3161 2083 3245 2131 est
3269 2076 3425 2132 nobis
3446 2077 3499 2132 in
3519 2075 3734 2134 Christo
3761 2077 3906 2135 Jesu.

2338 2163 2494 2222 Hunc
2520 2180 2640 2221 esse
2663 2165 2756 2235 qui
2782 2165 2908 2221 fecit
2933 2175 3163 2233 montes,
3195 2176 3250 2222 et
3276 2167 3504 2223 ﬁrmavit
3533 2176 3730 2224 terram
3755 2180 3810 2226 et
3835 2188 3914 2226 or-

2338 2256 2483 2325 bem,
2513 2272 2544 2310 a
2571 2257 2768 2312 saeculo
2795 2265 2852 2312 et
2879 2257 2931 2310 in
2961 2257 3229 2324 saeculum,
3257 2268 3546 2330 antequam
3575 2261 3676 2314 ista
3707 2259 3912 2327 ﬁerent,

2334 2345 2447 2414 jam
2493 2355 2622 2401 tunc
2649 2360 2922 2415 regnasse.
2963 2346 3268 2417 lnterroges
3312 2347 3496 2414 David,
3528 2358 3584 2404 et
3633 2350 3781 2406 dicas
3819 2353 3867 2405 ci
3899 2370 3910 2404 :

2342 2433 2494 2491 Unde
2521 2435 2625 2491 hoc
2651 2436 2813 2501 nosti,
2842 2436 2968 2506 quia
2997 2437 3138 2491 Deus
3164 2445 3285 2493 tuus
3313 2446 3597 2508 antequam
3627 2438 3780 2496 ﬁeret
3808 2449 3914 2498 ter.-

2339 2540 2420 2591 ra,
2464 2524 2576 2594 jam
2616 2525 2759 2582 Deus
2798 2534 2914 2582 erat
2957 2535 3012 2582 et
3047 2527 3343 2596 regnabat?
3370 2527 3732 2599 Respondebit
3777 2531 3911 2586 tibi:

2340 2615 2551 2688 Moyses
2592 2617 2684 2672 ille
2718 2631 2942 2688 magnus
2987 2619 3278 2688 propheta,
3319 2620 3408 2688 qui
3450 2619 3660 2675 locutus
3688 2629 3772 2676 est
3797 2636 3916 2676 cum

2341 2707 2453 2762 Deo
2480 2706 2616 2763 facie
2643 2707 2710 2763 ad
2736 2707 2946 2771 faciem,
2977 2709 3130 2778 quasi
3159 2709 3409 2778 loquatur
3433 2701 3554 2764 cum
3576 2710 3750 2767 amico
3777 2727 3874 2780 suo
3901 2731 3912 2764 :

2341 2799 2456 2870 ipse
2474 2814 2542 2854 ex
2571 2815 2666 2854 ore
2684 2798 2780 2855 Dei
2806 2799 3009 2865 didicit,
3034 2809 3089 2854 et
3108 2799 3223 2869 ipse
3250 2815 3352 2856 nos
3376 2800 3582 2856 docuit.“
3603 2799 3728 2856 Haec
3752 2815 3917 2871 quare

2340 2891 2579 2960 egimus?
2607 2891 2742 2959 Quia
2768 2891 2992 2961 legimus
3020 2893 3074 2946 in
3101 2891 3257 2948 titulo
3287 2909 3300 2944 :
3330 2889 3513 2948 Oratio
3540 2891 3772 2948 hominis
3801 2893 3923 2948 Dei..

2339 2982 2468 3049 Qua:
2493 2996 2620 3053 ergo
2649 2983 2717 3038 ab
2755 2983 2873 3053 ipso
2896 2982 3177 3049 didicerat,
3203 2982 3368 3054 ipsius
3410 2983 3461 3038 ei
3499 2983 3702 3039 nomini
3726 2999 3914 3040 conse-

2339 3073 2529 3129 cravit.
2561 3073 2676 3141 Qua
2722 3082 2901 3132 autem
2950 3089 3111 3130 causa
3139 3073 3192 3128 in
3240 3073 3520 3146 mysticum
3555 3073 3740 3129 vadit?
3785 3075 3916 3142 Quia

662 3184 755 3236 sm,
787 3165 1033 3234 Domine,
1062 3174 1118 3223 et
1145 3156 1351 3222 memor
1370 3172 1488 3222 esto
1514 3163 1806 3237 apostolos,
1836 3177 1973 3234 quos
1999 3161 2238 3220 continui
2265 3167 2313 3234 ο
2341 3165 2586 3237 praevidit
2622 3164 3042 3222 anathemabiles
3087 3179 3206 3222 esse
3255 3166 3520 3233 haereses,
3553 3163 3789 3222 dicturas
3833 3166 3918 3223 Fi-

665 3260 718 3314 in
765 3259 884 3314 sinu
932 3273 1073 3322 meo,
1120 3258 1417 3313 lucratores
1458 3256 1747 3311 multarum
1793 3255 2059 3324 gentium,
2102 3267 2241 3322 quos

662 3332 1121 3422 cxprobraverunt
1147 3347 1346 3404 inimici
1383 3347 1479 3413 tui,
1511 3346 1758 3414 Domine,
1786 3361 1922 3415 quos
1948 3344 2241 3415 exprobra-

663 3450 854 3498 verunt
897 3441 966 3511 ad
1011 3439 1486 3496 commutationem
1529 3436 1724 3493 Christi
1755 3438 1864 3503 tui,
1895 3436 2058 3491 alium
2087 3436 2242 3490 Chri-

661 3543 800 3590 stum
829 3541 1236 3604 exspectantes,
1267 3531 1427 3587 istum
1451 3531 1544 3602 qui
1571 3547 1760 3602 passus
1787 3537 1870 3586 est
1892 3529 2236 3599 denegantes.

665 3625 774 3682 Nos
802 3633 983 3682 autem
1010 3625 1104 3695 qui
1130 3624 1324 3681 scimus
1347 3623 1742 3694 jubilationem,
1762 3623 1814 3678 in
1836 3622 2038 3678 lumine
2063 3622 2242 3677 vultus

663 3718 778 3787 ejus
822 3717 1172 3774 ambulemus.
1222 3714 1290 3770 Et
1315 3730 1475 3786 quem
1518 3713 1759 3771 ﬁevimus
1787 3713 2076 3786 patientem
2113 3726 2242 3783 gau-

663 3811 884 3866 deamus
925 3826 957 3864 a
1003 3802 1229 3865 mortuis
1274 3816 1675 3879 resurgentem,
1705 3815 1762 3862 et
1786 3805 2073 3862 adorantes
2095 3819 2238 3870 eum,

663 3901 903 3956 dicamus
943 3902 1030 3957 ei:
1075 3899 1395 3956 Benedictus
1440 3915 1527 3968 es,
1575 3898 1829 3962 Domine,
1860 3897 1914 3952 in
1941 3905 2238 3953 :eternum:

664 3995 776 4060 ﬁat,
807 3994 919 4049 ﬁat.
976 3992 1203 4050 Orantes
1242 4000 1302 4048 ut
1337 3993 1393 4046 in
1433 3990 1541 4046 ﬁne
1578 3999 1767 4044 nostro
1792 3987 2060 4043 confessio
2085 3987 2242 4042 nobis

663 4088 764 4144 ista
792 4085 1074 4157 proﬁciat,
1124 4100 1222 4156 per
1266 4083 1438 4153 ipsum
1478 4081 1762 4136 Dominum
1790 4086 2035 4132 nostrum
2058 4076 2242 4132 Jesum

665 4177 957 4244 Christum,
981 4177 1074 4247 qui
1100 4182 1290 4245 regnat
1309 4188 1430 4230 cum
1459 4170 1618 4226 Patre
1649 4176 1704 4226 et
1741 4167 1943 4241 Spiritu
1970 4175 2158 4226 sancto
2185 4167 2240 4224 in

665 4268 858 4327 saecula
880 4266 1215 4330 saeculorum.
1249 4265 1438 4320 Amen.

1143 4397 1457 4456 PSALMUS
1485 4394 1766 4452 LXXXIX.

1045 4508 1229 4566 Oratio
1256 4509 1426 4582 Moysi
1462 4509 1696 4566 hominis
1731 4507 1850 4565 Dei.

736 4621 988 4688 Domine,
1029 4623 1284 4696 refugium
1313 4630 1366 4676 tu
1394 4624 1562 4694 factus
1591 4640 1646 4677 es
1677 4621 1822 4678 nobis
1851 4639 1884 4676 a
1907 4622 2239 4694 generatione

664 4715 718 4768 in
741 4712 1144 4785 generationem.
1175 4711 1490 4786 Priusquam
1524 4722 1723 4768 montes
1766 4713 1980 4784 ﬁerent,
2011 4720 2101 4765 aut
2128 4714 2240 4784 [or-

665 4811 894 4859 maretur
915 4812 1053 4858 terra
1074 4844 1089 4870 ,
1131 4813 1182 4859 et
1207 4802 1373 4870 orbis;
1403 4821 1437 4858 a
1455 4803 1645 4860 seculo
1671 4811 1721 4859 et
1757 4805 1814 4858 in
1837 4803 2082 4858 saeculum
2110 4812 2162 4856 tu
2187 4820 2240 4858 es

665 4895 825 4950 Deus.
859 4892 946 4949 Ne
973 4903 1176 4949 avertas
1204 4895 1462 4950 hominem
1480 4896 1535 4949 in
1563 4893 1923 4959 humilitatem,
1947 4903 1996 4948 et
2021 4893 2198 4948 dixisti
2222 4909 2238 4946 :

627 5006 632 5010 ’
663 4987 1050 5053 Convertimini,
1073 4985 1176 5056 ﬁlii
1206 4985 1486 5040 hominum.
1523 4978 1778 5050 Quoniam
1798 4985 1938 5040 mille
1964 4986 2091 5039 anni
2121 4994 2242 5038 ante

664 5085 838 5138 oculos
869 5091 980 5137 tuos
1008 5090 1254 5154 tanquam
1293 5079 1402 5134 dies
1448 5081 1689 5134 hesterna
1728 5095 1842 5152 quae
1867 5080 2130 5150 prazteriit.
2173 5077 2242 5132 Et

664 5175 898 5230 custodia
924 5176 979 5228 in
1006 5184 1172 5237 nocte,
1198 5189 1312 5244 qua:
1337 5189 1430 5244 pro
1458 5172 1621 5226 nihilo
1643 5173 1892 5226 habentur
1917 5188 2095 5226 eorum
2113 5172 2241 5224 anni

665 5273 831 5317 erunt.
884 5263 1042 5319 Mane
1084 5266 1215 5320 sicut
1264 5263 1419 5318 herba
1465 5270 1722 5328 transeat,
1770 5279 1923 5316 mane
1965 5263 2150 5330 ﬂoreat
2192 5272 2242 5316 et

667 5361 917 5416 transeat,
947 5372 1152 5425 uespere
1181 5356 1404 5420 decidat,
1429 5355 1633 5408 induret
1661 5363 1709 5409 et
1741 5363 1961 5409 arescat.
1998 5351 2132 5418 Quia
2151 5354 2241 5407 de-

620 5422 636 5440 .
669 5445 880 5515 fecimus
907 5443 960 5496 in
982 5422 1061 5497 ira
1085 5431 1194 5510 tua,
1227 5455 1277 5498 et
1305 5447 1359 5499 in
1384 5448 1558 5518 furore
1581 5453 1665 5498 tuo
1689 5444 1875 5497 turbati
1899 5460 2090 5498 sumus.
2134 5443 2240 5498 Po-

669 5537 813 5591 suisti
857 5537 1148 5607 iniquitates
1197 5546 1400 5591 nostras
1442 5540 1496 5592 in
1539 5547 1808 5607 conspectu
1840 5548 1958 5603 tuo,
1999 5537 2241 5592 steculum

625 5615 632 5626 ’
668 5637 898 5682 nostrum
926 5628 979 5682 in
1008 5628 1380 5684 illuminatione
1421 5631 1584 5685 vultus
1626 5633 1718 5684 tui.
1771 5628 2027 5696 Quintiani
2065 5643 2237 5684 omnes

671 5722 777 5782 dies
801 5724 960 5780 nostri
992 5722 1306 5798 defecerunt.
1347 5731 1394 5776 et
1433 5725 1486 5777 in
1526 5725 1604 5778 ira
1643 5733 1729 5779 tua
1753 5723 2048 5797 defecimus.
2102 5723 2238 5780 Anni

2341 3259 2473 3314 lium
2500 3259 2614 3322 Dei,
2639 3258 2732 3328 qui
2768 3257 3032 3326 refugium
3073 3257 3246 3312 factus
3283 3266 3367 3312 est
3407 3257 3561 3313 nobis
3591 3258 3643 3312 in
3682 3257 3916 3324 Christo,

2342 3365 2452 3406 non
2501 3348 2665 3404 fuisse
2691 3349 3002 3419 priusquam
3039 3349 3268 3404 mundus
3319 3347 3492 3415 ﬁeret,
3524 3356 3578 3404 et
3617 3347 3920 3406 ﬁrmaretur

2342 3449 2501 3496 terra:
2525 3439 2689 3496 orbis.
2720 3438 2922 3495 Contra
2941 3440 3041 3495 hos
3065 3440 3140 3496 ait
3169 3457 3184 3494 :
3214 3439 3262 3494 Δ
3286 3440 3484 3495 smculo
3510 3448 3565 3495 et
3588 3440 3640 3494 in
3669 3442 3918 3497 saeculum

2342 3537 2400 3584 tu
2426 3544 2486 3585 es
2532 3529 2691 3585 Deus.
2729 3528 2849 3586 Non
2895 3538 3107 3586 avertas
3145 3530 3418 3586 hominem
3446 3530 3499 3585 in
3539 3530 3916 3598 humilitatem,

2342 3620 2448 3676 hoc
2465 3628 2566 3687 est,
2591 3621 2644 3676 in
2671 3621 2967 3676 humilitate
2986 3622 3217 3692 positum
3243 3621 3512 3677 hominem
3535 3637 3641 3677 non
3667 3622 3920 3678 condem‘

2345 3726 2462 3780 nes,
2491 3712 2618 3782 quia
2645 3711 2825 3768 dixisti
2858 3731 2870 3765 :
2898 3709 3314 3779 Convertimini,
3346 3711 3440 3768 ﬁlii
3475 3714 3768 3779 hominum,
3818 3715 3920 3770 hoc

2344 3811 2446 3870 est,
2476 3803 2658 3860 dixisti
2699 3812 2752 3859 te
2791 3803 3035 3875 superbis
3063 3805 3344 3870 resistere,
3374 3804 3655 3872 humilibus
3688 3805 3920 3873 gratiam

2342 3895 2668 3950 condonare.
2696 3893 2774 3949 Ne
2800 3895 3064 3950 averseris
3090 3894 3360 3950 hominem
3377 3895 3432 3950 in
3454 3893 3750 3949 humilitate
3769 3895 3922 3964 posi-

2343 3990 2476 4046 tum,
2500 3983 2591 4052 qui
2618 3983 2774 4052 quasi
2793 3983 2959 4039 herba
2985 3985 3174 4049 oritur,
3189 3994 3246 4040 et
3271 3985 3425 4054 quasi
3451 3983 3570 4048 ﬁos,
3591 3983 3735 4054 quod
3759 3999 3921 4039 mane

2343 4081 2540 4138 ortum,
2570 4088 2795 4145 vespere
2839 4074 3053 4130 arescit.
3084 4073 3219 4129 Cum
3244 4073 3386 4144 apud
3416 4083 3468 4129 te
3495 4073 3642 4130 mille
3677 4073 3803 4129 anni
3844 4073 3922 4129 sic

2341 4168 2449 4220 slnt
2473 4165 2615 4222 sicut
2640 4181 2748 4220 una
2787 4165 2924 4230 dies,
2951 4173 3044 4220 aut
3075 4165 3213 4221 sicut
3239 4165 3481 4221 custodia
3521 4165 3574 4220 in
3605 4173 3782 4221 nocte.
3811 4162 3920 4219 Cu-

2342 4252 2517 4310 stodia
2541 4255 2596 4311 in
2623 4263 2784 4311 nocte
2808 4262 2998 4326 quarta
3024 4271 3149 4326 pars
3177 4256 3351 4311 noctis
3378 4263 3479 4321 est,
3508 4269 3671 4324 quam
3695 4254 3797 4310 sibi
3825 4269 3920 4325 pa-

2341 4355 2518 4402 stores
2560 4345 2824 4413 dividunt,
2852 4354 2912 4402 ut
2937 4347 3104 4402 ternis
3133 4346 3277 4403 horis
3318 4345 3436 4402 aliis
3475 4345 3916 4410 custodientibus,

2343 4439 2462 4494 aliis
2488 4439 2891 4509 quiescentibus
2918 4447 3238 4494 transeatur.
3267 4437 3423 4506 Quod
3449 4446 3630 4494 autem
3659 4447 3922 4494 memorat

2263 4545 2319 4606 ι)
2341 4530 2467 4600 quia
2491 4528 2782 4585 defecimus
2821 4529 2874 4584 in
2903 4529 2980 4584 ira
3011 4537 3130 4593 tua,
3161 4530 3266 4585 hoc
3289 4539 3571 4595 memorat,
3601 4529 3744 4600 quod
3773 4538 3922 4584 ante-

2343 4635 2528 4676 cessor
2555 4619 2609 4674 in
2640 4620 2846 4690 psalmo
2873 4620 3161 4674 cecinerat.
3191 4619 3318 4694 Post
3345 4620 3529 4690 populi
3560 4635 3839 4674 numerum
3867 4621 3920 4674 in

2342 4713 2420 4768 ira
2448 4720 2540 4768 tua
2559 4711 2871 4776 defecimus,
2892 4712 3016 4782 quia
3045 4713 3268 4783 posuisti
3293 4713 3604 4782 iniquitates
3628 4719 3841 4766 nostras
3868 4711 3922 4767 in

2343 4811 2636 4875 conspectu
2671 4812 2783 4870 tuo,
2811 4813 2867 4860 et
2893 4805 3145 4859 saeculum
3173 4813 3416 4860 nostrum
3443 4804 3496 4859 in
3517 4804 3717 4860 lumine
3743 4804 3925 4858 vultus

2343 4893 2439 4948 tui.
2471 4891 2671 4948 Contra
2708 4893 2931 4949 herbam
2955 4902 3010 4948 et
3033 4909 3304 4960 araneam,
3333 4902 3388 4949 et
3433 4902 3620 4950 contra
3667 4892 3767 4948 ﬁos
3794 4893 3922 4957 feni,

2347 4984 2595 5051 Domine,
2608 4984 2701 5055 qui
2719 5000 2931 5056 semper
2957 4985 3206 5040 misertus
3226 4999 3286 5040 es
3307 4984 3632 5050 hominibus,
3652 4983 3779 5053 quid
3801 4999 3910 5038 mo-

2345 5079 2524 5134 veris?
2553 5077 2673 5134 Tibi
2700 5080 2826 5134 anni
2868 5079 3014 5133 mille
3056 5078 3134 5133 sic
3162 5077 3427 5144 videntur,
3457 5077 3599 5133 sicut
3641 5075 3798 5131 nobis
3824 5090 3920 5130 no-
3948 5147 3954 5152 _

2347 5179 2538 5228 cturna
2579 5171 2780 5240 vigilia.
2808 5169 2988 5225 Nostri
3033 5177 3214 5225 autem
3257 5169 3402 5235 anni,
3432 5169 3524 5238 qui
3569 5168 3708 5223 sicut
3761 5180 3918 5222 arena

2347 5265 2692 5327 meditantur,
2722 5263 2811 5318 vix
2849 5271 2909 5317 ut
2957 5262 3180 5317 multum
3210 5261 3482 5331 octoginta
3529 5259 3656 5316 anni
3708 5267 3834 5314 sunt
3871 5266 3924 5313 et

2346 5359 2467 5429 plus
2491 5365 2576 5412 est
2596 5357 2651 5412 in
2675 5357 2756 5411 eis
2781 5355 2936 5411 nobis
2962 5354 3114 5410 labor
3139 5361 3194 5410 et
3221 5353 3394 5410 dolor.
3427 5351 3564 5420 Quid
3594 5360 3743 5406 tanta
3772 5343 3923 5408 inan-

2347 5450 2574 5506 suetudo
2602 5448 2750 5504 venit
2777 5463 2940 5518 super
2967 5447 3230 5503 miseros?
3252 5446 3388 5512 Quid
3412 5453 3520 5500 tam
3541 5444 3778 5515 graviter
3799 5457 3923 5498 cor-

2342 5543 2610 5613 ripimur?
2656 5541 2787 5608 Quis
2834 5557 2939 5597 non
2988 5548 3309 5611 potestatem
3356 5540 3448 5593 ine
3493 5539 3636 5593 tum?
3676 5532 3927 5605 Nunquid

2343 5633 2577 5689 sciebam
2597 5641 2652 5688 te
2676 5632 2852 5695 irasci,
2885 5633 2928 5688 si
2958 5646 3057 5701 ego
3087 5631 3342 5702 populum
3370 5629 3744 5686 numerarem?
3765 5624 3925 5681 Sulli-

2343 5731 2509 5789 ceret,
2535 5723 2660 5794 quia
2691 5723 3005 5798 impeditum
3028 5721 3191 5781 corde
3226 5722 3398 5786 fecisti
3437 5737 3648 5796 sapere.
3677 5720 3920 5776 Conver-
