  <div class='ocr_page' id='page_1' title='image "/cluster/home/n/w/nwhite01/storage/ocr_20150623/53/hvd.32044073505232/234.png"; bbox 0 0 4244 6258; ppageno 0'>
   <div class='ocr_carea' id='block_1_1' title="bbox 339 408 454 464">
    <p class='ocr_par' dir='ltr' id='par_1_1' title="bbox 339 408 454 464">
     <span class='ocr_line' id='line_1_1' title="bbox 339 408 454 464; baseline -0.017 0"><span class='ocrx_word' id='word_1_1' title='bbox 339 408 454 464; x_wconf 68' lang='grc'><strong>’653</strong></span> 
     </span>
    </p>
   </div>
   <div class='ocr_carea' id='block_1_2' title="bbox 1347 407 2682 466">
    <p class='ocr_par' dir='ltr' id='par_1_2' title="bbox 1347 407 2682 466">
     <span class='ocr_line' id='line_1_2' title="bbox 1347 407 2682 466; baseline -0.001 -2"><span class='ocrx_word' id='word_1_2' title='bbox 1347 407 1809 465; x_wconf 75' lang='lat' dir='ltr'><strong>COMMENTARII</strong></span> <span class='ocrx_word' id='word_1_3' title='bbox 1846 409 1914 464; x_wconf 73' lang='grc' dir='ltr'>ΙΝ</span> <span class='ocrx_word' id='word_1_4' title='bbox 1953 410 2279 466; x_wconf 84' lang='lat' dir='ltr'><strong>PSALMOS.</strong></span> <span class='ocrx_word' id='word_1_5' title='bbox 2322 409 2511 465; x_wconf 79' lang='lat' dir='ltr'><strong>PSAL.</strong></span> <span class='ocrx_word' id='word_1_6' title='bbox 2556 409 2682 465; x_wconf 75' lang='lat' dir='ltr'><strong>XCI.</strong></span> 
     </span>
    </p>
   </div>
   <div class='ocr_carea' id='block_1_3' title="bbox 3501 413 3601 468">
    <p class='ocr_par' dir='ltr' id='par_1_3' title="bbox 3501 413 3601 468">
     <span class='ocr_line' id='line_1_3' title="bbox 3501 413 3601 468; baseline 0.01 -1"><span class='ocrx_word' id='word_1_7' title='bbox 3501 413 3601 468; x_wconf 65' lang='grc'><strong>458</strong></span> 
     </span>
    </p>
   </div>
   <div class='ocr_carea' id='block_1_4' title="bbox 347 501 3598 596">
    <p class='ocr_par' dir='ltr' id='par_1_4' title="bbox 347 501 3598 596">
     <span class='ocr_line' id='line_1_4' title="bbox 347 501 3598 596; baseline 0.004 -23"><span class='ocrx_word' id='word_1_8' title='bbox 347 529 486 583; x_wconf 90' lang='lat' dir='ltr'><strong>tere,</strong></span> <span class='ocrx_word' id='word_1_9' title='bbox 506 501 1162 589; x_wconf 85' lang='lat' dir='ltr'><strong>Domine,aliquantulum,</strong></span> <span class='ocrx_word' id='word_1_10' title='bbox 1179 527 1233 576; x_wconf 91' lang='lat' dir='ltr'><strong>et</strong></span> <span class='ocrx_word' id='word_1_11' title='bbox 1253 529 1369 576; x_wconf 90' lang='lat' dir='ltr'><strong>esto</strong></span> <span class='ocrx_word' id='word_1_12' title='bbox 1394 519 1746 591; x_wconf 89' lang='lat' dir='ltr'><strong>deprecahilis</strong></span> <span class='ocrx_word' id='word_1_13' title='bbox 1767 536 1930 592; x_wconf 85' lang='lat' dir='ltr'><strong>super</strong></span> <span class='ocrx_word' id='word_1_14' title='bbox 1953 528 2005 586; x_wconf 72' lang='grc' dir='ltr'><strong>Α</strong></span> <span class='ocrx_word' id='word_1_15' title='bbox 2033 521 2308 594; x_wconf 87' lang='lat' dir='ltr'><strong>Altissimi,</strong></span> <span class='ocrx_word' id='word_1_16' title='bbox 2332 531 2387 576; x_wconf 92' lang='lat' dir='ltr'><strong>et</strong></span> <span class='ocrx_word' id='word_1_17' title='bbox 2411 521 2506 591; x_wconf 86' lang='lat' dir='ltr'><strong>qui</strong></span> <span class='ocrx_word' id='word_1_18' title='bbox 2539 522 2589 575; x_wconf 91' lang='lat' dir='ltr'><strong>in</strong></span> <span class='ocrx_word' id='word_1_19' title='bbox 2607 522 2939 592; x_wconf 86' lang='lat' dir='ltr'><strong>protectione</strong></span> <span class='ocrx_word' id='word_1_20' title='bbox 2961 524 3054 580; x_wconf 89' lang='lat' dir='ltr'><strong>Dei</strong></span> <span class='ocrx_word' id='word_1_21' title='bbox 3071 525 3190 581; x_wconf 69' lang='lat' dir='ltr'><strong>caeli</strong></span> <span class='ocrx_word' id='word_1_22' title='bbox 3211 538 3598 596; x_wconf 77' lang='lat' dir='ltr'><strong>commoratur,</strong></span> 
     </span>
    </p>
   </div>
   <div class='ocr_carea' id='block_1_5' title="bbox 345 610 1926 679">
    <p class='ocr_par' dir='ltr' id='par_1_5' title="bbox 345 610 1926 679">
     <span class='ocr_line' id='line_1_5' title="bbox 345 610 1926 679; baseline 0.001 -15"><span class='ocrx_word' id='word_1_23' title='bbox 345 625 537 666; x_wconf 89' lang='lat' dir='ltr'><strong>servos</strong></span> <span class='ocrx_word' id='word_1_24' title='bbox 565 618 705 666; x_wconf 91' lang='lat' dir='ltr'><strong>tuos.</strong></span> <span class='ocrx_word' id='word_1_25' title='bbox 737 610 1170 679; x_wconf 78' lang='lat' dir='ltr'><strong>Quotiescunque</strong></span> <span class='ocrx_word' id='word_1_26' title='bbox 1195 612 1518 666; x_wconf 87' lang='lat' dir='ltr'><strong>transierunt</strong></span> <span class='ocrx_word' id='word_1_27' title='bbox 1538 627 1569 664; x_wconf 90' lang='lat' dir='ltr'><strong>a</strong></span> <span class='ocrx_word' id='word_1_28' title='bbox 1598 611 1752 666; x_wconf 86' lang='lat' dir='ltr'><strong>nobis</strong></span> <span class='ocrx_word' id='word_1_29' title='bbox 1780 619 1926 666; x_wconf 83' lang='lat' dir='ltr'><strong>tene-</strong></span> 
     </span>
    </p>
   </div>
   <div class='ocr_carea' id='block_1_6' title="bbox 345 695 1922 800">
    <p class='ocr_par' dir='ltr' id='par_1_6' title="bbox 345 695 1922 800">
     <span class='ocr_line' id='line_1_6' title="bbox 345 695 1922 800; baseline 0.002 -44"><span class='ocrx_word' id='word_1_30' title='bbox 345 699 459 756; x_wconf 75' lang='lat' dir='ltr'><strong>brzc</strong></span> <span class='ocrx_word' id='word_1_31' title='bbox 502 711 844 772; x_wconf 72' lang='lat' dir='ltr'><strong>peccatorum</strong></span> <span class='ocrx_word' id='word_1_32' title='bbox 889 695 986 772; x_wconf 78' lang='lat' dir='ltr'><strong>pe&#39;r</strong></span> <span class='ocrx_word' id='word_1_33' title='bbox 1027 704 1444 774; x_wconf 89' lang='lat' dir='ltr'><strong>correptionem,</strong></span> <span class='ocrx_word' id='word_1_34' title='bbox 1490 703 1656 800; x_wconf 48' lang='lat' dir='ltr'><strong>quas}</strong></span> <span class='ocrx_word' id='word_1_35' title='bbox 1691 705 1744 756; x_wconf 88' lang='lat' dir='ltr'><strong>in</strong></span> <span class='ocrx_word' id='word_1_36' title='bbox 1773 717 1922 759; x_wconf 86' lang='lat' dir='ltr'><strong>mare</strong></span> 
     </span>
    </p>
   </div>
   <div class='ocr_carea' id='block_1_7' title="bbox 344 791 1922 865">
    <p class='ocr_par' dir='ltr' id='par_1_7' title="bbox 344 791 1922 865">
     <span class='ocr_line' id='line_1_7' title="bbox 344 791 1922 865; baseline 0.003 -19"><span class='ocrx_word' id='word_1_37' title='bbox 344 791 540 863; x_wconf 86' lang='lat' dir='ltr'><strong>positis</strong></span> <span class='ocrx_word' id='word_1_38' title='bbox 566 791 981 848; x_wconf 87' lang='lat' dir='ltr'><strong>misericordiam</strong></span> <span class='ocrx_word' id='word_1_39' title='bbox 1007 795 1301 864; x_wconf 69' lang='lat' dir='ltr'><strong>praebuisti,</strong></span> <span class='ocrx_word' id='word_1_40' title='bbox 1328 810 1426 865; x_wconf 91' lang='lat' dir='ltr'><strong>per</strong></span> <span class='ocrx_word' id='word_1_41' title='bbox 1452 791 1922 864; x_wconf 70' lang='lat' dir='ltr'><strong>quam&#39;exsultavi-</strong></span> 
     </span>
    </p>
   </div>
   <div class='ocr_carea' id='block_1_8' title="bbox 345 884 1920 956">
    <p class='ocr_par' dir='ltr' id='par_1_8' title="bbox 345 884 1920 956">
     <span class='ocr_line' id='line_1_8' title="bbox 345 884 1920 956; baseline 0.002 -18"><span class='ocrx_word' id='word_1_42' title='bbox 345 899 469 940; x_wconf 83' lang='lat' dir='ltr'><strong>Inus</strong></span> <span class='ocrx_word' id='word_1_43' title='bbox 503 893 559 938; x_wconf 91' lang='lat' dir='ltr'><strong>et</strong></span> <span class='ocrx_word' id='word_1_44' title='bbox 603 884 852 940; x_wconf 85' lang='lat' dir='ltr'><strong>delectati</strong></span> <span class='ocrx_word' id='word_1_45' title='bbox 894 901 1076 940; x_wconf 91' lang='lat' dir='ltr'><strong>sumus</strong></span> <span class='ocrx_word' id='word_1_46' title='bbox 1117 886 1172 940; x_wconf 91' lang='lat' dir='ltr'><strong>in</strong></span> <span class='ocrx_word' id='word_1_47' title='bbox 1209 887 1458 942; x_wconf 88' lang='lat' dir='ltr'><strong>omnibus</strong></span> <span class='ocrx_word' id='word_1_48' title='bbox 1504 886 1694 942; x_wconf 90' lang='lat' dir='ltr'><strong>diebus</strong></span> <span class='ocrx_word' id='word_1_49' title='bbox 1725 885 1920 956; x_wconf 83' lang='lat' dir='ltr'><strong>quibus</strong></span> 
     </span>
    </p>
   </div>
   <div class='ocr_carea' id='block_1_9' title="bbox 344 973 1920 1045">
    <p class='ocr_par' dir='ltr' id='par_1_9' title="bbox 344 973 1920 1045">
     <span class='ocr_line' id='line_1_9' title="bbox 344 973 1920 1045; baseline 0.005 -19"><span class='ocrx_word' id='word_1_50' title='bbox 344 988 446 1028; x_wconf 89' lang='lat' dir='ltr'><strong>nos</strong></span> <span class='ocrx_word' id='word_1_51' title='bbox 475 973 789 1038; x_wconf 89' lang='lat' dir='ltr'><strong>humiliasti,</strong></span> <span class='ocrx_word' id='word_1_52' title='bbox 820 982 876 1028; x_wconf 93' lang='lat' dir='ltr'><strong>et</strong></span> <span class='ocrx_word' id='word_1_53' title='bbox 903 975 956 1029; x_wconf 92' lang='lat' dir='ltr'><strong>in</strong></span> <span class='ocrx_word' id='word_1_54' title='bbox 984 975 1139 1029; x_wconf 89' lang='lat' dir='ltr'><strong>annis</strong></span> <span class='ocrx_word' id='word_1_55' title='bbox 1156 976 1350 1045; x_wconf 86' lang='lat' dir='ltr'><strong>quibus</strong></span> <span class='ocrx_word' id='word_1_56' title='bbox 1378 977 1608 1032; x_wconf 82' lang='lat' dir='ltr'><strong>vidimus</strong></span> <span class='ocrx_word' id='word_1_57' title='bbox 1635 977 1799 1031; x_wconf 88' lang='lat' dir='ltr'><strong>mala.</strong></span> <span class='ocrx_word' id='word_1_58' title='bbox 1831 976 1920 1034; x_wconf 88' lang='lat' dir='ltr'><strong>Sic</strong></span> 
     </span>
    </p>
   </div>
   <div class='ocr_carea' id='block_1_10' title="bbox 343 1063 1915 1135">
    <p class='ocr_par' dir='ltr' id='par_1_10' title="bbox 343 1063 1915 1135">
     <span class='ocr_line' id='line_1_10' title="bbox 343 1063 1915 1135; baseline 0.004 -17"><span class='ocrx_word' id='word_1_59' title='bbox 343 1063 428 1119; x_wconf 89' lang='lat' dir='ltr'><strong>fac</strong></span> <span class='ocrx_word' id='word_1_60' title='bbox 454 1073 510 1118; x_wconf 91' lang='lat' dir='ltr'><strong>et</strong></span> <span class='ocrx_word' id='word_1_61' title='bbox 536 1064 714 1129; x_wconf 92' lang='lat' dir='ltr'><strong>modo,</strong></span> <span class='ocrx_word' id='word_1_62' title='bbox 746 1065 870 1132; x_wconf 87' lang='lat' dir='ltr'><strong>quia</strong></span> <span class='ocrx_word' id='word_1_63' title='bbox 894 1065 1008 1135; x_wconf 87' lang='lat' dir='ltr'><strong>jam</strong></span> <span class='ocrx_word' id='word_1_64' title='bbox 1035 1065 1311 1127; x_wconf 82' lang='lat' dir='ltr'><strong>dexteram</strong></span> <span class='ocrx_word' id='word_1_65' title='bbox 1335 1077 1481 1124; x_wconf 88' lang='lat' dir='ltr'><strong>tuam</strong></span> <span class='ocrx_word' id='word_1_66' title='bbox 1510 1078 1695 1124; x_wconf 89' lang='lat' dir='ltr'><strong>notam</strong></span> <span class='ocrx_word' id='word_1_67' title='bbox 1723 1070 1915 1135; x_wconf 81' lang='lat' dir='ltr'><strong>fecisti,</strong></span> 
     </span>
    </p>
   </div>
   <div class='ocr_carea' id='block_1_11' title="bbox 342 1153 1914 1229">
    <p class='ocr_par' dir='ltr' id='par_1_11' title="bbox 342 1153 1914 1229">
     <span class='ocr_line' id='line_1_11' title="bbox 342 1153 1914 1229; baseline 0.004 -22"><span class='ocrx_word' id='word_1_68' title='bbox 342 1161 398 1207; x_wconf 87' lang='lat' dir='ltr'><strong>et</strong></span> <span class='ocrx_word' id='word_1_69' title='bbox 443 1153 666 1208; x_wconf 89' lang='lat' dir='ltr'><strong>erudisti</strong></span> <span class='ocrx_word' id='word_1_70' title='bbox 692 1169 810 1218; x_wconf 89' lang='lat' dir='ltr'><strong>nos,</strong></span> <span class='ocrx_word' id='word_1_71' title='bbox 843 1163 900 1210; x_wconf 88' lang='lat' dir='ltr'><strong>et</strong></span> <span class='ocrx_word' id='word_1_72' title='bbox 942 1155 1116 1212; x_wconf 80' lang='lat' dir='ltr'><strong>fecisti</strong></span> <span class='ocrx_word' id='word_1_73' title='bbox 1159 1173 1352 1228; x_wconf 83' lang='lat' dir='ltr'><strong>sapere</strong></span> <span class='ocrx_word' id='word_1_74' title='bbox 1377 1160 1520 1228; x_wconf 90' lang='lat' dir='ltr'><strong>quod</strong></span> <span class='ocrx_word' id='word_1_75' title='bbox 1569 1159 1914 1229; x_wconf 90' lang='lat' dir='ltr'><strong>desipuimus.</strong></span> 
     </span>
    </p>
   </div>
   <div class='ocr_carea' id='block_1_12' title="bbox 343 1242 1920 1320">
    <p class='ocr_par' dir='ltr' id='par_1_12' title="bbox 343 1242 1920 1320">
     <span class='ocr_line' id='line_1_12' title="bbox 343 1242 1920 1320; baseline 0.006 -24"><span class='ocrx_word' id='word_1_76' title='bbox 343 1242 460 1298; x_wconf 79' lang='lat' dir='ltr'><strong>Noli</strong></span> <span class='ocrx_word' id='word_1_77' title='bbox 487 1242 743 1299; x_wconf 89' lang='lat' dir='ltr'><strong>delectari</strong></span> <span class='ocrx_word' id='word_1_78' title='bbox 791 1244 846 1298; x_wconf 89' lang='lat' dir='ltr'><strong>in</strong></span> <span class='ocrx_word' id='word_1_79' title='bbox 893 1254 1123 1302; x_wconf 89' lang='lat' dir='ltr'><strong>mortem</strong></span> <span class='ocrx_word' id='word_1_80' title='bbox 1171 1258 1430 1313; x_wconf 90' lang='lat' dir='ltr'><strong>nostram,</strong></span> <span class='ocrx_word' id='word_1_81' title='bbox 1461 1250 1552 1319; x_wconf 86' lang='lat' dir='ltr'><strong>qui</strong></span> <span class='ocrx_word' id='word_1_82' title='bbox 1580 1250 1760 1305; x_wconf 80' lang='lat' dir='ltr'><strong>dixisti</strong></span> <span class='ocrx_word' id='word_1_83' title='bbox 1801 1266 1920 1320; x_wconf 83' lang='lat' dir='ltr'><strong>pec-</strong></span> 
     </span>
    </p>
   </div>
   <div class='ocr_carea' id='block_1_13' title="bbox 341 1334 1920 1410">
    <p class='ocr_par' dir='ltr' id='par_1_13' title="bbox 341 1334 1920 1410">
     <span class='ocr_line' id='line_1_13' title="bbox 341 1334 1920 1410; baseline 0.008 -22"><span class='ocrx_word' id='word_1_84' title='bbox 341 1334 584 1390; x_wconf 84' lang='lat' dir='ltr'><strong>cantibus</strong></span> <span class='ocrx_word' id='word_1_85' title='bbox 602 1334 1038 1404; x_wconf 88' lang='lat' dir='ltr'><strong>:Convertimini,</strong></span> <span class='ocrx_word' id='word_1_86' title='bbox 1072 1338 1164 1394; x_wconf 87' lang='lat' dir='ltr'><strong>lilii</strong></span> <span class='ocrx_word' id='word_1_87' title='bbox 1184 1341 1478 1408; x_wconf 90' lang='lat' dir='ltr'><strong>hominum,</strong></span> <span class='ocrx_word' id='word_1_88' title='bbox 1497 1343 1622 1410; x_wconf 86' lang='lat' dir='ltr'><strong>quia</strong></span> <span class='ocrx_word' id='word_1_89' title='bbox 1649 1359 1756 1399; x_wconf 92' lang='lat' dir='ltr'><strong>non</strong></span> <span class='ocrx_word' id='word_1_90' title='bbox 1781 1343 1920 1400; x_wconf 88' lang='lat' dir='ltr'><strong>dele-</strong></span> 
     </span>
    </p>
   </div>
   <div class='ocr_carea' id='block_1_14' title="bbox 339 1425 1913 1502">
    <p class='ocr_par' dir='ltr' id='par_1_14' title="bbox 339 1425 1913 1502">
     <span class='ocr_line' id='line_1_14' title="bbox 339 1425 1913 1502; baseline 0.008 -23"><span class='ocrx_word' id='word_1_91' title='bbox 339 1425 564 1480; x_wconf 88' lang='lat' dir='ltr'><strong>ctarisin</strong></span> <span class='ocrx_word' id='word_1_92' title='bbox 580 1425 885 1495; x_wconf 71' lang='lat' dir='ltr'><strong>perditione</strong></span> <span class='ocrx_word' id='word_1_93' title='bbox 899 1428 1158 1484; x_wconf 86' lang='lat' dir='ltr'><strong>vivorum.</strong></span> <span class='ocrx_word' id='word_1_94' title='bbox 1189 1430 1435 1502; x_wconf 81' lang='lat' dir='ltr'><strong>Respice,</strong></span> <span class='ocrx_word' id='word_1_95' title='bbox 1460 1433 1703 1501; x_wconf 87' lang='lat' dir='ltr'><strong>obsecro,</strong></span> <span class='ocrx_word' id='word_1_96' title='bbox 1726 1435 1779 1488; x_wconf 93' lang='lat' dir='ltr'><strong>in</strong></span> <span class='ocrx_word' id='word_1_97' title='bbox 1798 1449 1913 1491; x_wconf 83' lang='lat' dir='ltr'><strong>ser-</strong></span> 
     </span>
    </p>
   </div>
   <div class='ocr_carea' id='block_1_15' title="bbox 339 1517 1914 1592">
    <p class='ocr_par' dir='ltr' id='par_1_15' title="bbox 339 1517 1914 1592">
     <span class='ocr_line' id='line_1_15' title="bbox 339 1517 1914 1592; baseline 0.008 -25"><span class='ocrx_word' id='word_1_98' title='bbox 339 1530 436 1571; x_wconf 88' lang='lat' dir='ltr'><strong>vos</strong></span> <span class='ocrx_word' id='word_1_99' title='bbox 463 1522 588 1571; x_wconf 91' lang='lat' dir='ltr'><strong>tuos</strong></span> <span class='ocrx_word' id='word_1_100' title='bbox 609 1525 666 1572; x_wconf 89' lang='lat' dir='ltr'><strong>et</strong></span> <span class='ocrx_word' id='word_1_101' title='bbox 679 1517 734 1572; x_wconf 92' lang='lat' dir='ltr'><strong>in</strong></span> <span class='ocrx_word' id='word_1_102' title='bbox 753 1532 919 1589; x_wconf 89' lang='lat' dir='ltr'><strong>opera</strong></span> <span class='ocrx_word' id='word_1_103' title='bbox 934 1534 1186 1574; x_wconf 87' lang='lat' dir='ltr'><strong>manuum</strong></span> <span class='ocrx_word' id='word_1_104' title='bbox 1211 1529 1442 1588; x_wconf 90' lang='lat' dir='ltr'><strong>tuarum,</strong></span> <span class='ocrx_word' id='word_1_105' title='bbox 1455 1522 1602 1592; x_wconf 86' lang='lat' dir='ltr'><strong>quia,</strong></span> <span class='ocrx_word' id='word_1_106' title='bbox 1622 1525 1760 1579; x_wconf 84' lang='lat' dir='ltr'><strong>sicut</strong></span> <span class='ocrx_word' id='word_1_107' title='bbox 1779 1527 1914 1581; x_wconf 91' lang='lat' dir='ltr'><strong>scri-</strong></span> 
     </span>
    </p>
   </div>
   <div class='ocr_carea' id='block_1_16' title="bbox 339 1611 1915 1684">
    <p class='ocr_par' dir='ltr' id='par_1_16' title="bbox 339 1611 1915 1684">
     <span class='ocr_line' id='line_1_16' title="bbox 339 1611 1915 1684; baseline 0.003 -20"><span class='ocrx_word' id='word_1_108' title='bbox 339 1613 487 1676; x_wconf 77' lang='lat' dir='ltr'><strong>ptum</strong></span> <span class='ocrx_word' id='word_1_109' title='bbox 519 1611 630 1672; x_wconf 88' lang='lat' dir='ltr'><strong>est,</strong></span> <span class='ocrx_word' id='word_1_110' title='bbox 660 1621 826 1676; x_wconf 87' lang='lat' dir='ltr'><strong>opera</strong></span> <span class='ocrx_word' id='word_1_111' title='bbox 862 1622 1115 1664; x_wconf 87' lang='lat' dir='ltr'><strong>manuum</strong></span> <span class='ocrx_word' id='word_1_112' title='bbox 1162 1617 1370 1666; x_wconf 88' lang='lat' dir='ltr'><strong>tuarum</strong></span> <span class='ocrx_word' id='word_1_113' title='bbox 1413 1628 1512 1667; x_wconf 88' lang='lat' dir='ltr'><strong>nos</strong></span> <span class='ocrx_word' id='word_1_114' title='bbox 1551 1629 1762 1680; x_wconf 88' lang='lat' dir='ltr'><strong>omnes,</strong></span> <span class='ocrx_word' id='word_1_115' title='bbox 1790 1616 1915 1684; x_wconf 87' lang='lat' dir='ltr'><strong>quia</strong></span> 
     </span>
    </p>
   </div>
   <div class='ocr_carea' id='block_1_17' title="bbox 338 1698 1914 1778">
    <p class='ocr_par' dir='ltr' id='par_1_17' title="bbox 338 1698 1914 1778">
     <span class='ocr_line' id='line_1_17' title="bbox 338 1698 1914 1778; baseline 0.007 -25"><span class='ocrx_word' id='word_1_116' title='bbox 338 1705 518 1767; x_wconf 84' lang='lat' dir='ltr'><strong>patres</strong></span> <span class='ocrx_word' id='word_1_117' title='bbox 545 1698 910 1770; x_wconf 77' lang='lat' dir='ltr'><strong>indignatione</strong></span> <span class='ocrx_word' id='word_1_118' title='bbox 936 1709 1025 1756; x_wconf 88' lang='lat' dir='ltr'><strong>tua</strong></span> <span class='ocrx_word' id='word_1_119' title='bbox 1053 1705 1284 1774; x_wconf 90' lang='lat' dir='ltr'><strong>correpti</strong></span> <span class='ocrx_word' id='word_1_120' title='bbox 1311 1705 1637 1761; x_wconf 89' lang='lat' dir='ltr'><strong>defecerunt.</strong></span> <span class='ocrx_word' id='word_1_121' title='bbox 1669 1708 1914 1778; x_wconf 86' lang='lat' dir='ltr'><strong>Dirigan-</strong></span> 
     </span>
    </p>
   </div>
   <div class='ocr_carea' id='block_1_18' title="bbox 337 1788 1962 1862">
    <p class='ocr_par' dir='ltr' id='par_1_18' title="bbox 337 1788 1962 1862">
     <span class='ocr_line' id='line_1_18' title="bbox 337 1788 1962 1862; baseline 0.009 -20"><span class='ocrx_word' id='word_1_122' title='bbox 337 1796 424 1844; x_wconf 90' lang='lat' dir='ltr'><strong>tur</strong></span> <span class='ocrx_word' id='word_1_123' title='bbox 463 1788 556 1844; x_wconf 84' lang='lat' dir='ltr'><strong>ﬁlii</strong></span> <span class='ocrx_word' id='word_1_124' title='bbox 602 1805 789 1847; x_wconf 88' lang='lat' dir='ltr'><strong>eorum</strong></span> <span class='ocrx_word' id='word_1_125' title='bbox 833 1807 930 1862; x_wconf 89' lang='lat' dir='ltr'><strong>per</strong></span> <span class='ocrx_word' id='word_1_126' title='bbox 975 1794 1260 1850; x_wconf 86' lang='lat' dir='ltr'><strong>adventum</strong></span> <span class='ocrx_word' id='word_1_127' title='bbox 1318 1796 1527 1851; x_wconf 87' lang='lat' dir='ltr'><strong>Domini</strong></span> <span class='ocrx_word' id='word_1_128' title='bbox 1571 1800 1742 1854; x_wconf 87' lang='lat' dir='ltr'><strong>nostri</strong></span> <span class='ocrx_word' id='word_1_129' title='bbox 1787 1799 1916 1856; x_wconf 80' lang='lat' dir='ltr'><strong>Jesu</strong></span> <span class='ocrx_word' id='word_1_130' title='bbox 1956 1805 1962 1811; x_wconf 88' lang='lat'>&#39;</span> 
     </span>
    </p>
   </div>
   <div class='ocr_carea' id='block_1_19' title="bbox 2023 611 3598 688">
    <p class='ocr_par' dir='ltr' id='par_1_19' title="bbox 2023 611 3598 688">
     <span class='ocr_line' id='line_1_19' title="bbox 2023 611 3598 688; baseline 0.007 -23"><span class='ocrx_word' id='word_1_131' title='bbox 2023 620 2078 665; x_wconf 86' lang='lat' dir='ltr'><strong>et</strong></span> <span class='ocrx_word' id='word_1_132' title='bbox 2101 611 2231 666; x_wconf 89' lang='lat' dir='ltr'><strong>dicit</strong></span> <span class='ocrx_word' id='word_1_133' title='bbox 2269 611 2498 666; x_wconf 88' lang='lat' dir='ltr'><strong>Domino</strong></span> <span class='ocrx_word' id='word_1_134' title='bbox 2531 630 2542 664; x_wconf 95' lang='lat'>:</span> <span class='ocrx_word' id='word_1_135' title='bbox 2569 612 2862 683; x_wconf 90' lang='lat' dir='ltr'><strong>Susceptor</strong></span> <span class='ocrx_word' id='word_1_136' title='bbox 2889 629 3039 670; x_wconf 90' lang='lat' dir='ltr'><strong>meus</strong></span> <span class='ocrx_word' id='word_1_137' title='bbox 3062 630 3120 670; x_wconf 87' lang='lat' dir='ltr'><strong>es</strong></span> <span class='ocrx_word' id='word_1_138' title='bbox 3151 625 3226 682; x_wconf 88' lang='lat' dir='ltr'><strong>tu,</strong></span> <span class='ocrx_word' id='word_1_139' title='bbox 3255 626 3312 674; x_wconf 90' lang='lat' dir='ltr'><strong>et</strong></span> <span class='ocrx_word' id='word_1_140' title='bbox 3338 620 3598 688; x_wconf 75' lang='lat' dir='ltr'><strong>refugium</strong></span> 
     </span>
    </p>
   </div>
   <div class='ocr_carea' id='block_1_20' title="bbox 2023 701 3597 780">
    <p class='ocr_par' dir='ltr' id='par_1_20' title="bbox 2023 701 3597 780">
     <span class='ocr_line' id='line_1_20' title="bbox 2023 701 3597 780; baseline 0.01 -26"><span class='ocrx_word' id='word_1_141' title='bbox 2023 714 2219 766; x_wconf 89' lang='lat' dir='ltr'><strong>meum,</strong></span> <span class='ocrx_word' id='word_1_142' title='bbox 2251 702 2376 771; x_wconf 89' lang='lat' dir='ltr'><strong>quia</strong></span> <span class='ocrx_word' id='word_1_143' title='bbox 2405 701 2532 756; x_wconf 91' lang='lat' dir='ltr'><strong>dicit</strong></span> <span class='ocrx_word' id='word_1_144' title='bbox 2561 721 2572 755; x_wconf 93' lang='lat'><strong>:</strong></span> <span class='ocrx_word' id='word_1_145' title='bbox 2607 702 2848 772; x_wconf 88' lang='lat' dir='ltr'><strong>Sperabo</strong></span> <span class='ocrx_word' id='word_1_146' title='bbox 2869 705 2920 759; x_wconf 92' lang='lat' dir='ltr'><strong>in</strong></span> <span class='ocrx_word' id='word_1_147' title='bbox 2942 721 3084 772; x_wconf 88' lang='lat' dir='ltr'><strong>eum,</strong></span> <span class='ocrx_word' id='word_1_148' title='bbox 3106 708 3231 776; x_wconf 89' lang='lat' dir='ltr'><strong>quia</strong></span> <span class='ocrx_word' id='word_1_149' title='bbox 3255 709 3373 780; x_wconf 87' lang='lat' dir='ltr'><strong>ipse</strong></span> <span class='ocrx_word' id='word_1_150' title='bbox 3407 711 3597 769; x_wconf 88' lang='lat' dir='ltr'><strong>libera-</strong></span> 
     </span>
    </p>
   </div>
   <div class='ocr_carea' id='block_1_21' title="bbox 2021 789 3596 876">
    <p class='ocr_par' dir='ltr' id='par_1_21' title="bbox 2021 789 3596 876">
     <span class='ocr_line' id='line_1_21' title="bbox 2021 789 3596 876; baseline 0.01 -32"><span class='ocrx_word' id='word_1_151' title='bbox 2021 789 2098 844; x_wconf 89' lang='lat' dir='ltr'><strong>bit</strong></span> <span class='ocrx_word' id='word_1_152' title='bbox 2119 805 2207 845; x_wconf 87' lang='lat' dir='ltr'><strong>me</strong></span> <span class='ocrx_word' id='word_1_153' title='bbox 2242 791 2310 846; x_wconf 87' lang='lat' dir='ltr'><strong>de</strong></span> <span class='ocrx_word' id='word_1_154' title='bbox 2339 792 2532 860; x_wconf 89' lang='lat' dir='ltr'><strong>laqueo</strong></span> <span class='ocrx_word' id='word_1_155' title='bbox 2559 793 2878 860; x_wconf 65' lang='lat' dir='ltr'><strong>daemonum,</strong></span> <span class='ocrx_word' id='word_1_156' title='bbox 2911 805 2966 851; x_wconf 91' lang='lat' dir='ltr'><strong>et</strong></span> <span class='ocrx_word' id='word_1_157' title='bbox 3002 813 3032 852; x_wconf 90' lang='lat' dir='ltr'><strong>a</strong></span> <span class='ocrx_word' id='word_1_158' title='bbox 3063 800 3226 855; x_wconf 91' lang='lat' dir='ltr'><strong>verbo</strong></span> <span class='ocrx_word' id='word_1_159' title='bbox 3248 816 3441 872; x_wconf 88' lang='lat' dir='ltr'><strong>aspero</strong></span> <span class='ocrx_word' id='word_1_160' title='bbox 3469 820 3596 876; x_wconf 89' lang='lat' dir='ltr'><strong>sug-</strong></span> 
     </span>
    </p>
   </div>
   <div class='ocr_carea' id='block_1_22' title="bbox 2018 881 3593 966">
    <p class='ocr_par' dir='ltr' id='par_1_22' title="bbox 2018 881 3593 966">
     <span class='ocr_line' id='line_1_22' title="bbox 2018 881 3593 966; baseline 0.011 -31"><span class='ocrx_word' id='word_1_161' title='bbox 2018 881 2323 948; x_wconf 89' lang='lat' dir='ltr'><strong>gestionum</strong></span> <span class='ocrx_word' id='word_1_162' title='bbox 2369 897 2574 938; x_wconf 91' lang='lat' dir='ltr'><strong>eorum.</strong></span> <span class='ocrx_word' id='word_1_163' title='bbox 2607 882 2664 938; x_wconf 91' lang='lat' dir='ltr'><strong>Si</strong></span> <span class='ocrx_word' id='word_1_164' title='bbox 2710 885 2782 940; x_wconf 90' lang='lat' dir='ltr'><strong>ita</strong></span> <span class='ocrx_word' id='word_1_165' title='bbox 2814 885 3044 955; x_wconf 80' lang='lat' dir='ltr'><strong>dixeris,</strong></span> <span class='ocrx_word' id='word_1_166' title='bbox 3073 889 3118 944; x_wconf 91' lang='lat' dir='ltr'><strong>si</strong></span> <span class='ocrx_word' id='word_1_167' title='bbox 3164 891 3238 946; x_wconf 91' lang='lat' dir='ltr'><strong>ita</strong></span> <span class='ocrx_word' id='word_1_168' title='bbox 3284 894 3593 966; x_wconf 89' lang='lat' dir='ltr'><strong>credideris,</strong></span> 
     </span>
    </p>
   </div>
   <div class='ocr_carea' id='block_1_23' title="bbox 2020 971 3594 1051">
    <p class='ocr_par' dir='ltr' id='par_1_23' title="bbox 2020 971 3594 1051">
     <span class='ocr_line' id='line_1_23' title="bbox 2020 971 3594 1051; baseline 0.013 -28"><span class='ocrx_word' id='word_1_169' title='bbox 2020 978 2132 1024; x_wconf 90' lang='lat' dir='ltr'><strong>tum</strong></span> <span class='ocrx_word' id='word_1_170' title='bbox 2159 971 2376 1026; x_wconf 89' lang='lat' dir='ltr'><strong>demum</strong></span> <span class='ocrx_word' id='word_1_171' title='bbox 2405 974 2457 1026; x_wconf 90' lang='lat' dir='ltr'><strong>in</strong></span> <span class='ocrx_word' id='word_1_172' title='bbox 2487 977 2718 1044; x_wconf 88' lang='lat' dir='ltr'><strong>scapulis</strong></span> <span class='ocrx_word' id='word_1_173' title='bbox 2763 979 2875 1033; x_wconf 89' lang='lat' dir='ltr'><strong>suis</strong></span> <span class='ocrx_word' id='word_1_174' title='bbox 2916 980 3256 1038; x_wconf 89' lang='lat' dir='ltr'><strong>obumbrabit</strong></span> <span class='ocrx_word' id='word_1_175' title='bbox 3285 993 3369 1051; x_wconf 92' lang='lat' dir='ltr'><strong>te,</strong></span> <span class='ocrx_word' id='word_1_176' title='bbox 3397 994 3452 1041; x_wconf 93' lang='lat' dir='ltr'><strong>et</strong></span> <span class='ocrx_word' id='word_1_177' title='bbox 3494 990 3594 1044; x_wconf 89' lang='lat' dir='ltr'><strong>sub</strong></span> 
     </span>
    </p>
   </div>
   <div class='ocr_carea' id='block_1_24' title="bbox 2020 1060 3594 1144">
    <p class='ocr_par' dir='ltr' id='par_1_24' title="bbox 2020 1060 3594 1144">
     <span class='ocr_line' id='line_1_24' title="bbox 2020 1060 3594 1144; baseline 0.013 -30"><span class='ocrx_word' id='word_1_178' title='bbox 2020 1060 2212 1130; x_wconf 87' lang='lat' dir='ltr'><strong>pennis</strong></span> <span class='ocrx_word' id='word_1_179' title='bbox 2238 1060 2354 1131; x_wconf 88' lang='lat' dir='ltr'><strong>ejus</strong></span> <span class='ocrx_word' id='word_1_180' title='bbox 2396 1064 2656 1132; x_wconf 89' lang='lat' dir='ltr'><strong>sperabis.</strong></span> <span class='ocrx_word' id='word_1_181' title='bbox 2706 1065 2900 1122; x_wconf 74' lang='lat' dir='ltr'><strong>Pennas</strong></span> <span class='ocrx_word' id='word_1_182' title='bbox 2946 1068 3042 1124; x_wconf 90' lang='lat' dir='ltr'><strong>Dei</strong></span> <span class='ocrx_word' id='word_1_183' title='bbox 3089 1073 3264 1141; x_wconf 89' lang='lat' dir='ltr'><strong>angeli</strong></span> <span class='ocrx_word' id='word_1_184' title='bbox 3310 1074 3426 1144; x_wconf 88' lang='lat' dir='ltr'><strong>ejus</strong></span> <span class='ocrx_word' id='word_1_185' title='bbox 3471 1089 3594 1134; x_wconf 88' lang='lat' dir='ltr'><strong>sunt</strong></span> 
     </span>
    </p>
   </div>
   <div class='ocr_carea' id='block_1_25' title="bbox 2018 1153 3595 1230">
    <p class='ocr_par' dir='ltr' id='par_1_25' title="bbox 2018 1153 3595 1230">
     <span class='ocr_line' id='line_1_25' title="bbox 2018 1153 3595 1230; baseline 0.016 -27"><span class='ocrx_word' id='word_1_186' title='bbox 2018 1164 2244 1218; x_wconf 89' lang='lat' dir='ltr'><strong>quorum</strong></span> <span class='ocrx_word' id='word_1_187' title='bbox 2271 1153 2528 1209; x_wconf 71' lang='lat' dir='ltr'><strong>custodia:</strong></span> <span class='ocrx_word' id='word_1_188' title='bbox 2555 1157 2938 1226; x_wconf 86' lang='lat' dir='ltr'><strong>mancipamur.</strong></span> <span class='ocrx_word' id='word_1_189' title='bbox 2971 1159 3133 1218; x_wconf 88' lang='lat' dir='ltr'><strong>Scuto</strong></span> <span class='ocrx_word' id='word_1_190' title='bbox 3160 1164 3511 1226; x_wconf 89' lang='lat' dir='ltr'><strong>circumdabit</strong></span> <span class='ocrx_word' id='word_1_191' title='bbox 3543 1181 3595 1230; x_wconf 85' lang='lat' dir='ltr'><strong>te</strong></span> 
     </span>
    </p>
   </div>
   <div class='ocr_carea' id='block_1_26' title="bbox 2018 1239 3592 1329">
    <p class='ocr_par' dir='ltr' id='par_1_26' title="bbox 2018 1239 3592 1329">
     <span class='ocr_line' id='line_1_26' title="bbox 2018 1239 3592 1329; baseline 0.016 -37"><span class='ocrx_word' id='word_1_192' title='bbox 2018 1239 2216 1295; x_wconf 89' lang='lat' dir='ltr'><strong>veritas</strong></span> <span class='ocrx_word' id='word_1_193' title='bbox 2242 1240 2376 1310; x_wconf 87' lang='lat' dir='ltr'><strong>ejus.</strong></span> <span class='ocrx_word' id='word_1_194' title='bbox 2423 1241 2590 1298; x_wconf 93' lang='lat' dir='ltr'><strong>Scuto</strong></span> <span class='ocrx_word' id='word_1_195' title='bbox 2629 1249 2888 1316; x_wconf 89' lang='lat' dir='ltr'><strong>corporis,</strong></span> <span class='ocrx_word' id='word_1_196' title='bbox 2931 1253 3222 1319; x_wconf 74' lang='lat' dir='ltr'><strong>sanguinis,</strong></span> <span class='ocrx_word' id='word_1_197' title='bbox 3271 1257 3592 1329; x_wconf 88' lang='lat' dir='ltr'><strong>chrismatis,</strong></span> 
     </span>
    </p>
   </div>
   <div class='ocr_carea' id='block_1_27' title="bbox 2016 1333 3591 1407">
    <p class='ocr_par' dir='ltr' id='par_1_27' title="bbox 2016 1333 3591 1407">
     <span class='ocr_line' id='line_1_27' title="bbox 2016 1333 3591 1407; baseline 0.016 -24"><span class='ocrx_word' id='word_1_198' title='bbox 2016 1343 2126 1397; x_wconf 92' lang='lat' dir='ltr'><strong>quo</strong></span> <span class='ocrx_word' id='word_1_199' title='bbox 2154 1340 2306 1387; x_wconf 88' lang='lat' dir='ltr'><strong>scuto</strong></span> <span class='ocrx_word' id='word_1_200' title='bbox 2358 1343 2414 1387; x_wconf 91' lang='lat' dir='ltr'><strong>et</strong></span> <span class='ocrx_word' id='word_1_201' title='bbox 2464 1333 2798 1391; x_wconf 83' lang='lat' dir='ltr'><strong>defendimur</strong></span> <span class='ocrx_word' id='word_1_202' title='bbox 2841 1346 2895 1393; x_wconf 91' lang='lat' dir='ltr'><strong>et</strong></span> <span class='ocrx_word' id='word_1_203' title='bbox 2939 1355 3280 1400; x_wconf 88' lang='lat' dir='ltr'><strong>coronamur.</strong></span> <span class='ocrx_word' id='word_1_204' title='bbox 3311 1346 3401 1404; x_wconf 90' lang='lat' dir='ltr'><strong>Sic</strong></span> <span class='ocrx_word' id='word_1_205' title='bbox 3450 1352 3591 1407; x_wconf 91' lang='lat' dir='ltr'><strong>enim</strong></span> 
     </span>
    </p>
   </div>
   <div class='ocr_carea' id='block_1_28' title="bbox 2017 1419 3592 1498">
    <p class='ocr_par' dir='ltr' id='par_1_28' title="bbox 2017 1419 3592 1498">
     <span class='ocr_line' id='line_1_28' title="bbox 2017 1419 3592 1498; baseline 0.017 -26"><span class='ocrx_word' id='word_1_206' title='bbox 2017 1419 2253 1489; x_wconf 89' lang='lat' dir='ltr'><strong>psalmus</strong></span> <span class='ocrx_word' id='word_1_207' title='bbox 2300 1423 2434 1479; x_wconf 91' lang='lat' dir='ltr'><strong>alius</strong></span> <span class='ocrx_word' id='word_1_208' title='bbox 2484 1428 2674 1481; x_wconf 88' lang='lat' dir='ltr'><strong>asserit</strong></span> <span class='ocrx_word' id='word_1_209' title='bbox 2709 1429 2853 1497; x_wconf 91' lang='lat' dir='ltr'><strong>quod</strong></span> <span class='ocrx_word' id='word_1_210' title='bbox 2899 1441 3052 1488; x_wconf 87' lang='lat' dir='ltr'><strong>scuto</strong></span> <span class='ocrx_word' id='word_1_211' title='bbox 3101 1435 3257 1490; x_wconf 77' lang='lat' dir='ltr'><strong>bona:</strong></span> <span class='ocrx_word' id='word_1_212' title='bbox 3303 1440 3592 1498; x_wconf 87' lang='lat' dir='ltr'><strong>voluntatis</strong></span> 
     </span>
    </p>
   </div>
   <div class='ocr_carea' id='block_1_29' title="bbox 2015 1515 3591 1593">
    <p class='ocr_par' dir='ltr' id='par_1_29' title="bbox 2015 1515 3591 1593">
     <span class='ocr_line' id='line_1_29' title="bbox 2015 1515 3591 1593; baseline 0.016 -28"><span class='ocrx_word' id='word_1_213' title='bbox 2015 1521 2239 1567; x_wconf 89' lang='lat' dir='ltr'><strong>coronet</strong></span> <span class='ocrx_word' id='word_1_214' title='bbox 2265 1529 2384 1569; x_wconf 86' lang='lat' dir='ltr'><strong>nos.</strong></span> <span class='ocrx_word' id='word_1_215' title='bbox 2412 1515 2526 1572; x_wconf 88' lang='lat' dir='ltr'><strong>lloc</strong></span> <span class='ocrx_word' id='word_1_216' title='bbox 2553 1517 2714 1572; x_wconf 88' lang='lat' dir='ltr'><strong>etiam</strong></span> <span class='ocrx_word' id='word_1_217' title='bbox 2740 1520 2792 1574; x_wconf 90' lang='lat' dir='ltr'><strong>in</strong></span> <span class='ocrx_word' id='word_1_218' title='bbox 2823 1521 2926 1576; x_wconf 92' lang='lat' dir='ltr'><strong>isto</strong></span> <span class='ocrx_word' id='word_1_219' title='bbox 2946 1524 3172 1593; x_wconf 90' lang='lat' dir='ltr'><strong>psalmo,</strong></span> <span class='ocrx_word' id='word_1_220' title='bbox 3196 1537 3256 1583; x_wconf 94' lang='lat' dir='ltr'><strong>ut</strong></span> <span class='ocrx_word' id='word_1_221' title='bbox 3277 1546 3385 1586; x_wconf 91' lang='lat' dir='ltr'><strong>non</strong></span> <span class='ocrx_word' id='word_1_222' title='bbox 3408 1536 3591 1592; x_wconf 87' lang='lat' dir='ltr'><strong>timea-</strong></span> 
     </span>
    </p>
   </div>
   <div class='ocr_carea' id='block_1_30' title="bbox 2018 1606 3590 1699">
    <p class='ocr_par' dir='ltr' id='par_1_30' title="bbox 2018 1606 3590 1699">
     <span class='ocr_line' id='line_1_30' title="bbox 2018 1606 3590 1699; baseline 0.018 -44"><span class='ocrx_word' id='word_1_223' title='bbox 2018 1618 2136 1657; x_wconf 90' lang='lat' dir='ltr'><strong>mus</strong></span> <span class='ocrx_word' id='word_1_224' title='bbox 2163 1619 2192 1658; x_wconf 91' lang='lat' dir='ltr'><strong>a</strong></span> <span class='ocrx_word' id='word_1_225' title='bbox 2224 1606 2414 1662; x_wconf 89' lang='lat' dir='ltr'><strong>timore</strong></span> <span class='ocrx_word' id='word_1_226' title='bbox 2441 1617 2724 1680; x_wconf 85' lang='lat' dir='ltr'><strong>nocturno.</strong></span> <span class='ocrx_word' id='word_1_227' title='bbox 2759 1611 3076 1671; x_wconf 75' lang='lat' dir='ltr'><strong>Libidinosa:</strong></span> <span class='ocrx_word' id='word_1_228' title='bbox 3115 1621 3320 1677; x_wconf 90' lang='lat' dir='ltr'><strong>scilicet</strong></span> <span class='ocrx_word' id='word_1_229' title='bbox 3345 1626 3590 1699; x_wconf 87' lang='lat' dir='ltr'><strong>volupta-</strong></span> 
     </span>
    </p>
   </div>
   <div class='ocr_carea' id='block_1_31' title="bbox 2017 1695 3590 1791">
    <p class='ocr_par' dir='ltr' id='par_1_31' title="bbox 2017 1695 3590 1791">
     <span class='ocr_line' id='line_1_31' title="bbox 2017 1695 3590 1791; baseline 0.018 -44"><span class='ocrx_word' id='word_1_230' title='bbox 2017 1695 2104 1761; x_wconf 89' lang='lat' dir='ltr'><strong>tis,</strong></span> <span class='ocrx_word' id='word_1_231' title='bbox 2135 1695 2288 1765; x_wconf 88' lang='lat' dir='ltr'><strong>cujus</strong></span> <span class='ocrx_word' id='word_1_232' title='bbox 2310 1700 2500 1767; x_wconf 81' lang='lat' dir='ltr'><strong>sagitta</strong></span> <span class='ocrx_word' id='word_1_233' title='bbox 2523 1701 2671 1757; x_wconf 87' lang='lat' dir='ltr'><strong>volat</strong></span> <span class='ocrx_word' id='word_1_234' title='bbox 2698 1719 2794 1773; x_wconf 90' lang='lat' dir='ltr'><strong>per</strong></span> <span class='ocrx_word' id='word_1_235' title='bbox 2813 1705 2972 1762; x_wconf 90' lang='lat' dir='ltr'><strong>diem.</strong></span> <span class='ocrx_word' id='word_1_236' title='bbox 3006 1708 3160 1776; x_wconf 88' lang='lat' dir='ltr'><strong>Quod</strong></span> <span class='ocrx_word' id='word_1_237' title='bbox 3189 1714 3332 1770; x_wconf 90' lang='lat' dir='ltr'><strong>enim</strong></span> <span class='ocrx_word' id='word_1_238' title='bbox 3363 1717 3415 1772; x_wconf 91' lang='lat' dir='ltr'><strong>in</strong></span> <span class='ocrx_word' id='word_1_239' title='bbox 3437 1695 3590 1791; x_wconf 76' lang='lat' dir='ltr'><strong>aspe-</strong></span> 
     </span>
    </p>
   </div>
   <div class='ocr_carea' id='block_1_32' title="bbox 2018 1789 3589 1874">
    <p class='ocr_par' dir='ltr' id='par_1_32' title="bbox 2018 1789 3589 1874">
     <span class='ocr_line' id='line_1_32' title="bbox 2018 1789 3589 1874; baseline 0.018 -34"><span class='ocrx_word' id='word_1_240' title='bbox 2018 1795 2109 1841; x_wconf 90' lang='lat' dir='ltr'><strong>ctu</strong></span> <span class='ocrx_word' id='word_1_241' title='bbox 2149 1789 2364 1856; x_wconf 84' lang='lat' dir='ltr'><strong>luminis</strong></span> <span class='ocrx_word' id='word_1_242' title='bbox 2393 1794 2808 1864; x_wconf 86' lang='lat' dir='ltr'><strong>concupiscitur,</strong></span> <span class='ocrx_word' id='word_1_243' title='bbox 2841 1799 2999 1869; x_wconf 88' lang='lat' dir='ltr'><strong>hujus</strong></span> <span class='ocrx_word' id='word_1_244' title='bbox 3038 1807 3313 1874; x_wconf 86' lang='lat' dir='ltr'><strong>negotium</strong></span> <span class='ocrx_word' id='word_1_245' title='bbox 3353 1810 3405 1864; x_wconf 90' lang='lat' dir='ltr'><strong>in</strong></span> <span class='ocrx_word' id='word_1_246' title='bbox 3450 1789 3589 1870; x_wconf 79' lang='lat' dir='ltr'><strong>tene-</strong></span> 
     </span>
    </p>
   </div>
   <div class='ocr_carea' id='block_1_33' title="bbox 336 1876 1962 1960">
    <p class='ocr_par' dir='ltr' id='par_1_33' title="bbox 336 1876 1962 1954">
     <span class='ocr_line' id='line_1_33' title="bbox 336 1876 1962 1954; baseline 0.01 -21"><span class='ocrx_word' id='word_1_247' title='bbox 336 1876 533 1934; x_wconf 87' lang='lat' dir='ltr'><strong>Christi</strong></span> <span class='ocrx_word' id='word_1_248' title='bbox 553 1879 670 1936; x_wconf 84' lang='lat' dir='ltr'><strong>Filii</strong></span> <span class='ocrx_word' id='word_1_249' title='bbox 692 1881 787 1948; x_wconf 91' lang='lat' dir='ltr'><strong>tui,</strong></span> <span class='ocrx_word' id='word_1_250' title='bbox 801 1890 861 1937; x_wconf 89' lang='lat' dir='ltr'><strong>ut</strong></span> <span class='ocrx_word' id='word_1_251' title='bbox 883 1883 955 1939; x_wconf 86' lang='lat' dir='ltr'><strong>sit</strong></span> <span class='ocrx_word' id='word_1_252' title='bbox 980 1883 1234 1954; x_wconf 87' lang='lat' dir='ltr'><strong>splendor</strong></span> <span class='ocrx_word' id='word_1_253' title='bbox 1260 1885 1469 1942; x_wconf 90' lang='lat' dir='ltr'><strong>Domini</strong></span> <span class='ocrx_word' id='word_1_254' title='bbox 1500 1887 1594 1943; x_wconf 89' lang='lat' dir='ltr'><strong>Dei</strong></span> <span class='ocrx_word' id='word_1_255' title='bbox 1622 1891 1791 1945; x_wconf 88' lang='lat' dir='ltr'><strong>nostri</strong></span> <span class='ocrx_word' id='word_1_256' title='bbox 1817 1907 1910 1946; x_wconf 90' lang='lat' dir='ltr'><strong>su-</strong></span> <span class='ocrx_word' id='word_1_257' title='bbox 1941 1888 1962 1950; x_wconf 87' lang='grc'>1</span> 
     </span>
    </p>
   </div>
   <div class='ocr_carea' id='block_1_34' title="bbox 1967 1876 3588 1960">
    <p class='ocr_par' dir='ltr' id='par_1_34' title="bbox 1967 1877 3588 1960">
     <span class='ocr_line' id='line_1_34' title="bbox 1967 1877 3588 1960; baseline 0.019 -29"><span class='ocrx_word' id='word_1_258' title='bbox 1967 1890 1992 1949; x_wconf 70' lang='lat'><strong>3</strong></span> <span class='ocrx_word' id='word_1_259' title='bbox 2016 1877 2126 1933; x_wconf 89' lang='lat' dir='ltr'><strong>bris</strong></span> <span class='ocrx_word' id='word_1_260' title='bbox 2149 1889 2506 1950; x_wconf 86' lang='lat' dir='ltr'><strong>perpetratur,</strong></span> <span class='ocrx_word' id='word_1_261' title='bbox 2549 1894 2642 1939; x_wconf 90' lang='lat' dir='ltr'><strong>aut</strong></span> <span class='ocrx_word' id='word_1_262' title='bbox 2663 1886 2716 1941; x_wconf 90' lang='lat' dir='ltr'><strong>in</strong></span> <span class='ocrx_word' id='word_1_263' title='bbox 2745 1889 2916 1955; x_wconf 89' lang='lat' dir='ltr'><strong>ruina,</strong></span> <span class='ocrx_word' id='word_1_264' title='bbox 2948 1903 3040 1947; x_wconf 88' lang='lat' dir='ltr'><strong>aut</strong></span> <span class='ocrx_word' id='word_1_265' title='bbox 3065 1895 3119 1949; x_wconf 92' lang='lat' dir='ltr'><strong>in</strong></span> <span class='ocrx_word' id='word_1_266' title='bbox 3143 1896 3409 1956; x_wconf 79' lang='lat' dir='ltr'><strong>daemonio</strong></span> <span class='ocrx_word' id='word_1_267' title='bbox 3432 1907 3588 1960; x_wconf 82' lang='lat' dir='ltr'><strong>ineri-</strong></span> 
     </span>
    </p>
   </div>
   <div class='ocr_carea' id='block_1_35' title="bbox 336 1981 1916 2044">
    <p class='ocr_par' dir='ltr' id='par_1_35' title="bbox 336 1981 1916 2044">
     <span class='ocr_line' id='line_1_35' title="bbox 336 1981 1916 2044; baseline 0.009 -21"><span class='ocrx_word' id='word_1_268' title='bbox 336 1982 435 2038; x_wconf 90' lang='lat' dir='ltr'><strong>per</strong></span> <span class='ocrx_word' id='word_1_269' title='bbox 461 1984 593 2036; x_wconf 89' lang='lat' dir='ltr'><strong>nos,</strong></span> <span class='ocrx_word' id='word_1_270' title='bbox 623 1985 720 2041; x_wconf 84' lang='lat' dir='ltr'><strong>per</strong></span> <span class='ocrx_word' id='word_1_271' title='bbox 743 1986 904 2042; x_wconf 90' lang='lat' dir='ltr'><strong>quem</strong></span> <span class='ocrx_word' id='word_1_272' title='bbox 950 1988 1116 2044; x_wconf 87' lang='lat' dir='ltr'><strong>opera</strong></span> <span class='ocrx_word' id='word_1_273' title='bbox 1156 1991 1407 2032; x_wconf 89' lang='lat' dir='ltr'><strong>manuum</strong></span> <span class='ocrx_word' id='word_1_274' title='bbox 1456 1988 1779 2036; x_wconf 88' lang='lat' dir='ltr'><strong>nostrarum.</strong></span> <span class='ocrx_word' id='word_1_275' title='bbox 1813 1981 1916 2039; x_wconf 90' lang='lat' dir='ltr'><strong>Per</strong></span> 
     </span>
    </p>
   </div>
   <div class='ocr_carea' id='block_1_36' title="bbox 338 2059 1910 2141">
    <p class='ocr_par' dir='ltr' id='par_1_36' title="bbox 338 2059 1910 2141">
     <span class='ocr_line' id='line_1_36' title="bbox 338 2059 1910 2141; baseline 0.009 -28"><span class='ocrx_word' id='word_1_276' title='bbox 338 2059 514 2128; x_wconf 87' lang='lat' dir='ltr'><strong>ipsum</strong></span> <span class='ocrx_word' id='word_1_277' title='bbox 567 2061 710 2115; x_wconf 90' lang='lat' dir='ltr'><strong>enim</strong></span> <span class='ocrx_word' id='word_1_278' title='bbox 755 2061 988 2119; x_wconf 87' lang='lat' dir='ltr'><strong>directus</strong></span> <span class='ocrx_word' id='word_1_279' title='bbox 1033 2073 1116 2119; x_wconf 89' lang='lat' dir='ltr'><strong>est</strong></span> <span class='ocrx_word' id='word_1_280' title='bbox 1163 2068 1338 2124; x_wconf 88' lang='lat' dir='ltr'><strong>omnis</strong></span> <span class='ocrx_word' id='word_1_281' title='bbox 1384 2076 1542 2124; x_wconf 90' lang='lat' dir='ltr'><strong>tenor</strong></span> <span class='ocrx_word' id='word_1_282' title='bbox 1586 2070 1910 2141; x_wconf 63' lang='lat' dir='ltr'><strong>disciplinae,</strong></span> 
     </span>
    </p>
   </div>
   <div class='ocr_carea' id='block_1_37' title="bbox 341 2149 1912 2229">
    <p class='ocr_par' dir='ltr' id='par_1_37' title="bbox 341 2149 1912 2229">
     <span class='ocr_line' id='line_1_37' title="bbox 341 2149 1912 2229; baseline 0.011 -27"><span class='ocrx_word' id='word_1_283' title='bbox 341 2149 623 2205; x_wconf 85' lang='lat' dir='ltr'><strong>emendata</strong></span> <span class='ocrx_word' id='word_1_284' title='bbox 668 2151 784 2218; x_wconf 90' lang='lat' dir='ltr'><strong>lex,</strong></span> <span class='ocrx_word' id='word_1_285' title='bbox 825 2161 1064 2210; x_wconf 84' lang='lat' dir='ltr'><strong>correcta</strong></span> <span class='ocrx_word' id='word_1_286' title='bbox 1111 2159 1445 2225; x_wconf 89' lang='lat' dir='ltr'><strong>perversitas,</strong></span> <span class='ocrx_word' id='word_1_287' title='bbox 1486 2161 1712 2229; x_wconf 79' lang='lat' dir='ltr'><strong>aequitas</strong></span> <span class='ocrx_word' id='word_1_288' title='bbox 1739 2163 1912 2218; x_wconf 85' lang='lat' dir='ltr'><strong>adim-</strong></span> 
     </span>
    </p>
   </div>
   <div class='ocr_carea' id='block_1_38' title="bbox 342 2238 1704 2312">
    <p class='ocr_par' dir='ltr' id='par_1_38' title="bbox 342 2238 1704 2312">
     <span class='ocr_line' id='line_1_38' title="bbox 342 2238 1704 2312; baseline 0.007 -18"><span class='ocrx_word' id='word_1_289' title='bbox 342 2238 510 2310; x_wconf 88' lang='lat' dir='ltr'><strong>pleta,</strong></span> <span class='ocrx_word' id='word_1_290' title='bbox 537 2240 637 2312; x_wconf 89' lang='lat' dir='ltr'><strong>ipsi</strong></span> <span class='ocrx_word' id='word_1_291' title='bbox 661 2241 830 2312; x_wconf 85' lang='lat' dir='ltr'><strong>gloria</strong></span> <span class='ocrx_word' id='word_1_292' title='bbox 858 2243 913 2298; x_wconf 92' lang='lat' dir='ltr'><strong>in</strong></span> <span class='ocrx_word' id='word_1_293' title='bbox 939 2245 1128 2300; x_wconf 63' lang='lat' dir='ltr'><strong>saecula</strong></span> <span class='ocrx_word' id='word_1_294' title='bbox 1155 2247 1484 2304; x_wconf 81' lang='lat' dir='ltr'><strong>s:eculormn.</strong></span> <span class='ocrx_word' id='word_1_295' title='bbox 1517 2250 1704 2306; x_wconf 83' lang='lat' dir='ltr'><strong>Amen.</strong></span> 
     </span>
    </p>
   </div>
   <div class='ocr_carea' id='block_1_39' title="bbox 905 2377 1362 2438">
    <p class='ocr_par' dir='ltr' id='par_1_39' title="bbox 905 2377 1362 2438">
     <span class='ocr_line' id='line_1_39' title="bbox 905 2377 1362 2438; baseline 0.002 -3"><span class='ocrx_word' id='word_1_296' title='bbox 905 2377 1128 2436; x_wconf 81' lang='lat' dir='ltr'><strong>PSALM</strong></span> <span class='ocrx_word' id='word_1_297' title='bbox 1135 2380 1217 2437; x_wconf 92' lang='lat' dir='ltr'><strong>US</strong></span> <span class='ocrx_word' id='word_1_298' title='bbox 1253 2381 1362 2438; x_wconf 81' lang='lat' dir='ltr'><strong>XC.</strong></span> 
     </span>
    </p>
   </div>
   <div class='ocr_carea' id='block_1_40' title="bbox 790 2489 1489 2588">
    <p class='ocr_par' dir='ltr' id='par_1_40' title="bbox 790 2489 1489 2588">
     <span class='ocr_line' id='line_1_40' title="bbox 790 2489 1489 2588; baseline 0.007 -44"><span class='ocrx_word' id='word_1_299' title='bbox 790 2489 928 2546; x_wconf 87' lang='lat' dir='ltr'><strong>Laus</strong></span> <span class='ocrx_word' id='word_1_300' title='bbox 953 2492 1149 2548; x_wconf 88' lang='lat' dir='ltr'><strong>cantici</strong></span> <span class='ocrx_word' id='word_1_301' title='bbox 1179 2493 1279 2564; x_wconf 90' lang='lat' dir='ltr'><strong>ipsi</strong></span> <span class='ocrx_word' id='word_1_302' title='bbox 1307 2494 1489 2588; x_wconf 62' lang='lat' dir='ltr'><strong>David.</strong></span> 
     </span>
    </p>
   </div>
   <div class='ocr_carea' id='block_1_41' title="bbox 405 2598 1911 2674">
    <p class='ocr_par' dir='ltr' id='par_1_41' title="bbox 405 2598 1911 2674">
     <span class='ocr_line' id='line_1_41' title="bbox 405 2598 1911 2674; baseline 0.011 -23"><span class='ocrx_word' id='word_1_303' title='bbox 405 2598 504 2663; x_wconf 80' lang='lat' dir='ltr'><strong>Qui</strong></span> <span class='ocrx_word' id='word_1_304' title='bbox 529 2599 724 2655; x_wconf 80' lang='lat' dir='ltr'><strong>habitat</strong></span> <span class='ocrx_word' id='word_1_305' title='bbox 751 2603 805 2655; x_wconf 87' lang='lat' dir='ltr'><strong>in</strong></span> <span class='ocrx_word' id='word_1_306' title='bbox 824 2603 1085 2674; x_wconf 85' lang='lat' dir='ltr'><strong>adjutorio</strong></span> <span class='ocrx_word' id='word_1_307' title='bbox 1112 2605 1386 2672; x_wconf 80' lang='lat' dir='ltr'><strong>Altissimi,</strong></span> <span class='ocrx_word' id='word_1_308' title='bbox 1405 2611 1461 2661; x_wconf 90' lang='lat' dir='ltr'><strong>in</strong></span> <span class='ocrx_word' id='word_1_309' title='bbox 1483 2613 1794 2673; x_wconf 87' lang='lat' dir='ltr'><strong>protectione</strong></span> <span class='ocrx_word' id='word_1_310' title='bbox 1813 2611 1911 2668; x_wconf 88' lang='lat' dir='ltr'><strong>Dei</strong></span> 
     </span>
    </p>
   </div>
   <div class='ocr_carea' id='block_1_42' title="bbox 329 2690 1912 2770">
    <p class='ocr_par' dir='ltr' id='par_1_42' title="bbox 329 2690 1912 2770">
     <span class='ocr_line' id='line_1_42' title="bbox 329 2690 1912 2770; baseline 0.008 -24"><span class='ocrx_word' id='word_1_311' title='bbox 329 2691 442 2746; x_wconf 78' lang='lat' dir='ltr'><strong>cteli</strong></span> <span class='ocrx_word' id='word_1_312' title='bbox 467 2691 880 2748; x_wconf 84' lang='lat' dir='ltr'><strong>commorabitur.</strong></span> <span class='ocrx_word' id='word_1_313' title='bbox 912 2693 1064 2759; x_wconf 82' lang='lat' dir='ltr'><strong>Dicet</strong></span> <span class='ocrx_word' id='word_1_314' title='bbox 1091 2695 1318 2752; x_wconf 89' lang='lat' dir='ltr'><strong>Domino</strong></span> <span class='ocrx_word' id='word_1_315' title='bbox 1343 2715 1359 2750; x_wconf 90' lang='lat'><strong><em>:</em></strong></span> <span class='ocrx_word' id='word_1_316' title='bbox 1385 2690 1662 2770; x_wconf 53' lang='lat' dir='ltr'><strong>Su&#39;sceptor</strong></span> <span class='ocrx_word' id='word_1_317' title='bbox 1690 2719 1831 2757; x_wconf 90' lang='lat' dir='ltr'><strong>meus</strong></span> <span class='ocrx_word' id='word_1_318' title='bbox 1857 2721 1912 2758; x_wconf 86' lang='lat' dir='ltr'><strong>es</strong></span> 
     </span>
    </p>
   </div>
   <div class='ocr_carea' id='block_1_43' title="bbox 329 2785 1906 2861">
    <p class='ocr_par' dir='ltr' id='par_1_43' title="bbox 329 2785 1906 2861">
     <span class='ocr_line' id='line_1_43' title="bbox 329 2785 1906 2861; baseline 0.008 -25"><span class='ocrx_word' id='word_1_319' title='bbox 329 2791 405 2849; x_wconf 85' lang='lat' dir='ltr'><strong>tu,</strong></span> <span class='ocrx_word' id='word_1_320' title='bbox 435 2792 483 2838; x_wconf 91' lang='lat' dir='ltr'><strong>et</strong></span> <span class='ocrx_word' id='word_1_321' title='bbox 521 2785 776 2855; x_wconf 76' lang='lat' dir='ltr'><strong>refugium</strong></span> <span class='ocrx_word' id='word_1_322' title='bbox 819 2802 1014 2851; x_wconf 78' lang='lat' dir='ltr'><strong>nteant;</strong></span> <span class='ocrx_word' id='word_1_323' title='bbox 1042 2785 1186 2841; x_wconf 91' lang='lat' dir='ltr'><strong>Deus</strong></span> <span class='ocrx_word' id='word_1_324' title='bbox 1228 2806 1372 2842; x_wconf 86' lang='lat' dir='ltr'><strong>meus</strong></span> <span class='ocrx_word' id='word_1_325' title='bbox 1391 2828 1405 2852; x_wconf 94' lang='lat'><strong>,</strong></span> <span class='ocrx_word' id='word_1_326' title='bbox 1437 2792 1652 2861; x_wconf 75' lang='lat' dir='ltr'><strong>sperabo</strong></span> <span class='ocrx_word' id='word_1_327' title='bbox 1679 2795 1734 2846; x_wconf 86' lang='lat' dir='ltr'><strong>in</strong></span> <span class='ocrx_word' id='word_1_328' title='bbox 1775 2811 1906 2849; x_wconf 88' lang='lat' dir='ltr'><strong>eum.</strong></span> 
     </span>
    </p>
   </div>
   <div class='ocr_carea' id='block_1_44' title="bbox 328 2873 1911 2952">
    <p class='ocr_par' dir='ltr' id='par_1_44' title="bbox 328 2873 1911 2952">
     <span class='ocr_line' id='line_1_44' title="bbox 328 2873 1911 2952; baseline 0.009 -25"><span class='ocrx_word' id='word_1_329' title='bbox 328 2873 589 2939; x_wconf 76' lang='lat' dir='ltr'><strong>Quoniam</strong></span> <span class='ocrx_word' id='word_1_330' title='bbox 634 2877 749 2946; x_wconf 89' lang='lat' dir='ltr'><strong>ipse</strong></span> <span class='ocrx_word' id='word_1_331' title='bbox 777 2875 1008 2932; x_wconf 82' lang='lat' dir='ltr'><strong>liberauit</strong></span> <span class='ocrx_word' id='word_1_332' title='bbox 1037 2895 1118 2933; x_wconf 91' lang='lat' dir='ltr'><strong>me</strong></span> <span class='ocrx_word' id='word_1_333' title='bbox 1150 2880 1214 2934; x_wconf 90' lang='lat' dir='ltr'><strong>de</strong></span> <span class='ocrx_word' id='word_1_334' title='bbox 1243 2882 1423 2949; x_wconf 78' lang='lat' dir='ltr'><strong>laqueo</strong></span> <span class='ocrx_word' id='word_1_335' title='bbox 1451 2886 1770 2952; x_wconf 79' lang='lat' dir='ltr'><strong>venantium,</strong></span> <span class='ocrx_word' id='word_1_336' title='bbox 1803 2896 1853 2940; x_wconf 88' lang='lat' dir='ltr'><strong>et</strong></span> <span class='ocrx_word' id='word_1_337' title='bbox 1879 2905 1911 2941; x_wconf 88' lang='lat' dir='ltr'><strong>a</strong></span> 
     </span>
    </p>
   </div>
   <div class='ocr_carea' id='block_1_45' title="bbox 325 2963 1912 3041">
    <p class='ocr_par' dir='ltr' id='par_1_45' title="bbox 325 2963 1912 3041">
     <span class='ocr_line' id='line_1_45' title="bbox 325 2963 1912 3041; baseline 0.008 -22"><span class='ocrx_word' id='word_1_338' title='bbox 325 2963 480 3020; x_wconf 78' lang='lat' dir='ltr'><strong>uerbo</strong></span> <span class='ocrx_word' id='word_1_339' title='bbox 534 2982 734 3036; x_wconf 87' lang='lat' dir='ltr'><strong>aspero.</strong></span> <span class='ocrx_word' id='word_1_340' title='bbox 771 2967 1012 3037; x_wconf 73' lang='lat' dir='ltr'><strong>Scapulis</strong></span> <span class='ocrx_word' id='word_1_341' title='bbox 1055 2971 1163 3023; x_wconf 84' lang='lat' dir='ltr'><strong>suis</strong></span> <span class='ocrx_word' id='word_1_342' title='bbox 1208 2972 1526 3026; x_wconf 88' lang='lat' dir='ltr'><strong>obumbrabit</strong></span> <span class='ocrx_word' id='word_1_343' title='bbox 1577 2975 1686 3041; x_wconf 88' lang='lat' dir='ltr'><strong>tibi,</strong></span> <span class='ocrx_word' id='word_1_344' title='bbox 1725 2987 1775 3033; x_wconf 89' lang='lat' dir='ltr'><strong>et</strong></span> <span class='ocrx_word' id='word_1_345' title='bbox 1821 2978 1912 3032; x_wconf 83' lang='lat' dir='ltr'><strong>sub</strong></span> 
     </span>
    </p>
   </div>
   <div class='ocr_carea' id='block_1_46' title="bbox 323 3054 1912 3125">
    <p class='ocr_par' dir='ltr' id='par_1_46' title="bbox 323 3054 1912 3125">
     <span class='ocr_line' id='line_1_46' title="bbox 323 3054 1912 3125; baseline 0.01 -19"><span class='ocrx_word' id='word_1_346' title='bbox 323 3055 516 3125; x_wconf 83' lang='lat' dir='ltr'><strong>pennis</strong></span> <span class='ocrx_word' id='word_1_347' title='bbox 568 3055 679 3125; x_wconf 85' lang='lat' dir='ltr'><strong>ejus</strong></span> <span class='ocrx_word' id='word_1_348' title='bbox 730 3054 977 3125; x_wconf 82' lang='lat' dir='ltr'><strong>sperabis.</strong></span> <span class='ocrx_word' id='word_1_349' title='bbox 1038 3055 1198 3114; x_wconf 87' lang='lat' dir='ltr'><strong>Scuto</strong></span> <span class='ocrx_word' id='word_1_350' title='bbox 1251 3061 1583 3117; x_wconf 85' lang='lat' dir='ltr'><strong>circumdabit</strong></span> <span class='ocrx_word' id='word_1_351' title='bbox 1633 3074 1682 3118; x_wconf 90' lang='lat' dir='ltr'><strong>te</strong></span> <span class='ocrx_word' id='word_1_352' title='bbox 1729 3068 1912 3122; x_wconf 84' lang='lat' dir='ltr'><strong>veritas</strong></span> 
     </span>
    </p>
   </div>
   <div class='ocr_carea' id='block_1_47' title="bbox 322 3147 1910 3228">
    <p class='ocr_par' dir='ltr' id='par_1_47' title="bbox 322 3147 1910 3228">
     <span class='ocr_line' id='line_1_47' title="bbox 322 3147 1910 3228; baseline 0.008 -28"><span class='ocrx_word' id='word_1_353' title='bbox 322 3147 460 3216; x_wconf 84' lang='lat' dir='ltr'><strong>ejus,</strong></span> <span class='ocrx_word' id='word_1_354' title='bbox 511 3163 614 3201; x_wconf 89' lang='lat' dir='ltr'><strong>non</strong></span> <span class='ocrx_word' id='word_1_355' title='bbox 667 3147 866 3202; x_wconf 86' lang='lat' dir='ltr'><strong>timebis</strong></span> <span class='ocrx_word' id='word_1_356' title='bbox 919 3165 950 3202; x_wconf 88' lang='lat' dir='ltr'><strong>a</strong></span> <span class='ocrx_word' id='word_1_357' title='bbox 989 3150 1173 3204; x_wconf 86' lang='lat' dir='ltr'><strong>timore</strong></span> <span class='ocrx_word' id='word_1_358' title='bbox 1209 3161 1476 3208; x_wconf 89' lang='lat' dir='ltr'><strong>nocturno.</strong></span> <span class='ocrx_word' id='word_1_359' title='bbox 1507 3154 1549 3208; x_wconf 84' lang='grc' dir='ltr'><strong><em>Λ</em></strong></span> <span class='ocrx_word' id='word_1_360' title='bbox 1593 3158 1780 3228; x_wconf 84' lang='lat' dir='ltr'><strong>sagitta</strong></span> <span class='ocrx_word' id='word_1_361' title='bbox 1825 3175 1910 3213; x_wconf 78' lang='lat' dir='ltr'><strong>vo-</strong></span> 
     </span>
    </p>
   </div>
   <div class='ocr_carea' id='block_1_48' title="bbox 2017 1968 3591 2061">
    <p class='ocr_par' dir='ltr' id='par_1_48' title="bbox 2017 1968 3591 2061">
     <span class='ocr_line' id='line_1_48' title="bbox 2017 1968 3591 2061; baseline 0.02 -39"><span class='ocrx_word' id='word_1_362' title='bbox 2017 1968 2179 2024; x_wconf 89' lang='lat' dir='ltr'><strong>diano</strong></span> <span class='ocrx_word' id='word_1_363' title='bbox 2205 1972 2492 2040; x_wconf 88' lang='lat' dir='ltr'><strong>perlicitur.</strong></span> <span class='ocrx_word' id='word_1_364' title='bbox 2527 1975 2632 2031; x_wconf 90' lang='lat' dir='ltr'><strong>Sed</strong></span> <span class='ocrx_word' id='word_1_365' title='bbox 2657 1979 2702 2032; x_wconf 91' lang='lat' dir='ltr'><strong>si</strong></span> <span class='ocrx_word' id='word_1_366' title='bbox 2748 1981 3074 2041; x_wconf 88' lang='lat' dir='ltr'><strong>habitaveris</strong></span> <span class='ocrx_word' id='word_1_367' title='bbox 3119 1989 3174 2042; x_wconf 90' lang='lat' dir='ltr'><strong>in</strong></span> <span class='ocrx_word' id='word_1_368' title='bbox 3203 1991 3471 2061; x_wconf 88' lang='lat' dir='ltr'><strong>adjutorio</strong></span> <span class='ocrx_word' id='word_1_369' title='bbox 3500 2000 3591 2054; x_wconf 82' lang='lat' dir='ltr'><strong>Al-</strong></span> 
     </span>
    </p>
   </div>
   <div class='ocr_carea' id='block_1_49' title="bbox 2016 2061 3588 2146">
    <p class='ocr_par' dir='ltr' id='par_1_49' title="bbox 2016 2061 3588 2146">
     <span class='ocr_line' id='line_1_49' title="bbox 2016 2061 3588 2146; baseline 0.021 -34"><span class='ocrx_word' id='word_1_370' title='bbox 2016 2061 2226 2146; x_wconf 80' lang='lat' dir='ltr'><strong>tissimi,</strong></span> <span class='ocrx_word' id='word_1_371' title='bbox 2254 2064 2447 2120; x_wconf 87' lang='lat' dir='ltr'><strong>cadent</strong></span> <span class='ocrx_word' id='word_1_372' title='bbox 2475 2083 2506 2121; x_wconf 89' lang='lat' dir='ltr'><strong>a</strong></span> <span class='ocrx_word' id='word_1_373' title='bbox 2532 2067 2700 2125; x_wconf 90' lang='lat' dir='ltr'><strong>latere</strong></span> <span class='ocrx_word' id='word_1_374' title='bbox 2740 2080 2832 2128; x_wconf 91' lang='lat' dir='ltr'><strong>tuo</strong></span> <span class='ocrx_word' id='word_1_375' title='bbox 2863 2076 3034 2142; x_wconf 92' lang='lat' dir='ltr'><strong>mille,</strong></span> <span class='ocrx_word' id='word_1_376' title='bbox 3068 2088 3124 2134; x_wconf 92' lang='lat' dir='ltr'><strong>et</strong></span> <span class='ocrx_word' id='word_1_377' title='bbox 3147 2081 3330 2138; x_wconf 92' lang='lat' dir='ltr'><strong>decem</strong></span> <span class='ocrx_word' id='word_1_378' title='bbox 3373 2089 3536 2144; x_wconf 89' lang='lat' dir='ltr'><strong>millia</strong></span> <span class='ocrx_word' id='word_1_379' title='bbox 3558 2107 3588 2144; x_wconf 92' lang='lat' dir='ltr'><strong>a</strong></span> 
     </span>
    </p>
   </div>
   <div class='ocr_carea' id='block_1_50' title="bbox 2014 2149 3588 2246">
    <p class='ocr_par' dir='ltr' id='par_1_50' title="bbox 2014 2149 3588 2246">
     <span class='ocr_line' id='line_1_50' title="bbox 2014 2149 3588 2246; baseline 0.018 -43"><span class='ocrx_word' id='word_1_380' title='bbox 2014 2149 2216 2207; x_wconf 88' lang='lat' dir='ltr'><strong>dextris</strong></span> <span class='ocrx_word' id='word_1_381' title='bbox 2243 2154 2366 2210; x_wconf 87' lang='lat' dir='ltr'><strong>tuis.</strong></span> <span class='ocrx_word' id='word_1_382' title='bbox 2385 2154 2669 2213; x_wconf 91' lang='lat' dir='ltr'><strong>Sinistrum</strong></span> <span class='ocrx_word' id='word_1_383' title='bbox 2693 2161 2744 2214; x_wconf 91' lang='lat' dir='ltr'><strong>in</strong></span> <span class='ocrx_word' id='word_1_384' title='bbox 2766 2177 2850 2226; x_wconf 92' lang='lat' dir='ltr'><strong>eo,</strong></span> <span class='ocrx_word' id='word_1_385' title='bbox 2869 2165 2961 2232; x_wconf 93' lang='lat' dir='ltr'><strong>qui</strong></span> <span class='ocrx_word' id='word_1_386' title='bbox 2989 2168 3088 2223; x_wconf 88' lang='lat' dir='ltr'><strong>sub</strong></span> <span class='ocrx_word' id='word_1_387' title='bbox 3114 2157 3312 2228; x_wconf 89' lang='lat' dir='ltr'><strong>auxilio</strong></span> <span class='ocrx_word' id='word_1_388' title='bbox 3342 2174 3435 2229; x_wconf 89' lang='lat' dir='ltr'><strong>Dei</strong></span> <span class='ocrx_word' id='word_1_389' title='bbox 3459 2179 3588 2246; x_wconf 82' lang='lat' dir='ltr'><strong>agit,</strong></span> 
     </span>
    </p>
   </div>
   <div class='ocr_carea' id='block_1_51' title="bbox 2015 2247 3586 2332">
    <p class='ocr_par' dir='ltr' id='par_1_51' title="bbox 2015 2247 3586 2332">
     <span class='ocr_line' id='line_1_51' title="bbox 2015 2247 3586 2332; baseline 0.017 -35"><span class='ocrx_word' id='word_1_390' title='bbox 2015 2259 2123 2299; x_wconf 91' lang='lat' dir='ltr'><strong>non</strong></span> <span class='ocrx_word' id='word_1_391' title='bbox 2151 2247 2476 2314; x_wconf 89' lang='lat' dir='ltr'><strong>nominatur,</strong></span> <span class='ocrx_word' id='word_1_392' title='bbox 2519 2250 2612 2306; x_wconf 93' lang='lat' dir='ltr'><strong>sed</strong></span> <span class='ocrx_word' id='word_1_393' title='bbox 2657 2253 2797 2310; x_wconf 89' lang='lat' dir='ltr'><strong>latus</strong></span> <span class='ocrx_word' id='word_1_394' title='bbox 2825 2265 3031 2312; x_wconf 88' lang='lat' dir='ltr'><strong>tantum</strong></span> <span class='ocrx_word' id='word_1_395' title='bbox 3078 2265 3362 2332; x_wconf 87' lang='lat' dir='ltr'><strong>exponitur</strong></span> <span class='ocrx_word' id='word_1_396' title='bbox 3399 2278 3586 2324; x_wconf 90' lang='lat' dir='ltr'><strong>contra</strong></span> 
     </span>
    </p>
   </div>
   <div class='ocr_carea' id='block_1_52' title="bbox 2014 2335 3592 2420">
    <p class='ocr_par' dir='ltr' id='par_1_52' title="bbox 2014 2335 3592 2420">
     <span class='ocr_line' id='line_1_52' title="bbox 2014 2335 3592 2420; baseline 0.017 -33"><span class='ocrx_word' id='word_1_397' title='bbox 2014 2335 2158 2403; x_wconf 92' lang='lat' dir='ltr'><strong>quod</strong></span> <span class='ocrx_word' id='word_1_398' title='bbox 2186 2337 2333 2392; x_wconf 91' lang='lat' dir='ltr'><strong>mille</strong></span> <span class='ocrx_word' id='word_1_399' title='bbox 2361 2338 2659 2409; x_wconf 88' lang='lat' dir='ltr'><strong>insurgunt,</strong></span> <span class='ocrx_word' id='word_1_400' title='bbox 2688 2359 2718 2398; x_wconf 91' lang='lat' dir='ltr'><strong>a</strong></span> <span class='ocrx_word' id='word_1_401' title='bbox 2746 2344 2948 2402; x_wconf 84' lang='lat' dir='ltr'><strong>dextris</strong></span> <span class='ocrx_word' id='word_1_402' title='bbox 2977 2359 3155 2406; x_wconf 92' lang='lat' dir='ltr'><strong>autem</strong></span> <span class='ocrx_word' id='word_1_403' title='bbox 3185 2353 3370 2410; x_wconf 91' lang='lat' dir='ltr'><strong>decem</strong></span> <span class='ocrx_word' id='word_1_404' title='bbox 3399 2359 3592 2420; x_wconf 81' lang='lat' dir='ltr'><strong>millia.</strong></span> 
     </span>
    </p>
   </div>
   <div class='ocr_carea' id='block_1_53' title="bbox 2014 2425 3588 2512">
    <p class='ocr_par' dir='ltr' id='par_1_53' title="bbox 2014 2425 3588 2512">
     <span class='ocr_line' id='line_1_53' title="bbox 2014 2425 3588 2512; baseline 0.017 -32"><span class='ocrx_word' id='word_1_405' title='bbox 2014 2425 2179 2482; x_wconf 85' lang='lat' dir='ltr'><strong>Latus</strong></span> <span class='ocrx_word' id='word_1_406' title='bbox 2206 2428 2310 2485; x_wconf 90' lang='lat' dir='ltr'><strong>hoc</strong></span> <span class='ocrx_word' id='word_1_407' title='bbox 2351 2431 2626 2488; x_wconf 90' lang='lat' dir='ltr'><strong>sinistrum</strong></span> <span class='ocrx_word' id='word_1_408' title='bbox 2651 2437 2795 2504; x_wconf 91' lang='lat' dir='ltr'><strong>quod</strong></span> <span class='ocrx_word' id='word_1_409' title='bbox 2835 2439 3007 2494; x_wconf 88' lang='lat' dir='ltr'><strong>noluit</strong></span> <span class='ocrx_word' id='word_1_410' title='bbox 3034 2445 3330 2512; x_wconf 90' lang='lat' dir='ltr'><strong>nominare,</strong></span> <span class='ocrx_word' id='word_1_411' title='bbox 3362 2448 3588 2508; x_wconf 89' lang='lat' dir='ltr'><strong>liberum</strong></span> 
     </span>
    </p>
   </div>
   <div class='ocr_carea' id='block_1_54' title="bbox 2013 2521 3589 2606">
    <p class='ocr_par' dir='ltr' id='par_1_54' title="bbox 2013 2521 3589 2606">
     <span class='ocr_line' id='line_1_54' title="bbox 2013 2521 3589 2606; baseline 0.016 -34"><span class='ocrx_word' id='word_1_412' title='bbox 2013 2521 2290 2576; x_wconf 87' lang='lat' dir='ltr'><strong>arbitrium</strong></span> <span class='ocrx_word' id='word_1_413' title='bbox 2317 2531 2419 2588; x_wconf 89' lang='lat' dir='ltr'><strong>est,</strong></span> <span class='ocrx_word' id='word_1_414' title='bbox 2449 2534 2634 2581; x_wconf 89' lang='lat' dir='ltr'><strong>contra</strong></span> <span class='ocrx_word' id='word_1_415' title='bbox 2677 2530 2820 2597; x_wconf 93' lang='lat' dir='ltr'><strong>quod</strong></span> <span class='ocrx_word' id='word_1_416' title='bbox 2846 2532 3021 2588; x_wconf 90' lang='lat' dir='ltr'><strong>minor</strong></span> <span class='ocrx_word' id='word_1_417' title='bbox 3059 2550 3234 2605; x_wconf 87' lang='lat' dir='ltr'><strong>pugna</strong></span> <span class='ocrx_word' id='word_1_418' title='bbox 3261 2538 3502 2606; x_wconf 90' lang='lat' dir='ltr'><strong>laxatur;</strong></span> <span class='ocrx_word' id='word_1_419' title='bbox 3535 2545 3589 2601; x_wconf 92' lang='lat' dir='ltr'><strong>in</strong></span> 
     </span>
    </p>
   </div>
   <div class='ocr_carea' id='block_1_55' title="bbox 2013 2609 3589 2696">
    <p class='ocr_par' dir='ltr' id='par_1_55' title="bbox 2013 2609 3589 2696">
     <span class='ocr_line' id='line_1_55' title="bbox 2013 2609 3589 2696; baseline 0.014 -33"><span class='ocrx_word' id='word_1_420' title='bbox 2013 2609 2236 2666; x_wconf 90' lang='lat' dir='ltr'><strong>dextera</strong></span> <span class='ocrx_word' id='word_1_421' title='bbox 2265 2621 2442 2668; x_wconf 90' lang='lat' dir='ltr'><strong>autem</strong></span> <span class='ocrx_word' id='word_1_422' title='bbox 2469 2614 2562 2669; x_wconf 90' lang='lat' dir='ltr'><strong>Dei</strong></span> <span class='ocrx_word' id='word_1_423' title='bbox 2592 2617 2845 2674; x_wconf 74' lang='lat' dir='ltr'><strong>auxilium</strong></span> <span class='ocrx_word' id='word_1_424' title='bbox 2875 2630 2974 2676; x_wconf 91' lang='lat' dir='ltr'><strong>est.</strong></span> <span class='ocrx_word' id='word_1_425' title='bbox 3007 2623 3074 2677; x_wconf 87' lang='lat' dir='ltr'><strong>Et</strong></span> <span class='ocrx_word' id='word_1_426' title='bbox 3102 2625 3222 2680; x_wconf 79' lang='lat' dir='ltr'><strong>ideo</strong></span> <span class='ocrx_word' id='word_1_427' title='bbox 3249 2628 3395 2696; x_wconf 91' lang='lat' dir='ltr'><strong>prius</strong></span> <span class='ocrx_word' id='word_1_428' title='bbox 3422 2633 3589 2685; x_wconf 77' lang='lat' dir='ltr'><strong>nomi-</strong></span> 
     </span>
    </p>
   </div>
   <div class='ocr_carea' id='block_1_56' title="bbox 2011 2704 3588 2790">
    <p class='ocr_par' dir='ltr' id='par_1_56' title="bbox 2011 2704 3588 2790">
     <span class='ocr_line' id='line_1_56' title="bbox 2011 2704 3588 2790; baseline 0.015 -34"><span class='ocrx_word' id='word_1_429' title='bbox 2011 2704 2161 2757; x_wconf 86' lang='lat' dir='ltr'><strong>navit</strong></span> <span class='ocrx_word' id='word_1_430' title='bbox 2206 2704 2363 2770; x_wconf 89' lang='lat' dir='ltr'><strong>latus,</strong></span> <span class='ocrx_word' id='word_1_431' title='bbox 2392 2707 2516 2775; x_wconf 89' lang='lat' dir='ltr'><strong>quia</strong></span> <span class='ocrx_word' id='word_1_432' title='bbox 2570 2708 2621 2762; x_wconf 92' lang='lat' dir='ltr'><strong>in</strong></span> <span class='ocrx_word' id='word_1_433' title='bbox 2667 2711 2887 2767; x_wconf 87' lang='lat' dir='ltr'><strong>arbitrio</strong></span> <span class='ocrx_word' id='word_1_434' title='bbox 2933 2723 3032 2780; x_wconf 90' lang='lat' dir='ltr'><strong>est,</strong></span> <span class='ocrx_word' id='word_1_435' title='bbox 3057 2724 3116 2770; x_wconf 91' lang='lat' dir='ltr'><strong>ut</strong></span> <span class='ocrx_word' id='word_1_436' title='bbox 3136 2717 3324 2774; x_wconf 89' lang='lat' dir='ltr'><strong>credas</strong></span> <span class='ocrx_word' id='word_1_437' title='bbox 3344 2721 3508 2790; x_wconf 91' lang='lat' dir='ltr'><strong>prius,</strong></span> <span class='ocrx_word' id='word_1_438' title='bbox 3531 2733 3588 2780; x_wconf 92' lang='lat' dir='ltr'><strong>ut</strong></span> 
     </span>
    </p>
   </div>
   <div class='ocr_carea' id='block_1_57' title="bbox 2012 2791 3588 2872">
    <p class='ocr_par' dir='ltr' id='par_1_57' title="bbox 2012 2791 3588 2872">
     <span class='ocr_line' id='line_1_57' title="bbox 2012 2791 3588 2872; baseline 0.015 -26"><span class='ocrx_word' id='word_1_439' title='bbox 2012 2791 2138 2846; x_wconf 91' lang='lat' dir='ltr'><strong>dum</strong></span> <span class='ocrx_word' id='word_1_440' title='bbox 2167 2795 2481 2858; x_wconf 87' lang='lat' dir='ltr'><strong>credideris,</strong></span> <span class='ocrx_word' id='word_1_441' title='bbox 2525 2799 2748 2864; x_wconf 80' lang='lat' dir='ltr'><strong>gratiam</strong></span> <span class='ocrx_word' id='word_1_442' title='bbox 2798 2807 3160 2872; x_wconf 89' lang='lat' dir='ltr'><strong>consequaris.</strong></span> <span class='ocrx_word' id='word_1_443' title='bbox 3191 2807 3434 2866; x_wconf 85' lang='lat' dir='ltr'><strong>Invenies</strong></span> <span class='ocrx_word' id='word_1_444' title='bbox 3478 2820 3588 2870; x_wconf 88' lang='lat' dir='ltr'><strong>tam</strong></span> 
     </span>
    </p>
   </div>
   <div class='ocr_carea' id='block_1_58' title="bbox 2013 2885 3585 2961">
    <p class='ocr_par' dir='ltr' id='par_1_58' title="bbox 2013 2885 3585 2961">
     <span class='ocr_line' id='line_1_58' title="bbox 2013 2885 3585 2961; baseline 0.016 -25"><span class='ocrx_word' id='word_1_445' title='bbox 2013 2885 2360 2955; x_wconf 90' lang='lat' dir='ltr'><strong>multiplicem</strong></span> <span class='ocrx_word' id='word_1_446' title='bbox 2386 2887 2642 2955; x_wconf 82' lang='lat' dir='ltr'><strong>virtutum</strong></span> <span class='ocrx_word' id='word_1_447' title='bbox 2673 2905 2899 2946; x_wconf 89' lang='lat' dir='ltr'><strong>cuneum</strong></span> <span class='ocrx_word' id='word_1_448' title='bbox 2928 2896 3245 2953; x_wconf 89' lang='lat' dir='ltr'><strong>auxiliorum</strong></span> <span class='ocrx_word' id='word_1_449' title='bbox 3271 2901 3325 2955; x_wconf 90' lang='lat' dir='ltr'><strong>in</strong></span> <span class='ocrx_word' id='word_1_450' title='bbox 3343 2901 3585 2961; x_wconf 88' lang='lat' dir='ltr'><strong>dextera.</strong></span> 
     </span>
    </p>
   </div>
   <div class='ocr_carea' id='block_1_59' title="bbox 2010 2974 3588 3066">
    <p class='ocr_par' dir='ltr' id='par_1_59' title="bbox 2010 2974 3588 3066">
     <span class='ocr_line' id='line_1_59' title="bbox 2010 2974 3588 3066; baseline 0.014 -37"><span class='ocrx_word' id='word_1_451' title='bbox 2010 2974 2129 3045; x_wconf 87' lang='lat' dir='ltr'><strong>Ipsa</strong></span> <span class='ocrx_word' id='word_1_452' title='bbox 2159 2986 2331 3031; x_wconf 86' lang='lat' dir='ltr'><strong>armat</strong></span> <span class='ocrx_word' id='word_1_453' title='bbox 2361 2979 2598 3048; x_wconf 62' lang='lat' dir='ltr'><strong>trophaeo</strong></span> <span class='ocrx_word' id='word_1_454' title='bbox 2619 2983 2792 3036; x_wconf 90' lang='lat' dir='ltr'><strong>crucis</strong></span> <span class='ocrx_word' id='word_1_455' title='bbox 2817 2983 3065 3050; x_wconf 85' lang='lat' dir='ltr'><strong>frontem,</strong></span> <span class='ocrx_word' id='word_1_456' title='bbox 3089 2988 3200 3058; x_wconf 89' lang='lat' dir='ltr'><strong>ipsa</strong></span> <span class='ocrx_word' id='word_1_457' title='bbox 3229 2991 3450 3048; x_wconf 88' lang='lat' dir='ltr'><strong>loricam</strong></span> <span class='ocrx_word' id='word_1_458' title='bbox 3472 3011 3588 3066; x_wconf 86' lang='lat' dir='ltr'><strong>my-</strong></span> 
     </span>
    </p>
   </div>
   <div class='ocr_carea' id='block_1_60' title="bbox 2011 3069 3586 3157">
    <p class='ocr_par' dir='ltr' id='par_1_60' title="bbox 2011 3069 3586 3157">
     <span class='ocr_line' id='line_1_60' title="bbox 2011 3069 3586 3157; baseline 0.011 -33"><span class='ocrx_word' id='word_1_459' title='bbox 2011 3069 2295 3125; x_wconf 88' lang='lat' dir='ltr'><strong>steriorum</strong></span> <span class='ocrx_word' id='word_1_460' title='bbox 2323 3073 2562 3136; x_wconf 80' lang='lat' dir='ltr'><strong>assumit,</strong></span> <span class='ocrx_word' id='word_1_461' title='bbox 2589 3073 2698 3143; x_wconf 84' lang='lat' dir='ltr'><strong>ipsa</strong></span> <span class='ocrx_word' id='word_1_462' title='bbox 2728 3075 2946 3146; x_wconf 87' lang='lat' dir='ltr'><strong>suscipit</strong></span> <span class='ocrx_word' id='word_1_463' title='bbox 2973 3079 3158 3135; x_wconf 90' lang='lat' dir='ltr'><strong>salutis</strong></span> <span class='ocrx_word' id='word_1_464' title='bbox 3186 3084 3440 3151; x_wconf 89' lang='lat' dir='ltr'><strong>remedia,</strong></span> <span class='ocrx_word' id='word_1_465' title='bbox 3473 3085 3586 3157; x_wconf 91' lang='lat' dir='ltr'><strong>ipsa</strong></span> 
     </span>
    </p>
   </div>
   <div class='ocr_carea' id='block_1_61' title="bbox 2011 3161 3587 3241">
    <p class='ocr_par' dir='ltr' id='par_1_61' title="bbox 2011 3161 3587 3241">
     <span class='ocr_line' id='line_1_61' title="bbox 2011 3161 3587 3241; baseline 0.013 -27"><span class='ocrx_word' id='word_1_466' title='bbox 2011 3161 2280 3229; x_wconf 90' lang='lat' dir='ltr'><strong>loquentis</strong></span> <span class='ocrx_word' id='word_1_467' title='bbox 2317 3165 2567 3233; x_wconf 88' lang='lat' dir='ltr'><strong>exprimit</strong></span> <span class='ocrx_word' id='word_1_468' title='bbox 2603 3166 2772 3234; x_wconf 89' lang='lat' dir='ltr'><strong>signa.</strong></span> <span class='ocrx_word' id='word_1_469' title='bbox 2805 3168 2935 3223; x_wconf 89' lang='lat' dir='ltr'><strong>Nam</strong></span> <span class='ocrx_word' id='word_1_470' title='bbox 2965 3179 3021 3225; x_wconf 92' lang='lat' dir='ltr'><strong>et</strong></span> <span class='ocrx_word' id='word_1_471' title='bbox 3043 3173 3188 3241; x_wconf 90' lang='lat' dir='ltr'><strong>quod</strong></span> <span class='ocrx_word' id='word_1_472' title='bbox 3215 3186 3480 3232; x_wconf 86' lang='lat' dir='ltr'><strong>memorat</strong></span> <span class='ocrx_word' id='word_1_473' title='bbox 3503 3195 3587 3235; x_wconf 86' lang='lat' dir='ltr'><strong>sa-</strong></span> 
     </span>
    </p>
   </div>
   <div class='ocr_carea' id='block_1_62' title="bbox 323 3237 3586 3326">
    <p class='ocr_par' dir='ltr' id='par_1_62' title="bbox 323 3237 3586 3326">
     <span class='ocr_line' id='line_1_62' title="bbox 323 3237 3586 3326; baseline 0.011 -34"><span class='ocrx_word' id='word_1_474' title='bbox 323 3237 470 3292; x_wconf 86' lang='lat' dir='ltr'><strong>lante</strong></span> <span class='ocrx_word' id='word_1_475' title='bbox 524 3238 579 3290; x_wconf 87' lang='lat' dir='ltr'><strong>in</strong></span> <span class='ocrx_word' id='word_1_476' title='bbox 631 3238 732 3302; x_wconf 88' lang='lat' dir='ltr'><strong>die,</strong></span> <span class='ocrx_word' id='word_1_477' title='bbox 789 3256 822 3291; x_wconf 90' lang='lat' dir='ltr'><strong>a</strong></span> <span class='ocrx_word' id='word_1_478' title='bbox 859 3241 1062 3311; x_wconf 87' lang='lat' dir='ltr'><strong>negotio</strong></span> <span class='ocrx_word' id='word_1_479' title='bbox 1111 3241 1498 3311; x_wconf 80' lang='lat' dir='ltr'><strong>perambulante</strong></span> <span class='ocrx_word' id='word_1_480' title='bbox 1547 3246 1601 3298; x_wconf 90' lang='lat' dir='ltr'><strong>in</strong></span> <span class='ocrx_word' id='word_1_481' title='bbox 1659 3248 1901 3314; x_wconf 82' lang='lat' dir='ltr'><strong>tenebris,</strong></span> <span class='ocrx_word' id='word_1_482' title='bbox 1931 3245 1974 3306; x_wconf 90' lang='lat' dir='ltr'>C</span> <span class='ocrx_word' id='word_1_483' title='bbox 2008 3250 2208 3320; x_wconf 91' lang='lat' dir='ltr'><strong>pientia</strong></span> <span class='ocrx_word' id='word_1_484' title='bbox 2239 3252 2351 3317; x_wconf 89' lang='lat' dir='ltr'><strong>Dei,</strong></span> <span class='ocrx_word' id='word_1_485' title='bbox 2377 3254 2520 3321; x_wconf 90' lang='lat' dir='ltr'><strong>quod</strong></span> <span class='ocrx_word' id='word_1_486' title='bbox 2549 3256 2662 3310; x_wconf 85' lang='lat' dir='ltr'><strong>vias</strong></span> <span class='ocrx_word' id='word_1_487' title='bbox 2690 3273 2810 3326; x_wconf 73' lang='lat' dir='ltr'><strong>qum</strong></span> <span class='ocrx_word' id='word_1_488' title='bbox 2852 3275 2882 3313; x_wconf 89' lang='lat' dir='ltr'><strong>a</strong></span> <span class='ocrx_word' id='word_1_489' title='bbox 2908 3237 3111 3316; x_wconf 79' lang='lat' dir='ltr'><strong>dextris</strong></span> <span class='ocrx_word' id='word_1_490' title='bbox 3140 3274 3264 3319; x_wconf 90' lang='lat' dir='ltr'><strong>sunt</strong></span> <span class='ocrx_word' id='word_1_491' title='bbox 3300 3269 3449 3322; x_wconf 91' lang='lat' dir='ltr'><strong>novit</strong></span> <span class='ocrx_word' id='word_1_492' title='bbox 3478 3270 3586 3326; x_wconf 93' lang='lat' dir='ltr'><strong>Do-</strong></span> 
     </span>
    </p>
   </div>
   <div class='ocr_carea' id='block_1_63' title="bbox 325 3328 1906 3396">
    <p class='ocr_par' dir='ltr' id='par_1_63' title="bbox 325 3328 1906 3396">
     <span class='ocr_line' id='line_1_63' title="bbox 325 3328 1906 3396; baseline 0.008 -14"><span class='ocrx_word' id='word_1_493' title='bbox 325 3328 393 3383; x_wconf 89' lang='lat' dir='ltr'><strong>ab</strong></span> <span class='ocrx_word' id='word_1_494' title='bbox 435 3331 646 3383; x_wconf 84' lang='lat' dir='ltr'><strong>incursu</strong></span> <span class='ocrx_word' id='word_1_495' title='bbox 690 3337 740 3382; x_wconf 88' lang='lat' dir='ltr'><strong>et</strong></span> <span class='ocrx_word' id='word_1_496' title='bbox 786 3329 1040 3385; x_wconf 72' lang='lat' dir='ltr'><strong>dwmonio</strong></span> <span class='ocrx_word' id='word_1_497' title='bbox 1085 3333 1389 3389; x_wconf 83' lang='lat' dir='ltr'><strong>meridiano.</strong></span> <span class='ocrx_word' id='word_1_498' title='bbox 1436 3334 1633 3391; x_wconf 84' lang='lat' dir='ltr'><strong>Cadent</strong></span> <span class='ocrx_word' id='word_1_499' title='bbox 1667 3357 1699 3393; x_wconf 90' lang='lat' dir='ltr'><strong>a</strong></span> <span class='ocrx_word' id='word_1_500' title='bbox 1747 3340 1906 3396; x_wconf 84' lang='lat' dir='ltr'><strong>latere</strong></span> 
     </span>
    </p>
   </div>
   <div class='ocr_carea' id='block_1_64' title="bbox 327 3420 1904 3492">
    <p class='ocr_par' dir='ltr' id='par_1_64' title="bbox 327 3420 1904 3492">
     <span class='ocr_line' id='line_1_64' title="bbox 327 3420 1904 3492; baseline 0.007 -18"><span class='ocrx_word' id='word_1_501' title='bbox 327 3430 414 3474; x_wconf 90' lang='lat' dir='ltr'><strong>tuo</strong></span> <span class='ocrx_word' id='word_1_502' title='bbox 453 3420 609 3485; x_wconf 89' lang='lat' dir='ltr'><strong>mille,</strong></span> <span class='ocrx_word' id='word_1_503' title='bbox 639 3427 687 3474; x_wconf 88' lang='lat' dir='ltr'><strong>et</strong></span> <span class='ocrx_word' id='word_1_504' title='bbox 715 3420 888 3476; x_wconf 85' lang='lat' dir='ltr'><strong>decem</strong></span> <span class='ocrx_word' id='word_1_505' title='bbox 937 3421 1102 3476; x_wconf 82' lang='lat' dir='ltr'><strong>millia</strong></span> <span class='ocrx_word' id='word_1_506' title='bbox 1157 3440 1189 3476; x_wconf 92' lang='lat' dir='ltr'><strong>a</strong></span> <span class='ocrx_word' id='word_1_507' title='bbox 1232 3425 1430 3479; x_wconf 71' lang='lat' dir='ltr'><strong>dextris</strong></span> <span class='ocrx_word' id='word_1_508' title='bbox 1459 3428 1588 3492; x_wconf 88' lang='lat' dir='ltr'><strong>tuis,</strong></span> <span class='ocrx_word' id='word_1_509' title='bbox 1619 3429 1690 3482; x_wconf 91' lang='lat' dir='ltr'><strong>ad</strong></span> <span class='ocrx_word' id='word_1_510' title='bbox 1731 3440 1779 3484; x_wconf 81' lang='lat' dir='ltr'><strong>te</strong></span> <span class='ocrx_word' id='word_1_511' title='bbox 1805 3447 1904 3484; x_wconf 89' lang='lat' dir='ltr'><strong>au-</strong></span> 
     </span>
    </p>
   </div>
   <div class='ocr_carea' id='block_1_65' title="bbox 328 3511 1904 3582">
    <p class='ocr_par' dir='ltr' id='par_1_65' title="bbox 328 3511 1904 3582">
     <span class='ocr_line' id='line_1_65' title="bbox 328 3511 1904 3582; baseline 0.008 -20"><span class='ocrx_word' id='word_1_512' title='bbox 328 3519 430 3564; x_wconf 88' lang='lat' dir='ltr'><strong>tem</strong></span> <span class='ocrx_word' id='word_1_513' title='bbox 476 3522 582 3565; x_wconf 79' lang='lat' dir='ltr'><strong>non</strong></span> <span class='ocrx_word' id='word_1_514' title='bbox 626 3511 1071 3582; x_wconf 83' lang='lat' dir='ltr'><strong>appropinquabit.</strong></span> <span class='ocrx_word' id='word_1_515' title='bbox 1113 3511 1470 3569; x_wconf 83' lang='lat' dir='ltr'><strong>Verumtamen</strong></span> <span class='ocrx_word' id='word_1_516' title='bbox 1524 3519 1682 3572; x_wconf 87' lang='lat' dir='ltr'><strong>oculis</strong></span> <span class='ocrx_word' id='word_1_517' title='bbox 1733 3521 1904 3574; x_wconf 86' lang='lat' dir='ltr'><strong>cousi-</strong></span> 
     </span>
    </p>
   </div>
   <div class='ocr_carea' id='block_1_66' title="bbox 329 3600 1906 3672">
    <p class='ocr_par' dir='ltr' id='par_1_66' title="bbox 329 3600 1906 3672">
     <span class='ocr_line' id='line_1_66' title="bbox 329 3600 1906 3672; baseline 0.006 -18"><span class='ocrx_word' id='word_1_518' title='bbox 329 3600 550 3666; x_wconf 75' lang='lat' dir='ltr'><strong>derabis,</strong></span> <span class='ocrx_word' id='word_1_519' title='bbox 580 3611 630 3655; x_wconf 92' lang='lat' dir='ltr'><strong>et</strong></span> <span class='ocrx_word' id='word_1_520' title='bbox 653 3601 1037 3657; x_wconf 86' lang='lat' dir='ltr'><strong>retributionem</strong></span> <span class='ocrx_word' id='word_1_521' title='bbox 1062 3613 1387 3671; x_wconf 84' lang='lat' dir='ltr'><strong>peccaton</strong></span> <span class='ocrx_word' id='word_1_522' title='bbox 1414 3606 1620 3660; x_wconf 80' lang='lat' dir='ltr'><strong>uidebis.</strong></span> <span class='ocrx_word' id='word_1_523' title='bbox 1648 3606 1906 3672; x_wconf 79' lang='lat' dir='ltr'><strong>Quoniam</strong></span> 
     </span>
    </p>
   </div>
   <div class='ocr_carea' id='block_1_67' title="bbox 330 3688 1907 3769">
    <p class='ocr_par' dir='ltr' id='par_1_67' title="bbox 330 3688 1907 3769">
     <span class='ocr_line' id='line_1_67' title="bbox 330 3688 1907 3769; baseline 0.005 -25"><span class='ocrx_word' id='word_1_524' title='bbox 330 3701 382 3744; x_wconf 88' lang='lat' dir='ltr'><strong>tu</strong></span> <span class='ocrx_word' id='word_1_525' title='bbox 409 3707 482 3758; x_wconf 87' lang='lat' dir='ltr'><strong>es,</strong></span> <span class='ocrx_word' id='word_1_526' title='bbox 507 3688 743 3758; x_wconf 74' lang='lat' dir='ltr'><strong>Domine,</strong></span> <span class='ocrx_word' id='word_1_527' title='bbox 773 3709 890 3760; x_wconf 88' lang='lat' dir='ltr'><strong>spes</strong></span> <span class='ocrx_word' id='word_1_528' title='bbox 919 3704 1052 3757; x_wconf 88' lang='lat' dir='ltr'><strong>mea,</strong></span> <span class='ocrx_word' id='word_1_529' title='bbox 1084 3692 1389 3748; x_wconf 87' lang='lat' dir='ltr'><strong>altissimum</strong></span> <span class='ocrx_word' id='word_1_530' title='bbox 1410 3697 1625 3765; x_wconf 87' lang='lat' dir='ltr'><strong>posuisti</strong></span> <span class='ocrx_word' id='word_1_531' title='bbox 1652 3700 1907 3769; x_wconf 76' lang='lat' dir='ltr'><strong>refugium</strong></span> 
     </span>
    </p>
   </div>
   <div class='ocr_carea' id='block_1_68' title="bbox 331 3781 1905 3860">
    <p class='ocr_par' dir='ltr' id='par_1_68' title="bbox 331 3781 1905 3860">
     <span class='ocr_line' id='line_1_68' title="bbox 331 3781 1905 3860; baseline 0.005 -26"><span class='ocrx_word' id='word_1_532' title='bbox 331 3793 490 3836; x_wconf 87' lang='lat' dir='ltr'><strong>tuum.</strong></span> <span class='ocrx_word' id='word_1_533' title='bbox 517 3781 639 3837; x_wconf 86' lang='lat' dir='ltr'><strong>Non</strong></span> <span class='ocrx_word' id='word_1_534' title='bbox 677 3784 880 3838; x_wconf 69' lang='lat' dir='ltr'><strong>accedet</strong></span> <span class='ocrx_word' id='word_1_535' title='bbox 903 3784 973 3837; x_wconf 90' lang='lat' dir='ltr'><strong>ad</strong></span> <span class='ocrx_word' id='word_1_536' title='bbox 1003 3793 1050 3838; x_wconf 89' lang='lat' dir='ltr'><strong>te</strong></span> <span class='ocrx_word' id='word_1_537' title='bbox 1075 3783 1288 3849; x_wconf 77' lang='lat' dir='ltr'><strong>malum,</strong></span> <span class='ocrx_word' id='word_1_538' title='bbox 1316 3795 1366 3839; x_wconf 89' lang='lat' dir='ltr'><strong>et</strong></span> <span class='ocrx_word' id='word_1_539' title='bbox 1386 3785 1649 3857; x_wconf 82' lang='lat' dir='ltr'><strong>ﬂagellum</strong></span> <span class='ocrx_word' id='word_1_540' title='bbox 1677 3803 1780 3842; x_wconf 87' lang='lat' dir='ltr'><strong>non</strong></span> <span class='ocrx_word' id='word_1_541' title='bbox 1807 3806 1905 3860; x_wconf 82' lang='lat' dir='ltr'><strong>ap-</strong></span> 
     </span>
    </p>
   </div>
   <div class='ocr_carea' id='block_1_69' title="bbox 330 3871 1905 3949">
    <p class='ocr_par' dir='ltr' id='par_1_69' title="bbox 330 3871 1905 3949">
     <span class='ocr_line' id='line_1_69' title="bbox 330 3871 1905 3949; baseline 0.006 -25"><span class='ocrx_word' id='word_1_542' title='bbox 330 3871 688 3942; x_wconf 85' lang='lat' dir='ltr'><strong>propinquabit</strong></span> <span class='ocrx_word' id='word_1_543' title='bbox 736 3872 1064 3928; x_wconf 87' lang='lat' dir='ltr'><strong>tabernaculo</strong></span> <span class='ocrx_word' id='word_1_544' title='bbox 1109 3881 1214 3928; x_wconf 92' lang='lat' dir='ltr'><strong>tuo.</strong></span> <span class='ocrx_word' id='word_1_545' title='bbox 1259 3871 1515 3938; x_wconf 84' lang='lat' dir='ltr'><strong>Quoniam</strong></span> <span class='ocrx_word' id='word_1_546' title='bbox 1552 3878 1751 3949; x_wconf 86' lang='lat' dir='ltr'><strong>angelis</strong></span> <span class='ocrx_word' id='word_1_547' title='bbox 1798 3881 1905 3934; x_wconf 86' lang='lat' dir='ltr'><strong>suis</strong></span> 
     </span>
    </p>
   </div>
   <div class='ocr_carea' id='block_1_70' title="bbox 332 3963 1900 4030">
    <p class='ocr_par' dir='ltr' id='par_1_70' title="bbox 332 3963 1900 4030">
     <span class='ocr_line' id='line_1_70' title="bbox 332 3963 1900 4030; baseline 0.007 -15"><span class='ocrx_word' id='word_1_548' title='bbox 332 3963 595 4016; x_wconf 82' lang='lat' dir='ltr'><strong>mandavit</strong></span> <span class='ocrx_word' id='word_1_549' title='bbox 623 3963 682 4017; x_wconf 91' lang='lat' dir='ltr'><strong>de</strong></span> <span class='ocrx_word' id='word_1_550' title='bbox 709 3973 782 4030; x_wconf 90' lang='lat' dir='ltr'><strong>te,</strong></span> <span class='ocrx_word' id='word_1_551' title='bbox 805 3975 862 4018; x_wconf 88' lang='lat' dir='ltr'><strong>ut</strong></span> <span class='ocrx_word' id='word_1_552' title='bbox 889 3966 1180 4020; x_wconf 89' lang='lat' dir='ltr'><strong>custodiant</strong></span> <span class='ocrx_word' id='word_1_553' title='bbox 1215 3975 1265 4020; x_wconf 92' lang='lat' dir='ltr'><strong>te</strong></span> <span class='ocrx_word' id='word_1_554' title='bbox 1304 3969 1358 4021; x_wconf 89' lang='lat' dir='ltr'><strong>in</strong></span> <span class='ocrx_word' id='word_1_555' title='bbox 1387 3969 1622 4024; x_wconf 89' lang='lat' dir='ltr'><strong>omnibus</strong></span> <span class='ocrx_word' id='word_1_556' title='bbox 1649 3972 1742 4024; x_wconf 83' lang='lat' dir='ltr'><strong>viis</strong></span> <span class='ocrx_word' id='word_1_557' title='bbox 1782 3974 1900 4026; x_wconf 89' lang='lat' dir='ltr'><strong>tuis.</strong></span> 
     </span>
    </p>
   </div>
   <div class='ocr_carea' id='block_1_71' title="bbox 334 4051 1906 4132">
    <p class='ocr_par' dir='ltr' id='par_1_71' title="bbox 334 4051 1906 4132">
     <span class='ocr_line' id='line_1_71' title="bbox 334 4051 1906 4132; baseline 0.007 -25"><span class='ocrx_word' id='word_1_558' title='bbox 334 4051 403 4107; x_wconf 79' lang='lat' dir='ltr'><strong>In</strong></span> <span class='ocrx_word' id='word_1_559' title='bbox 442 4053 678 4108; x_wconf 89' lang='lat' dir='ltr'><strong>manibus</strong></span> <span class='ocrx_word' id='word_1_560' title='bbox 703 4055 975 4125; x_wconf 87' lang='lat' dir='ltr'><strong>portabunt</strong></span> <span class='ocrx_word' id='word_1_561' title='bbox 995 4064 1060 4123; x_wconf 88' lang='lat' dir='ltr'><strong>te,</strong></span> <span class='ocrx_word' id='word_1_562' title='bbox 1089 4074 1152 4112; x_wconf 90' lang='lat' dir='ltr'><strong>ne</strong></span> <span class='ocrx_word' id='word_1_563' title='bbox 1173 4059 1305 4129; x_wconf 74' lang='lat' dir='ltr'><strong>forte</strong></span> <span class='ocrx_word' id='word_1_564' title='bbox 1331 4059 1564 4129; x_wconf 70' lang='lat' dir='ltr'><strong>oﬁ’endas</strong></span> <span class='ocrx_word' id='word_1_565' title='bbox 1585 4062 1654 4114; x_wconf 91' lang='lat' dir='ltr'><strong>ad</strong></span> <span class='ocrx_word' id='word_1_566' title='bbox 1680 4063 1906 4132; x_wconf 86' lang='lat' dir='ltr'><strong>lapidem</strong></span> 
     </span>
    </p>
   </div>
   <div class='ocr_carea' id='block_1_72' title="bbox 335 4143 1907 4220">
    <p class='ocr_par' dir='ltr' id='par_1_72' title="bbox 335 4143 1907 4220">
     <span class='ocr_line' id='line_1_72' title="bbox 335 4143 1907 4220; baseline 0.006 -24"><span class='ocrx_word' id='word_1_567' title='bbox 335 4145 515 4217; x_wconf 85' lang='lat' dir='ltr'><strong>pedem</strong></span> <span class='ocrx_word' id='word_1_568' title='bbox 537 4153 690 4198; x_wconf 87' lang='lat' dir='ltr'><strong>tuum.</strong></span> <span class='ocrx_word' id='word_1_569' title='bbox 708 4143 874 4216; x_wconf 90' lang='lat' dir='ltr'><strong>Super</strong></span> <span class='ocrx_word' id='word_1_570' title='bbox 901 4147 1125 4216; x_wconf 84' lang='lat' dir='ltr'><strong>aspidem</strong></span> <span class='ocrx_word' id='word_1_571' title='bbox 1145 4157 1194 4202; x_wconf 91' lang='lat' dir='ltr'><strong>et</strong></span> <span class='ocrx_word' id='word_1_572' title='bbox 1215 4148 1508 4204; x_wconf 85' lang='lat' dir='ltr'><strong>basiliscum</strong></span> <span class='ocrx_word' id='word_1_573' title='bbox 1527 4151 1830 4220; x_wconf 85' lang='lat' dir='ltr'><strong>ambulabis,</strong></span> <span class='ocrx_word' id='word_1_574' title='bbox 1855 4162 1907 4208; x_wconf 90' lang='lat' dir='ltr'><strong>et</strong></span> 
     </span>
    </p>
   </div>
   <div class='ocr_carea' id='block_1_73' title="bbox 332 4233 1907 4314">
    <p class='ocr_par' dir='ltr' id='par_1_73' title="bbox 332 4233 1907 4314">
     <span class='ocr_line' id='line_1_73' title="bbox 332 4233 1907 4314; baseline 0.006 -24"><span class='ocrx_word' id='word_1_575' title='bbox 332 4233 656 4290; x_wconf 86' lang='lat' dir='ltr'><strong>conculcabis</strong></span> <span class='ocrx_word' id='word_1_576' title='bbox 684 4235 876 4290; x_wconf 88' lang='lat' dir='ltr'><strong>leonem</strong></span> <span class='ocrx_word' id='word_1_577' title='bbox 905 4247 954 4290; x_wconf 92' lang='lat' dir='ltr'><strong>et</strong></span> <span class='ocrx_word' id='word_1_578' title='bbox 973 4237 1522 4304; x_wconf 84' lang='lat' dir='ltr'><strong>draconem.Quoniam</strong></span> <span class='ocrx_word' id='word_1_579' title='bbox 1540 4244 1595 4296; x_wconf 91' lang='lat' dir='ltr'><strong>in</strong></span> <span class='ocrx_word' id='word_1_580' title='bbox 1624 4260 1704 4298; x_wconf 90' lang='lat' dir='ltr'><strong>me</strong></span> <span class='ocrx_word' id='word_1_581' title='bbox 1729 4262 1907 4314; x_wconf 88' lang='lat' dir='ltr'><strong>spera-</strong></span> 
     </span>
    </p>
   </div>
   <div class='ocr_carea' id='block_1_74' title="bbox 334 4325 1909 4405">
    <p class='ocr_par' dir='ltr' id='par_1_74' title="bbox 334 4325 1909 4405">
     <span class='ocr_line' id='line_1_74' title="bbox 334 4325 1909 4405; baseline 0.006 -24"><span class='ocrx_word' id='word_1_582' title='bbox 334 4329 405 4381; x_wconf 83' lang='lat' dir='ltr'><strong>vit</strong></span> <span class='ocrx_word' id='word_1_583' title='bbox 432 4325 659 4381; x_wconf 85' lang='lat' dir='ltr'><strong>liberabo</strong></span> <span class='ocrx_word' id='word_1_584' title='bbox 683 4344 826 4393; x_wconf 89' lang='lat' dir='ltr'><strong>eum,</strong></span> <span class='ocrx_word' id='word_1_585' title='bbox 848 4337 1109 4400; x_wconf 88' lang='lat' dir='ltr'><strong>protegam</strong></span> <span class='ocrx_word' id='word_1_586' title='bbox 1147 4348 1261 4385; x_wconf 91' lang='lat' dir='ltr'><strong>eum</strong></span> <span class='ocrx_word' id='word_1_587' title='bbox 1288 4334 1526 4404; x_wconf 89' lang='lat' dir='ltr'><strong>quoniam</strong></span> <span class='ocrx_word' id='word_1_588' title='bbox 1554 4338 1786 4405; x_wconf 78' lang='lat' dir='ltr'><strong>cognouit</strong></span> <span class='ocrx_word' id='word_1_589' title='bbox 1812 4354 1909 4391; x_wconf 62' lang='grc' dir='ltr'><strong>ηοω</strong></span> 
     </span>
    </p>
   </div>
   <div class='ocr_carea' id='block_1_75' title="bbox 335 4417 1907 4494">
    <p class='ocr_par' dir='ltr' id='par_1_75' title="bbox 335 4417 1907 4494">
     <span class='ocr_line' id='line_1_75' title="bbox 335 4417 1907 4494; baseline 0.005 -21"><span class='ocrx_word' id='word_1_590' title='bbox 335 4437 448 4473; x_wconf 88' lang='lat' dir='ltr'><strong>men</strong></span> <span class='ocrx_word' id='word_1_591' title='bbox 470 4435 655 4473; x_wconf 88' lang='lat' dir='ltr'><strong>meum.</strong></span> <span class='ocrx_word' id='word_1_592' title='bbox 679 4417 933 4474; x_wconf 87' lang='lat' dir='ltr'><strong>Clamabit</strong></span> <span class='ocrx_word' id='word_1_593' title='bbox 952 4421 1021 4474; x_wconf 88' lang='lat' dir='ltr'><strong>ad</strong></span> <span class='ocrx_word' id='word_1_594' title='bbox 1043 4439 1141 4488; x_wconf 88' lang='lat' dir='ltr'><strong>me,</strong></span> <span class='ocrx_word' id='word_1_595' title='bbox 1159 4432 1208 4476; x_wconf 85' lang='lat' dir='ltr'><strong>et</strong></span> <span class='ocrx_word' id='word_1_596' title='bbox 1233 4441 1324 4494; x_wconf 89' lang='lat' dir='ltr'><strong>ego</strong></span> <span class='ocrx_word' id='word_1_597' title='bbox 1343 4425 1616 4480; x_wconf 73' lang='lat' dir='ltr'><strong>exaudiam</strong></span> <span class='ocrx_word' id='word_1_598' title='bbox 1636 4444 1768 4492; x_wconf 88' lang='lat' dir='ltr'><strong>eum,</strong></span> <span class='ocrx_word' id='word_1_599' title='bbox 1792 4444 1907 4482; x_wconf 89' lang='lat' dir='ltr'><strong>cum</strong></span> 
     </span>
    </p>
   </div>
   <div class='ocr_carea' id='block_1_76' title="bbox 334 4512 1903 4590">
    <p class='ocr_par' dir='ltr' id='par_1_76' title="bbox 334 4512 1903 4590">
     <span class='ocr_line' id='line_1_76' title="bbox 334 4512 1903 4590; baseline 0.007 -27"><span class='ocrx_word' id='word_1_600' title='bbox 334 4513 444 4581; x_wconf 88' lang='lat' dir='ltr'><strong>ipso</strong></span> <span class='ocrx_word' id='word_1_601' title='bbox 490 4527 601 4564; x_wconf 87' lang='lat' dir='ltr'><strong>sum</strong></span> <span class='ocrx_word' id='word_1_602' title='bbox 641 4513 696 4564; x_wconf 88' lang='lat' dir='ltr'><strong>in</strong></span> <span class='ocrx_word' id='word_1_603' title='bbox 733 4512 1076 4580; x_wconf 87' lang='lat' dir='ltr'><strong>tribulatione,</strong></span> <span class='ocrx_word' id='word_1_604' title='bbox 1106 4516 1321 4585; x_wconf 89' lang='lat' dir='ltr'><strong>eripiam</strong></span> <span class='ocrx_word' id='word_1_605' title='bbox 1363 4533 1477 4571; x_wconf 89' lang='lat' dir='ltr'><strong>eum</strong></span> <span class='ocrx_word' id='word_1_606' title='bbox 1510 4527 1560 4571; x_wconf 89' lang='lat' dir='ltr'><strong>et</strong></span> <span class='ocrx_word' id='word_1_607' title='bbox 1603 4518 1903 4590; x_wconf 77' lang='lat' dir='ltr'><strong>gloriﬁcabo</strong></span> 
     </span>
    </p>
   </div>
   <div class='ocr_carea' id='block_1_77' title="bbox 2007 3343 3588 3419">
    <p class='ocr_par' dir='ltr' id='par_1_77' title="bbox 2007 3343 3588 3419">
     <span class='ocr_line' id='line_1_77' title="bbox 2007 3343 3588 3419; baseline 0.014 -25"><span class='ocrx_word' id='word_1_608' title='bbox 2007 3343 2202 3406; x_wconf 88' lang='lat' dir='ltr'><strong>minus,</strong></span> <span class='ocrx_word' id='word_1_609' title='bbox 2227 3358 2489 3412; x_wconf 74' lang='lat' dir='ltr'><strong>perversa:</strong></span> <span class='ocrx_word' id='word_1_610' title='bbox 2512 3355 2690 3400; x_wconf 90' lang='lat' dir='ltr'><strong>autem</strong></span> <span class='ocrx_word' id='word_1_611' title='bbox 2711 3358 2836 3404; x_wconf 89' lang='lat' dir='ltr'><strong>sunt</strong></span> <span class='ocrx_word' id='word_1_612' title='bbox 2857 3366 2884 3403; x_wconf 91' lang='lat' dir='ltr'><strong>a</strong></span> <span class='ocrx_word' id='word_1_613' title='bbox 2909 3352 3156 3419; x_wconf 88' lang='lat' dir='ltr'><strong>sinistris,</strong></span> <span class='ocrx_word' id='word_1_614' title='bbox 3182 3354 3284 3411; x_wconf 91' lang='lat' dir='ltr'><strong>hoc</strong></span> <span class='ocrx_word' id='word_1_615' title='bbox 3305 3359 3588 3415; x_wconf 86' lang='lat' dir='ltr'><strong>ostendere</strong></span> 
     </span>
    </p>
   </div>
   <div class='ocr_carea' id='block_1_78' title="bbox 2006 3434 3586 3518">
    <p class='ocr_par' dir='ltr' id='par_1_78' title="bbox 2006 3434 3586 3518">
     <span class='ocr_line' id='line_1_78' title="bbox 2006 3434 3586 3518; baseline 0.013 -30"><span class='ocrx_word' id='word_1_616' title='bbox 2006 3434 2233 3490; x_wconf 86' lang='lat' dir='ltr'><strong>fortasse</strong></span> <span class='ocrx_word' id='word_1_617' title='bbox 2257 3437 2443 3503; x_wconf 90' lang='lat' dir='ltr'><strong>voluit,</strong></span> <span class='ocrx_word' id='word_1_618' title='bbox 2477 3440 2620 3507; x_wconf 93' lang='lat' dir='ltr'><strong>quod</strong></span> <span class='ocrx_word' id='word_1_619' title='bbox 2649 3442 2862 3508; x_wconf 90' lang='lat' dir='ltr'><strong>quando</strong></span> <span class='ocrx_word' id='word_1_620' title='bbox 2892 3445 3172 3512; x_wconf 74' lang='lat' dir='ltr'><strong>vincimus,</strong></span> <span class='ocrx_word' id='word_1_621' title='bbox 3203 3450 3371 3518; x_wconf 88' lang='lat' dir='ltr'><strong>partis</strong></span> <span class='ocrx_word' id='word_1_622' title='bbox 3395 3452 3586 3507; x_wconf 88' lang='lat' dir='ltr'><strong>dexte-</strong></span> 
     </span>
    </p>
   </div>
   <div class='ocr_carea' id='block_1_79' title="bbox 2006 3529 3586 3606">
    <p class='ocr_par' dir='ltr' id='par_1_79' title="bbox 2006 3529 3586 3606">
     <span class='ocr_line' id='line_1_79' title="bbox 2006 3529 3586 3606; baseline 0.009 -24"><span class='ocrx_word' id='word_1_623' title='bbox 2006 3543 2079 3582; x_wconf 61' lang='lat' dir='ltr'><strong>rae</strong></span> <span class='ocrx_word' id='word_1_624' title='bbox 2112 3529 2394 3583; x_wconf 87' lang='lat' dir='ltr'><strong>virtutibus</strong></span> <span class='ocrx_word' id='word_1_625' title='bbox 2423 3531 2681 3586; x_wconf 90' lang='lat' dir='ltr'><strong>tradimus</strong></span> <span class='ocrx_word' id='word_1_626' title='bbox 2716 3552 2727 3585; x_wconf 93' lang='lat'>:</span> <span class='ocrx_word' id='word_1_627' title='bbox 2760 3535 2972 3603; x_wconf 88' lang='lat' dir='ltr'><strong>quando</strong></span> <span class='ocrx_word' id='word_1_628' title='bbox 3002 3547 3179 3592; x_wconf 90' lang='lat' dir='ltr'><strong>autem</strong></span> <span class='ocrx_word' id='word_1_629' title='bbox 3209 3541 3488 3606; x_wconf 85' lang='lat' dir='ltr'><strong>vincimur,</strong></span> <span class='ocrx_word' id='word_1_630' title='bbox 3514 3544 3586 3596; x_wconf 92' lang='lat' dir='ltr'><strong>si-</strong></span> 
     </span>
    </p>
   </div>
   <div class='ocr_carea' id='block_1_80' title="bbox 2007 3620 3584 3693">
    <p class='ocr_par' dir='ltr' id='par_1_80' title="bbox 2007 3620 3584 3693">
     <span class='ocr_line' id='line_1_80' title="bbox 2007 3620 3584 3693; baseline 0.008 -21"><span class='ocrx_word' id='word_1_631' title='bbox 2007 3620 2186 3674; x_wconf 68' lang='lat' dir='ltr'><strong>nistra:</strong></span> <span class='ocrx_word' id='word_1_632' title='bbox 2207 3621 2372 3690; x_wconf 91' lang='lat' dir='ltr'><strong>partis</strong></span> <span class='ocrx_word' id='word_1_633' title='bbox 2387 3621 2788 3689; x_wconf 72' lang='lat' dir='ltr'><strong>inﬁrmitatibus</strong></span> <span class='ocrx_word' id='word_1_634' title='bbox 2801 3625 3146 3693; x_wconf 87' lang='lat' dir='ltr'><strong>applicamus.</strong></span> <span class='ocrx_word' id='word_1_635' title='bbox 3179 3627 3446 3683; x_wconf 83' lang='lat' dir='ltr'><strong>Auxilium</strong></span> <span class='ocrx_word' id='word_1_636' title='bbox 3475 3646 3584 3684; x_wconf 90' lang='lat' dir='ltr'><strong>non</strong></span> 
     </span>
    </p>
   </div>
   <div class='ocr_carea' id='block_1_81' title="bbox 2005 3706 3578 3788">
    <p class='ocr_par' dir='ltr' id='par_1_81' title="bbox 2005 3706 3578 3788">
     <span class='ocr_line' id='line_1_81' title="bbox 2005 3706 3578 3788; baseline 0.005 -25"><span class='ocrx_word' id='word_1_637' title='bbox 2005 3712 2237 3766; x_wconf 86' lang='lat' dir='ltr'><strong>vincitur</strong></span> <span class='ocrx_word' id='word_1_638' title='bbox 2262 3713 2387 3777; x_wconf 87' lang='lat' dir='ltr'><strong>Dei,</strong></span> <span class='ocrx_word' id='word_1_639' title='bbox 2415 3713 2509 3768; x_wconf 90' lang='lat' dir='ltr'><strong>sed</strong></span> <span class='ocrx_word' id='word_1_640' title='bbox 2559 3714 2727 3767; x_wconf 91' lang='lat' dir='ltr'><strong>nostri</strong></span> <span class='ocrx_word' id='word_1_641' title='bbox 2767 3713 2986 3770; x_wconf 87' lang='lat' dir='ltr'><strong>libertas</strong></span> <span class='ocrx_word' id='word_1_642' title='bbox 3031 3717 3234 3770; x_wconf 91' lang='lat' dir='ltr'><strong>arbitrii</strong></span> <span class='ocrx_word' id='word_1_643' title='bbox 3280 3706 3578 3788; x_wconf 90' lang='lat' dir='ltr'><strong>superatur.</strong></span> 
     </span>
    </p>
   </div>
   <div class='ocr_carea' id='block_1_82' title="bbox 2007 3799 3585 3876">
    <p class='ocr_par' dir='ltr' id='par_1_82' title="bbox 2007 3799 3585 3876">
     <span class='ocr_line' id='line_1_82' title="bbox 2007 3799 3585 3876; baseline 0.008 -22"><span class='ocrx_word' id='word_1_644' title='bbox 2007 3799 2107 3866; x_wconf 88' lang='lat' dir='ltr'><strong>Qui</strong></span> <span class='ocrx_word' id='word_1_645' title='bbox 2137 3802 2181 3855; x_wconf 90' lang='lat' dir='ltr'><strong>si</strong></span> <span class='ocrx_word' id='word_1_646' title='bbox 2212 3802 2588 3872; x_wconf 90' lang='lat' dir='ltr'><strong>propensiores</strong></span> <span class='ocrx_word' id='word_1_647' title='bbox 2615 3803 2870 3857; x_wconf 85' lang='lat' dir='ltr'><strong>fuerimus</strong></span> <span class='ocrx_word' id='word_1_648' title='bbox 2899 3804 2950 3857; x_wconf 89' lang='lat' dir='ltr'><strong>in</strong></span> <span class='ocrx_word' id='word_1_649' title='bbox 2979 3805 3218 3872; x_wconf 90' lang='lat' dir='ltr'><strong>dextera,</strong></span> <span class='ocrx_word' id='word_1_650' title='bbox 3245 3809 3447 3876; x_wconf 87' lang='lat' dir='ltr'><strong>angelis</strong></span> <span class='ocrx_word' id='word_1_651' title='bbox 3474 3811 3585 3866; x_wconf 84' lang='lat' dir='ltr'><strong>suis</strong></span> 
     </span>
    </p>
   </div>
   <div class='ocr_carea' id='block_1_83' title="bbox 2006 3892 3584 3957">
    <p class='ocr_par' dir='ltr' id='par_1_83' title="bbox 2006 3892 3584 3957">
     <span class='ocr_line' id='line_1_83' title="bbox 2006 3892 3584 3957; baseline 0.008 -13"><span class='ocrx_word' id='word_1_652' title='bbox 2006 3892 2225 3946; x_wconf 88' lang='lat' dir='ltr'><strong>mandat</strong></span> <span class='ocrx_word' id='word_1_653' title='bbox 2252 3893 2320 3946; x_wconf 91' lang='lat' dir='ltr'><strong>de</strong></span> <span class='ocrx_word' id='word_1_654' title='bbox 2367 3892 2522 3948; x_wconf 89' lang='lat' dir='ltr'><strong>nobis</strong></span> <span class='ocrx_word' id='word_1_655' title='bbox 2548 3901 2606 3947; x_wconf 91' lang='lat' dir='ltr'><strong>ut</strong></span> <span class='ocrx_word' id='word_1_656' title='bbox 2641 3893 2942 3949; x_wconf 89' lang='lat' dir='ltr'><strong>custodiant</strong></span> <span class='ocrx_word' id='word_1_657' title='bbox 2989 3913 3087 3952; x_wconf 91' lang='lat' dir='ltr'><strong>nos</strong></span> <span class='ocrx_word' id='word_1_658' title='bbox 3115 3897 3168 3951; x_wconf 91' lang='lat' dir='ltr'><strong>in</strong></span> <span class='ocrx_word' id='word_1_659' title='bbox 3209 3899 3456 3956; x_wconf 91' lang='lat' dir='ltr'><strong>omnibus</strong></span> <span class='ocrx_word' id='word_1_660' title='bbox 3484 3902 3584 3957; x_wconf 82' lang='lat' dir='ltr'><strong>viis</strong></span> 
     </span>
    </p>
   </div>
   <div class='ocr_carea' id='block_1_84' title="bbox 2007 3981 3584 4053">
    <p class='ocr_par' dir='ltr' id='par_1_84' title="bbox 2007 3981 3584 4053">
     <span class='ocr_line' id='line_1_84' title="bbox 2007 3981 3584 4053; baseline 0.008 -20"><span class='ocrx_word' id='word_1_661' title='bbox 2007 3981 2204 4035; x_wconf 90' lang='lat' dir='ltr'><strong>nostris</strong></span> <span class='ocrx_word' id='word_1_662' title='bbox 2231 3999 2242 4034; x_wconf 91' lang='lat'><strong>:</strong></span> <span class='ocrx_word' id='word_1_663' title='bbox 2277 3981 2349 4034; x_wconf 89' lang='lat' dir='ltr'><strong>ita</strong></span> <span class='ocrx_word' id='word_1_664' title='bbox 2378 3989 2436 4035; x_wconf 94' lang='lat' dir='ltr'><strong>ut</strong></span> <span class='ocrx_word' id='word_1_665' title='bbox 2463 3983 2508 4036; x_wconf 91' lang='lat' dir='ltr'><strong>si</strong></span> <span class='ocrx_word' id='word_1_666' title='bbox 2537 3998 2698 4052; x_wconf 90' lang='lat' dir='ltr'><strong>super</strong></span> <span class='ocrx_word' id='word_1_667' title='bbox 2725 3983 2962 4053; x_wconf 81' lang='lat' dir='ltr'><strong>aspidem</strong></span> <span class='ocrx_word' id='word_1_668' title='bbox 2985 3995 3039 4040; x_wconf 92' lang='lat' dir='ltr'><strong>et</strong></span> <span class='ocrx_word' id='word_1_669' title='bbox 3065 3986 3369 4043; x_wconf 88' lang='lat' dir='ltr'><strong>basiliscum</strong></span> <span class='ocrx_word' id='word_1_670' title='bbox 3393 3992 3584 4046; x_wconf 88' lang='lat' dir='ltr'><strong>ambu-</strong></span> 
     </span>
    </p>
   </div>
   <div class='ocr_carea' id='block_1_85' title="bbox 2007 4073 3582 4150">
    <p class='ocr_par' dir='ltr' id='par_1_85' title="bbox 2007 4073 3582 4150">
     <span class='ocr_line' id='line_1_85' title="bbox 2007 4073 3582 4150; baseline 0.006 -22"><span class='ocrx_word' id='word_1_671' title='bbox 2007 4073 2197 4139; x_wconf 89' lang='lat' dir='ltr'><strong>lemus,</strong></span> <span class='ocrx_word' id='word_1_672' title='bbox 2245 4076 2298 4130; x_wconf 90' lang='lat' dir='ltr'><strong>id</strong></span> <span class='ocrx_word' id='word_1_673' title='bbox 2336 4085 2438 4143; x_wconf 89' lang='lat' dir='ltr'><strong>est,</strong></span> <span class='ocrx_word' id='word_1_674' title='bbox 2470 4093 2633 4147; x_wconf 90' lang='lat' dir='ltr'><strong>super</strong></span> <span class='ocrx_word' id='word_1_675' title='bbox 2659 4076 2928 4144; x_wconf 79' lang='lat' dir='ltr'><strong>diabolum</strong></span> <span class='ocrx_word' id='word_1_676' title='bbox 2956 4088 3011 4133; x_wconf 91' lang='lat' dir='ltr'><strong>et</strong></span> <span class='ocrx_word' id='word_1_677' title='bbox 3038 4094 3257 4148; x_wconf 89' lang='lat' dir='ltr'><strong>regnum</strong></span> <span class='ocrx_word' id='word_1_678' title='bbox 3296 4081 3429 4150; x_wconf 91' lang='lat' dir='ltr'><strong>ejus,</strong></span> <span class='ocrx_word' id='word_1_679' title='bbox 3461 4098 3582 4138; x_wconf 86' lang='lat' dir='ltr'><strong>con-</strong></span> 
     </span>
    </p>
   </div>
   <div class='ocr_carea' id='block_1_86' title="bbox 2007 4167 3582 4237">
    <p class='ocr_par' dir='ltr' id='par_1_86' title="bbox 2007 4167 3582 4237">
     <span class='ocr_line' id='line_1_86' title="bbox 2007 4167 3582 4237; baseline 0.005 -16"><span class='ocrx_word' id='word_1_680' title='bbox 2007 4167 2221 4223; x_wconf 89' lang='lat' dir='ltr'><strong>culcare</strong></span> <span class='ocrx_word' id='word_1_681' title='bbox 2248 4171 2514 4237; x_wconf 89' lang='lat' dir='ltr'><strong>possimus</strong></span> <span class='ocrx_word' id='word_1_682' title='bbox 2535 4177 2590 4224; x_wconf 92' lang='lat' dir='ltr'><strong>et</strong></span> <span class='ocrx_word' id='word_1_683' title='bbox 2616 4169 2828 4224; x_wconf 91' lang='lat' dir='ltr'><strong>leonem</strong></span> <span class='ocrx_word' id='word_1_684' title='bbox 2854 4178 2908 4225; x_wconf 92' lang='lat' dir='ltr'><strong>et</strong></span> <span class='ocrx_word' id='word_1_685' title='bbox 2935 4170 3240 4227; x_wconf 89' lang='lat' dir='ltr'><strong>draconem.</strong></span> <span class='ocrx_word' id='word_1_686' title='bbox 3273 4172 3396 4228; x_wconf 67' lang='lat' dir='ltr'><strong>Hmc</strong></span> <span class='ocrx_word' id='word_1_687' title='bbox 3441 4175 3582 4230; x_wconf 91' lang='lat' dir='ltr'><strong>enim</strong></span> 
     </span>
    </p>
   </div>
   <div class='ocr_carea' id='block_1_87' title="bbox 2008 4259 3580 4333">
    <p class='ocr_par' dir='ltr' id='par_1_87' title="bbox 2008 4259 3580 4333">
     <span class='ocr_line' id='line_1_87' title="bbox 2008 4259 3580 4333; baseline 0.006 -21"><span class='ocrx_word' id='word_1_688' title='bbox 2008 4259 2137 4313; x_wconf 90' lang='lat' dir='ltr'><strong>dicit</strong></span> <span class='ocrx_word' id='word_1_689' title='bbox 2157 4259 2431 4326; x_wconf 88' lang='lat' dir='ltr'><strong>Dominus,</strong></span> <span class='ocrx_word' id='word_1_690' title='bbox 2449 4262 2700 4329; x_wconf 90' lang='lat' dir='ltr'><strong>quoniam</strong></span> <span class='ocrx_word' id='word_1_691' title='bbox 2718 4262 2771 4315; x_wconf 90' lang='lat' dir='ltr'><strong>in</strong></span> <span class='ocrx_word' id='word_1_692' title='bbox 2788 4277 2874 4317; x_wconf 90' lang='lat' dir='ltr'><strong>me</strong></span> <span class='ocrx_word' id='word_1_693' title='bbox 2893 4265 3148 4332; x_wconf 82' lang='lat' dir='ltr'><strong>speravit,</strong></span> <span class='ocrx_word' id='word_1_694' title='bbox 3165 4264 3403 4320; x_wconf 88' lang='lat' dir='ltr'><strong>liberabo</strong></span> <span class='ocrx_word' id='word_1_695' title='bbox 3424 4281 3544 4320; x_wconf 92' lang='lat' dir='ltr'><strong>eum</strong></span> <span class='ocrx_word' id='word_1_696' title='bbox 3564 4285 3580 4333; x_wconf 87' lang='lat'><strong>;</strong></span> 
     </span>
    </p>
   </div>
   <div class='ocr_carea' id='block_1_88' title="bbox 2008 4345 3581 4423">
    <p class='ocr_par' dir='ltr' id='par_1_88' title="bbox 2008 4345 3581 4423">
     <span class='ocr_line' id='line_1_88' title="bbox 2008 4345 3581 4423; baseline 0.006 -20"><span class='ocrx_word' id='word_1_697' title='bbox 2008 4358 2289 4418; x_wconf 74' lang='lat' dir='ltr'><strong>pnotegam</strong></span> <span class='ocrx_word' id='word_1_698' title='bbox 2345 4368 2488 4417; x_wconf 91' lang='lat' dir='ltr'><strong>eum,</strong></span> <span class='ocrx_word' id='word_1_699' title='bbox 2530 4354 2786 4423; x_wconf 90' lang='lat' dir='ltr'><strong>quoniam</strong></span> <span class='ocrx_word' id='word_1_700' title='bbox 2840 4357 3090 4423; x_wconf 91' lang='lat' dir='ltr'><strong>cognovit</strong></span> <span class='ocrx_word' id='word_1_701' title='bbox 3137 4345 3332 4412; x_wconf 86' lang='lat' dir='ltr'><strong>nomen</strong></span> <span class='ocrx_word' id='word_1_702' title='bbox 3382 4374 3581 4413; x_wconf 90' lang='lat' dir='ltr'><strong>meum.</strong></span> 
     </span>
    </p>
   </div>
   <div class='ocr_carea' id='block_1_89' title="bbox 2008 4439 3583 4518">
    <p class='ocr_par' dir='ltr' id='par_1_89' title="bbox 2008 4439 3583 4518">
     <span class='ocr_line' id='line_1_89' title="bbox 2008 4439 3583 4518; baseline 0.007 -25"><span class='ocrx_word' id='word_1_703' title='bbox 2008 4439 2283 4494; x_wconf 89' lang='lat' dir='ltr'><strong>lnvocavit</strong></span> <span class='ocrx_word' id='word_1_704' title='bbox 2310 4455 2415 4507; x_wconf 89' lang='lat' dir='ltr'><strong>me,</strong></span> <span class='ocrx_word' id='word_1_705' title='bbox 2444 4455 2545 4510; x_wconf 91' lang='lat' dir='ltr'><strong>ego</strong></span> <span class='ocrx_word' id='word_1_706' title='bbox 2573 4443 2854 4498; x_wconf 87' lang='lat' dir='ltr'><strong>exaudiam</strong></span> <span class='ocrx_word' id='word_1_707' title='bbox 2882 4459 3022 4499; x_wconf 93' lang='lat' dir='ltr'><strong>eum.</strong></span> <span class='ocrx_word' id='word_1_708' title='bbox 3059 4443 3194 4501; x_wconf 86' lang='lat' dir='ltr'><strong>Cum</strong></span> <span class='ocrx_word' id='word_1_709' title='bbox 3230 4448 3345 4518; x_wconf 91' lang='lat' dir='ltr'><strong>ipso</strong></span> <span class='ocrx_word' id='word_1_710' title='bbox 3383 4463 3500 4503; x_wconf 91' lang='lat' dir='ltr'><strong>sum</strong></span> <span class='ocrx_word' id='word_1_711' title='bbox 3529 4449 3583 4504; x_wconf 90' lang='lat' dir='ltr'><strong>in</strong></span> 
     </span>
    </p>
   </div>
   <div class='ocr_carea' id='block_1_90' title="bbox 2009 4531 3583 4609">
    <p class='ocr_par' dir='ltr' id='par_1_90' title="bbox 2009 4531 3583 4609">
     <span class='ocr_line' id='line_1_90' title="bbox 2009 4531 3583 4609; baseline 0.007 -24"><span class='ocrx_word' id='word_1_712' title='bbox 2009 4531 2373 4598; x_wconf 89' lang='lat' dir='ltr'><strong>tribulatione,</strong></span> <span class='ocrx_word' id='word_1_713' title='bbox 2398 4533 2622 4604; x_wconf 89' lang='lat' dir='ltr'><strong>eripiam</strong></span> <span class='ocrx_word' id='word_1_714' title='bbox 2642 4550 2783 4600; x_wconf 92' lang='lat' dir='ltr'><strong>eum,</strong></span> <span class='ocrx_word' id='word_1_715' title='bbox 2807 4543 2861 4592; x_wconf 92' lang='lat' dir='ltr'><strong>et</strong></span> <span class='ocrx_word' id='word_1_716' title='bbox 2885 4536 3192 4606; x_wconf 87' lang='lat' dir='ltr'><strong>gloriticabo</strong></span> <span class='ocrx_word' id='word_1_717' title='bbox 3218 4553 3359 4594; x_wconf 90' lang='lat' dir='ltr'><strong>eum.</strong></span> <span class='ocrx_word' id='word_1_718' title='bbox 3389 4538 3583 4609; x_wconf 83' lang='lat' dir='ltr'><strong>Longi-</strong></span> 
     </span>
    </p>
   </div>
   <div class='ocr_carea' id='block_1_91' title="bbox 331 4599 3582 4694">
    <p class='ocr_par' dir='ltr' id='par_1_91' title="bbox 331 4599 3582 4694">
     <span class='ocr_line' id='line_1_91' title="bbox 331 4599 3582 4694; baseline 0.009 -37"><span class='ocrx_word' id='word_1_719' title='bbox 331 4618 464 4686; x_wconf 69' lang='lat' dir='ltr'><strong>eum.</strong></span> <span class='ocrx_word' id='word_1_720' title='bbox 495 4599 836 4674; x_wconf 86' lang='lat' dir='ltr'><strong>Longitudine</strong></span> <span class='ocrx_word' id='word_1_721' title='bbox 855 4603 1054 4658; x_wconf 84' lang='lat' dir='ltr'><strong>dierum</strong></span> <span class='ocrx_word' id='word_1_722' title='bbox 1081 4605 1282 4674; x_wconf 85' lang='lat' dir='ltr'><strong>replebo</strong></span> <span class='ocrx_word' id='word_1_723' title='bbox 1305 4624 1436 4673; x_wconf 89' lang='lat' dir='ltr'><strong>eum,</strong></span> <span class='ocrx_word' id='word_1_724' title='bbox 1466 4617 1515 4662; x_wconf 85' lang='lat' dir='ltr'><strong>et</strong></span> <span class='ocrx_word' id='word_1_725' title='bbox 1541 4610 1804 4664; x_wconf 78' lang='lat' dir='ltr'><strong>ostendam</strong></span> <span class='ocrx_word' id='word_1_726' title='bbox 1825 4607 1982 4669; x_wconf 76' lang='grc' dir='ltr'><strong>ίιωνυ</strong></span> <span class='ocrx_word' id='word_1_727' title='bbox 2007 4619 2192 4675; x_wconf 89' lang='lat' dir='ltr'><strong>tudine</strong></span> <span class='ocrx_word' id='word_1_728' title='bbox 2218 4620 2425 4677; x_wconf 90' lang='lat' dir='ltr'><strong>dierum</strong></span> <span class='ocrx_word' id='word_1_729' title='bbox 2451 4599 2753 4694; x_wconf 78' lang='lat' dir='ltr'><strong>adimplebo</strong></span> <span class='ocrx_word' id='word_1_730' title='bbox 2771 4599 2917 4692; x_wconf 54' lang='lat' dir='ltr'><strong>eum,</strong></span> <span class='ocrx_word' id='word_1_731' title='bbox 2943 4634 2997 4682; x_wconf 93' lang='lat' dir='ltr'><strong>et</strong></span> <span class='ocrx_word' id='word_1_732' title='bbox 3017 4629 3294 4684; x_wconf 87' lang='lat' dir='ltr'><strong>ostendam</strong></span> <span class='ocrx_word' id='word_1_733' title='bbox 3324 4629 3398 4684; x_wconf 90' lang='lat' dir='ltr'><strong>illi</strong></span> <span class='ocrx_word' id='word_1_734' title='bbox 3437 4599 3582 4686; x_wconf 48' lang='lat' dir='ltr'><strong>salvu—</strong></span> 
     </span>
    </p>
   </div>
   <div class='ocr_carea' id='block_1_92' title="bbox 327 4683 752 4765">
    <p class='ocr_par' dir='ltr' id='par_1_92' title="bbox 327 4683 752 4765">
     <span class='ocr_line' id='line_1_92' title="bbox 327 4683 752 4765; baseline 0 -17"><span class='ocrx_word' id='word_1_735' title='bbox 327 4683 557 4765; x_wconf 67' lang='lat' dir='ltr'><strong>salutare</strong></span> <span class='ocrx_word' id='word_1_736' title='bbox 571 4711 752 4749; x_wconf 86' lang='lat' dir='ltr'><strong>meum.</strong></span> 
     </span>
    </p>
   </div>
   <div class='ocr_carea' id='block_1_93' title="bbox 893 4781 1325 4824">
    <p class='ocr_par' dir='ltr' id='par_1_93' title="bbox 893 4781 1325 4824">
     <span class='ocr_line' id='line_1_93' title="bbox 893 4781 1325 4824; baseline 0.005 -4"><span class='ocrx_word' id='word_1_737' title='bbox 893 4781 1325 4824; x_wconf 68' lang='lat' dir='ltr'><strong>COMIENTARWH.</strong></span> 
     </span>
    </p>
   </div>
   <div class='ocr_carea' id='block_1_94' title="bbox 396 4875 1904 4952">
    <p class='ocr_par' dir='ltr' id='par_1_94' title="bbox 396 4875 1904 4952">
     <span class='ocr_line' id='line_1_94' title="bbox 396 4875 1904 4952; baseline 0.007 -23"><span class='ocrx_word' id='word_1_738' title='bbox 396 4875 543 4930; x_wconf 81' lang='lat' dir='ltr'><strong>Multi</strong></span> <span class='ocrx_word' id='word_1_739' title='bbox 573 4885 767 4946; x_wconf 87' lang='lat' dir='ltr'><strong>putant</strong></span> <span class='ocrx_word' id='word_1_740' title='bbox 793 4877 1094 4934; x_wconf 88' lang='lat' dir='ltr'><strong>libertatem</strong></span> <span class='ocrx_word' id='word_1_741' title='bbox 1123 4879 1329 4935; x_wconf 89' lang='lat' dir='ltr'><strong>arbitrii</strong></span> <span class='ocrx_word' id='word_1_742' title='bbox 1356 4895 1594 4950; x_wconf 88' lang='lat' dir='ltr'><strong>eousque</strong></span> <span class='ocrx_word' id='word_1_743' title='bbox 1619 4881 1720 4936; x_wconf 89' lang='lat' dir='ltr'><strong>sibi</strong></span> <span class='ocrx_word' id='word_1_744' title='bbox 1742 4897 1904 4952; x_wconf 88' lang='lat' dir='ltr'><strong>posse</strong></span> 
     </span>
    </p>
   </div>
   <div class='ocr_carea' id='block_1_95' title="bbox 326 4965 1903 5039">
    <p class='ocr_par' dir='ltr' id='par_1_95' title="bbox 326 4965 1903 5039">
     <span class='ocr_line' id='line_1_95' title="bbox 326 4965 1903 5039; baseline 0.006 -19"><span class='ocrx_word' id='word_1_745' title='bbox 326 4965 588 5029; x_wconf 84' lang='lat' dir='ltr'><strong>sufﬁcere,</strong></span> <span class='ocrx_word' id='word_1_746' title='bbox 631 4975 689 5020; x_wconf 86' lang='lat' dir='ltr'><strong>ut</strong></span> <span class='ocrx_word' id='word_1_747' title='bbox 715 4982 834 5022; x_wconf 88' lang='lat' dir='ltr'><strong>sese</strong></span> <span class='ocrx_word' id='word_1_748' title='bbox 882 4983 980 5038; x_wconf 91' lang='lat' dir='ltr'><strong>per</strong></span> <span class='ocrx_word' id='word_1_749' title='bbox 1006 4969 1175 5039; x_wconf 90' lang='lat' dir='ltr'><strong>ipsam</strong></span> <span class='ocrx_word' id='word_1_750' title='bbox 1204 4970 1504 5026; x_wconf 85' lang='lat' dir='ltr'><strong>libertatem</strong></span> <span class='ocrx_word' id='word_1_751' title='bbox 1550 4972 1618 5027; x_wconf 88' lang='lat' dir='ltr'><strong>ab</strong></span> <span class='ocrx_word' id='word_1_752' title='bbox 1659 4973 1903 5029; x_wconf 88' lang='lat' dir='ltr'><strong>hostibus</strong></span> 
     </span>
    </p>
   </div>
   <div class='ocr_carea' id='block_1_96' title="bbox 327 5057 1899 5129">
    <p class='ocr_par' dir='ltr' id='par_1_96' title="bbox 327 5057 1899 5129">
     <span class='ocr_line' id='line_1_96' title="bbox 327 5057 1899 5129; baseline 0.006 -19"><span class='ocrx_word' id='word_1_753' title='bbox 327 5057 679 5112; x_wconf 90' lang='lat' dir='ltr'><strong>invisibilibus</strong></span> <span class='ocrx_word' id='word_1_754' title='bbox 706 5073 899 5113; x_wconf 89' lang='lat' dir='ltr'><strong>eruere</strong></span> <span class='ocrx_word' id='word_1_755' title='bbox 928 5075 1088 5129; x_wconf 87' lang='lat' dir='ltr'><strong>posse</strong></span> <span class='ocrx_word' id='word_1_756' title='bbox 1114 5060 1402 5115; x_wconf 81' lang='lat' dir='ltr'><strong>conﬁdant.</strong></span> <span class='ocrx_word' id='word_1_757' title='bbox 1447 5061 1773 5119; x_wconf 88' lang='lat' dir='ltr'><strong>Libertatem</strong></span> <span class='ocrx_word' id='word_1_758' title='bbox 1803 5080 1899 5120; x_wconf 90' lang='lat' dir='ltr'><strong>au-</strong></span> 
     </span>
    </p>
   </div>
   <div class='ocr_carea' id='block_1_97' title="bbox 327 5149 1904 5228">
    <p class='ocr_par' dir='ltr' id='par_1_97' title="bbox 327 5149 1904 5228">
     <span class='ocr_line' id='line_1_97' title="bbox 327 5149 1904 5228; baseline 0.008 -26"><span class='ocrx_word' id='word_1_759' title='bbox 327 5155 433 5202; x_wconf 89' lang='lat' dir='ltr'><strong>tem</strong></span> <span class='ocrx_word' id='word_1_760' title='bbox 461 5149 686 5214; x_wconf 88' lang='lat' dir='ltr'><strong>arbitrii,</strong></span> <span class='ocrx_word' id='word_1_761' title='bbox 713 5158 769 5204; x_wconf 92' lang='lat' dir='ltr'><strong>et</strong></span> <span class='ocrx_word' id='word_1_762' title='bbox 796 5165 992 5220; x_wconf 88' lang='lat' dir='ltr'><strong>negare</strong></span> <span class='ocrx_word' id='word_1_763' title='bbox 1017 5153 1313 5221; x_wconf 90' lang='lat' dir='ltr'><strong>periculum</strong></span> <span class='ocrx_word' id='word_1_764' title='bbox 1336 5162 1437 5220; x_wconf 90' lang='lat' dir='ltr'><strong>est,</strong></span> <span class='ocrx_word' id='word_1_765' title='bbox 1469 5163 1524 5210; x_wconf 92' lang='lat' dir='ltr'><strong>et</strong></span> <span class='ocrx_word' id='word_1_766' title='bbox 1549 5155 1750 5212; x_wconf 89' lang='lat' dir='ltr'><strong>nudare</strong></span> <span class='ocrx_word' id='word_1_767' title='bbox 1778 5172 1904 5228; x_wconf 87' lang='lat' dir='ltr'><strong>pec-</strong></span> 
     </span>
    </p>
   </div>
   <div class='ocr_carea' id='block_1_98' title="bbox 323 5236 1906 5314">
    <p class='ocr_par' dir='ltr' id='par_1_98' title="bbox 323 5236 1906 5314">
     <span class='ocr_line' id='line_1_98' title="bbox 323 5236 1906 5314; baseline 0.009 -24"><span class='ocrx_word' id='word_1_768' title='bbox 323 5245 522 5292; x_wconf 93' lang='lat' dir='ltr'><strong>catum.</strong></span> <span class='ocrx_word' id='word_1_769' title='bbox 552 5236 609 5292; x_wconf 92' lang='lat' dir='ltr'><strong>Si</strong></span> <span class='ocrx_word' id='word_1_770' title='bbox 632 5240 774 5294; x_wconf 91' lang='lat' dir='ltr'><strong>enim</strong></span> <span class='ocrx_word' id='word_1_771' title='bbox 805 5243 1100 5310; x_wconf 66' lang='lat' dir='ltr'><strong>negaveris,</strong></span> <span class='ocrx_word' id='word_1_772' title='bbox 1136 5243 1384 5299; x_wconf 91' lang='lat' dir='ltr'><strong>omnibus</strong></span> <span class='ocrx_word' id='word_1_773' title='bbox 1415 5243 1564 5300; x_wconf 89' lang='lat' dir='ltr'><strong>frena</strong></span> <span class='ocrx_word' id='word_1_774' title='bbox 1603 5246 1828 5314; x_wconf 89' lang='lat' dir='ltr'><strong>laxasti;</strong></span> <span class='ocrx_word' id='word_1_775' title='bbox 1859 5249 1906 5304; x_wconf 90' lang='lat' dir='ltr'><strong>si</strong></span> 
     </span>
    </p>
   </div>
   <div class='ocr_carea' id='block_1_99' title="bbox 324 5327 1902 5402">
    <p class='ocr_par' dir='ltr' id='par_1_99' title="bbox 324 5327 1902 5402">
     <span class='ocr_line' id='line_1_99' title="bbox 324 5327 1902 5402; baseline 0.008 -22"><span class='ocrx_word' id='word_1_776' title='bbox 324 5327 629 5395; x_wconf 90' lang='lat' dir='ltr'><strong>nudaveris,</strong></span> <span class='ocrx_word' id='word_1_777' title='bbox 654 5328 930 5400; x_wconf 89' lang='lat' dir='ltr'><strong>decepisti.</strong></span> <span class='ocrx_word' id='word_1_778' title='bbox 969 5332 1102 5386; x_wconf 81' lang='lat' dir='ltr'><strong>Nam</strong></span> <span class='ocrx_word' id='word_1_779' title='bbox 1130 5345 1294 5402; x_wconf 89' lang='lat' dir='ltr'><strong>negas</strong></span> <span class='ocrx_word' id='word_1_780' title='bbox 1331 5336 1376 5389; x_wconf 89' lang='lat' dir='ltr'><strong>si</strong></span> <span class='ocrx_word' id='word_1_781' title='bbox 1399 5335 1597 5392; x_wconf 90' lang='lat' dir='ltr'><strong>dixeris</strong></span> <span class='ocrx_word' id='word_1_782' title='bbox 1629 5355 1641 5390; x_wconf 88' lang='lat'><strong>:</strong></span> <span class='ocrx_word' id='word_1_783' title='bbox 1678 5337 1817 5393; x_wconf 92' lang='lat' dir='ltr'><strong>Deus</strong></span> <span class='ocrx_word' id='word_1_784' title='bbox 1857 5339 1902 5393; x_wconf 89' lang='lat' dir='ltr'><strong>si</strong></span> 
     </span>
    </p>
   </div>
   <div class='ocr_carea' id='block_1_100' title="bbox 323 5419 1898 5496">
    <p class='ocr_par' dir='ltr' id='par_1_100' title="bbox 323 5419 1898 5496">
     <span class='ocr_line' id='line_1_100' title="bbox 323 5419 1898 5496; baseline 0.008 -23"><span class='ocrx_word' id='word_1_785' title='bbox 323 5419 452 5486; x_wconf 92' lang='lat' dir='ltr'><strong>vult,</strong></span> <span class='ocrx_word' id='word_1_786' title='bbox 483 5421 658 5476; x_wconf 92' lang='lat' dir='ltr'><strong>bonus</strong></span> <span class='ocrx_word' id='word_1_787' title='bbox 683 5438 832 5489; x_wconf 89' lang='lat' dir='ltr'><strong>sum;</strong></span> <span class='ocrx_word' id='word_1_788' title='bbox 862 5424 908 5479; x_wconf 89' lang='lat' dir='ltr'><strong>si</strong></span> <span class='ocrx_word' id='word_1_789' title='bbox 937 5440 1045 5479; x_wconf 90' lang='lat' dir='ltr'><strong>non</strong></span> <span class='ocrx_word' id='word_1_790' title='bbox 1072 5424 1204 5489; x_wconf 89' lang='lat' dir='ltr'><strong>vult,</strong></span> <span class='ocrx_word' id='word_1_791' title='bbox 1235 5426 1408 5481; x_wconf 89' lang='lat' dir='ltr'><strong>bonus</strong></span> <span class='ocrx_word' id='word_1_792' title='bbox 1452 5443 1559 5484; x_wconf 92' lang='lat' dir='ltr'><strong>non</strong></span> <span class='ocrx_word' id='word_1_793' title='bbox 1599 5445 1748 5496; x_wconf 87' lang='lat' dir='ltr'><strong>sum;</strong></span> <span class='ocrx_word' id='word_1_794' title='bbox 1779 5445 1898 5484; x_wconf 90' lang='lat' dir='ltr'><strong>cum</strong></span> 
     </span>
    </p>
   </div>
   <div class='ocr_carea' id='block_1_101' title="bbox 319 5511 1901 5586">
    <p class='ocr_par' dir='ltr' id='par_1_101' title="bbox 319 5511 1901 5586">
     <span class='ocr_line' id='line_1_101' title="bbox 319 5511 1901 5586; baseline 0.006 -20"><span class='ocrx_word' id='word_1_795' title='bbox 319 5520 530 5566; x_wconf 78' lang='lat' dir='ltr'><strong>constet</strong></span> <span class='ocrx_word' id='word_1_796' title='bbox 558 5511 726 5568; x_wconf 92' lang='lat' dir='ltr'><strong>Deum</strong></span> <span class='ocrx_word' id='word_1_797' title='bbox 756 5515 894 5570; x_wconf 90' lang='lat' dir='ltr'><strong>velle</strong></span> <span class='ocrx_word' id='word_1_798' title='bbox 940 5531 1131 5571; x_wconf 88' lang='lat' dir='ltr'><strong>omnes</strong></span> <span class='ocrx_word' id='word_1_799' title='bbox 1180 5517 1427 5574; x_wconf 88' lang='lat' dir='ltr'><strong>homines</strong></span> <span class='ocrx_word' id='word_1_800' title='bbox 1455 5520 1634 5577; x_wconf 88' lang='lat' dir='ltr'><strong>salvos</strong></span> <span class='ocrx_word' id='word_1_801' title='bbox 1682 5518 1815 5586; x_wconf 84' lang='lat' dir='ltr'><strong>ﬁeri,</strong></span> <span class='ocrx_word' id='word_1_802' title='bbox 1846 5529 1901 5576; x_wconf 90' lang='lat' dir='ltr'><strong>et</strong></span> 
     </span>
    </p>
   </div>
   <div class='ocr_carea' id='block_1_102' title="bbox 319 5605 1892 5681">
    <p class='ocr_par' dir='ltr' id='par_1_102' title="bbox 319 5605 1892 5681">
     <span class='ocr_line' id='line_1_102' title="bbox 319 5605 1892 5681; baseline 0.009 -25"><span class='ocrx_word' id='word_1_803' title='bbox 319 5605 684 5674; x_wconf 86' lang='lat' dir='ltr'><strong>unusquisque</strong></span> <span class='ocrx_word' id='word_1_804' title='bbox 725 5621 823 5661; x_wconf 91' lang='lat' dir='ltr'><strong>suo</strong></span> <span class='ocrx_word' id='word_1_805' title='bbox 851 5607 922 5661; x_wconf 92' lang='lat' dir='ltr'><strong>sit</strong></span> <span class='ocrx_word' id='word_1_806' title='bbox 949 5607 1160 5681; x_wconf 90' lang='lat' dir='ltr'><strong>iniquus</strong></span> <span class='ocrx_word' id='word_1_807' title='bbox 1206 5610 1445 5668; x_wconf 86' lang='lat' dir='ltr'><strong>arbitrio.</strong></span> <span class='ocrx_word' id='word_1_808' title='bbox 1478 5611 1656 5667; x_wconf 87' lang='lat' dir='ltr'><strong>Nudas</strong></span> <span class='ocrx_word' id='word_1_809' title='bbox 1695 5620 1892 5678; x_wconf 87' lang='lat' dir='ltr'><strong>autem,</strong></span> 
     </span>
    </p>
   </div>
   <div class='ocr_carea' id='block_1_103' title="bbox 316 5699 1895 5770">
    <p class='ocr_par' dir='ltr' id='par_1_103' title="bbox 316 5699 1895 5770">
     <span class='ocr_line' id='line_1_103' title="bbox 316 5699 1895 5770; baseline 0.005 -20"><span class='ocrx_word' id='word_1_810' title='bbox 316 5713 439 5768; x_wconf 87' lang='lat' dir='ltr'><strong>cum</strong></span> <span class='ocrx_word' id='word_1_811' title='bbox 461 5705 666 5753; x_wconf 89' lang='lat' dir='ltr'><strong>tantum</strong></span> <span class='ocrx_word' id='word_1_812' title='bbox 697 5699 797 5770; x_wconf 87' lang='lat' dir='ltr'><strong>ipsi</strong></span> <span class='ocrx_word' id='word_1_813' title='bbox 827 5700 1049 5757; x_wconf 85' lang='lat' dir='ltr'><strong>arbitrio</strong></span> <span class='ocrx_word' id='word_1_814' title='bbox 1070 5701 1303 5770; x_wconf 90' lang='lat' dir='ltr'><strong>dederis,</strong></span> <span class='ocrx_word' id='word_1_815' title='bbox 1327 5712 1386 5758; x_wconf 93' lang='lat' dir='ltr'><strong>ut</strong></span> <span class='ocrx_word' id='word_1_816' title='bbox 1405 5719 1526 5759; x_wconf 90' lang='lat' dir='ltr'><strong>eum</strong></span> <span class='ocrx_word' id='word_1_817' title='bbox 1550 5706 1710 5760; x_wconf 89' lang='lat' dir='ltr'><strong>rebus</strong></span> <span class='ocrx_word' id='word_1_818' title='bbox 1730 5705 1895 5760; x_wconf 91' lang='lat' dir='ltr'><strong>divini</strong></span> 
     </span>
    </p>
   </div>
   <div class='ocr_carea' id='block_1_104' title="bbox 315 5790 1893 5868">
    <p class='ocr_par' dir='ltr' id='par_1_104' title="bbox 315 5790 1893 5868">
     <span class='ocr_line' id='line_1_104' title="bbox 315 5790 1893 5868; baseline 0.006 -25"><span class='ocrx_word' id='word_1_819' title='bbox 315 5790 566 5858; x_wconf 80' lang='lat' dir='ltr'><strong>adjutorii</strong></span> <span class='ocrx_word' id='word_1_820' title='bbox 614 5791 919 5868; x_wconf 86' lang='lat' dir='ltr'><strong>denudaris.</strong></span> <span class='ocrx_word' id='word_1_821' title='bbox 952 5793 1084 5851; x_wconf 87' lang='lat' dir='ltr'><strong>Nam</strong></span> <span class='ocrx_word' id='word_1_822' title='bbox 1131 5797 1224 5866; x_wconf 89' lang='lat' dir='ltr'><strong>qui</strong></span> <span class='ocrx_word' id='word_1_823' title='bbox 1254 5796 1457 5853; x_wconf 88' lang='lat' dir='ltr'><strong>habitat</strong></span> <span class='ocrx_word' id='word_1_824' title='bbox 1483 5797 1536 5853; x_wconf 89' lang='lat' dir='ltr'><strong>in</strong></span> <span class='ocrx_word' id='word_1_825' title='bbox 1563 5796 1893 5866; x_wconf 80' lang='lat' dir='ltr'><strong>adjutoriunt</strong></span> 
     </span>
    </p>
   </div>
   <div class='ocr_carea' id='block_1_105' title="bbox 603 5877 1075 5945">
    <p class='ocr_par' dir='ltr' id='par_1_105' title="bbox 603 5877 1075 5945">
     <span class='ocr_line' id='line_1_105' title="bbox 603 5877 1075 5945; baseline 0.004 -2"><span class='ocrx_word' id='word_1_826' title='bbox 603 5877 870 5945; x_wconf 63' lang='lat' dir='ltr'><strong>Phaon.</strong></span> <span class='ocrx_word' id='word_1_827' title='bbox 919 5882 1075 5945; x_wconf 89' lang='lat' dir='ltr'><strong>Llll.</strong></span> 
     </span>
    </p>
   </div>
   <div class='ocr_carea' id='block_1_106' title="bbox 2005 4712 3543 4782">
    <p class='ocr_par' dir='ltr' id='par_1_106' title="bbox 2005 4712 3543 4782">
     <span class='ocr_line' id='line_1_106' title="bbox 2005 4712 3543 4782; baseline 0.006 -17"><span class='ocrx_word' id='word_1_828' title='bbox 2005 4717 2123 4766; x_wconf 88' lang='lat' dir='ltr'><strong>tare</strong></span> <span class='ocrx_word' id='word_1_829' title='bbox 2149 4725 2348 4776; x_wconf 88' lang='lat' dir='ltr'><strong>meum,</strong></span> <span class='ocrx_word' id='word_1_830' title='bbox 2375 4712 2474 4782; x_wconf 89' lang='lat' dir='ltr'><strong>ipsi</strong></span> <span class='ocrx_word' id='word_1_831' title='bbox 2494 4713 2664 4782; x_wconf 88' lang='lat' dir='ltr'><strong>gloria</strong></span> <span class='ocrx_word' id='word_1_832' title='bbox 2693 4713 2748 4769; x_wconf 93' lang='lat' dir='ltr'><strong>in</strong></span> <span class='ocrx_word' id='word_1_833' title='bbox 2777 4717 2966 4772; x_wconf 77' lang='lat' dir='ltr'><strong>saecula</strong></span> <span class='ocrx_word' id='word_1_834' title='bbox 2990 4719 3323 4774; x_wconf 72' lang='lat' dir='ltr'><strong>saeculorum.</strong></span> <span class='ocrx_word' id='word_1_835' title='bbox 3356 4720 3543 4777; x_wconf 82' lang='lat' dir='ltr'><strong>Amen.</strong></span> 
     </span>
    </p>
   </div>
   <div class='ocr_carea' id='block_1_107' title="bbox 2550 4847 3026 4904">
    <p class='ocr_par' dir='ltr' id='par_1_107' title="bbox 2550 4847 3026 4904">
     <span class='ocr_line' id='line_1_107' title="bbox 2550 4847 3026 4904; baseline 0.004 -2"><span class='ocrx_word' id='word_1_836' title='bbox 2550 4847 2860 4904; x_wconf 82' lang='lat' dir='ltr'><strong>PSALMUS</strong></span> <span class='ocrx_word' id='word_1_837' title='bbox 2899 4848 3026 4904; x_wconf 85' lang='lat' dir='ltr'><strong>XCI.</strong></span> 
     </span>
    </p>
   </div>
   <div class='ocr_carea' id='block_1_108' title="bbox 2344 4956 3250 5018">
    <p class='ocr_par' dir='ltr' id='par_1_108' title="bbox 2344 4956 3250 5018">
     <span class='ocr_line' id='line_1_108' title="bbox 2344 4956 3250 5018; baseline 0.004 -6"><span class='ocrx_word' id='word_1_838' title='bbox 2344 4956 2583 5014; x_wconf 87' lang='lat' dir='ltr'><strong>Psalmus</strong></span> <span class='ocrx_word' id='word_1_839' title='bbox 2609 4961 2804 5016; x_wconf 89' lang='lat' dir='ltr'><strong>cantici</strong></span> <span class='ocrx_word' id='word_1_840' title='bbox 2831 4961 2883 5015; x_wconf 92' lang='lat' dir='ltr'><strong>in</strong></span> <span class='ocrx_word' id='word_1_841' title='bbox 2910 4961 2998 5017; x_wconf 92' lang='lat' dir='ltr'><strong>die</strong></span> <span class='ocrx_word' id='word_1_842' title='bbox 3025 4962 3250 5018; x_wconf 89' lang='lat' dir='ltr'><strong>sabbati.</strong></span> 
     </span>
    </p>
   </div>
   <div class='ocr_carea' id='block_1_109' title="bbox 2076 5073 3577 5148">
    <p class='ocr_par' dir='ltr' id='par_1_109' title="bbox 2076 5073 3577 5148">
     <span class='ocr_line' id='line_1_109' title="bbox 2076 5073 3577 5148; baseline 0.001 -21"><span class='ocrx_word' id='word_1_843' title='bbox 2076 5073 2276 5128; x_wconf 78' lang='lat' dir='ltr'><strong>Bonum</strong></span> <span class='ocrx_word' id='word_1_844' title='bbox 2297 5083 2374 5128; x_wconf 87' lang='lat' dir='ltr'><strong>est</strong></span> <span class='ocrx_word' id='word_1_845' title='bbox 2399 5075 2633 5145; x_wconf 77' lang='lat' dir='ltr'><strong>conﬁteri</strong></span> <span class='ocrx_word' id='word_1_846' title='bbox 2659 5075 2904 5141; x_wconf 89' lang='lat' dir='ltr'><strong>Domino,</strong></span> <span class='ocrx_word' id='word_1_847' title='bbox 2925 5085 2976 5130; x_wconf 91' lang='lat' dir='ltr'><strong>et</strong></span> <span class='ocrx_word' id='word_1_848' title='bbox 3001 5078 3219 5147; x_wconf 83' lang='lat' dir='ltr'><strong>psallere</strong></span> <span class='ocrx_word' id='word_1_849' title='bbox 3241 5077 3436 5128; x_wconf 88' lang='lat' dir='ltr'><strong>nomini</strong></span> <span class='ocrx_word' id='word_1_850' title='bbox 3467 5085 3577 5148; x_wconf 83' lang='lat' dir='ltr'><strong>tuo,</strong></span> 
     </span>
    </p>
   </div>
   <div class='ocr_carea' id='block_1_110' title="bbox 2003 5163 3578 5221">
    <p class='ocr_par' dir='ltr' id='par_1_110' title="bbox 2003 5163 3578 5221">
     <span class='ocr_line' id='line_1_110' title="bbox 2003 5163 3578 5221; baseline 0.002 -3"><span class='ocrx_word' id='word_1_851' title='bbox 2003 5164 2283 5220; x_wconf 82' lang='lat' dir='ltr'><strong>Altissime.</strong></span> <span class='ocrx_word' id='word_1_852' title='bbox 2307 5164 2388 5218; x_wconf 81' lang='lat' dir='ltr'><strong>Ad</strong></span> <span class='ocrx_word' id='word_1_853' title='bbox 2407 5167 2819 5221; x_wconf 85' lang='lat' dir='ltr'><strong>annuntiandum</strong></span> <span class='ocrx_word' id='word_1_854' title='bbox 2842 5183 2992 5220; x_wconf 89' lang='lat' dir='ltr'><strong>mane</strong></span> <span class='ocrx_word' id='word_1_855' title='bbox 3004 5163 3406 5218; x_wconf 88' lang='lat' dir='ltr'><strong>misericordiam</strong></span> <span class='ocrx_word' id='word_1_856' title='bbox 3435 5173 3578 5221; x_wconf 89' lang='lat' dir='ltr'><strong>tuam</strong></span> 
     </span>
    </p>
   </div>
   <div class='ocr_carea' id='block_1_111' title="bbox 2003 5252 3577 5328">
    <p class='ocr_par' dir='ltr' id='par_1_111' title="bbox 2003 5252 3577 5328">
     <span class='ocr_line' id='line_1_111' title="bbox 2003 5252 3577 5328; baseline 0.003 -19"><span class='ocrx_word' id='word_1_857' title='bbox 2003 5265 2053 5309; x_wconf 91' lang='lat' dir='ltr'><strong>et</strong></span> <span class='ocrx_word' id='word_1_858' title='bbox 2078 5257 2338 5311; x_wconf 82' lang='lat' dir='ltr'><strong>veritatem</strong></span> <span class='ocrx_word' id='word_1_859' title='bbox 2361 5267 2500 5312; x_wconf 89' lang='lat' dir='ltr'><strong>tuam</strong></span> <span class='ocrx_word' id='word_1_860' title='bbox 2522 5274 2612 5328; x_wconf 88' lang='lat' dir='ltr'><strong>per</strong></span> <span class='ocrx_word' id='word_1_861' title='bbox 2638 5267 2853 5312; x_wconf 87' lang='lat' dir='ltr'><strong>noctem.</strong></span> <span class='ocrx_word' id='word_1_862' title='bbox 2881 5255 2946 5308; x_wconf 83' lang='lat' dir='ltr'><strong>In</strong></span> <span class='ocrx_word' id='word_1_863' title='bbox 2971 5252 3288 5306; x_wconf 68' lang='lat' dir='ltr'><strong>dcccc/cordo</strong></span> <span class='ocrx_word' id='word_1_864' title='bbox 3313 5256 3577 5326; x_wconf 85' lang='lat' dir='ltr'><strong>psalterio,</strong></span> 
     </span>
    </p>
   </div>
   <div class='ocr_carea' id='block_1_112' title="bbox 2003 5343 3578 5414">
    <p class='ocr_par' dir='ltr' id='par_1_112' title="bbox 2003 5343 3578 5414">
     <span class='ocr_line' id='line_1_112' title="bbox 2003 5343 3578 5414; baseline 0.003 -14"><span class='ocrx_word' id='word_1_865' title='bbox 2003 5363 2116 5401; x_wconf 90' lang='lat' dir='ltr'><strong>cum</strong></span> <span class='ocrx_word' id='word_1_866' title='bbox 2143 5350 2344 5403; x_wconf 90' lang='lat' dir='ltr'><strong>cantico</strong></span> <span class='ocrx_word' id='word_1_867' title='bbox 2381 5351 2435 5403; x_wconf 87' lang='lat' dir='ltr'><strong>in</strong></span> <span class='ocrx_word' id='word_1_868' title='bbox 2462 5349 2680 5404; x_wconf 78' lang='lat' dir='ltr'><strong>cithara.</strong></span> <span class='ocrx_word' id='word_1_869' title='bbox 2712 5345 2844 5410; x_wconf 85' lang='lat' dir='ltr'><strong>Quia</strong></span> <span class='ocrx_word' id='word_1_870' title='bbox 2873 5343 3136 5398; x_wconf 86' lang='lat' dir='ltr'><strong>delectain</strong></span> <span class='ocrx_word' id='word_1_871' title='bbox 3164 5360 3246 5398; x_wconf 90' lang='lat' dir='ltr'><strong>me</strong></span> <span class='ocrx_word' id='word_1_872' title='bbox 3274 5347 3328 5401; x_wconf 90' lang='lat' dir='ltr'><strong>in</strong></span> <span class='ocrx_word' id='word_1_873' title='bbox 3374 5350 3578 5414; x_wconf 75' lang='lat' dir='ltr'><strong>factura</strong></span> 
     </span>
    </p>
   </div>
   <div class='ocr_carea' id='block_1_113' title="bbox 2004 5435 3576 5510">
    <p class='ocr_par' dir='ltr' id='par_1_113' title="bbox 2004 5435 3576 5510">
     <span class='ocr_line' id='line_1_113' title="bbox 2004 5435 3576 5510; baseline 0 -18"><span class='ocrx_word' id='word_1_874' title='bbox 2004 5447 2108 5503; x_wconf 88' lang='lat' dir='ltr'><strong>tua,</strong></span> <span class='ocrx_word' id='word_1_875' title='bbox 2138 5441 2268 5493; x_wconf 86' lang='lat' dir='ltr'><strong>etin</strong></span> <span class='ocrx_word' id='word_1_876' title='bbox 2305 5439 2538 5510; x_wconf 85' lang='lat' dir='ltr'><strong>operibus</strong></span> <span class='ocrx_word' id='word_1_877' title='bbox 2584 5450 2825 5491; x_wconf 87' lang='lat' dir='ltr'><strong>manuum</strong></span> <span class='ocrx_word' id='word_1_878' title='bbox 2871 5443 3070 5486; x_wconf 89' lang='lat' dir='ltr'><strong>tuarum</strong></span> <span class='ocrx_word' id='word_1_879' title='bbox 3109 5435 3410 5492; x_wconf 88' lang='lat' dir='ltr'><strong>meditabor.</strong></span> <span class='ocrx_word' id='word_1_880' title='bbox 3437 5436 3576 5502; x_wconf 82' lang='lat' dir='ltr'><strong>Quo-</strong></span> 
     </span>
    </p>
   </div>
   <div class='ocr_carea' id='block_1_114' title="bbox 2003 5523 3573 5598">
    <p class='ocr_par' dir='ltr' id='par_1_114' title="bbox 2003 5523 3573 5598">
     <span class='ocr_line' id='line_1_114' title="bbox 2003 5523 3573 5598; baseline -0.001 -17"><span class='ocrx_word' id='word_1_881' title='bbox 2003 5530 2144 5582; x_wconf 90' lang='lat' dir='ltr'><strong>niam</strong></span> <span class='ocrx_word' id='word_1_882' title='bbox 2167 5530 2499 5598; x_wconf 78' lang='lat' dir='ltr'><strong>magniﬁcam</strong></span> <span class='ocrx_word' id='word_1_883' title='bbox 2527 5537 2644 5578; x_wconf 86' lang='lat' dir='ltr'><strong>sunt</strong></span> <span class='ocrx_word' id='word_1_884' title='bbox 2672 5540 2827 5591; x_wconf 87' lang='lat' dir='ltr'><strong>opera</strong></span> <span class='ocrx_word' id='word_1_885' title='bbox 2861 5533 2967 5588; x_wconf 87' lang='lat' dir='ltr'><strong>tua,</strong></span> <span class='ocrx_word' id='word_1_886' title='bbox 2989 5523 3229 5590; x_wconf 88' lang='lat' dir='ltr'><strong>Domine,</strong></span> <span class='ocrx_word' id='word_1_887' title='bbox 3262 5530 3415 5582; x_wconf 89' lang='lat' dir='ltr'><strong>nimis</strong></span> <span class='ocrx_word' id='word_1_888' title='bbox 3453 5545 3573 5597; x_wconf 89' lang='lat' dir='ltr'><strong>pro-</strong></span> 
     </span>
    </p>
   </div>
   <div class='ocr_carea' id='block_1_115' title="bbox 1967 5615 3574 5700">
    <p class='ocr_par' dir='ltr' id='par_1_115' title="bbox 1967 5615 3574 5700">
     <span class='ocr_line' id='line_1_115' title="bbox 1967 5615 3574 5700; baseline -0.001 -29"><span class='ocrx_word' id='word_1_889' title='bbox 1967 5620 2178 5700; x_wconf 56' lang='lat' dir='ltr'><strong>.fundte</strong></span> <span class='ocrx_word' id='word_1_890' title='bbox 2203 5622 2356 5692; x_wconf 71' lang='lat' dir='ltr'><strong>facta:</strong></span> <span class='ocrx_word' id='word_1_891' title='bbox 2391 5627 2508 5671; x_wconf 88' lang='lat' dir='ltr'><strong>sunt</strong></span> <span class='ocrx_word' id='word_1_892' title='bbox 2545 5615 2877 5685; x_wconf 83' lang='lat' dir='ltr'><strong>cogitationes</strong></span> <span class='ocrx_word' id='word_1_893' title='bbox 2909 5625 3025 5672; x_wconf 73' lang='lat' dir='ltr'><strong>tum.</strong></span> <span class='ocrx_word' id='word_1_894' title='bbox 3070 5618 3161 5673; x_wconf 86' lang='lat' dir='ltr'><strong>Vir</strong></span> <span class='ocrx_word' id='word_1_895' title='bbox 3187 5621 3434 5690; x_wconf 86' lang='lat' dir='ltr'><strong>insipiens</strong></span> <span class='ocrx_word' id='word_1_896' title='bbox 3474 5634 3574 5670; x_wconf 87' lang='lat' dir='ltr'><strong>non</strong></span> 
     </span>
    </p>
   </div>
   <div class='ocr_carea' id='block_1_116' title="bbox 1999 5707 3573 5782">
    <p class='ocr_par' dir='ltr' id='par_1_116' title="bbox 1999 5707 3573 5782">
     <span class='ocr_line' id='line_1_116' title="bbox 1999 5707 3573 5782; baseline -0.003 -20"><span class='ocrx_word' id='word_1_897' title='bbox 1999 5719 2283 5782; x_wconf 79' lang='lat' dir='ltr'><strong>cognoscet,</strong></span> <span class='ocrx_word' id='word_1_898' title='bbox 2321 5718 2370 5762; x_wconf 89' lang='lat' dir='ltr'><strong>et</strong></span> <span class='ocrx_word' id='word_1_899' title='bbox 2407 5707 2588 5761; x_wconf 86' lang='lat' dir='ltr'><strong>stultus</strong></span> <span class='ocrx_word' id='word_1_900' title='bbox 2634 5724 2734 5762; x_wconf 85' lang='lat' dir='ltr'><strong>non</strong></span> <span class='ocrx_word' id='word_1_901' title='bbox 2781 5709 3028 5781; x_wconf 85' lang='lat' dir='ltr'><strong>intelliget</strong></span> <span class='ocrx_word' id='word_1_902' title='bbox 3080 5712 3205 5764; x_wconf 79' lang='lat' dir='ltr'><strong>lucc.</strong></span> <span class='ocrx_word' id='word_1_903' title='bbox 3241 5712 3366 5769; x_wconf 80' lang='lat' dir='ltr'><strong>Cum</strong></span> <span class='ocrx_word' id='word_1_904' title='bbox 3406 5707 3573 5762; x_wconf 75' lang='lat' dir='ltr'><strong>exorti</strong></span> 
     </span>
    </p>
   </div>
   <div class='ocr_carea' id='block_1_117' title="bbox 1997 5798 3572 5870">
    <p class='ocr_par' dir='ltr' id='par_1_117' title="bbox 1997 5798 3572 5870">
     <span class='ocr_line' id='line_1_117' title="bbox 1997 5798 3572 5870; baseline -0.001 -21"><span class='ocrx_word' id='word_1_905' title='bbox 1997 5800 2188 5866; x_wconf 78' lang='lat' dir='ltr'><strong>fuerint</strong></span> <span class='ocrx_word' id='word_1_906' title='bbox 2231 5805 2522 5865; x_wconf 84' lang='lat' dir='ltr'><strong>peccatores</strong></span> <span class='ocrx_word' id='word_1_907' title='bbox 2543 5798 2672 5852; x_wconf 87' lang='lat' dir='ltr'><strong>sicut</strong></span> <span class='ocrx_word' id='word_1_908' title='bbox 2715 5800 2918 5867; x_wconf 77' lang='lat' dir='ltr'><strong>fenum,</strong></span> <span class='ocrx_word' id='word_1_909' title='bbox 2951 5810 3000 5854; x_wconf 90' lang='lat' dir='ltr'><strong>et</strong></span> <span class='ocrx_word' id='word_1_910' title='bbox 3029 5802 3362 5870; x_wconf 82' lang='lat' dir='ltr'><strong>apparuerint</strong></span> <span class='ocrx_word' id='word_1_911' title='bbox 3398 5811 3572 5852; x_wconf 85' lang='lat' dir='ltr'><strong>omnes</strong></span> 
     </span>
    </p>
   </div>
   <div class='ocr_carea' id='block_1_118' title="bbox 3221 5883 3292 5945">
    <p class='ocr_par' dir='ltr' id='par_1_118' title="bbox 3221 5883 3292 5945">
     <span class='ocr_line' id='line_1_118' title="bbox 3221 5883 3292 5945; baseline -0.014 0"><span class='ocrx_word' id='word_1_912' title='bbox 3221 5883 3292 5945; x_wconf 73' lang='grc'><strong>15</strong></span> 
     </span>
    </p>
   </div>
  </div>
