4244 6258
639 343 746 446 tua
1114 346 1180 434 ,εἴ

1979 369 2252 426 ΑΒΝΟΒᾸΙ
2288 370 2590 430 JUNIOHIS

3770 391 3929 448 ’460

640 503 728 576 με
754 506 1030 573 operantur
1047 478 1387 565 iniquitatem.
1417 490 1485 546 Ut
1503 491 1762 545 intereant
1787 489 1844 544 in
1859 488 2111 576 saeculum
2128 504 2230 544 σω·
2253 489 2310 550 Δ
2333 487 2426 544 Hie
2458 499 2730 547 senectam
2776 505 2883 546 non
2930 491 3113 560 ipsius,
3143 493 3240 548 sed
3269 497 3449 552 saeculi
3475 507 3750 557 senectam
3775 519 3924 562 com-

634 567 764 658 ὁτέη,
786 567 850 643 ἐν
891 595 1061 642 autem
1087 583 1380 638 Altissimus
1409 581 1464 635 in
1501 588 1772 645 internum,
1811 567 2053 634 Domine.
2088 576 2230 643 Quo-

565 730 572 736 .
640 687 784 736 niam
807 693 922 749 ecce
947 676 1145 731 inimici
1184 672 1280 739 tui,
1309 670 1551 736 Domine,
1579 671 1828 741 quoniam
1872 685 1990 724 ecce
2031 669 2232 723 inimici

642 772 713 835 tui
750 769 1008 841 peribunt,
1036 775 1086 821 et
1108 765 1468 836 dispergentur
1495 778 1671 818 omnes
1707 762 1796 834 qui
1821 768 2102 832 operantur
2129 761 2231 815 ini—

641 863 904 934 quitatem.
944 855 1014 912 Et
1035 855 1350 912 exaltabitur
1385 854 1519 906 sicut
1545 851 1812 912 unicornis
1838 867 2002 906 cornu
2038 865 2227 914 meum,

641 963 692 1006 et
715 958 945 1008 senectus
965 965 1079 1004 mea
1106 948 1162 1002 in
1184 942 1542 1000 misericordia
1565 943 1732 998 uberi.
1766 941 1835 996 Et
1854 942 2090 1013 desth
2108 957 2231 998 oeu-

641 1044 721 1098 los
741 1057 880 1096 meus
900 1039 1136 1092 inimicos
1161 1045 1294 1104 tuos,
1333 1042 1383 1090 et
1411 1034 1474 1088 ab
1493 1033 1873 1105 insurgentibus
1901 1034 1956 1088 in
1979 1047 2062 1088 me
2078 1033 2233 1087 mali-

638 1131 918 1205 gnantibus
948 1129 1121 1183 audiet
1161 1128 1304 1181 auris
1342 1142 1477 1181 mea.
1501 1123 1683 1179 Justus
1707 1133 1764 1177 ut
1803 1123 1979 1194 palma
2005 1120 2230 1192 ﬂorebit,

642 1233 773 1290 sicut
803 1222 984 1277 cedrus
1020 1218 1206 1274 Libani
1232 1215 1677 1288 multiplicabitur.
1720 1213 1958 1270 Plantati
1996 1215 2054 1268 in
2079 1213 2230 1267 domo

644 1317 876 1382 Domini,
917 1315 973 1366 in
1006 1313 1154 1378 atriis
1196 1309 1377 1363 domus
1413 1306 1513 1360 Dei
1539 1307 1702 1362 nostri
1748 1302 2021 1374 ﬂorebunt.
2047 1301 2231 1355 Adhuc

643 1404 1120 1476 multiplicabuntur
1169 1402 1224 1454 in
1265 1405 1474 1453 senecta
1511 1395 1675 1460 uberi,
1718 1403 1768 1450 et
1811 1394 1935 1449 bene
1979 1392 2229 1464 patientes

644 1504 810 1560 erunt,
841 1503 896 1548 ut
937 1493 1260 1547 annuntient.
1293 1487 1552 1552 Quoniam
1599 1494 1767 1542 rectus
1796 1483 2050 1548 Dominus
2089 1480 2230 1536 Deus

645 1596 834 1653 noster,
859 1594 1030 1638 etnon
1056 1591 1132 1636 est
1159 1580 1407 1652 iniquitas
1430 1579 1487 1632 in
1508 1592 1586 1666 eo.

1217 1723 1653 1768 COIIENTARIUI.

2333 587 2616 648 memorat,
2644 580 2771 649 quia
2817 581 3013 636 secula
3060 581 3337 651 ﬁniuntur,
3385 597 3441 642 et
3469 599 3750 648 senectute
3791 595 3930 650 deti-

2333 672 2500 732 ciunt.
2533 672 2792 733 Dominus
2841 684 3023 729 autem
3067 675 3123 729 in
3170 685 3431 732 :eternum
3475 691 3777 748 permanet.
3817 685 3927 743 Nec

2327 765 2438 821 hoc
2463 765 2695 836 accipias
2723 767 2952 835 ingrate,
2981 767 3128 836 quod
3165 756 3360 838 pultine
3385 768 3599 826 ﬂorenti
3648 789 3926 846 compara-

2332 857 2472 919 verit
2512 872 2657 924 eum,
2687 859 2812 926 quia
2861 867 3208 929 comparatus
3259 862 3439 916 minus
3485 872 3570 919 est
3618 865 3689 920 ab
3734 882 3802 922 eo
3837 872 3925 925 cui

2331 956 2694 1016 comparatur.
2723 949 2842 1004 Non
2871 949 3046 1020 palma
3078 947 3278 1007 ﬂorens
3303 951 3418 1021 ipse
3445 961 3548 1020 est,
3571 963 3628 1009 et
3655 971 3930 1027 compara.

2333 1040 2413 1096 tio
2438 1036 2637 1094 Christi
2663 1037 2960 1094 divinitatis
2983 1048 3330 1110 comparatur
3357 1043 3459 1112 ipsi
3497 1045 3688 1114 palma
3715 1063 3929 1118 semper

2334 1130 2566 1196 ﬂorenti,
2591 1130 2685 1198 qui
2728 1129 2796 1184 ad
2835 1129 3110 1186 dexteram
3155 1130 3330 1187 Patris
3373 1134 3598 1199 sedens,
3632 1137 3929 1194 victoribus

2334 1237 2515 1280 ramos
2554 1238 2684 1279 suos
2728 1221 2976 1293 porrigit,
3017 1223 3087 1278 de
3125 1221 3349 1279 ﬂoribus
3383 1226 3495 1281 suis
3533 1241 3788 1282 coronam
3835 1232 3924 1284 tri-

2333 1315 2524 1380 buens,
2577 1321 2634 1369 et
2686 1314 2753 1376 de
2803 1314 3066 1370 fructibtts
3115 1323 3378 1384 perpetua
3428 1315 3725 1373 reiectione
3777 1321 3926 1388 sagi-

2333 1419 2459 1460 nam
2510 1405 2842 1473 impertiens.
2891 1403 2998 1475 Ipsi
3030 1405 3204 1472 gloria
3245 1405 3302 1460 in
3349 1407 3539 1462 seeds
3581 1409 3920 1465 saculomm.

2335 1493 2527 1548 Amen.

2867 1581 3095 1639 PSALM
3105 1583 3187 1640 US
3224 1582 3383 1640 XCII.

2370 1673 2513 1729 Laus
2536 1675 2738 1729 cantici
2767 1673 2934 1750 David
2962 1677 3016 1750 in
3042 1676 3130 1732 die
3171 1686 3297 1733 ante
3323 1678 3640 1744 sabbatum,
3668 1681 3889 1750 quando

2865 1744 3085 1811 fundata
3113 1755 3198 1802 est
3221 1755 3383 1812 terra.
3451 1815 3454 1818 g

713 1853 810 1908 Die
836 1850 1061 1907 sabbato
1087 1845 1288 1904 inimici
1316 1842 1530 1900 Domini
1574 1845 1821 1911 pereunt,
1854 1843 1914 1893 ut
1940 1835 2028 1891 die
2051 1835 2223 1891 domi-
2253 1862 2300 1925 ⁸
2399 1856 2653 1914 Dom-um
2691 1858 2940 1928 "gnam,
2973 1857 3207 1912 deum”
3243 1858 3456 1913 iam
3493 1866 3590 1926 at,
3611 1860 3820 1915 Mum
3845 1870 3918 1917 ea

642 1951 765 2006 nica
815 1946 973 2002 amici
1000 1943 1213 1999 Domini
1264 1939 1615 2011 gratulentur.
1647 1935 1883 1992 Sabbato
1911 1933 2055 1988 enim
2077 1930 2224 2001 jacet

640 2039 900 2096 Dominus
929 2037 983 2091 in
1026 2033 1270 2106 sepulcro
1316 2037 1581 2092 mortuus,
1611 2035 1665 2082 et
1690 2026 1778 2082 die
1823 2023 2092 2080 dominica
2131 2020 2224 2076 ad-

643 2139 828 2188 oratur
855 2130 996 2184 inter
1023 2127 1243 2196 angelos
1269 2123 1441 2178 vivus.
1473 2121 1532 2175 In
1559 2120 1662 2175 hac
1687 2133 1748 2174 re
1768 2116 1927 2172 nimis
1951 2112 2225 2186 profundae

639 2223 794 2279 factae
829 2229 954 2277 sunt
988 2218 1340 2288 cogitationes
1368 2214 1512 2284 ejus,
1537 2227 1670 2282 quas
1709 2210 1793 2264 vir
1829 2208 2088 2279 insipiens
2116 2222 2225 2262 non

641 2313 938 2382 cognoscit,
965 2319 1021 2366 et
1062 2309 1256 2365 stultus
1285 2321 1395 2361 non
1443 2302 1693 2370 intelligit
1719 2315 1802 2366 ea.
1835 2298 2000 2353 Nobis
2044 2304 2226 2351 autem

640 2409 842 2463 bonum
887 2413 988 2470 est,
1014 2403 1060 2459 si
1097 2399 1449 2458 conﬁteamur
1475 2402 1696 2467 peccata
1741 2399 1924 2446 nostra
1961 2387 2222 2459 quotidie,

641 2508 698 2553 et
742 2497 1031 2568 psallamus
1078 2492 1283 2548 nomini
1310 2489 1426 2559 ejus
1453 2487 1731 2550 altissimo,
1768 2482 1813 2540 si
1849 2479 2226 2568 annunticmus

641 2567 820 2652 mane,
868 2601 898 2639 a
927 2583 1162 2639 tenebris
1188 2584 1535 2652 peccatorum
1589 2574 1756 2638 exuti,
1801 2567 2226 2626 misericordiam

641 2676 776 2746 ejus,
806 2683 861 2730 et
888 2675 1014 2729 dum
1038 2670 1248 2726 venerit
1272 2668 1425 2723 nobis
1467 2681 1576 2720 nox
1603 2661 1977 2733 quaestionum,
2024 2671 2226 2727 nequa-

639 2782 802 2837 quam
822 2765 888 2820 ad
907 2764 1136 2827 libitum,
1154 2775 1273 2833 qua:
1294 2758 1576 2822 nescimus,
1592 2751 1899 2824 usurpando
1918 2751 2220 2820 loquamur.

639 2857 716 2912 De
742 2857 854 2912 Deo
883 2855 1024 2910 enim
1053 2852 1201 2922 loqui
1233 2851 1398 2906 etiam
1427 2863 1552 2903 vera
1581 2846 1704 2916 quia
1729 2842 2089 2916 periculosum
2119 2847 2221 2905 est,

638 2949 940 3002 timeamus.
970 2943 1048 2997 Ea
1076 2956 1203 3011 ergo
1228 2955 1349 3010 quae
1369 2938 1542 2994 lucida
1563 2943 1688 2992 sunt
1708 2935 1762 2988 in
1785 2931 2075 3002 Scripturis
2097 2946 2224 2985 san-

638 3040 759 3104 ctis,
779 3036 1144 3107 praejudicium
1161 3035 1228 3090 ab
1245 3032 1486 3089 obscuris
1502 3030 1637 3086 locis
1655 3027 1768 3099 pati
1788 3042 1894 3081 non
1909 3025 2124 3088 debent,
2138 3031 2224 3078 ut-

637 3138 766 3200 pote
786 3127 1118 3199 proferamus
1137 3125 1335 3196 aliquid
1356 3123 1610 3187 breviter,
1638 3136 1705 3174 ex
1728 3134 1837 3188 quo
1857 3117 2105 3172 universa
2125 3130 2224 3170 no-

2327 1949 2582 2006 Dominus
2605 1949 2964 2020 fortitudinem
2998 1957 3047 2002 et
3077 1950 3440 2020 pracinaitse.
3463 1948 3668 2006 Elatia:
3695 1952 3918 2022 ﬁrmavit

2327 2043 2498 2098 orbem
2539 2051 2707 2106 terrae,
2739 2043 2825 2113 qui
2851 2058 2959 2096 non
2977 2042 3396 2096 commovebitur.
3432 2041 3634 2096 Parata
3657 2043 3801 2098 sedes
3831 2052 3917 2098 tua

2325 2151 2391 2189 ea:
2418 2143 2558 2198 tunc,
2585 2149 2618 2186 a
2644 2132 2833 2188 saeculo
2857 2140 2910 2186 tu
2937 2149 3010 2188 es.
3047 2131 3388 2186 Eleuauennt
3405 2133 3646 2203 ﬂunsina,
3679 2132 3915 2200 Domine,

2325 2224 2642 2278 (levaverunt
2675 2225 2892 2293 ﬂumina
2927 2240 3100 2279 uocent
3139 2240 3320 2289 suam;
3355 2225 3677 2279 clauserunt
3703 2227 3916 2295 ﬂumina

2326 2317 2509 2386 ﬂuctus
2529 2333 2670 2382 suos,
2712 2333 2744 2369 a
2781 2316 2987 2371 vocibus
3030 2333 3281 2388 aquarum
3314 2316 3617 2372 multarum.
3651 2315 3915 2372 Mirabitcs

2326 2407 2574 2462 elationes
2604 2408 2786 2472 maris,
2829 2405 3083 2460 mirabilis
3106 2410 3162 2461 in
3191 2407 3314 2461 altis
3350 2406 3624 2462 Dominus.
3665 2407 3914 2462 Testimo-

2328 2497 2416 2550 nia
2444 2505 2531 2549 tua
2560 2495 2826 2550 credibilia
2857 2497 2996 2567 facta
3025 2504 3144 2550 sunt
3173 2498 3365 2550 nimis:
3388 2497 3592 2551 domum
3621 2506 3757 2551 tuam
3773 2498 3915 2552 decet

2326 2588 2638 2654 sanctitudo,
2673 2587 2916 2653 Domine,
2937 2588 2991 2641 in
3021 2588 3344 2660 longitudine
3364 2588 3580 2642 dierum.

2900 2757 3340 2815 COIIEN‘I‘ARIUI.

2399 2873 2655 2928 Dominus
2704 2872 2968 2940 regnavit,
2994 2872 3050 2928 id
3103 2879 3204 2939 est,
3233 2886 3458 2941 regnum
3514 2875 3801 2944 assumpsit
3855 2876 3909 2931 in

2328 2981 2508 3023 cruce.
2540 2966 2800 3021 Decorem
2829 2965 3003 3020 induit
3033 2965 3086 3019 in
3115 2966 3531 3021 resurrectione.
3562 2965 3740 3022 Induit
3766 2969 3908 3024 enim

2328 3058 2693 3113 inﬁrmitatem
2721 3058 2775 3112 in
2801 3058 3022 3123 virtute,
3051 3065 3105 3112 et
3136 3057 3416 3128 praecinxit
3445 3073 3505 3113 se
3530 3061 3903 3126 aeternitatem,

2326 3160 2384 3206 et
2412 3149 2618 3204 ﬁrmam
2639 3148 2765 3204 fecit
2784 3156 2984 3204 terram
3011 3149 3065 3203 in
3093 3150 3486 3206 resurrectione
3512 3165 3628 3205 sua.
3657 3149 3726 3206 Et
3754 3168 3909 3222 para-

637 3227 872 3276 δοθηῑιιπο
903 3217 1080 3271 “abes
1116 3216 1175 3270 ίη
1215 3213 1392 3306 “eid?
1417 3211 1654 3306 ΡοδίίΨη
1683 3225 1789 3306 ’³9³
1817 3221 2224 3306 esse_l’°'52““
2252 3217 2300 3282 (ἶ
2331 3247 2438 3293 tam
2489 3238 2671 3294 sedem
2716 3240 2949 3306 habens,
2995 3240 3236 3296 ascendit
3277 3241 3334 3295 in
3373 3241 3568 3297 cmlum
3605 3211 3798 3298 sedens
3840 3244 3908 3299 ad

637 3325 760 3366 rum
789 3307 1157 3378 acceptionem
1181 3304 1323 3376 apud
1349 3303 1517 3358 Deum
1537 3339 1552 3365 ,
1584 3301 1686 3355 hoc
1715 3301 1920 3364 Petrus,
1949 3299 2053 3353 hoc
2081 3296 2220 3351 Pau-

638 3400 739 3466 lus,
781 3399 886 3453 hoc
916 3410 1104 3451 omnes
1142 3392 1480 3462 evangelista:
1518 3397 1796 3445 testantur.
1829 3388 1983 3456 Quod
2019 3389 2061 3444 si
2110 3404 2220 3443 non

639 3490 896 3554 dicerent,
927 3495 1035 3542 tam
1067 3485 1240 3540 lucida
1268 3483 1506 3538 deﬁnitio
1535 3489 1636 3549 est,
1669 3489 1729 3536 ut
1755 3481 1860 3538 illis
1886 3495 2006 3536 eam
2035 3488 2218 3535 tacen-

639 3581 780 3636 tibus
807 3578 1165 3635 crederemus.
1183 3574 1319 3642 Quid
1337 3576 1511 3629 nunc?
1529 3571 1730 3628 Contra
1751 3573 1888 3627 hanc
1912 3572 1966 3626 in
1989 3572 2218 3626 obscuro

638 3667 1320 3741 nasciturquzestionlacob
1347 3667 1524 3733 dilexi,
1542 3665 1684 3722 Esau
1706 3673 1876 3721 autem
1901 3665 2017 3720 odio
2039 3663 2213 3719 habui.

637 3762 708 3818 Et
734 3765 817 3818 cui
843 3763 947 3818 vult
974 3763 1258 3827 miseretur,
1289 3769 1337 3813 et
1366 3776 1511 3831 quem
1544 3760 1649 3812 vult
1676 3757 1887 3813 indurat
1909 3757 2086 3829 (Rom.
2118 3759 2216 3828 Ix),

637 3864 695 3913 et
738 3855 903 3911 multa
930 3855 1140 3911 similia.
1173 3853 1230 3908 In
1277 3853 1361 3907 his
1389 3852 1594 3924 positus
1642 3851 1694 3905 in
1736 3858 1893 3906 nocte
1935 3848 2217 3904 devcnisti.

636 3943 755 4001 Non
784 3952 940 4016 potes
978 3945 1082 3999 luci
1110 3943 1216 3998 diei
1256 3941 1428 3997 noctis
1473 3940 1630 4008 hujus
1657 3940 1939 4007 caliginem
1983 3939 2215 4002 tradere,

637 4043 692 4091 et
719 4036 826 4091 diei
851 4035 958 4089 mei
985 4034 1162 4089 medio
1191 4032 1297 4086 vim
1319 4030 1657 4085 tenebrarum
1687 4027 1901 4082 inferre.
1934 4028 1992 4082 Si
2012 4035 2094 4082 est
2122 4027 2218 4082 tibi

637 4141 837 4186 sermo,
870 4124 1127 4179 annuntia
1156 4121 1438 4175 veritatem
1463 4121 1516 4174 in
1548 4126 1725 4181 nocte,
1759 4119 1840 4172 sin
1868 4118 2018 4184 alias,
2041 4118 2110 4173 sit
2133 4119 2215 4174 di-

638 4216 777 4284 gitus
808 4224 928 4271 tuus
949 4229 1109 4284 super
1129 4227 1189 4267 os
1211 4217 1377 4265 tuum.
1403 4209 1458 4265 Si
1486 4208 1627 4264 enim
1648 4209 1792 4264 mille
1816 4209 1947 4264 tales
1967 4209 2219 4279 quaestio-

637 4320 735 4360 nes
776 4305 1032 4368 invenias,
1064 4316 1335 4370 nunquam
1364 4301 1616 4371 probabis
1661 4299 1946 4354 Dominum
1979 4315 2075 4371 per
2103 4300 2216 4356 ele-

638 4394 870 4448 ctionem
897 4407 1142 4463 personae
1183 4406 1344 4444 unum
1367 4390 1531 4454 velle,
1572 4403 1819 4444 recusare
1847 4390 2028 4445 alium.
2061 4391 2221 4447 Aliud

637 4490 740 4546 est,
774 4483 818 4537 si
847 4481 1041 4536 doceas
1069 4479 1208 4534 Esau
1229 4481 1427 4534 bonum
1457 4479 1618 4536 fuisse
1639 4481 1691 4535 in
1722 4482 1975 4554 operibus
2002 4484 2132 4551 suis,
2163 4493 2220 4540 et

637 4571 818 4639 inique
863 4571 988 4625 odio
1025 4571 1284 4625 habitum.
1319 4570 1425 4625 Aut
1473 4570 1638 4628 Jacob
1685 4557 1948 4634 malorum
1992 4588 2300 4649 operum],

637 4677 791 4718 reum
821 4660 1016 4730 injuste
1043 4661 1328 4716 delectum.
1363 4661 1468 4718 Sed
1499 4679 1806 4734 rumpamus
1835 4681 2014 4723 moras
2057 4668 2219 4726 alieni

637 4754 834 4823 operis,
868 4761 922 4807 et
951 4753 1002 4806 in
1026 4751 1210 4807 decem
1235 4753 1556 4809 chordarum
1583 4757 1838 4826 psalterio
1867 4759 2097 4814 delectet
2119 4776 2220 4817 nos

637 4845 894 4900 Dominus
924 4844 976 4899 in
1006 4843 1209 4900 factura
1239 4861 1335 4900 sua
1363 4855 1419 4902 et
1443 4847 1496 4900 in
1535 4849 1786 4918 operibus
1808 4866 2061 4908 manuum
2081 4853 2216 4922 ejus,

635 4951 771 5004 quas
793 4934 1047 5005 expandit
1073 4935 1128 4988 in
1156 4950 1333 4998 cruce,
1365 4937 1420 4991 in
1448 4938 1552 5004 his,
1583 4940 1820 5009 inquam,
1845 4945 2098 5013 operibus
2125 4961 2216 5000 cx-

633 5027 912 5083 sultemus.
943 5025 1018 5081 lbi
1049 5025 1192 5080 enim
1218 5027 1554 5096 magnilicata
1584 5039 1709 5086 sunt
1735 5048 1900 5104 opera
1925 5035 2069 5104 ejus,
2100 5052 2220 5107 quae

632 5119 716 5173 vir
735 5119 992 5189 insipiens
1010 5133 1119 5172 non
1139 5119 1409 5186 cognovit.
1426 5117 1662 5192 Populus
1683 5123 1987 5182 incredulus
2005 5127 2218 5193 ludion-

631 5225 773 5275 rum,
802 5211 894 5278 qui
937 5210 1075 5266 sicut
1111 5210 1292 5266 fenum
1332 5213 1536 5280 exorti,
1577 5225 1904 5284 paraverunt
1929 5229 2219 5289 operantes

633 5298 990 5366 iniquitatem,
1023 5308 1082 5354 ut
1108 5301 1376 5363 intereant
1404 5304 1460 5359 in
1505 5305 1760 5362 saeculum
1807 5309 2008 5365 saeculi.
2039 5312 2215 5382 Atque

630 5389 860 5445 Eomino
906 5391 959 5446 in
986 5400 1246 5452 aeternum
1272 5407 1545 5466 manente,
1588 5400 1624 5456 ii
1651 5403 1903 5472 peribunt
1929 5413 1984 5460 et
2009 5406 2216 5477 disper-

630 5486 826 5549 gentur
851 5497 1014 5551 super
1040 5486 1344 5551 universam
1387 5487 1576 5546 faciem
1607 5502 1781 5554 terrae.
1812 5509 2001 5552 omnes
2043 5496 2212 5555 Judaei

631 5579 919 5642 operantes
947 5573 1300 5646 iniquitatem.
1332 5579 1576 5640 Christus
1614 5594 1795 5644 autem
1822 5596 1881 5643 ut
1905 5589 2080 5660 palma
2109 5590 2210 5646 llo-

631 5673 747 5731 ret,
775 5664 1044 5736 plantatus
1072 5668 1124 5723 in
1153 5669 1369 5728 domum
1415 5692 1589 5746 suam,
1621 5680 1674 5735 in
1721 5683 1870 5738 atriis
1897 5682 2209 5742 domus-Dei

634 5755 804 5808 nostri
849 5753 1075 5824 ﬂorebit,
1127 5768 1180 5815 et
1222 5762 1658 5833 multiplicabitur
1686 5771 1742 5826 in
1771 5781 1986 5830 senecta
2035 5776 2202 5832 uberi.

2323 3329 2600 3383 dexteram
2629 3327 2822 3385 Patris.
2857 3329 3008 3386 Hunc
3034 3339 3339 3400 praeconata
3371 3341 3498 3387 sunt
3524 3331 3740 3389 ﬂumina
3771 3334 3909 3391 Seria

2323 3426 2603 3488 pturarum
2652 3429 2978 3485 sanctarum,
3011 3437 3174 3492 super
3199 3423 3342 3479 hunc
3370 3423 3717 3480 elevaverunt
3744 3443 3906 3483 voces

2321 3525 2464 3578 suas,
2495 3526 2526 3565 a
2553 3511 2775 3567 vocibus
2804 3526 3065 3582 aquarum
3093 3513 3398 3581 multarum,
3433 3515 3487 3570 id
3515 3523 3614 3583 est,
3663 3520 3904 3586 gentium

2319 3602 2596 3672 potentius
2621 3602 2934 3658 clamantes.
2963 3601 3161 3659 Omnes
3185 3605 3328 3659 enim
3357 3607 3636 3677 scripturae
3663 3609 3905 3677 gentium

2319 3710 2482 3750 voces
2509 3695 2729 3762 habent,
2758 3696 2981 3751 virtutes
3001 3696 3228 3764 habent;
3253 3698 3369 3753 istae
3388 3699 3660 3769 scriptura:
3687 3701 3908 3770 regibus

2322 3786 2614 3856 imperant,
2655 3786 2732 3840 illi
2777 3785 3104 3842 deserviunt.
3134 3786 3277 3858 Ergo
3321 3805 3442 3844 cum
3483 3791 3754 3845 elevarent
3797 3792 3905 3846 tiu--

2319 3881 2466 3934 mina
2501 3894 2662 3934 voces
2687 3893 2842 3942 suas,
2884 3879 3146 3935 mirabilis
3179 3880 3353 3936 factus
3392 3891 3473 3936 est
3509 3880 3750 3938 Christus
3787 3883 3906 3938 ela-

2320 3970 2456 4024 tioni
2483 3970 2665 4035 maris,
2695 3969 2748 4023 id
2789 3977 2893 4037 est,
2925 3970 3111 4025 mundi
3141 3971 3300 4042 hujus
3343 3973 3553 4042 regibus
3581 3980 3638 4028 et
3663 3974 3906 4030 sublimi-

2319 4059 2440 4124 bus,
2469 4074 2570 4116 nec
2619 4061 2703 4115 his
2746 4068 2973 4127 tantum,
3024 4061 3117 4117 sed
3161 4071 3218 4117 et
3258 4064 3516 4122 mirabilis
3553 4065 3606 4120 in
3652 4068 3899 4123 excelsis.

2321 4150 2578 4206 Dominus
2605 4151 2772 4208 caelos
2799 4152 3110 4220 ascendens,
3129 4161 3256 4210 tunc
3283 4157 3586 4212 testimonia
3612 4157 3710 4213 Dei
3730 4160 3904 4214 credi-

2319 4243 2448 4298 bilia
2478 4243 2616 4298 facta
2645 4252 2771 4299 sunt
2798 4245 2976 4301 nimis.
3012 4245 3167 4302 Dedit
3206 4249 3349 4303 enim
3386 4257 3732 4319 potestatem,
3767 4259 3824 4307 ut
3849 4253 3903 4307 in

2320 4336 2539 4391 nomine
2576 4335 2693 4406 ejus
2729 4337 2989 4393 sanitates
3035 4339 3217 4407 generi
3250 4339 3483 4397 humano
3529 4350 3899 4411 operarentur.

2321 4425 2424 4493 Qui
2464 4441 2587 4481 cum
2631 4427 2728 4482 Dei
2757 4427 2949 4483 Filium
2993 4429 3375 4500 praedicabant,
3410 4439 3466 4486 et
3507 4433 3573 4487 iis
3602 4432 3703 4488 ista
3753 4434 3902 4502 signa

2321 4515 2661 4584 facientibus,
2695 4520 2997 4576 testimonia
3026 4520 3142 4588 ejus
3169 4518 3308 4577 facta
3333 4530 3457 4577 sunt
3483 4524 3643 4578 nimis
3669 4526 3900 4580 credibi-

2324 4608 2428 4674 lia,
2458 4615 2513 4663 et
2550 4608 2769 4664 domum
2815 4611 2935 4681 ejus
2985 4627 3146 4682 quam
3195 4610 3448 4669 Pharisaei
3501 4614 3751 4670 dicebant
3795 4633 3902 4674 non

2322 4712 2484 4767 posse
2510 4698 2782 4768 suscipere
2809 4707 2995 4754 sancta
3015 4703 3469 4773 ,prmceptaJeges
3495 4705 3693 4760 veteris
3721 4704 3902 4761 Testa-

2322 4789 2492 4843 menti
2519 4790 2771 4859 suscepit.
2797 4788 2864 4843 Et
2889 4789 3083 4846 decent
3102 4807 3166 4846 ea
3186 4802 3372 4848 sancta
3391 4804 3722 4868 sanctorum,
3748 4806 3808 4853 ut
3834 4799 3903 4854 ibi

2322 4880 2569 4936 habitent
2588 4883 2643 4937 in
2671 4883 2866 4938 saecula
2894 4884 3231 4939 seculorum.
3265 4885 3458 4943 Amen.

2847 5014 3162 5074 PSALMUS
3199 5017 3379 5075 XCIII.

2641 5123 2886 5189 Psalmus
2914 5127 3081 5184 David
3110 5138 3302 5199 quarta
3331 5131 3560 5187 sabbati.

2389 5239 2528 5294 Deus
2552 5242 2806 5297 ultionunt
2834 5240 3110 5306 Dominus,
3135 5243 3274 5298 Deus
3299 5245 3550 5301 ultionum
3580 5248 3741 5305 libere
3787 5251 3902 5321 egit.

2321 5325 2569 5385 Exaltare
2587 5334 2675 5403 qui
2693 5333 2904 5402 judicas
2924 5341 3132 5399 terram,
3152 5336 3307 5390 redde
3325 5337 3711 5394 retributionem
3741 5359 3901 5411 supcr-

2319 5420 2412 5475 bis.
2447 5422 2712 5494 Usquequo
2758 5433 3077 5495 peccatores,
3109 5426 3349 5494 Domine,
3381 5446 3636 5502 usquequo
3666 5443 3904 5504 peccato~

2317 5529 2397 5567 res
2423 5514 2813 5584 gloriabuntur?
2836 5518 3129 5587 e/fabuntur
3167 5530 3218 5574 et
3262 5522 3533 5592 loquentur
3560 5526 3901 5596 iniquitatem,

2317 5604 2583 5676 loquentur
2610 5623 2784 5663 omnes
2810 5611 2897 5680 qui
2942 5621 3224 5683 operantur
3263 5613 3618 5682 injustitiam?
3645 5615 3902 5686 Populum

2318 5703 2474 5759 tuum,
2522 5694 2760 5762 Domine,
2803 5700 3216 5766 bumiliaverunt,
3270 5714 3319 5757 et
3359 5704 3713 5781 hwreditatem
3767 5718 3904 5760 tuam

2315 5794 2636 5838 tvexarerunt.
2677 5785 2898 5841 Viduam
2944 5799 2991 5843 et
3035 5793 3278 5846 advenam
3311 5794 3701 5863 interfecerunt,
3736 5805 3784 5848 et
3813 5813 3917 5863 ιηισ⁴

3366 6027 3406 6039 ,η
