4244 6258
241 411 404 494 ,461

1208 400 1674 462 COMMENTARII
1713 400 1778 454 IN
1819 399 2148 455 PSALMOS.
2193 398 2385 453 PSAL:
2427 398 2606 453 XCIV.

3485 399 3590 452 462

304 528 465 598 pillos
485 523 801 578 occiderunt.
831 520 899 574 Et
923 519 1198 572 deterunt:
1245 516 1363 571 Non
1402 516 1588 570 videbit
1618 515 1892 580 Dominus,
1926 520 1972 576 Α
1999 513 2306 583 desipuistis
2335 513 2387 567 in
2416 512 2616 582 populo
2645 514 2826 583 positi,
2857 515 2983 570 dum
3013 530 3153 571 unus
3182 516 3402 571 alterius
3424 524 3592 571 secta-

306 633 401 669 nec
426 615 677 684 intelliget
709 611 846 664 Deus
883 607 1062 662 Jaco'b.
1093 606 1395 678 Intelligite,
1423 607 1721 676 insipientes
1743 607 1798 658 in
1821 621 1907 674 po-

304 711 452 781 pulo,
469 715 521 760 et
541 706 702 768 stulti,
718 701 995 774 aliquando
1017 701 1200 770 sapite.
1220 696 1322 762 Qui
1338 699 1590 769 plantavit
1604 712 1779 749 aurem
1801 713 1904 749 non

303 800 503 863 audiet,
537 805 627 848 aut
649 796 733 866 qui
761 794 914 862 ﬁnxit
935 791 1158 854 oculum,
1189 805 1293 842 non
1313 787 1643 840 considerat?
1664 783 1764 848 Qui
1785 801 1902 838 cor-

305 891 432 959 ripit
463 897 636 960 gentes
663 903 765 940 non
803 893 1014 955 arguet;
1027 883 1115 954 qui
1144 881 1289 935 docet
1317 881 1574 934 hominem
1602 876 1906 932 scientiam?

309 982 563 1036 Dominus
609 981 707 1033 scit
751 979 1090 1049 cogitationes
1139 975 1434 1037 hominum,
1467 973 1710 1043 quoniam
1758 986 1906 1024 vana:

303 1082 447 1126 sunt.
481 1071 668 1125 Beatus
697 1070 848 1122 homo
877 1083 1028 1138 quem
1077 1075 1128 1119 tu
1158 1065 1408 1118 erudieris
1427 1103 1441 1128 ,
1474 1061 1726 1125 Domine,
1768 1069 1816 1112 et
1844 1059 1908 1112 de

306 1167 416 1236 lege
437 1173 528 1216 tua
558 1161 791 1215 docueris
812 1175 947 1212 eum.
985 1157 1056 1212 Ut
1076 1158 1276 1226 mitiges
1298 1156 1345 1207 ei
1371 1171 1404 1207 α
1425 1151 1600 1206 diebus
1623 1151 1794 1217 malis,
1813 1151 1907 1204 do-

305 1273 396 1310 nec
426 1253 656 1326 fodiatur
674 1251 933 1321 peccatori
957 1251 1124 1320 fovea.
1151 1245 1285 1310 Quia
1305 1263 1409 1300 non
1423 1243 1631 1314 repellet
1651 1241 1904 1296 Dominus

306 1347 497 1416 plebem
539 1361 708 1408 suam,
739 1353 789 1395 et
825 1341 1181 1398 hereditatem
1226 1355 1374 1392 suam
1417 1354 1522 1391 non
1570 1335 1899 1406 derelinquet.

309 1437 648 1507 Quoadusque
691 1435 900 1505 justitia
946 1439 1271 1486 convertatur
1308 1431 1362 1482 in
1401 1429 1678 1498 judicium,
1723 1437 1773 1479 et
1817 1428 1905 1497 qui

308 1531 454 1600 juxta
483 1528 629 1581 illam
661 1541 836 1580 omnes
865 1525 952 1596 qui
981 1533 1116 1577 recto
1137 1531 1255 1576 sunt
1283 1521 1452 1576 corde.
1483 1517 1610 1582 Quis
1631 1527 1906 1590 consurget

310 1624 432 1677 mihi
459 1623 701 1676 adversus
724 1617 1115 1689 malignantes?
1135 1623 1224 1668 aut
1253 1615 1367 1685 quis
1393 1611 1552 1666 stabit
1578 1626 1774 1664 mecum
1801 1609 1900 1662 ad-

309 1732 484 1770 versus
519 1721 790 1784 operantes
829 1709 1186 1782 iniquitatem?
1216 1705 1342 1759 Nisi
1370 1705 1490 1774 quia
1519 1702 1776 1756 Dominus
1807 1701 1901 1754 ad-

309 1809 431 1876 iuvit
451 1823 552 1868 me,
575 1802 727 1873 paulo
747 1803 921 1855 minus
943 1798 1225 1852 habitasset
1253 1798 1306 1849 in
1339 1797 1543 1865 inferno
1565 1793 1742 1846 anima
1761 1807 1896 1845 mea.

2001 606 2140 659 επιἰηὶ
2169 605 2411 674 exempla
2443 605 2508 658 ad
2531 614 2894 677 contemptum
2915 606 3127 664 Domini
3153 628 3163 663 :
3189 617 3264 676 et,
3287 611 3454 677 stulti,
3488 611 3591 665 ali-

2009 697 2224 764 quando
2245 696 2433 765 sapite.
2485 694 2688 762 Quibus
2718 700 3011 769 imperatur
3057 710 3111 755 et
3154 702 3349 757 dicitur
3396 704 3589 774 sapite,

2009 786 2365 840 ostenduntur
2403 802 2502 841 suo
2537 788 2758 843 arbitrio
2798 806 2904 846 non
2932 806 3143 861 sapere.
3188 794 3379 849 Dicunt
3407 796 3589 850 enim:

2010 877 2169 931 Modo
2215 878 2326 933 Deo
2373 878 2499 934 hinc
2538 880 2641 934 erit
2685 897 2856 948 curze,
2888 891 2946 937 ut
2986 884 3167 938 audiat
3193 886 3400 955 singula
3429 888 3594 943 verba

1963 979 1966 982 '
2009 977 2190 1023 nostra
2215 1010 2229 1033 ,
2277 978 2332 1024 et
2376 970 2556 1024 videat
2603 972 2809 1040 singula
2849 989 3072 1044 quaeque
3101 975 3236 1031 facta
3266 987 3466 1033 nostra.
3511 979 3595 1034 Ad

2012 1059 2123 1112 haec
2170 1059 2528 1128 respondetur
2575 1062 2682 1115 eis:
2733 1061 2872 1130 Ergo
2917 1065 3007 1132 qui
3037 1066 3274 1120 auditum
3299 1068 3448 1123 dedit
3472 1070 3591 1137 tibi,

2011 1149 2125 1219 ipse
2158 1166 2272 1204 non
2301 1151 2476 1216 audit;
2525 1153 2616 1220 qui
2655 1153 2749 1207 tibi
2781 1155 2948 1208 visum
2981 1157 3193 1221 tribuit,
3226 1158 3336 1229 ipse
3371 1177 3476 1215 non
3506 1178 3595 1218 re-

2010 1245 2198 1315 spicit;
2247 1248 2338 1315 qui
2385 1248 2479 1302 tibi
2522 1250 2758 1303 scientia:
2804 1265 3052 1321 saporem
3101 1253 3307 1318 infudit,
3342 1258 3453 1325 ipse
3484 1273 3594 1312 non

2010 1335 2170 1404 sapit.
2230 1336 2324 1390 Ille
2373 1346 2517 1393 totus
2556 1339 2819 1409 sapientia
2849 1349 2962 1407 est,
2996 1350 3051 1396 et
3072 1343 3218 1398 videt
3241 1347 3597 1413 cogitationes

2010 1428 2308 1495 hominum,
2332 1431 2421 1499 qui
2439 1431 2540 1485 sibi
2556 1447 2748 1501 sapere
2764 1432 3031 1496 videntur,
3064 1436 3314 1504 quoniam
3349 1438 3476 1507 ipsa:
3506 1455 3593 1494 co-

2008 1520 2296 1589 gitationes
2325 1537 2513 1576 eorum
2544 1537 2692 1577 vana:
2720 1531 2862 1578 sunt.
2910 1523 3108 1580 Beatus
3135 1527 3297 1582 homo
3327 1538 3409 1582 est
3433 1546 3596 1600 quem

2010 1611 2112 1667 hoc
2140 1612 2313 1683 ipsum
2343 1613 2579 1668 erudiret
2599 1613 2860 1669 Dominus
2909 1631 3014 1670 non
3046 1616 3292 1686 eligendo
3323 1621 3596 1690 negligen-

2009 1710 2139 1768 tem,
2171 1704 2267 1758 sed
2293 1704 2467 1773 legem
2496 1720 2648 1759 suam
2676 1705 2921 1760 docendo
2951 1707 3278 1762 credentem.
3323 1709 3422 1766 Hic
3453 1713 3600 1766 ruitis

2007 1792 2221 1859 gabitur
2269 1794 2323 1847 in
2370 1795 2559 1849 diebus
2606 1795 2789 1858 malis,
2838 1797 3055 1865 quando
3097 1798 3370 1855 daemones
3407 1811 3603 1872 parant

309 1900 369 1953 Si
384 1898 616 1952 dicebam
635 1895 715 1949 :M
725 1903 837 1948 otus
867 1902 942 1946 est
972 1908 1057 1963 pes
1087 1907 1247 1953 meus,
1273 1885 1631 1941 misericordia
1649 1894 1734 1937 tua
1748 1883 1903 1953 adju-
1933 1889 1981 1952 Β
2009 1884 2357 1950 peccantibus
2397 1883 2610 1949 foveas,
2652 1894 2780 1940 tunc
2811 1902 2918 1941 non
2943 1888 3170 1958 repellet
3195 1889 3451 1946 Dominus
3479 1893 3600 1963 ple-

306 1992 457 2045 vabat
479 2007 578 2042 me.
607 1985 900 2041 Secundum
929 1982 1306 2036 multitudinem
1328 1979 1566 2033 dolorum
1595 1992 1825 2031 meorum
1846 1976 1902 2028 in

307 2083 463 2136 corde
501 2097 646 2141 meo,
677 2077 1056 2130 consolationes
1099 2084 1196 2127 tute
1236 2073 1627 2142 laetiﬁcaverunt
1672 2072 1903 2123 animam

309 2189 500 2227 meam.
532 2168 784 2239 Nunquid
806 2166 1038 2219 adliceret
1068 2163 1156 2216 tibi
1184 2162 1326 2217 sedes
1365 2162 1656 2232 iniquitatis
1685 2160 1770 2230 qui
1800 2159 1908 2228 [in-

311 2267 392 2337 gis
423 2263 654 2316 laborem
682 2262 737 2313 in
784 2257 1084 2330 praecepto?
1119 2254 1410 2326 Captabant
1450 2255 1504 2307 in
1547 2254 1776 2306 animam
1808 2251 1902 2321 ju-

310 2355 395 2418 sti,
437 2363 488 2407 et
523 2351 825 2422 sanguinem
875 2351 1191 2402 innocentem
1232 2344 1665 2400 condemnabunt.
1717 2342 1786 2396 Et
1828 2343 1905 2412 fa-

308 2458 420 2502 ctus
440 2447 656 2501 estmihi
672 2445 928 2500 Dominus
952 2445 1006 2498 in
1023 2445 1298 2515 refugium,
1316 2451 1365 2495 et
1387 2439 1528 2495 Deus
1553 2457 1693 2494 meus
1721 2441 1778 2492 in
1807 2439 1904 2492 ad-

306 2541 550 2610 iutorium
571 2541 680 2610 spei
698 2553 839 2591 mete.
867 2537 935 2590 Et
957 2536 1135 2590 reddet
1164 2535 1268 2589 illis
1298 2535 1621 2606 iniquitatem
1649 2535 1898 2603 ipsorum,

306 2641 352 2684 et
380 2634 435 2685 in
462 2630 664 2685 malitia
690 2645 868 2684 eorum
890 2628 1151 2699 disperdet
1179 2643 1284 2691 eos,
1311 2624 1573 2695 disperdet
1593 2624 1710 2678 illos
1728 2622 1906 2677 Domi-

305 2738 403 2777 nus
431 2721 574 2776 Deus
602 2728 799 2775 noster.

871 2801 1315 2844 COMMENTARIUI.

380 2907 519 2962 Deus
548 2904 743 2959 vindex
766 2917 887 2958 esse
913 2901 1101 2972 populi
1129 2899 1212 2955 sui
1236 2897 1506 2968 iudicibus
1527 2898 1690 2961 canit,
1715 2897 1905 2966 quibus

291 3000 426 3055 leve
455 2998 666 3053 videtur
696 3009 954 3066 personas
990 2992 1330 3064 peccantium
1357 3005 1591 3054 sumere,
1617 2989 1668 3044 in
1705 2990 1906 3059 judicio

296 3090 568 3162 orphanis
594 3096 649 3143 et
677 3087 862 3156 egenis
883 3125 896 3149 ,
931 3086 998 3139 ab
1030 3085 1094 3138 iis
1121 3090 1302 3136 autem
1333 3081 1424 3151 qui
1455 3081 1696 3135 exaltant
1725 3079 1906 3135 Domi-

298 3197 437 3239 num
485 3181 539 3234 in
584 3179 839 3234 cordibus
864 3177 995 3240 suis,
1044 3182 1100 3229 et
1124 3173 1367 3242 judicant
1396 3179 1596 3226 terram
1629 3173 1679 3225 in
1709 3179 1905 3241 corpo-

2006 1975 2129 2030 bem
2159 1991 2338 2040 suam,
2364 1975 2418 2030 id
2447 1984 2560 2041 est,
2603 1977 2671 2032 de
2708 1993 2808 2033 suo
2837 1980 3036 2034 auxilio
3067 1990 3512 2051 praesumentem,
3542 1991 3602 2042 et

2007 2067 2381 2122 bzereditatem
2429 2084 2582 2124 suam
2632 2086 2738 2125 non
2785 2071 3141 2141 derclinquet,
3175 2075 3266 2129 sed
3292 2086 3538 2146 proteget
3565 2095 3601 2134 a

2007 2159 2400 2214 tentationibus
2448 2175 2543 2216 eos
2561 2202 2575 2226 ,
2607 2161 2739 2217 dans
2767 2162 2846 2217 eis
2873 2164 3217 2219 tolerantiam
3239 2177 3336 2236 per
3364 2169 3597 2238 promis-

2006 2265 2120 2305 sam
2141 2251 2512 2306 haareditatem
2534 2253 2655 2306 vitae
2673 2261 2905 2308 aiternae.
2939 2253 3006 2308 Et
3028 2255 3151 2310 facit
3172 2272 3267 2312 eos
3286 2267 3600 2328 exspectare

2007 2342 2419 2398 retributionem
2444 2383 2458 2407 ,
2515 2344 2867 2414 quoadusque
2907 2347 3172 2415 justitiam
3220 2358 3500 2404 convertat
3542 2351 3601 2407 in

2002 2432 2210 2503 judicio
2229 2475 2242 2499 ,
2273 2441 2327 2488 et
2355 2435 2445 2504 qui
2476 2441 2662 2489 tenent
2689 2450 2837 2500 eam,
2883 2436 2936 2492 id
2962 2445 3071 2503 est,
3117 2438 3286 2508 ipsam
3307 2438 3595 2507 justitiam,

2007 2526 2197 2579 omnes
2239 2525 2332 2594 qui
2380 2533 2531 2580 recto
2578 2533 2704 2579 sunt
2748 2527 2929 2582 corde.
2981 2526 3181 2582 Verum
3209 2529 3334 2597 quia
3361 2527 3597 2600 maligna

2005 2620 2230 2675 consilia
2276 2619 2545 2674 mentibus
2605 2621 2972 2677 ministrantes
3042 2623 3331 2688 insistunt,
3405 2631 3596 2682 contra

2006 2727 2143 2782 quos
2190 2713 2370 2768 animo
2399 2713 2530 2768 satis
2577 2721 2661 2768 est
2700 2715 2878 2783 arguit
2907 2715 3283 2785 pugnandum,
3324 2718 3417 2788 qui
3445 2720 3599 2776 novit

2007 2818 2108 2875 per
2153 2805 2390 2874 singulas
2432 2820 2674 2874 quasque
2721 2808 3092 2875 suggestiones
3120 2809 3316 2864 acriter
3337 2810 3599 2867 dimicau-

2006 2895 2156 2962 dum,
2185 2897 2382 2951 clamat
2407 2915 2418 2949 :
2449 2895 2579 2962 Quis
2608 2908 2862 2965 exsurget
2896 2914 3108 2953 mecum
3131 2914 3374 2971 pugnans
3409 2903 3600 2960 adver-

2007 3005 2127 3044 sum
2155 2999 2444 3060 operantes
2473 2990 2846 3059 iniquitatem?
2884 2978 3076 3057 Quaeso
3100 3001 3185 3059 te,
3214 2996 3456 3063 agonista
3481 2996 3598 3053 for-

2007 3084 2251 3149 tissime,
2302 3083 2478 3139 indica
2526 3083 2657 3136 mihi
2703 3099 2813 3153 quo
2858 3084 3047 3140 ordine
3093 3087 3326 3144 hostium
3367 3089 3599 3162 impetus

2007 3174 2246 3231 evasisti.
2278 3173 2358 3228 Ad
2387 3174 2502 3228 haec
2529 3173 2650 3228 audi
2681 3182 3001 3244 responsum
3022 3194 3034 3228 :
3059 3176 3190 3243 Nisi,
3219 3178 3315 3245 ait,
3339 3175 3599 3237 Dominus

297 3278 455 3333 ribus
484 3273 627 3338 Suis,
659 3273 694 3326 ii
726 3270 954 3325 reddunt
983 3267 1391 3322 retributionem
1419 3261 1681 3334 superbis.
1718 3264 1901 3334 Appli-
1927 3255 1976 3320 C
2008 3265 2318 3334 adjuvasset
2362 3281 2479 3331 me,
2509 3265 2722 3321 modico
2765 3268 2942 3322 minus
2979 3268 3276 3325 habitasset
3303 3270 3359 3326 in
3387 3271 3597 3328 inferno

302 3382 433 3424 care
474 3378 760 3436 possumus
808 3359 1175 3415 testimonium
1216 3356 1493 3426 Apostoli,
1544 3371 1652 3425 quo
1695 3356 1806 3408 ait:
1838 3354 1900 3409 Si

302 3475 403 3514 nos
430 3460 570 3529 ipsos
597 3455 972 3526 judicaremus,
996 3466 1099 3503 non
1124 3450 1297 3520 utique
1321 3447 1676 3517 judicaremur
1707 3445 1748 3517 (l
1778 3445 1895 3499 Cor.

307 3552 410 3621 χι).
443 3549 750 3605 .ludicamus
777 3553 957 3600 autem
990 3558 1088 3597 nos
1119 3542 1296 3610 ipsos,
1324 3539 1540 3608 quando
1569 3538 1729 3592 ﬁnem
1759 3538 1902 3592 vitiis

304 3641 578 3713 ponimus,
608 3647 662 3694 et
686 3637 1009 3708 principium
1039 3633 1323 3686 virtutibus
1351 3632 1695 3686 collocamus.
1747 3630 1902 3697 Quod

305 3734 354 3788 si
388 3747 494 3786 non
521 3731 805 3793 faciemus,
840 3725 1098 3798 populum
1130 3723 1258 3786 Dei,
1290 3721 1342 3776 id
1371 3730 1486 3786 est,
1517 3722 1771 3776 virtutem
1798 3722 1901 3775 hu-

307 3823 597 3886 miliamus,
622 3830 677 3874 et
701 3817 1068 3872 haereditatem
1098 3812 1214 3882 ejus
1238 3826 1357 3881 qua:
1380 3811 1534 3867 nobis
1554 3812 1899 3881 promittitur,

306 3914 634 3983 spernimus,
657 3909 872 3963 viduam
894 3916 949 3961 et
971 3905 1233 3961 advenam
1261 3904 1585 3960 occidentes.
1623 3903 1793 3958 Vidua
1823 3911 1907 3957 est

307 4006 495 4061 anima
533 4019 652 4074 quae
679 4017 786 4056 non
809 4001 970 4054 habet
994 4001 1184 4064 virum,
1210 3997 1432 4052 verbum
1456 4005 1549 4051 aut
1577 3996 1904 4050 intellectum

270 4116 284 4123 ·
306 4093 631 4169 prudentiae.
657 4090 782 4145 Haec
799 4092 844 4145 si
866 4097 956 4144 aut
972 4089 1136 4144 verbo
1155 4095 1252 4142 tuo
1273 4094 1364 4141 aut
1379 4087 1627 4156 exemplo
1648 4085 1901 4156 decipias,

308 4199 477 4257 quam
517 4182 748 4237 liberare
786 4179 1076 4244 debueras,
1115 4177 1330 4232 viduam
1360 4176 1635 4230 interﬁcis.
1688 4176 1905 4231 Advena

306 4287 424 4342 est,
466 4277 560 4346 qui
606 4274 740 4330 civis
787 4283 906 4327 esse
947 4279 1252 4326 sanctorum
1282 4284 1390 4324 non
1420 4269 1590 4323 novit.
1619 4267 1754 4322 Huic
1782 4269 1828 4321 si
1854 4276 1908 4322 te

307 4379 610 4425 amatorem
639 4366 822 4421 mundi
857 4364 1106 4420 ostendas
1124 4405 1138 4428 ,
1170 4363 1314 4417 tollis
1343 4362 1392 4415 ei
1415 4357 1572 4415 ﬁdem
1615 4359 1802 4413 futura:
1831 4359 1908 4414 ci-

307 4463 525 4523 vitatis,
568 4468 623 4514 et
645 4458 798 4528 quasi
831 4453 1160 4511 interfeceris
1203 4467 1324 4506 eum
1355 4450 1686 4520 spiritaliter,
1717 4464 1746 4502 a
1780 4464 1912 4518 pra:-

309 4553 457 4609 senti
488 4551 692 4621 psalmo
721 4548 979 4617 argueris.
1009 4544 1098 4600 Sic
1122 4545 1284 4600 etiam
1314 4541 1542 4611 orphani
1570 4541 1908 4607 occiduntur,

2007 3357 2185 3410 anima
2215 3344 2354 3410 mea.
2384 3355 2442 3410 Si
2471 3357 2713 3412 dicebam
2745 3372 2867 3413 cum
2897 3359 3148 3432 lacrymis
3173 3359 3436 3441 meino,
3471 3365 3598 3433 quia

2007 3456 2184 3501 motus
2215 3455 2298 3501 est
2325 3463 2422 3518 pes
2450 3452 2633 3514 meus,
2666 3458 2721 3504 et
2750 3466 2779 3504 a
2803 3453 2937 3507 recti
2966 3460 3154 3508 tenore
3182 3469 3401 3510 aversus
3424 3495 3438 3522 ,
3485 3466 3598 3511 sta-

2006 3538 2102 3590 tim
2120 3545 2327 3591 tantum
2344 3544 2398 3592 et
2414 3540 2646 3609 amplius
2669 3541 3035 3596 misericordia
3056 3544 3170 3611 ejus
3186 3544 3458 3612 adjuvavit
3485 3562 3593 3612 me,
3622 3529 3624 3532 V

2008 3635 2263 3697 quantam
2287 3629 2684 3683 multitudinem
2712 3630 2958 3684 dolorum
2980 3647 3097 3685 esse
3117 3633 3331 3687 videbat
3353 3635 3406 3688 in
3435 3637 3597 3693 corde

2010 3737 2152 3788 meo,
2171 3731 2225 3778 et
2238 3723 2698 3778 consolationibus
2711 3723 2822 3778 suis
2839 3723 3126 3778 laetiﬁcavit
3145 3726 3378 3780 animam
3397 3743 3591 3785 meam.

2009 3814 2166 3868 Dicas
2209 3814 2388 3880 forte,.
2420 3830 2454 3868 ο
2498 3805 2728 3879 auditor,
2779 3813 2995 3881 grandis
3031 3814 3120 3868 hic
3162 3814 3315 3869 labor
3342 3825 3443 3872 est.
3491 3818 3598 3876 Sed

2010 3905 2163 3960 labor
2193 3907 2294 3962 iste
2323 3905 2635 3976 temporalis
2665 3911 2748 3960 est
2768 3949 2781 3972 ,
2830 3914 2883 3960 et
2911 3906 3189 3976 praemium
3217 3908 3416 3967 laboris
3441 3920 3598 3968 cetera

2014 4013 2180 4064 num;
2230 4014 2340 4054 non
2388 3997 2622 4052 adbzeret
2651 3997 2761 4053 Deo
2791 3997 2944 4052 sedes
2967 3997 3274 4067 iniquitatis.
3326 4000 3428 4068 Qui
3455 4003 3598 4064 enim

2009 4086 2209 4142 format
2253 4088 2636 4156 fatigationem,
2680 4096 2774 4143 aut
2819 4089 3077 4154 laborem,
3123 4098 3215 4144 aut
3259 4090 3501 4147 dolorem
3545 4094 3598 4152 in

2012 4188 2322 4249 pl'aecepto,
2373 4181 2486 4234 sive
2529 4195 2627 4249 pro
2675 4179 2860 4234 labore
2905 4180 3230 4246 certaminis,
3260 4197 3356 4237 seu
3385 4199 3484 4254 pro
3511 4183 3596 4238 la-

2010 4271 2144 4326 bore
2189 4273 2461 4342 martyrii,
2502 4272 2687 4340 interni
2727 4271 2903 4340 gaudii
2927 4272 3204 4342 praemium
3227 4259 3336 4330 non
3362 4279 3595 4345 negavit.

2014 4361 2152 4416 Dum
2221 4363 2364 4416 enim
2422 4363 2758 4434 captaverint
2814 4371 3126 4433 peccatores
3194 4367 3426 4421 animam
3467 4345 3597 4438 justi

2016 4452 2323 4509 conﬁtentis
2370 4454 2536 4509 Deum
2563 4499 2576 4522 ,
2637 4463 2691 4511 et
2736 4458 3051 4525 sanguinem
3096 4457 3214 4528 ejus
3259 4460 3599 4520 innocentem

2017 4548 2497 4603 condemnaverint
2519 4591 2533 4614 ,
2579 4557 2709 4603 tunc
2752 4549 2981 4606 efﬁcitur
3012 4552 3064 4607 ei
3090 4550 3350 4610 Dominus
3379 4555 3432 4610 in
3460 4557 3601 4626 refuy

307 4644 552 4715 Orphani
598 4650 756 4707 sunt,
799 4641 891 4709 qui
939 4639 1107 4693 Deum
1155 4652 1214 4691 se
1263 4651 1422 4706 posse
1467 4641 1678 4704 patrem
1705 4635 1906 4691 habere
1935 4630 1984 4690 Ι)
2011 4639 2175 4707 gium,
2209 4645 2264 4692 et
2297 4638 2438 4692 Deus
2463 4639 2565 4693 erit
2594 4641 2647 4694 in
2677 4641 2879 4695 auxilio
2899 4642 3012 4712 spei
3043 4643 3188 4712 ejus,
3233 4645 3307 4699 ita
3335 4654 3395 4701 ut
3414 4646 3601 4704 reddat

307 4746 498 4793 sancte
548 4735 776 4790 vivendo
807 4749 914 4788 non
942 4731 1187 4787 credunt.
1240 4730 1341 4784 llic
1379 4735 1437 4781 tu
1483 4729 1648 4797 sapis,
1680 4734 1734 4781 et
1765 4729 1906 4782 nosti

309 4825 451 4884 ﬁlios
478 4827 576 4880 Dei
604 4825 720 4880 ﬁeri
749 4839 909 4894 posse
937 4821 1247 4883 credentes,
1281 4821 1325 4874 si
1353 4818 1660 4888 exemplum
1690 4825 1909 4872 contra-

309 4923 452 4975 rium
481 4921 754 4989 praebeas,
801 4931 939 4985 quos
981 4929 1039 4969 se
1082 4911 1220 4967 ﬁlios
1261 4912 1356 4967 Dei
1389 4911 1503 4965 ﬁeri
1535 4916 1904 4974 contemnant,

309 5013 585 5082 orphanos
614 5008 880 5065 occidisti.
935 5006 1068 5060 Nam
1104 5005 1148 5059 si
1170 5004 1237 5058 de
1265 5004 1348 5059 his
1376 5003 1633 5073 orphanis
1660 5010 1716 5056 et
1739 5001 1906 5057 adve-

308 5104 401 5159 nis
424 5111 479 5158 et
502 5102 678 5158 viduis
705 5102 846 5170 agit,
881 5113 1008 5167 ergo
1037 5098 1129 5167 qui
1156 5096 1413 5166 conjuges
1432 5138 1446 5163 ,
1484 5103 1574 5151 aut
1605 5096 1748 5152 cives
1766 5137 1780 5161 ,
1812 5104 1907 5150 aut

306 5194 578 5251 habentes
604 5201 820 5264 patrem
847 5199 901 5246 et
928 5195 1159 5244 matrem
1186 5187 1327 5243 ﬁlios
1350 5188 1638 5252 occiderit,
1672 5187 1908 5241 criminis

306 5272 521 5343 reatum
568 5285 765 5342 evadit.
817 5284 924 5336 Aut
968 5281 1013 5336 si
1051 5288 1256 5335 taceret
1282 5279 1760 5350 psalmographus,
1791 5278 1910 5346 quis

259 5357 270 5441 έ
308 5392 555 5446 unquam
582 5375 651 5431 de
678 5377 786 5430 hoc
818 5373 961 5428 facto
999 5387 1109 5426 non
1140 5379 1388 5440 argueret
1417 5370 1772 5426 criminosos‘?
1802 5368 1908 5422 Ve-

306 5485 437 5527 rum
483 5469 608 5538 quia
658 5469 773 5522 hinc
813 5471 1032 5535 agentes
1078 5480 1180 5520 nos
1223 5465 1324 5533 ipsi
1374 5464 1466 5532 qui
1520 5471 1768 5533 putamus
1813 5476 1911 5515 nos

306 5577 508 5633 sapere
527 5602 540 5626 ,
573 5563 652 5616 sic
682 5561 838 5616 nobis
859 5560 1091 5624 videtur,
1137 5556 1282 5627 quod
1311 5557 1408 5612 has
1447 5557 1702 5610 minutias
1733 5555 1910 5608 ruina—

307 5672 437 5712 rum
467 5670 586 5723 qute
605 5669 704 5723 per
729 5668 830 5707 nos
859 5654 992 5705 ﬁunt
1024 5667 1128 5704 non
1157 5650 1398 5719 requirat
1429 5649 1687 5702 Dominus
1724 5656 1776 5701 ct
1807 5662 1911 5700 non

308 5746 585 5814 intelligat
615 5746 714 5798 ista
744 5758 861 5812 qua:
892 5759 999 5797 non
1033 5741 1330 5808 intelligere
1361 5740 1625 5801 nolumus,
1658 5737 1916 5790 clamatur

309 5839 477 5893 nobis
505 5858 515 5891 :
547 5837 850 5904 lntelligite,
872 5837 962 5905 qui
993 5835 1305 5904 insipientes
1328 5833 1474 5894 estis,
1509 5833 1559 5884 id
1581 5839 1686 5892 est,
1710 5846 1803 5882 vos
1825 5830 1916 5895 qui

2012 4733 2090 4790 eis
2118 4733 2427 4802 iniquitates
2455 4734 2724 4803 ipsorum,
2767 4744 2821 4790 et
2857 4736 2911 4789 in
2949 4737 3153 4790 malitia
3178 4737 3451 4808 disperdat
3477 4755 3601 4810 per-

2011 4833 2293 4880 secutores
2337 4841 2524 4881 eorum
2549 4867 2563 4892 ,
2611 4825 2703 4895 qui
2738 4834 2927 4897 regnat
2952 4828 3005 4884 in
3036 4829 3232 4885 szecula
3261 4831 3593 4886 smeulorum.

2015 4916 2201 4972 Amen.

2529 4985 2846 5044 PSALMUS
2886 4988 3068 5046 XCIV.

2461 5077 2601 5133 Laus
2629 5080 2825 5135 cantici
2851 5081 2949 5148 ipsi
2978 5079 3161 5133 David.

2093 5188 2301 5255 Venite,
2325 5192 2636 5246 exsultemus
2666 5191 2915 5256 Domino,
2939 5190 3215 5260 jubilemus
3245 5185 3356 5240 Deo
3375 5185 3596 5243 salutari

2012 5292 2205 5337 nostro.
2240 5283 2665 5356 Prazoccupemus
2688 5285 2873 5355 {aciem
2894 5281 3003 5350 ejus
3023 5280 3078 5331 in
3105 5278 3446 5350 confessione,
3472 5282 3598 5334 etin

2013 5376 2226 5444 psalmis
2251 5375 2527 5447 jubilemus
2553 5379 2617 5430 ei.
2671 5373 2927 5439 Quoniam
2976 5370 3116 5425 Deus
3162 5387 3377 5444 magnus
3415 5371 3597 5427 Domi-

2016 5483 2140 5532 nus,
2172 5476 2220 5520 et
2249 5484 2339 5520 rex
2384 5481 2785 5537 magnus.super
2823 5477 2997 5516 omnes
3028 5461 3180 5526 deos,
3225 5464 3465 5534 quoniam
3493 5479 3596 5518 non

2019 5559 2227 5627 repellet
2269 5557 2519 5610 Dominus
2568 5553 2762 5622 plebem
2809 5568 2973 5606 suam.
3025 5551 3156 5617 Quia
3205 5556 3259 5607 in
3307 5570 3462 5607 manu
3485 5554 3596 5622 ejus

2014 5660 2134 5703 sunt
2162 5665 2336 5703 omnes
2364 5649 2490 5715 fines
2534 5655 2682 5696 terra:
2707 5685 2719 5708 ,
2751 5655 2798 5697 et
2822 5646 3117 5699 altitudines
3150 5647 3399 5700 montium
3436 5645 3595 5714 ipsius

2018 5749 2151 5792 sunt.
2203 5737 2458 5800 Quoniam
2488 5735 2646 5802 ipsius
2687 5744 2762 5787 est
2801 5720 2948 5787 mare
2980 5745 3027 5788 et
3055 5728 3162 5807 ipse
3190 5737 3309 5804 fecit
3334 5731 3464 5786 illud
3486 5769 3500 5794 ,
3549 5740 3596 5781 et

2019 5816 2206 5881 siccam
2238 5839 2419 5876 manus
2449 5823 2559 5891 ejus
2584 5824 2946 5895 formaverunt.
3007 5824 3213 5886 Venite,
3255 5821 3525 5875 adoremus
3551 5829 3598 5872 et
