4244 6258
576 349 683 407 463

577 563 699 632 quia
726 563 838 632 ipse
861 569 935 615 est
965 560 1220 616 Dominus
1244 562 1384 617 Deus
1410 572 1600 617 noster.
1626 560 1696 615 Et
1714 577 1807 615 nos
1828 564 2046 632 populus
2077 575 2168 631 pa-

578 670 717 725 scua:
743 655 874 725 ejus,
897 663 947 708 et
968 672 1082 710 ores
1104 672 1290 710 manus
1309 656 1441 725 ejus.
1466 653 1639 710 Hodie
1665 656 1711 709 si
1731 671 1902 709 vocem
1928 654 2039 724 ejus
2067 668 2166 706 au-

579 747 798 812 dieritis,
831 748 992 803 nolite
1015 747 1269 804 obdurare
1306 749 1469 804 corda
1508 758 1695 804 vestra.
1730 747 1879 803 Sicut
1904 748 1959 800 in
1985 747 2166 800 irrita-

581 840 718 893 tione
737 838 1014 894 secundum
1044 841 1179 895 diem
1209 842 1507 895 tentationis
1537 841 1590 894 in
1619 840 1821 894 deserto
1839 880 1853 904 ,
1887 839 1972 893 ubi
2000 846 2167 892 tenta-

580 940 758 983 rerunt
785 946 864 983 me
892 939 1065 1001 patres
1094 931 1277 996 vestri,
1304 931 1647 1002 probaverunt
1675 939 1724 984 et
1752 929 1985 983 viderunt
2012 944 2170 999 opera

581 1038 713 1075 mea.
750 1019 1107 1093 Quadraginta
1130 1024 1284 1077 annis
1312 1023 1539 1097 oﬂ'ensus
1566 1023 1640 1094 fui
1661 1022 1979 1093 generationi
2007 1021 2104 1084 illi,
2122 1026 2173 1073 et

580 1114 693 1168 αἰεὶ
718 1131 734 1168 :
760 1114 975 1185 Semper
997 1116 1050 1169 lii
1077 1124 1254 1169 errant
1293 1115 1465 1169 corde.
1492 1113 1540 1168 Ε
1544 1124 1562 1167 ι
1588 1115 1677 1168 isti
1706 1130 1808 1169 non
1830 1117 2173 1185 cognoverunt

583 1206 692 1259 nias
723 1222 862 1261 meas
882 1247 896 1269 ,
926 1205 1106 1278 quibus
1128 1206 1303 1277 juruvi
1329 1206 1382 1259 in
1412 1208 1495 1259 ira
1531 1222 1643 1260 mea
1667 1222 1684 1260 :
1716 1205 1777 1259 Si
1805 1202 2089 1259 introibant
2113 1203 2171 1255 in

485 1297 495 1305 ’
584 1298 808 1368 requiem
828 1314 1014 1352 meam.

1157 1384 1596 1424 COMMENTARIUH.

660 1475 800 1532 Laus
829 1477 1024 1533 cantici
1051 1479 1165 1534 hinc
1211 1486 1313 1545 cst,
1346 1487 1405 1533 ut
1443 1479 1774 1533 exsultemus
1814 1478 1998 1532 nonin
2027 1476 2175 1533 dele-

586 1570 911 1625 ctationibus
938 1570 1120 1637 vanis,
1150 1570 1244 1625 sed
1282 1571 1334 1625 in
1364 1570 1627 1635 Domino;
1659 1578 1946 1640 antequam
1970 1584 2176 1639 prmoc-

587 1675 879 1731 cuprmur,
920 1676 1020 1714 nos
1048 1676 1489 1730 prtcoccupemus
1516 1658 1705 1715 faciem
1734 1658 1851 1727 ejus
1878 1659 1930 1713 in
1960 1656 2174 1715 confes-

587 1752 739 1808 sione
781 1760 1124 1822 peccatorum
1154 1761 1464 1807 nostrorum
1493 1791 1509 1817 ,
1557 1750 1836 1807 credentes
1881 1750 2028 1822 quod
2068 1766 2175 1806 non

1797 395 1812 409 .
1898 346 2170 405 ARNOBll
2206 346 2508 404 ιυιςιυιιιδ

577 466 924 543 procidamus,
955 477 1005 523 et
1030 469 1289 540 ploremus
1328 479 1447 525 ante
1479 465 1758 524 Dominum
1782 485 1868 541 qui
1898 468 2022 541 fecit
2049 484 2164 533 nos,
2196 467 2246 528 Α

3747 345 3852 400 468

2825 479 3265 521 οοιιιιεητιιιιιυκ.

2341 557 2443 625 Qui
2470 557 2801 628 ploravimus
2829 555 3153 626 ptrnitentes
3178 556 3233 610 in
3262 554 3615 623 nonagesimo
3639 561 3858 622 quarto,

2271 651 2325 705 in
2353 649 2540 720 quinto
2587 655 2644 705 et
2690 649 3041 720 nonagesimo
3085 648 3435 719 gratulemur.
3486 647 3564 702 lbi
3592 646 3736 702 enim
3763 647 3862 702 do-

2269 757 2415 797 mum
2463 749 2702 796 nostram
2749 739 3022 807 ﬁevimus,
3053 739 3339 796 credentes
3373 755 3476 795 nos
3519 754 3618 809 per
3651 738 3863 801 miseri-

2271 832 2511 888 cordiam
2558 832 2677 902 ejus
2720 830 2787 887 ad
2822 831 3238 888 asditicationem
3262 831 3423 901 hujus
3449 831 3644 887 domus
3669 831 3862 886 iterum

2222 953 2232 963 -
2270 940 2431 996 posse
2445 926 2773 996 pertingere.
2806 923 2959 981 Unde
2984 933 3042 980 et
3068 925 3254 981 titulus
3279 926 3348 981 ad
3374 925 3491 981 hinc
3511 925 3703 981 eadem
3731 940 3866 981 con-

2271 1018 2463 1081 sentit,
2495 1017 2588 1087 qui
2634 1025 2758 1087 post
2801 1017 3172 1088 captivitatem
3219 1019 3389 1090 ipsam
3434 1017 3657 1074 domum
3697 1017 3869 1072 indili-

2272 1108 2384 1164 cari
2412 1107 2770 1179 conscripsit,
2801 1124 2966 1178 quam
3003 1106 3276 1165 aedificans
3312 1108 3588 1173 Christus,
3619 1109 3714 1164 dat
3734 1124 3867 1179 gau-

2273 1199 2422 1255 dium
2449 1200 2596 1256 omni
2627 1209 2785 1256 terrae
2804 1240 2823 1267 ,
2846 1208 2903 1256 et
2938 1200 3063 1257 ideo
3091 1200 3306 1267 dicitur,
3336 1209 3398 1256 ut
3422 1209 3609 1256 cantet
3634 1201 3868 1256 Domino

2274 1290 2451 1347 omnis
2489 1299 2634 1347 terra
2675 1292 2945 1348 canticum
2995 1308 3215 1358 novum,
3245 1301 3303 1348 et
3344 1292 3632 1349 benedicat
3667 1309 3867 1350 nomen

2276 1381 2413 1451 ejus.
2459 1382 2665 1439 llabuit
2703 1383 2848 1438 enim
2883 1383 3246 1454 captivitatem
3288 1384 3517 1440 mundus
3548 1399 3648 1455 per
3673 1383 3868 1450 Adam,

2274 1487 2436 1543 quam
2462 1475 2831 1545 captivitatem
2852 1484 3137 1547 postquam
3158 1474 3405 1532 Christus
3430 1477 3715 1542 convertit,
3736 1476 3873 1531 ωαξ-

2277 1560 2459 1618 ﬁcavit
2496 1564 2716 1620 domum
2753 1566 3198 1635 gloriosissimam
3231 1583 3343 1623 non
3370 1566 3657 1622 habentem
3684 1581 3871 1623 macu-

2278 1654 2387 1710 lam
2425 1670 2601 1726 nequc
2637 1671 2853 1726 rugam,
2893 1673 3002 1728 quo
3042 1658 3343 1714 :ediﬁcante
3382 1658 3641 1722 domum,
3673 1659 3875 1731 templa

2280 1746 2528 1802 universa
2574 1747 2847 1804 destructa
2892 1758 3035 1805 sunt.
3079 1747 3372 1805 Probatum
3418 1758 3502 1806 est
3539 1751 3685 1807 enim
3725 1752 3871 1821 quod

587 1838 816 1913 repellet
833 1843 1056 1929 ‘plebcm
1086 1859 1239 1898 suam
1266 1842 1615 1900 conﬁtentem
1652 1844 1786 1908 sibi,
1816 1844 1905 1898 ille
1944 1844 2034 1915 qui
2064 1860 2178 1898 ma-
2211 1848 2256 1910 Β
2284 1838 2477 1892 omnes
2500 1838 2573 1893 dii
2601 1839 2843 1908 gentium
2862 1838 2955 1909 qui
2983 1838 3037 1893 in
3067 1839 3279 1911 templis
3306 1840 3467 1911 positi
3488 1848 3687 1905 essent,
3720 1841 3877 1898 habi-

588 1948 725 2003 gnus
753 1942 836 1988 est
863 1949 1026 2005 super
1054 1935 1254 1998 omnia,
1278 1936 1431 2006 cujus
1451 1938 1571 1993 coeli
1594 1945 1736 2005 sunt,
1766 1937 1919 2008 cujus
1944 1946 2179 2003 montes,

588 2028 680 2096 qui
713 2035 908 2081 terram
936 2029 1184 2084 nantibus
1212 2029 1323 2083 suis
1363 2028 1621 2084 fundavit.
1669 2029 1878 2094 Venite,
1911 2030 2054 2084 hunc
2082 2029 2177 2085 ad-

595 2135 834 2185 oremus,
864 2136 971 2175 non
1009 2121 1061 2175 in
1093 2121 1262 2197 forum
1288 2122 1427 2176 servi
1463 2136 1587 2177 eum
1615 2121 1956 2177 attendentes
1976 2160 1990 2186 ,
2022 2130 2180 2192 pute-

591 2225 714 2265 mus
736 2226 859 2266 eum
888 2211 1159 2266 hominem
1189 2228 1400 2282 purum.
1433 2212 1492 2267 ln
1524 2213 1641 2283 ipso
1669 2222 1771 2279 est,
1802 2213 1892 2282 qui
1922 2213 2037 2268 hinc
2064 2228 2182 2267 om-

591 2302 680 2356 nia
733 2301 876 2357 lecit.
928 2301 1148 2365 Venite,
1204 2302 1490 2358 adoremus
1537 2302 1856 2368 Dominum,
1905 2303 2183 2373 ploremus

592 2390 717 2460 quia
747 2392 868 2461 pius
895 2399 1010 2457 est,
1046 2391 1159 2461 ipse
1188 2400 1270 2447 est
1297 2394 1389 2462 qui
1419 2393 1544 2448 fecit
1574 2410 1694 2449 nos.
1736 2389 1856 2464 Ipse
1883 2402 1967 2449 est
2004 2402 2189 2464 pastor

592 2487 747 2556 cujus
773 2502 876 2545 nos
898 2503 1029 2543 oves
1054 2503 1257 2543 sumus.
1311 2487 1602 2543 Audiamus
1633 2504 1819 2544 vocem
1841 2487 1986 2558 ejus,
2020 2496 2076 2543 et
2102 2472 2193 2545 se;

595 2593 828 2645 quamur
878 2593 999 2633 eum
1052 2594 1376 2649 (procrinque
1422 2578 1587 2633 vadit.
1635 2578 1760 2634 Ideo
1807 2578 1951 2633 enim
2001 2587 2189 2649 pastor

594 2685 783 2724 vocem
819 2668 886 2723 ad
920 2686 1051 2723 oves
1077 2669 1293 2733 emittit,
1327 2676 1384 2723 ut
1413 2669 1693 2724 audientes
1721 2684 1843 2724 eum
1872 2676 2185 2738 sequantur.

595 2760 703 2813 Aut
747 2761 890 2816 enim
939 2775 1135 2831 pascua
1166 2769 1458 2830 procurat,
1500 2769 1594 2815 aut
1621 2760 1690 2815 ab
1723 2760 1926 2816 insidiis
1955 2759 2187 2815 ferarum

596 2870 790 2909 eruere
820 2854 1022 2910 studet.
1074 2854 1224 2908 Unde
1264 2854 1529 2908 clamatur
1569 2853 1723 2909 nobis
1754 2853 1913 2908 hodie
1944 2860 2002 2909 ut
2028 2853 2073 2908 si
2101 2868 2192 2909 vo-

595 2963 714 3000 cem
749 2946 865 3015 ejus
894 2947 1251 3010 audierimus,
1288 2963 1393 3000 non
1435 2945 1761 3001 obduremus
1788 2944 1953 3000 corda
1983 2951 2186 3008 nostra,

597 3037 738 3090 sicut
786 3036 1029 3090 fecerunt
1076 3052 1173 3107 per
1215 3036 1569 3106 quadraginta
1619 3051 1791 3090 annos
1820 3034 1912 3090 ﬁlii
1941 3035 2104 3091 Israel
2136 3035 2190 3090 in

600 3118 806 3181 eremo:
858 3128 927 3183 Et
962 3129 1089 3197 quia
1124 3146 1228 3183 non
1259 3128 1542 3183 audierunt
1584 3144 1773 3183 vocem
1804 3127 1939 3196 ejus,
1970 3144 2079 3181 non
2111 3128 2191 3182 in-

2288 1936 2470 1984 tarent
2500 1929 2552 1983 in
2579 1930 2660 1985 eis
2687 1930 2974 1986 daemonia.
3022 1929 3123 1986 llic
3148 1939 3328 1986 autem
3354 1931 3447 2001 qui
3473 1931 3751 1989 fabricavit
3776 1932 3878 1989 do-

2287 2034 2455 2083 mum,
2488 2020 2603 2091 ipse
2629 2028 2714 2075 est
2739 2020 2831 2091 qui
2865 2020 3033 2077 oculos
3069 2020 3198 2077 fecit
3216 2063 3231 2088 ,
3280 2021 3622 2079 confessione
3643 2023 3761 2093 ejus
3789 2039 3877 2079 na-

2289 2112 2458 2167 scitur
2493 2112 2669 2168 omnis
2712 2113 2806 2182 qui
2851 2126 2961 2169 non
3002 2111 3293 2168 confitetur
3345 2112 3641 2178 Dominum,
3672 2112 3878 2183 Jesum,

2290 2205 2674 2261 anathemabili
2704 2205 2947 2274 fmditate
2986 2204 3295 2277 despicitur.
3354 2205 3457 2273 Qui
3501 2214 3684 2262 autem
3708 2206 3878 2264 conﬁ-

2289 2306 2492 2365 tentur,
2521 2298 2800 2368 fulgebunt
2826 2299 2966 2354 sicut
2994 2299 3075 2353 sol
3105 2299 3158 2353 in
3188 2309 3485 2370 conspectu
3515 2299 3631 2354 Dei.
3668 2298 3882 2356 Saneti-

2289 2399 2374 2447 tas
2387 2390 2532 2446 enim
2548 2398 2605 2446 et
2622 2388 3016 2459 magniﬁcentia
3030 2397 3115 2445 est
3134 2388 3188 2443 in
3209 2391 3325 2460 ipsa
3338 2398 3522 2445 sancta
3542 2372 3882 2448 confessione

2289 2483 2426 2553 ejus.
2480 2468 2758 2559 Universae
2792 2495 2922 2551 ergo
2958 2481 3146 2552 patriae
3168 2481 3409 2551 gentium
3436 2480 3756 2547 invitamini,
3787 2496 3883 2536 ve-

2290 2575 2423 2640 nite,
2449 2573 2637 2629 afferte
2656 2573 2907 2629 Domino.
2930 2572 3069 2641 Quid
3089 2571 3375 2628 aﬁ‘eremus
3396 2573 3659 2629 Domino?
3679 2573 3885 2631 Alfeno

2291 2667 2525 2736 gloriam
2574 2682 2737 2736 quam
2787 2667 3056 2722 incassum
3099 2665 3259 2721 idolis
3306 2665 3629 2737 przebuistis.
3680 2666 3885 2723 Afl'erte

2292 2758 2589 2823 honorem,
2640 2772 2748 2827 quo
2794 2756 2990 2812 frustm
3039 2757 3307 2813 idolorum
3353 2759 3624 2815 antistites
3649 2759 3884 2815 honora-

2292 2851 2410 2906 stis.
2462 2850 2659 2905 Tollite
2684 2850 2889 2905 hostias
2917 2850 2986 2905 ab
3016 2850 3286 2916 idolis,’et
3311 2850 3401 2906 hic
3444 2850 3664 2907 introite
3703 2852 3757 2907 in
3779 2851 3881 2908 do-

2293 2958 2438 2998 mum
2460 2957 2619 3011 quam
2640 2941 2951 3007 aediﬁcavit,
2984 2949 3039 2997 et
3059 2941 3280 2997 adorate
3308 2957 3431 2998 eum
3462 2942 3515 2998 in
3544 2943 3664 2998 aula
3694 2953 3883 3001 sancta

2293 3035 2438 3105 ejus,
2467 3044 2524 3089 et
2550 3051 2684 3105 gens
2710 3035 2856 3104 genti
2884 3035 3024 3090 dicat
3050 3053 3063 3065 ·
3087 3034 3222 3102 Quia
3244 3051 3384 3091 unus
3410 3034 3671 3092 Dominus
3696 3046 3885 3106 regnat

2294 3144 2324 3183 a
2373 3128 2518 3197 ligno
2563 3128 2776 3194 crucis;
2805 3127 2933 3198 quia
2962 3142 3059 3198 per
3086 3128 3287 3197 lignum
3315 3130 3769 3201 concupiscentia:
3796 3148 3883 3189 rc-

602 3216 873 3273 troietunt.
895 3217 947 3272 in
973 3219 1212 3286 requiem
1243 3216 1380 3286 ejus.
1430 3216 1539 3271 Nos
1569 3225 1747 3272 autem
1784 3217 2063 3272 audiamus
2089 3232 2187 3287 pa—
2216 3226 2263 3289 ο
2292 3233 2457 3289 gnum
2483 3218 2678 3283 Dei,ab
2707 3219 3016 3275 hominibus
3037 3228 3354 3287 recesserat,
3370 3222 3534 3277 modo
3558 3238 3657 3294 per
3682 3226 3885 3294 lignum

598 3316 799 3363 storem
829 3316 1091 3373 nostrum,
1124 3316 1178 3361 et
1207 3323 1497 3375 seluamnr
1518 3308 1743 3375 vestigia
1771 3307 1916 3375 ejus,
1964 3314 2023 3363 ut
2062 3323 2191 3362 eva-

598 3398 790 3453 dentes
810 3406 1039 3453 rnortem
1069 3396 1268 3452 deserti
1290 3395 1463 3466 hujus,
1496 3412 1617 3452 cum
1646 3395 1774 3452 Jesu
1804 3402 1999 3451 terram
2023 3395 2193 3453 ﬁnen-

598 3500 710 3547 tem
741 3490 879 3546 lacte
909 3499 964 3545 et
999 3490 1157 3545 melle
1202 3505 1505 3545 mereamur
1542 3490 1777 3555 intrare,
1810 3490 1908 3560 ipsi
1938 3490 2108 3559 gloria
2137 3490 2191 3546 in

598 3583 793 3638 mula
821 3581 1158 3638 saeculorum.
1192 3582 1380 3637 Amen.

1138 3690 1456 3751 PSALMUS
1494 3693 1651 3749 XCV.

673 3789 919 3847 Psalnms
950 3789 1120 3845 David
1144 3789 1361 3861 quando
1386 3788 1587 3861 domus”
1606 3788 1976 3845 auliﬁeabatur
2002 3797 2124 3859 post

732 3878 737 3883 ί
910 3888 927 3894 ~
1164 3860 1175 3861 ί
1200 3860 1589 3930 captivitatem.

672 3952 897 4008 Cantate
936 3952 1158 4008 Domino
1181 3952 1437 4005 canticum
1467 3967 1679 4015 novum,
1717 3959 1921 4004 cantate
1948 3949 2191 4014 Domino,

602 4048 771 4100 omnis
826 4055 983 4098 terra.
1034 4043 1252 4098 Cantate
1297 4039 1523 4095 Domino
1548 4079 1563 4105 ,
1606 4048 1655 4093 et
1693 4039 1974 4093 tenedicite
1999 4040 2196 4093 nomini

603 4140 737 4209 ejus,
765 4138 1073 4191 annuntiate
1095 4135 1157 4188 de
1183 4134 1265 4187 die
1295 4135 1350 4187 in
1378 4134 1512 4187 diem
1543 4132 1774 4186 salutare
1801 4133 1933 4203 ejus.
1978 4133 2195 4186 Annun-

604 4232 729 4283 tiate
752 4230 888 4307 inter
915 4236 1087 4299 gentes
1119 4227 1337 4297 gloriam
1360 4227 1491 4298 ejus,
1516 4228 1569 4278 is.
1602 4226 1834 4280 omnibus
1864 4226 2065 4297 populis
2093 4227 2193 4280 mi-

603 4318 791 4374 rabilia
821 4320 951 4389 ejus.
1005 4316 1261 4382 Quoniam
1292 4335 1511 4389 magnus
1544 4317 1797 4372 Dominus
1838 4329 1886 4372 et
1919 4319 2194 4375 laudabilis

605 4413 782 4477 nimis,
818 4408 1055 4464 terribilis
1085 4419 1332 4480 estsuper
1359 4426 1534 4463 omnes
1562 4409 1702 4465 deos.
1746 4409 2001 4475 Quoniam
2021 4424 2196 4469 amnes

605 4501 680 4554 dii
727 4502 955 4570 gentium
994 4500 1251 4553 daemonia
1276 4542 1290 4564 ,
1337 4499 1593 4554 Dominus
1641 4512 1810 4556 autem
1855 4504 2005 4558 cmlos
2055 4505 2195 4576 fecit.

2294 3311 2471 3364 crucis
2513 3325 2739 3379 regnum
2777 3325 3052 3385 reversum
3099 3321 3181 3366 est
3206 3309 3337 3378 Dei,
3385 3313 3477 3382 qui
3506 3313 3737 3371 firmavit
3763 3330 3885 3372 eam

2290 3401 2348 3456 in
2379 3402 2564 3458 orbem
2592 3409 2768 3467 teme,
2799 3410 2860 3456 ut
2885 3417 2995 3457 non
3024 3410 3447 3458 commoveatur.
3480 3404 3537 3458 ln
3565 3419 3673 3474 qua
3699 3404 3887 3465 Eccle-

2294 3493 2373 3548 sia
2395 3492 2602 3562 judicat
2630 3493 2860 3564 populos
2880 3494 2934 3548 in
2963 3488 3248 3563 aequitate,
3280 3501 3337 3549 et
3363 3502 3554 3564 gentes
3580 3497 3634 3551 in
3661 3497 3740 3552 ira
3765 3514 3882 3555 sua.

2295 3583 2403 3640 Pro
2450 3585 2554 3641 hoc
2600 3600 2766 3657 opere
2812 3586 3062 3640 laetantur
3099 3585 3222 3642 (ιωιί
3248 3587 3302 3642 in
3330 3589 3558 3655 sanctis,
3591 3590 3805 3648 laetatur
3830 3602 3889 3649 et
3962 3608 3980 3624 ‘

2296 3683 2440 3732 terra
2472 3676 2525 3731 in
2556 3676 2711 3731 nobis
2740 3676 3133 3747 peccatoribus.
3181 3677 3261 3733 Ad
3292 3678 3398 3734 ho'c
3417 3680 3664 3747 gaudium
3692 3698 3887 3740 move-

2295 3776 2386 3823 tur
2412 3783 2562 3824 mare
2583 3810 2597 3834 ,
2637 3769 2829 3837 vulgus
2856 3768 3093 3838 ignobile
3119 3779 3177 3825 et
3203 3769 3487 3838 ﬂuctuans,
3523 3782 3578 3827 et
3604 3774 3887 3844 plenitudo

2294 3858 2442 3927 ejus,
2491 3858 2545 3913 id
2574 3868 2694 3923 est,
2728 3858 2921 3914 divites
2948 3860 3095 3930 pleni
3126 3861 3349 3931 opibus,
3400 3862 3437 3917 ii
3472 3873 3889 3923 commoventur

2294 3951 2535 4007 ridentes
2558 3951 2788 4006 humiles
2814 3951 3042 4020 Christi,
3089 3962 3144 4009 et
3171 3955 3407 4025 psalmos
3433 3954 3570 4026 ejus,
3598 3965 3658 4012 et
3681 3957 3890 4015 doctri-

2297 4059 2421 4098 nam
2469 4043 2587 4113 ejus
2614 4042 2831 4113 frigidas
2869 4046 3074 4101 manias
3119 4055 3514 4119 computantcs.
3566 4048 3732 4120 Ligna
3757 4067 3888 4109 vero

2296 4134 2555 4189 silvarum
2583 4135 2677 4204 qui
2705 4135 2866 4203 lignei
2895 4144 2951 4192 et
2972 4136 3246 4194 silvestres
3283 4138 3534 4195 videntur
3571 4142 3758 4197 mundi
3801 4159 3887 4199 sa-

2295 4224 2585 4297 pientibus,
2620 4233 2750 4282 tunc
2775 4227 3122 4283 exsultabant
3141 4237 3268 4284 ante
3290 4228 3482 4285 faciem
3507 4231 3741 4298 Domini,
3764 4250 3887 4290 eum

2296 4317 2507 4373 venerit
2528 4316 2775 4386 judicare
2804 4326 3067 4376 terrenos.
3114 4320 3233 4376 Non
3261 4323 3404 4377 enim
3427 4323 3654 4392 judicat,
3677 4334 3739 4380 ut
3765 4343 3888 4397 per-

2296 4427 2458 4467 sonas
2504 4413 2806 4482 potentium
2854 4413 3115 4484 accipiat,
3158 4414 3252 4470 Sed
3292 4416 3405 4471 sola
3434 4419 3687 4488 :equitate
3715 4427 3888 4477 totum

2299 4503 2485 4558 orbem
2517 4512 2780 4559 terrarum
2807 4504 3047 4574 judicat,
3078 4513 3135 4561 et
3160 4507 3390 4577 populos
3418 4509 3471 4563 in
3501 4512 3728 4567 veritate
3754 4527 3886 4569 con-

606 4588 878 4658 Confessio
904 4598 952 4640 et
980 4588 1306 4654 pulchritudo
1335 4590 1388 4643 in
1416 4600 1687 4661 conspectu
1717 4593 1830 4663 ejus
1853 4634 1866 4658 ,
1914 4596 2196 4649 sanctimo-
2222 4589 2276 4650 D
2300 4596 2478 4652 firmat
2505 4614 2603 4668 per
2629 4599 2810 4653 omnia
2838 4600 3031 4655 saecula
3060 4601 3398 4657 Steculorum.
3429 4602 3620 4658 Amen.

605 4680 695 4732 nia
742 4681 793 4731 et
834 4679 1223 4750 magniﬁcentia
1272 4681 1323 4733 in
1370 4683 1781 4752 sanctiﬁcatione
1823 4685 1953 4755 ejus.
2001 4685 2198 4755 A/Icrte

606 4771 833 4826 Domino
855 4774 1040 4843 putria:
1059 4774 1306 4843 gentium,
1333 4774 1518 4843 afferte
1538 4773 1767 4831 Domino
1786 4777 2007 4847 gloriam
2030 4789 2079 4832 et
2102 4779 2197 4832 lio-

607 4880 803 4930 norem,
832 4864 1016 4933 a/ferte
1058 4862 1284 4918 Domino
1330 4865 1552 4935 gloriam
1597 4868 1794 4921 nomini
1819 4868 1950 4938 ejus.
2011 4868 2198 4925 Tollite

606 4958 823 5021 hostias,
857 4966 906 5010 et
931 4957 1144 5011 introite
1171 4958 1226 5010 in
1254 4959 1391 5011 atria
1410 4958 1550 5028 ejus,
1582 4959 1800 5013 adorate
1833 4960 2107 5017 Dominum
2137 4964 2191 5018 in
2230 4941 2235 4944 Ι

608 5050 744 5103 atrio
764 5058 946 5103 sancto
981 5049 1113 5120 ejus.
1158 5048 1546 5103 Commoveatur
1573 5067 1605 5102 a
1632 5051 1767 5122 facie
1804 5052 1915 5123 ejus
1957 5056 2195 5109 universa

611 5149 778 5203 terra,
815 5139 968 5193 dicite
995 5141 1047 5193 in
1075 5140 1311 5210 gentibus
1346 5141 1465 5211 quia
1504 5139 1755 5196 Dominus
1791 5145 2041 5215 regnavit.
2096 5142 2194 5199 Et-

607 5229 745 5280 enim
765 5231 987 5284 correxit
1012 5229 1183 5284 orbent
1207 5239 1378 5295 terrae,
1403 5233 1487 5302 qui
1508 5246 1609 5286 non
1627 5234 2040 5299 commovebitur,
2051 5237 2197 5307 judi-

610 5319 747 5371 cubit
769 5319 982 5388 populos
1027 5323 1081 5374 in
1128 5325 1387 5393 (equitate.
1432 5322 1696 5378 Laztentur
1738 5325 1851 5378 (γειί
1898 5336 1946 5379 et
1979 5329 2197 5383 exsultet

614 5418 782 5488 terra:
813 5420 1187 5465 commoveatur
1218 5431 1359 5467 mare
1380 5423 1429 5467 et
1449 5415 1712 5485 plenitudo
1743 5416 1873 5487 ejus.
1904 5418 2197 5488 gaudebunt

611 5498 781 5567 campi
806 5509 853 5550 et
873 5501 1045 5551 omnia
1071 5517 1184 5569 qua:
1208 5503 1258 5555 in
1284 5506 1355 5557 eis
1385 5515 1522 5559 sunt.
1578 5504 1718 5560 Trinc
1738 5507 2065 5562 exsultabant
2095 5527 2199 5563 om-

614 5590 702 5643 nia
728 5589 869 5660 ligna
895 5588 1135 5642 silvarum
1165 5608 1195 5642 ιι
1221 5594 1353 5661 [acie
1380 5594 1608 5661 Domini,
1634 5599 1753 5669 quia
1782 5601 1932 5665 renit,
1958 5603 2196 5670 quoniam

614 5683 750 5735 venit
774 5680 1012 5751 judicare
1039 5690 1245 5737 terram.
1297 5682 1561 5741 Judicabit
1590 5690 1758 5744 orbem
1785 5702 1929 5746 terra;
1961 5695 2012 5745 in
2043 5698 2199 5764 a'qui-

618 5780 741 5836 tute,
768 5782 817 5827 et
839 5774 1055 5841 populos
1086 5776 1135 5829 in
1169 5776 1376 5830 veritate
1405 5793 1516 5831 sua.

2827 4712 3145 4770 PSALMUS
3173 4714 3354 4771 XCVI.

2392 4804 2634 4863 Psahnus
2657 4806 2756 4878 ipsi
2784 4806 2972 4874 David,
3007 4807 3224 4932 qqando
3250 4815 3394 4864 terra
3423 4808 3541 4878 ejus
3569 4810 3814 4865 restituta

2990 4894 3048 4932 es
3100 4894 3169 4932 ei.

2990 4894 3072 4933 CSI.
3100 4894 3148 4933 Cl
3158 4919 3169 4931 .

2374 4965 2628 5022 Dominus
2675 4969 2924 5039 regnavit,
2973 4967 3193 5023 exsultet
3227 4950 3365 5025 torre
3389 5008 3404 5033 ,
3437 4969 3675 5024 lwtentur
3700 4971 3889 5028 iusqu

2302 5060 2494 5115 multaz.
2548 5058 2725 5115 Nubes
2766 5070 2816 5114 et
2857 5062 3026 5133 caligo
3070 5062 3123 5115 in
3168 5063 3383 5116 circuitu
3409 5064 3553 5135 ejus,
3585 5064 3795 5135 justitia
3838 5077 3891 5121 et

2292 5152 2548 5224 judicium
2577 5154 2824 5207 correctio
2849 5154 2984 5208 sedis
3014 5154 3146 5224 ejus.
3181 5152 3323 5225 Ignis
3351 5165 3474 5208 ante
3499 5156 3668 5226 ipsum
3688 5173 3889 5226 prince-

2301 5243 2421 5303 det,
2469 5251 2519 5295 et
2565 5241 2907 5311 inﬂammabit
2947 5245 3001 5297 in
3045 5246 3261 5299 circuitu
3303 5247 3539 5300 inimicos
3566 5247 3698 5317 ejus.
3740 5248 3890 5303 Allu-

2296 5344 2486 5389 a'erunt
2532 5334 2738 5403 fulgura
2786 5335 2898 5404 ejus
2938 5336 3048 5389 orbi
3079 5346 3231 5390 terra:
3251 5378 3265 5400 ,
3299 5337 3425 5391 vidit
3453 5346 3502 5391 et
3528 5347 3785 5393 commota
3813 5349 3892 5394 est

2303 5436 2454 5479 terra.
2510 5423 2713 5478 Montes
2750 5427 2881 5479 sicut
2910 5443 3027 5480 cera
3058 5428 3317 5493 ﬂuxerunt
3360 5445 3390 5480 a
3430 5430 3566 5499 facie
3592 5426 3827 5495 Domini,
3858 5447 3892 5483 η

2303 5517 2435 5587 facie
2468 5513 2674 5569 Domini
2703 5516 2865 5569 omnis
2911 5526 3063 5570 terra.
3116 5516 3558 5573 Annuntiaremnt
3595 5520 3707 5573 caeli
3725 5520 3892 5589 justi-

2305 5610 2426 5660 tiam
2454 5611 2582 5679 ejus,
2617 5616 2664 5661 et
2690 5608 2918 5662 viderunt
2948 5627 3120 5664 omnes
3149 5612 3324 5684 populi
3350 5613 3569 5682 gloriam
3590 5613 3722 5684 ejus.
3748 5612 3888 5668 Con-

2303 5700 2586 5769 fundantur
2615 5716 2789 5753 omnes
2818 5702 2901 5772 qui
2925 5700 3147 5755 adorant
3173 5703 3450 5773 sculptiliu,
3478 5716 3526 5758 et
3547 5708 3633 5776 qui
3654 5706 3889 5777 glorian-

2307 5796 2387 5840 tur
2435 5790 2488 5841 in
2537 5789 2824 5844 simulacris
2872 5792 2995 5844 suis.
3032 5792 3259 5847 Adorate
3302 5810 3436 5858 eum,
3488 5801 3664 5851 omnes
3701 5785 3911 5865 Angeli‘
