4244 6258
348 385 450 446 465

1291 385 1754 447 COMMENTABII
1791 384 1856 439 IN
1898 380 2221 443 PSAIMOS.
2269 387 2453 440 I’SAL.
2498 388 2714 443 XCVIII.

3495 385 3597 447 466

290 576 297 586 ι
350 508 479 577 ejus.
510 505 704 560 audivit
726 510 779 558 el
800 503 971 560 laetata
1001 514 1075 558 est
1104 504 1250 561 Sion.
1281 502 1349 557 Et
1369 505 1750 559 exsultacerunt
1775 506 1902 575 ﬁlim
1933 502 1979 559 Α
2007 517 2160 553 mamt
2182 541 2194 563 ,
2222 504 2376 556 simul
2404 514 2599 559 montes
2629 507 2957 560 exsultabant
2986 524 3017 561 α
3044 520 3315 578 conspectu
3361 509 3584 577 Domini,

350 597 502 651 ludat
544 607 752 668 propter
787 598 980 668 judicio
1012 605 1099 649 tua
1123 637 1137 663 ,
1175 594 1407 649 Domine.
1439 595 1691 659 Quoniam
1723 608 1773 649 tu
1804 597 1914 652 Do-

350 694 517 746 minus
545 692 832 745 Altissimus
853 707 1003 761 super
1028 706 1224 744 omnem
1248 699 1453 756 terram,
1478 690 1629 742 nimis
1657 689 1917 743 exaltatus

351 800 402 836 rs
445 797 597 852 super
642 798 814 835 omnes
854 780 990 834 deos.
1044 777 1142 843 Qui
1189 780 1403 851 diligitis
1456 779 1748 846 Dominum,
1780 778 1917 834 odite

351 872 541 926 malum
564 888 582 923 :
611 869 828 924 custodit
857 868 1108 923 Dominus
1135 871 1336 922 animos
1364 878 1657 923 sanctorum
1686 885 1913 933 suorum,

350 963 412 1017 de
437 977 591 1016 manu
617 968 937 1032 peccatorum
966 958 1201 1014 liberabit
1227 976 1332 1014 eos.
1372 957 1488 1013 Lua:
1515 969 1628 1013 orta
1654 965 1731 1012 est
1751 959 1915 1030 justo,

350 1061 398 1106 et
429 1052 578 1106 rectis
604 1050 758 1105 corde
780 1051 981 1105 latitia.
1013 1049 1306 1116 Ltetamini,
1332 1052 1482 1122 justi,
1515 1052 1569 1104 in
1599 1049 1839 1115 Domino,
1869 1057 1919 1103 et

348 1142 659 1213 confitemini
686 1143 948 1197 memoria:
972 1142 1405 1213 sanctiﬁcationis
1435 1142 1565 1213 ejus.

917 1295 1354 1335 COIIENTABIUI.

416 1411 650 1470 Securus
676 1400 866 1469 cantas
893 1413 946 1468 in
976 1412 1322 1481 nonagesimo
1350 1417 1521 1476 sexto,
1551 1410 1640 1480 qui
1668 1410 1720 1464 in
1748 1425 1919 1464 nona-

348 1504 547 1574 gesimo
596 1504 787 1572 quinto
832 1502 1119 1557 Dominum
1156 1500 1471 1570 cognovisti.
1528 1499 1583 1554 In
1624 1500 1727 1555 hoc
1773 1502 1917 1555 enim

346 1594 574 1665 psalmo,
623 1601 678 1649 et
723 1602 866 1650 terra
910 1593 1144 1649 exsultat
1189 1592 1257 1646 de
1283 1590 1670 1645 resurrectione
1698 1598 1915 1645 sancto-

348 1700 496 1749 rum,
542 1692 599 1739 et
633 1684 818 1739 insula:
846 1699 951 1738 non
981 1697 1196 1746 omnes,
1247 1680 1342 1735 sed
1373 1680 1424 1734 in
1455 1679 1646 1749 quibus
1674 1679 1916 1734 habitant

344 1777 535 1833 sancti.
565 1775 704 1831 Ecce
739 1776 883 1830 enim
922 1774 1101 1829 veniet
1127 1773 1265 1827 sicut
1292 1771 1537 1842 promisit
1565 1771 1615 1824 in
1645 1770 1914 1825 anteriore

2016 595 2257 663 quoniam
2301 598 2433 649 venit
2472 598 2713 668 judicare
2752 608 2959 654 terram.
2992 600 3255 656 Judicabit
3283 602 3455 657 orbem
3486 613 3592 659 ter-

2017 701 2190 739 rarum
2218 686 2271 740 in
2293 686 2499 755 justitia
2527 698 2576 742 et
2599 690 2814 760 populos
2841 692 2897 746 in
2924 693 3182 764 (equitate.

2588 861 3020 903 COIIENTABIUI.

2087 969 2292 1027 Causas
2337 974 2532 1030 cantici
2588 979 2864 1046 prmsentis
2912 979 3027 1051 ipse
3072 982 3305 1050 psalmus
3349 984 3590 1054 exponit.

2020 1060 2157 1117 Dicit
2183 1065 2347 1129 enim,
2382 1066 2505 1133 ideo
2533 1082 2730 1123 novum
2760 1070 3028 1126 canticum
3058 1079 3117 1125 ut
3143 1073 3374 1128 eantetis
3398 1073 3595 1129 either-

2019 1161 2121 1219 tor,
2152 1156 2275 1224 quia
2306 1157 2567 1212 mirabilia
2599 1159 2743 1224 fecit,
2774 1169 2849 1226 et,
2880 1162 3017 1217 sicut
3044 1162 3197 1228 dixit,
3230 1164 3350 1220 ideo
3377 1174 3594 1222 cantate

2018 1246 2141 1315 quia
2171 1246 2432 1302 mirabilia
2456 1249 2582 1304 fecit
2605 1266 2619 1315 ;
2643 1251 2792 1319 quasi
2813 1251 2857 1306 si
2877 1251 3113 1307 audisset
3140 1254 3239 1308 sibi
3260 1254 3401 1309 dici:
3433 1254 3590 1311 Sem-
3630 1286 3633 1289 ν

2018 1351 2115 1405 per
2158 1336 2422 1392 mirabilia
2468 1337 2594 1393 fecit
2640 1338 2919 1403 Dominus,
2946 1358 3051 1397 non
3081 1357 3210 1411 ergo
3240 1359 3454 1409 novum,
3495 1344 3592 1400 sed

2016 1433 2171 1481 vetus
2198 1435 2280 1483 est
2307 1429 2573 1484 canticum
2602 1431 2863 1487 mirabilia
2886 1431 3063 1487 divina
3091 1440 3348 1500 cantare;
3380 1435 3444 1488 ad
3478 1435 3594 1491 bmc

2017 1516 2105 1571 ille
2132 1518 2492 1587 respondeat:
2542 1519 2689 1575 Nova
2729 1521 2990 1576 mirabilia
3026 1538 3224 1578 novum
3264 1538 3480 1579 carmen
3499 1539 3594 1579 ex-

2015 1615 2262 1676 poscunt.
2310 1607 2407 1665 Dic
2433 1624 2560 1679 ergo
2591 1626 2806 1665 novum.
2855 1610 3017 1668 Nobis
3043 1628 3162 1681 qua:
3188 1622 3313 1669 sunt
3335 1629 3471 1668 nova
3500 1615 3593 1668 Ini-

2015 1695 2223 1762 rabilia,
2253 1698 2297 1752 si
2326 1698 2646 1768 interrogas,
2673 1700 2815 1757 audi.
2848 1701 3109 1757 Dixerunt
3134 1702 3321 1768 Judaei,
3352 1705 3405 1758 in
3431 1720 3591 1759 cruce

2015 1787 2193 1855 posito
2222 1787 2478 1853 Domino,
2523 1788 2737 1844 Salsum
2774 1792 2936 1863 faciat
2972 1809 3088 1847 eum
3128 1793 3341 1863 (Matth.
3383 1794 3590 1862 xxv");-

344 1867 582 1937 psalmo,
611 1866 754 1921 venit
783 1874 841 1919 ut
860 1864 1082 1934 judic'et,
1114 1865 1285 1918 nubes
1311 1871 1368 1918 et
1395 1863 1568 1931 caligo
1608 1862 1660 1914 in
1688 1861 1909 1916 circuitu

1982 1868 1993 1922 ι
2020 1879 2162 1933 hunc
2188 1887 2368 1933 autem
2391 1880 2618 1934 salvavit
2646 1861 2865 1936 dextera
2894 1882 3010 1951 ejus
3033 1920 3067 1946 ,η
3090 1861 3146 1938 et
3169 1883 3445 1939 brachium
3468 1861 3589 1938 sau-

344 1956 479 2024 ejus,
506 1955 710 2023 justitia
757 1963 812 2008 et
844 1954 1101 2028 judicium
1148 1953 1373 2007 directio
1417 1952 1562 2007 sedis
1590 1951 1726 2019 ejus.
1773 1951 1914 2020 Ignis

347 2052 475 2098 ante
522 2058 645 2098 eum
684 2042 982 2113 praecedet,
1035 2042 1170 2110 ignis
1204 2041 1311 2096 duo
1356 2038 1531 2097 ofﬁcia
1578 2049 1910 2111 peracturus.

349 2118 473 2188 Uno
498 2134 642 2187 enim
688 2133 981 2202 eodemque
1028 2142 1246 2204 aspectu
1275 2134 1480 2188 animos
1508 2133 1601 2187 Dei
1632 2135 1911 2200 illuminat,

351 2232 408 2277 et
437 2212 730 2278 inﬂammat
764 2225 1004 2279 inimicos
1025 2224 1156 2293 ejus.
1201 2223 1422 2291 Quando
1446 2226 1789 2295 apparuerint
1814 2225 1915 2279 ful-

351 2326 483 2380 gura
514 2314 632 2382 ejus
652 2313 768 2371 orbi
806 2320 983 2378 teme,
1012 2322 1137 2368 tunc
1169 2323 1379 2393 montes
1414 2315 1551 2369 sicut
1578 2330 1701 2369 cera
1741 2315 1914 2384 lique-

348 2413 502 2459 scent
527 2413 651 2459 ante
673 2405 860 2459 faciem
883 2405 1010 2473 ejus,
1024 2415 1079 2461 et
1100 2423 1129 2461 a
1153 2405 1286 2461 facie
1309 2407 1517 2462 Domini
1538 2416 1731 2462 tremet
1753 2417 1913 2473 terra,

347 2494 702 2563 omnibusque
730 2495 888 2549 rebus
916 2496 1272 2552 metuentibus
1308 2512 1372 2552 ac
1400 2496 1808 2553 formidantibus
1833 2505 1918 2552 at-

347 2599 450 2653 que
498 2585 845 2639 trementibus
885 2584 1276 2642 confundentur
1321 2602 1510 2642 omnes
1553 2589 1643 2657 qui
1692 2587 1919 2643 adorant

344 2675 485 2730 idola
510 2716 525 2740 ,
556 2690 676 2751 cum
714 2675 942 2732 viderint
967 2693 1155 2733 omnes
1182 2680 1233 2734 in
1263 2681 1655 2735 resurrectione
1692 2681 1917 2749 gloriam

348 2767 557 2821 Domini
601 2766 727 2822 Jesu
772 2766 1006 2822 Christi:
1054 2777 1182 2825 tunc
1222 2772 1336 2825 sola
1382 2771 1646 2826 Imtabitur
1672 2771 1833 2837 Sion,
1864 2772 1919 2828 id

347 2864 444 2920 est,
477 2854 735 2910 Ecclesia.
786 2854 1142 2911 Exsultabunt
1179 2867 1233 2912 et
1263 2856 1383 2912 lilia:
1415 2857 1581 2924 Judze,
1615 2859 1664 2913 id
1692 2868 1793 2921 est,
1824 2877 1916 2932 sy-

349 2959 563 3013 nagoga!
610 2961 827 3011 omnes,
882 2962 1003 3015 quze
1041 2955 1167 3002 ante
1205 2948 1492 3003 adventum
1540 2949 1750 3029 Domini
1794 2966 1919 3021 pro-

276 3048 281 3053 '
348 3035 534 3104 phelas
586 3034 888 3089 habuerunt
946 3034 1231 3090 adventum
1274 3037 1482 3092 Domini
1530 3049 1913 3108 prmconantes.

348 3122 574 3194 Propter
594 3116 794 3193 judicia
826 3125 1034 3180 Domini
1058 3126 1234 3196 justa,
1266 3127 1631 3198 przejudicium
1655 3132 1918 3201 posterio-

2014 1978 2159 2025 etmn
2186 1969 2300 2039 ejus
2340 1980 2465 2027 tunc
2509 1972 2723 2042 quando
2770 1981 2957 2029 notum
2986 1973 3113 2029 fecit
3140 1975 3395 2031 Dominus
3421 1976 3589 2031 salva-

2017 2068 2188 2115 torem
2211 2077 2384 2127 suum,
2413 2065 2678 2119 suscitans
2705 2079 2828 2119 eum
2865 2081 2895 2119 a
2923 2066 3176 2133 mortuis,
3209 2068 3338 2122 etin
3364 2083 3589 2139 conspe-

2016 2161 2104 2205 ctu
2150 2153 2387 2221 gentium
2418 2155 2675 2209 revelavit
2697 2156 2956 2225 justitiam
2986 2173 3156 2213 suam.
3209 2157 3412 2214 Memor
3447 2162 3590 2215 enim

2016 2240 2114 2294 fuit
2150 2242 2525 2297 misericordiae
2563 2259 2723 2313 quam
2770 2247 3017 2317 promisit
3040 2246 3235 2319 Jacob,
3266 2249 3487 2305 dicens:
3520 2249 3591 2303 Et

2015 2348 2107 2401 ego
2140 2341 2187 2384 te
2225 2334 2416 2403 facimn
2453 2336 2505 2389 in
2545 2346 2747 2407 gentem
2792 2356 3036 2411 magnam
3083 2339 3236 2412 (Gen.
3286 2342 3401 2412 xu).
3441 2341 3591 2398 IIanc

2020 2421 2298 2475 veritatem
2347 2423 2587 2494 implevit
2630 2426 2811 2482 domui
2858 2428 3058 2496 Israel,
3099 2431 3315 2500 quando
3345 2433 3592 2489 viderunt

2017 2529 2204 2567 omnes
2253 2512 2386 2569 lines
2427 2523 2581 2570 teme
2626 2517 2858 2574 salutare
2905 2518 3116 2577 Domini
3162 2518 3258 2574 Dei
3283 2520 3465 2576 Israel.
3525 2521 3589 2576 Et

2017 2602 2143 2657 licet
2172 2619 2360 2658 omnes
2406 2605 2692 2674 provincia:
2732 2608 2947 2664 videant
2985 2608 3219 2665 salutare
3243 2610 3473 2675 Domini,
3505 2620 3590 2666 ta-

2017 2708 2140 2748 men
2161 2694 2265 2748 hoc
2291 2710 2398 2749 non
2425 2696 2598 2751 otiose
2620 2704 2856 2753 transeat
2883 2699 3216 2765 intuentem,
3259 2699 3404 2768 quod
3427 2700 3590 2755 tinem

2018 2792 2244 2839 terrenae
2270 2786 2625 2853 cogitationes
2651 2786 2777 2842 dum
2805 2788 3140 2858 acceperint,
3183 2798 3471 2845 nascuntur
3496 2807 3590 2846 co-

2017 2874 2302 2942 gitationes
2344 2876 2641 2930 caelestium
2687 2880 2886 2931 rerum.
2935 2876 3002 2932 Et
3028 2878 3156 2949 ipsa:
3184 2878 3383 2935 faciunt
3419 2880 3590 2936 videri

2018 2964 2251 3020 salutare
2296 2964 2510 3021 Domini
2559 2965 2656 3021 Dei
2702 2968 2891 3022 nostri.
2936 2967 2996 3023 In
3038 2969 3145 3025 hoc
3165 2970 3342 3026 studio
3365 2972 3591 3041 jubilate

2019 3053 2265 3121 Domino,
2305 3057 2549 3111 universa
2579 3065 2742 3123 terra,
2770 3056 2824 3112 id
2851 3067 2964 3127 est,
2996 3062 3174 3116 omnia
3202 3063 3440 3118 membra
3469 3080 3591 3120 cor-

2017 3146 2166 3217 poris
2193 3148 2393 3203 terreni
2420 3149 2472 3203 in
2501 3148 2678 3205 oﬂicio
2705 3159 2905 3207 sanctte
2931 3155 3351 3211 conversationis
3377 3155 3585 3213 otl'erte.

348 3214 419 3268 ris
447 3216 703 3318 temporis
730 3231 836 3270 ηοη
865 3216 1153 3318 δθὺθδξηη·
1185 3217 1464 3318 (ζὶιιοῐὶίιδιιιΔ
1489 3220 1630 3318 id?!“
1657 3216 1914 3318 Domiﬂlls
1937 3224 1986 3288 C
2014 3214 2132 3292 Non
2151 3252 2270 3293 cum
2294 3239 2524 3305 tristitia,
2548 3240 2642 3296 sed
2674 3250 2955 3298 cantantes
2975 3244 3259 3313 exsultate,
3298 3255 3354 3303 et
3380 3249 3591 3318 psallite

347 3323 486 3364 nunc
508 3350 524 3374 ,
554 3309 646 3378 qui
683 3317 809 3364 tunc
836 3318 961 3365 ante
988 3309 1274 3366 adventum
1312 3312 1525 3369 Domini
1550 3314 1604 3368 in
1631 3316 1916 3386 synagogis

347 3400 539 3467 illuxit,
568 3401 683 3471 ipse
700 3409 783 3457 est
808 3402 955 3457 solus
980 3392 1367 3473 super‘omnes
1403 3403 1552 3460 deos.
1583 3404 1914 3475 Quicunque

347 3508 471 3562 ergo
499 3494 698 3548 bonum
727 3493 937 3548 Domini
965 3493 1221 3563 diligatis,
1270 3494 1416 3550 odite
1443 3510 1603 3551 omne
1629 3495 1775 3565 quod
1801 3511 1914 3551 ma-

346 3586 450 3639 lum
481 3594 579 3639 est.
612 3584 668 3638 In
697 3584 820 3641 odio
850 3585 990 3639 enim
1020 3585 1164 3651 mali,
1195 3585 1323 3640 boni
1350 3584 1564 3641 dilectio
1590 3587 1912 3657 comproba-

345 3683 447 3729 tur.
515 3674 621 3730 Sed
658 3685 712 3729 et
747 3675 793 3729 si
820 3675 912 3745 qui
947 3691 1044 3730 vos
1069 3690 1170 3746 pro
1197 3690 1385 3731 amore
1410 3676 1537 3731 boni
1564 3675 1762 3731 fuerint
1786 3692 1913 3747 per-

343 3766 540 3830 secuti,
576 3766 749 3821 securi
778 3774 983 3831 estote,
1026 3765 1204 3821 Nolite
1231 3768 1410 3822 timere
1433 3784 1519 3822 eos
1555 3769 1641 3839 qui
1678 3768 1917 3823 occidunt

342 3872 524 3928 corpus
573 3855 782 3928 (Matth.
813 3859 892 3928 x).
942 3856 1187 3913 Custodit
1233 3859 1377 3914 enim
1417 3858 1678 3916 Dominus
1706 3861 1914 3917 animas

343 3954 649 4001 sanctorum
674 3962 890 4001 suorum
915 3985 930 4011 ,
961 3956 1017 4002 et
1055 3947 1122 4003 de
1148 3964 1311 4003 manu
1338 3958 1682 4020 peccatorum
1719 3954 1915 4011 liberat

343 4048 456 4090 eas.
485 4036 626 4104 Ignis
652 4037 791 4091 enim
817 4038 908 4106 qui
937 4036 1359 4095 inﬂammaturus
1401 4049 1484 4097 est
1519 4042 1909 4114 delinquentes,

344 4125 437 4179 lux
465 4123 695 4181 efﬁcitur
714 4127 870 4197 justis
895 4135 949 4183 et
971 4130 1132 4185 rectis
1159 4131 1323 4187 corde
1350 4133 1551 4188 laetitia.
1582 4134 1756 4190 Nolite
1784 4151 1914 4206 ergo

342 4224 491 4271 metu
527 4232 718 4287 pinnae,
749 4218 841 4274 sed
869 4223 1065 4277 amoris
1088 4222 1283 4289 gaudio
1302 4238 1519 4279 servare
1540 4225 1823 4294 justitiam,
1854 4235 1915 4282 ut

343 4309 503 4363 etiam
553 4309 606 4363 in
652 4311 757 4367 hoc
800 4313 997 4370 mundo
1037 4314 1149 4384 jam
1193 4318 1468 4385 gaudeatis
1496 4318 1548 4372 in
1572 4320 1831 4387 Domino,
1858 4329 1915 4376 et

342 4398 700 4455 conﬁteamini
731 4405 1003 4459 memoria:
1044 4405 1342 4463 Sanctitatis
1380 4409 1496 4478 ejus
1520 4411 1611 4479 qui
1644 4420 1829 4480 regnat
1859 4412 1925 4466 in-

345 4488 533 4541 smcula
560 4491 894 4548 surculorum.
927 4494 1114 4549 Amen.

860 4621 1170 4680 PSALMUS
1196 4625 1396 4683 XCVII.

908 4734 1148 4794 Psalmus
1171 4739 1357 4797 David.

412 4867 632 4922 Cantate
678 4867 904 4925 Domino
950 4876 1203 4929 canticum
1250 4891 1432 4930 novum
1459 4921 1473 4943 ,
1503 4878 1625 4948 quia
1653 4878 1911 4933 mirabilia

345 4960 476 5029 fecit.
511 4960 745 5016 Salvabit
770 4965 869 5018 sibi
910 4966 1133 5021 dextera
1160 4968 1272 5038 ejus
1305 4977 1355 5023 et
1384 4968 1646 5024 brachium
1676 4980 1909 5025 sanctum

342 5048 469 5118 ejus.
501 5049 694 5106 Notum
715 5055 836 5124 fecit
874 5054 1125 5112 Dominus
1152 5060 1380 5114 salutare
1406 5077 1579 5125 suum,
1611 5063 1664 5115 in
1686 5078 1903 5134 conspe—

342 5150 421 5194 ctu
466 5146 701 5216 gentium,
721 5148 957 5203 reuelauit
977 5152 1233 5221 justitiam
1270 5168 1435 5206 suam.
1486 5150 1802 5208 Recordatus
1830 5163 1907 5208 est

342 5235 705 5291 misericordia
747 5254 872 5303 sum,
915 5249 965 5293 et
986 5243 1215 5295 veritatis
1241 5258 1347 5297 sum
1371 5243 1542 5297 domui
1570 5241 1757 5298 Israel.
1815 5243 1907 5298 Vi-

344 5322 525 5377 derunt
544 5343 719 5381 omnes
745 5331 946 5383 termini
970 5341 1120 5386 terra:
1157 5333 1383 5388 salutare
1412 5333 1509 5388 Dei
1536 5336 1721 5388 nostri.
1751 5333 1907 5415 lubi-l

336 5412 443 5494 late
480 5413 607 5479 Deo,
640 5421 807 5472 omnis
846 5429 1000 5485 terra,
1031 5429 1237 5477 cantate
1261 5433 1312 5478 et
1338 5424 1590 5479 exsultate
1614 5435 1664 5479 et
1682 5426 1903 5496 psallite.

314 5503 556 5575 .Psallite
598 5506 824 5565 Domino
862 5513 919 5565 in
956 5513 1155 5568 cithara
1177 5555 1192 5579 ,
1216 5522 1268 5569 et
1293 5531 1411 5569 voce
1436 5517 1625 5587 psalmi
1646 5557 1662 5581 ,
1692 5517 1746 5570 in
1774 5516 1906 5570 tubis

336 5593 606 5652 ductilibus
633 5609 685 5652 et
710 5616 830 5655 voce
869 5601 1002 5656 tuba:
1027 5620 1245 5660 corneae.
1297 5604 1526 5661 Jubilate
1550 5608 1605 5661 in
1634 5616 1904 5678 conspectu

333 5687 470 5757 regis
489 5686 701 5746 Domini
726 5710 743 5757 ;
772 5705 1033 5750 moveatur
1056 5713 1200 5751 mare
1221 5706 1271 5752 et
1296 5698 1559 5769 plenitudo
1585 5700 1728 5769 ejus,
1770 5699 1908 5752 orbis

337 5784 590 5836 terrarum
633 5793 685 5837 et
722 5786 808 5857 qui
854 5784 1088 5841 habitant
1130 5788 1183 5842 in
1225 5804 1304 5843 eo.
1373 5786 1619 5843 Flumina
1662 5788 1910 5859 plaudent

2015 3329 2069 3384 in
2092 3329 2297 3385 cithara
2321 3373 2335 3396 ,
2385 3332 2538 3401 cujus
2559 3342 2748 3390 cantor
2774 3336 2962 3391 invitat
2989 3337 3227 3393 auditum
3245 3380 3260 3407 ,
3292 3349 3347 3395 et
3374 3341 3426 3395 iu
3456 3333 3589 3398 voce

2015 3421 2227 3490 psalmi,
2255 3421 2408 3490 cujus
2436 3426 2686 3495 mysteria
2717 3427 2942 3483 incitant
2967 3438 3207 3497 mentes,
3240 3431 3291 3485 in
3322 3431 3463 3487 tubis
3491 3433 3590 3487 du-

2014 3512 2229 3567 ctilibus
2256 3521 2311 3567 et
2332 3513 2384 3567 in
2414 3530 2546 3570 voce
2579 3516 2717 3572 tuba:
2745 3534 2975 3581 corneze,
3006 3520 3200 3587 quibus
3222 3521 3442 3575 vocibus
3463 3521 3589 3577 belli

2014 3602 2233 3656 victoria
2247 3601 2565 3658 declaratur.
2590 3603 2819 3659 Jubilate
2832 3606 2883 3660 in
2900 3615 3187 3676 conspectu
3205 3608 3341 3676 regis
3358 3608 3589 3676 Domini,

2012 3699 2357 3762 conspectum
2379 3691 2586 3746 Domini
2608 3703 2971 3763 pueconantes
2990 3694 3214 3749 saeculis.
3240 3695 3412 3751 Nolite
3433 3699 3589 3754 time-

2010 3796 2071 3836 re
2087 3820 2104 3847 ,
2125 3782 2336 3837 etiamsi
2358 3791 2636 3838 moveatur
2662 3784 2889 3839 mundus
2910 3786 3047 3840 sicut
3075 3782 3222 3840 mare
3242 3787 3586 3857 etplenitudo

2013 3871 2147 3940 ejus,
2178 3880 2233 3927 et
2251 3873 2395 3928 orbis
2425 3882 2597 3939 terrae,
2633 3884 2686 3928 et
2719 3875 2898 3929 omnia
2925 3890 3042 3944 quae
3078 3875 3130 3930 in
3159 3875 3238 3930 eis
3267 3884 3408 3931 sunt.
3440 3876 3588 3935 Tunc

2011 3960 2229 4016 ﬂumina
2251 3962 2505 4032 plaudent
2544 3978 2706 4017 manu
2727 3962 2883 4018 simul
2909 3964 2963 4017 in
2985 3979 3168 4032 unum,
3192 3965 3447 4034 quoniam
3469 3969 3587 4023 nul-

2013 4051 2122 4106 lum
2144 4068 2283 4122 pene
2302 4052 2497 4108 flumen
2520 4061 2602 4108 est
2622 4054 2674 4108 in
2696 4069 2804 4123 quo
2829 4069 2935 4109 non
2955 4054 3077 4110 data
3098 4058 3449 4113 suntremissa
3466 4075 3588 4129 pec-

2013 4151 2276 4207 catorum,
2310 4144 2453 4197 nulla
2483 4159 2622 4213 aqua
2650 4153 2752 4210 est,
2774 4160 2892 4214 qua:
2913 4158 3019 4200 non
3039 4146 3263 4216 protulit
3289 4162 3357 4203 ex
3380 4164 3438 4203 se
3466 4150 3586 4204 ani-

2014 4246 2156 4285 mam
2188 4232 2454 4288 viventem
2482 4233 2548 4288 ad
2576 4234 2737 4288 vitam
2757 4242 3028 4290 aeternam.
3060 4235 3115 4291 In
3137 4251 3245 4306 quo
3267 4236 3408 4293 facto
3433 4255 3589 4294 mon-

2015 4330 2097 4375 tes
2142 4322 2503 4388 exsultabunt,
2545 4339 2612 4378 ex
2657 4339 2881 4393 quorum
2910 4326 3201 4380 visceribus
3243 4314 3588 4395 egrediuntur

2014 4410 2190 4467 fontes
2234 4413 2325 4481 qui
2356 4412 2554 4467 faciunt
2596 4412 2813 4469 ﬂumina
2837 4455 2851 4479 ,
2900 4423 3111 4471 montes
3143 4430 3370 4485 quorum
3408 4420 3585 4490 capita

2016 4505 2183 4560 cmlos
2209 4507 2444 4577 pulsant,
2471 4523 2698 4576 quorum
2726 4509 3051 4567 habitatores
3076 4512 3213 4567 coelo
3241 4513 3401 4568 vicini
3439 4524 3585 4570 sunt.

1946 4582 1997 4644 D
2021 4595 2086 4651 lli
2114 4598 2455 4652 exsultabunt
2491 4614 2613 4653 cum
2648 4602 2851 4655 venerit
2879 4601 3043 4671 jndex
3065 4641 3080 4667 ,
3106 4610 3164 4657 ut
3177 4603 3381 4672 judicet
3400 4606 3588 4661 orbem

2016 4697 2173 4774 terra:
2214 4690 2267 4743 in
2304 4690 2592 4759 mquitate,
2633 4701 2689 4747 et
2737 4693 2962 4762 populos
3006 4694 3059 4748 in
3093 4697 3335 4764 veritate.
3394 4693 3590 4751 Omnes

2015 4778 2187 4833 sancti
2213 4778 2582 4843 exsultabant,
2612 4781 2736 4848 quia
2766 4789 3139 4836 remunerator
3164 4783 3462 4839 sanctitatis
3488 4783 3587 4838 ad-

2014 4869 2194 4931 venit,
2223 4870 2313 4937 qui
2345 4880 2530 4937 regnat
2554 4870 2607 4924 in
2628 4871 2821 4926 sarcula
2852 4872 3185 4928 steculorum.
3218 4873 3406 4928 Amen.

2510 4980 2823 5057 PSALMUS
2862 4999 3087 5056 XCVIII.

2571 5110 2810 5169 Psalmus
2837 5111 3001 5166 David

2085 5244 2334 5300 Dominus
2361 5249 2909 5317 regnavit,irascantur
2936 5244 3130 5314 populi,
3154 5243 3239 5314 qui
3267 5242 3406 5298 sedet
3433 5262 3586 5318 super

2011 5336 2273 5397 cherubin,
2299 5347 2558 5391 moveatur
2587 5348 2741 5391 terra.
2774 5334 3026 5387 Dominus
3050 5334 3103 5387 in
3139 5333 3266 5389 Sion
3290 5351 3508 5409 magnus
3535 5348 3586 5394 et

2011 5426 2240 5480 excelsus
2285 5443 2437 5497 super
2482 5443 2655 5480 omnes
2701 5423 2935 5495 populos.
2983 5421 3339 5494 Conﬁteantur
3386 5432 3584 5484 nomini

2014 5527 2098 5570 tuo
2118 5534 2324 5588 magno,
2355 5518 2596 5586 quoniam
2637 5512 2859 5567 terribile
2884 5523 2934 5566 et
2961 5526 3192 5570 sanctum
3221 5529 3313 5581 est,
3345 5529 3395 5573 et
3421 5522 3585 5575 honor

2011 5608 2145 5677 regis
2185 5608 2435 5677 judicium
2473 5604 2658 5673 diligit.
2706 5603 2779 5655 Tu
2826 5607 3022 5674 parasti
3070 5606 3403 5672 directiones,
3436 5611 3582 5680 judi-

2012 5699 2147 5751 cium
2188 5706 2244 5752 et
2270 5695 2526 5766 justitiam
2552 5695 2603 5746 in
2632 5692 2794 5747 Iacob
2822 5704 2871 5746 tu
2912 5698 3097 5766 fecisti.
3133 5697 3374 5752 Exaltate
3406 5698 3582 5751 Domi-

2010 5801 2130 5839 num
2165 5784 2322 5837 Deum
2352 5790 2602 5850 nostrum,
2651 5793 2699 5836 et
2724 5782 2936 5838 adorate
2961 5784 3233 5839 scabellum
3262 5787 3443 5857 pedum
3472 5787 3584 5855 ejus
