4244 6258
600 192 699 246 467

1934 198 2206 257 ARNOBII
2240 199 2551 267 ,JUNIORIS

3788 213 3898 269 468

598 308 841 394 quoniam
870 315 1104 361 sanctum
1135 319 1226 363 est.
1261 308 1467 383 Moyses
1491 321 1539 365 et
1567 312 1740 368 Aaron
1764 315 1818 367 in
1842 312 2192 389 sacerdotibus
2221 316 2270 373 A
2299 314 2483 390 Moyse
2535 319 2746 376 locutus
2775 330 2874 393 est.
2908 321 3025 392 Ipse
3065 331 3148 377 est
3194 320 3338 377 Deus
3373 324 3465 393 qui
3507 325 3633 380 fecit
3671 343 3796 394 nos,
3823 329 3896 385 de

594 386 726 468 ejus,
755 407 804 452 et
832 397 1048 454 Samuel
1075 402 1209 455 inter
1236 419 1325 457 eos
1345 406 1431 476 qui
1456 405 1697 459 invocant
1724 423 1907 461 nomen
1938 409 2067 479 ejus.
2105 407 2193 461 In-

593 490 846 546 vocabant
873 490 1159 548 Dominum.
1181 504 1233 549 et
1257 497 1369 567 ipse
1388 498 1701 553 exaudiebat
1724 517 1812 555 eos
1828 542 1842 566 ,
1868 502 1923 554 in
1949 502 2190 555 columna

592 583 742 638 nubis
768 582 1071 656 loquebatur
1089 586 1161 640 ad
1199 604 1306 642 eos.
1333 585 1704 645 Custodiebant
1731 593 2022 647 testimonia
2050 595 2182 664 ejus,

591 682 644 728 et
668 684 982 747 prwceptum
1003 677 1142 750 quod
1160 672 1307 733 dedit
1329 679 1452 736 illis.
1484 680 1708 737 Domine
1733 682 1873 738 Deus
1912 693 2104 749 noster,
2133 692 2187 738 tu

590 764 907 821 exaudiebas
937 784 1051 835 eos,
1083 768 1224 824 Deus
1268 780 1319 825 tu
1367 774 1620 845 propitius
1650 776 1796 846 fuisti
1837 776 1930 841 eis,
1963 786 2013 830 et
2058 776 2189 831 ulci-

588 871 737 911 scens
762 858 817 911 in
847 875 1023 915 omnes
1053 861 1445 918 adinventiones
1471 882 1669 921 eorum.
1714 864 1961 921 Exaltate
2003 865 2187 923 Domi-

589 963 715 1016 num
737 948 908 1007 Deum
944 964 1197 1021 nostrum,
1226 964 1278 1009 et
1314 956 1533 1012 odorata
1559 958 1617 1012 in
1638 966 1813 1015 monte
1848 970 2029 1013 sancto
2073 958 2186 1029 ejus

587 1043 832 1111 quoniam
860 1054 1071 1100 sanctus
1091 1045 1348 1102 Dominus
1369 1046 1510 1103 Deus
1538 1058 1730 1105 noster.

1173 1196 1608 1238 COIIENTARIUH.

660 1310 965 1370 Irascantur
1009 1316 1227 1386 populi,
1276 1324 1333 1373 et
1376 1319 1434 1374 in
1481 1317 1718 1377 elatione
1757 1321 2041 1379 Dominum
2086 1341 2187 1381 no-

588 1416 762 1466 strum
789 1408 972 1466 Iesum
999 1409 1272 1469 Christum
1298 1415 1580 1485 aspiciant.
1606 1415 1726 1486 Ipse
1752 1418 1998 1487 regnavit
2023 1434 2186 1489 quem

586 1516 816 1571 regnare
834 1519 997 1576 super
1022 1521 1082 1563 se
1110 1520 1220 1563 non
1246 1517 1457 1579 putant.
1490 1510 1611 1581 Ipse
1630 1513 1782 1568 sedet
1801 1529 1964 1585 super
1989 1516 2184 1571 cheru-

586 1591 699 1659 bin,
723 1602 1196 1668 quantumcunque
1217 1609 1500 1657 moveatur
1520 1609 1683 1659 terra.
1702 1603 1823 1675 Ipse
1850 1605 1953 1660 erit
1972 1607 2026 1660 in
2055 1605 2185 1662 Sion

2296 426 2404 480 quo
2426 411 2637 484 Moyses
2668 413 2878 470 locutus
2906 421 3019 480 est,
3051 415 3196 484 quod
3226 415 3417 470 fecerit
3444 417 3745 486 hominem,
3777 421 3896 491 ipse

2294 501 2421 559 fecit
2452 521 2573 574 nos,
2616 506 2733 575 ejus
2769 508 2915 562 enim
2940 506 3146 562 factura
3175 523 3361 563 sumus
3407 524 3594 564 omnes
3625 510 3892 567 homines.

2292 593 2535 668 Denique
2563 598 2717 653 multi
2764 599 3043 671 cupientes
3071 598 3239 667 ﬁlios,
3272 600 3399 671 quia
3440 601 3583 658 Deus
3619 618 3728 658 non
3777 603 3892 671 dat,

2294 704 2401 745 non
2438 690 2662 746 habent.
2698 690 2850 747 Multi
2873 691 3141 762 nolentes,
3173 693 3300 764 quia
3345 695 3677 753 seminantes
3705 698 3897 754 nolunt

2292 777 2545 847 fructum,
2575 797 2641 838 eo
2670 782 2815 852 quod
2841 791 3027 839 contra
3058 784 3302 841 ordinem
3329 786 3539 854 nolunt,
3577 788 3740 843 etiam
3766 790 3894 859 quia

2293 870 2492 941 injuste
2520 874 2743 941 nolunt,
2774 874 2920 931 Deus
2956 876 3100 946 juste
3147 885 3453 934 creaturam
3495 879 3648 949 jubet
3702 884 3894 938 semini

2291 961 2424 1019 dare
2442 980 2788 1035 responsum;
2813 975 2869 1023 et
2907 976 2965 1023 ut
2992 970 3254 1040 probetur
3281 970 3407 1041 quia
3448 971 3565 1040 ipse
3595 971 3721 1027 fecit
3761 990 3892 1040 nos,

2291 1056 2419 1111 dum
2452 1074 2559 1114 non
2592 1068 2779 1116 nostro
2820 1060 3045 1117 arbitrio
3072 1063 3160 1118 vel
3189 1062 3387 1119 dantur
3416 1062 3541 1131 lilii,
3576 1065 3665 1120 vel
3692 1080 3892 1135 negan-

2292 1156 2400 1203 tur.
2430 1148 2593 1219 Ergo,
2629 1152 2755 1222 quia
2792 1153 2909 1223 ejus
2937 1154 3169 1224 populus
3209 1170 3411 1224 sumus,
3444 1155 3736 1212 efficiamur
3761 1174 3892 1214 oves

2291 1255 2506 1310 pascuae
2548 1242 2666 1312 ejus
2715 1254 3074 1313 agnoscentes
3118 1255 3394 1316 pastorem
3439 1247 3748 1304 dicentem:
3775 1248 3890 1322 Ego

2291 1349 2405 1387 sum
2433 1344 2613 1405 pastor
2652 1334 2810 1391 bonus
2842 1336 3019 1408 (Joan.
3053 1351 3144 1408 κ),
3176 1347 3232 1395 et
3260 1339 3523 1397 intremus
3545 1348 3732 1411 portas
3770 1341 3891 1411 ejus

2292 1422 2346 1477 in
2382 1423 2721 1482 confessione
2770 1429 3022 1497 unitatis;
3066 1430 3353 1491 laudantes
3392 1448 3591 1489 nomen
3638 1442 3889 1489 sanctum

2293 1510 2428 1584 ejus,
2460 1519 2585 1586 quia
2633 1522 2813 1578 suavis
2840 1530 2960 1589 est;
2993 1523 3308 1590 credentes,
3349 1525 3472 1594 quia
3518 1532 3601 1581 est
3640 1525 3695 1580 in
3721 1534 3887 1581 aeter—

2291 1622 2421 1662 num
2450 1609 2821 1668 misericordia
2842 1613 2959 1683 ejus
2982 1612 3343 1682 credentibus,
3365 1622 3422 1670 et
3439 1614 3889 1686 promissionibus

586 1699 831 1754 magnus,
862 1686 980 1758 ipse
1026 1690 1275 1747 excelsus
1320 1707 1486 1759 super
1530 1708 1721 1771 omnes
1748 1696 1999 1765 populos.
2042 1696 2186 1753 Sane
2215 1695 2266 1757 B
2291 1699 2408 1770 ejus
2430 1701 2647 1768 veritas,
2680 1719 2799 1773 quae
2826 1713 3009 1761 manet
3035 1705 3091 1760 in
3118 1706 3311 1763 saecula
3326 1706 3664 1764 saeculorum.
3689 1704 3882 1761 Amen.

583 1773 692 1830 hoc
712 1775 851 1832 scire
876 1792 976 1834 nos
1003 1780 1275 1846 convenit,
1297 1781 1445 1851 quod
1474 1783 1650 1839 honor
1667 1784 1809 1853 regis
1823 1784 2085 1854 judicium
2105 1788 2185 1843 di-

587 1864 736 1934 ligit;
769 1881 879 1923 non
905 1869 1051 1924 enim
1079 1869 1273 1926 timent
1311 1870 1592 1941 judicium,
1625 1874 1731 1929 nisi
1781 1875 1874 1945 qui
1914 1891 1973 1932 se
2009 1877 2187 1932 sciunt

584 1958 788 2014 habere
813 1961 958 2032 quod
981 1960 1104 2030 jure
1139 1964 1413 2034 puniatur,
1445 1964 1648 2021 factum
1685 1967 1893 2024 scilicet
1937 1984 2046 2039 quo
2085 1985 2183 2025 ex-

583 2048 887 2106 honoratus
912 2061 996 2107 est
1020 2052 1180 2109 Deus.
1214 2053 1281 2108 lli
1310 2064 1490 2111 autem
1518 2058 1610 2127 qui
1658 2059 1922 2115 honorem
1969 2059 2185 2117 Domini

583 2139 698 2195 suis
724 2143 995 2199 mentibus
1020 2156 1388 2212 servaverunt,
1411 2148 1466 2203 hi
1482 2148 1742 2219 judicium
1771 2152 1997 2222 diligunt
2015 2172 2027 2207 :
2045 2154 2186 2211 sicut

584 2230 662 2285 illi
683 2246 715 2287 e
743 2235 1015 2291 contrario
1030 2245 1298 2305 metuunt,
1320 2240 1414 2311 qui
1433 2241 1610 2297 sciunt
1630 2257 1689 2298 se
1718 2242 1771 2297 in
1800 2245 2183 2300 contumeliam

581 2325 746 2393 regis,
777 2326 911 2396 legis
931 2327 1049 2398 ejus
1072 2329 1197 2399 jura
1222 2332 1476 2399 violasse,
1510 2335 1565 2390 in
1597 2336 1793 2405 quibus
1818 2353 1915 2392 rex
1954 2339 2055 2395 iste
2082 2356 2183 2411 pa-

582 2418 724 2473 ravit
748 2420 1078 2489 aequitatem.
1105 2421 1249 2495 Ergo
1273 2428 1587 2496 aequitatem
1617 2429 1983 2487 custodientes
2001 2446 2184 2502 regem

581 2508 856 2565 honorant
900 2521 955 2568 et
1005 2514 1184 2570 honor
1210 2516 1314 2572 iste
1348 2516 1608 2588 judicium
1659 2536 1769 2577 non
1812 2522 2023 2591 timent,
2051 2525 2185 2592 quin

580 2598 750 2655 immo
778 2602 942 2659 ctiam
982 2604 1175 2676 diligit.
1206 2607 1325 2678 Ipse
1369 2617 1551 2666 tamen
1576 2611 1914 2681 iudicaturus
1941 2622 2043 2682 est,
2090 2616 2183 2685 qui

580 2689 840 2760 justitiam
868 2704 924 2750 et
947 2696 1209 2767 judicium
1232 2700 1288 2755 in
1308 2701 1475 2759 Iacob
1514 2702 1659 2771 fecit,
1704 2706 1797 2775 qui
1816 2707 2005 2762 habuit
2032 2707 2184 2780 Moy-

579 2798 678 2839 sen
709 2794 765 2841 et
794 2788 976 2845 Aaron
998 2790 1053 2846 in
1082 2792 1454 2852 sacerdotibus
1473 2798 1603 2864 suis,
1625 2799 1718 2870 qui
1740 2800 1927 2855 habuit
1952 2802 2180 2859 Samue-

578 2872 688 2951 lcm
733 2878 963 2935 similem
993 2881 1142 2953 ipsis.
1172 2884 1352 2955 Ipsum
1390 2902 1550 2959 quem
1592 2889 1680 2945 isti
1714 2891 2100 2948 invocaverunt
2126 2903 2183 2950 et

580 2967 819 3023 exauditi
857 2979 1001 3039 sunt,
1033 2989 1156 3028 cum
1196 2975 1253 3031 in
1281 2978 1533 3035 columna
1569 2981 1725 3037 nubis
1764 2982 2087 3053 loquebatur
2113 2985 2181 3040 ad

580 3072 696 3149 eos.
724 3058 790 3115 Hi
810 3063 1191 3122 custodiebant
1218 3070 1527 3127 testimonia
1549 3074 1666 3142 ejus
1687 3083 1741 3129 et
1768 3085 2036 3147 praecepta
2065 3094 2183 3149 quae
2208 3070 2258 3135 C

578 3148 729 3204 dedit
757 3152 854 3208 eis.
882 3154 1200 3230 Quicunque
1237 3175 1367 3229 ergo
1388 3162 1669 3219 imitantur
1696 3182 1813 3232 eos,
1842 3167 1896 3221 hi
1921 3168 2181 3238 judicium

578 3239 821 3297 futurum
851 3260 961 3301 non
990 3247 1169 3302 solum
1188 3265 1297 3306 non
1327 3259 1595 3320 metuunt,
1621 3254 1717 3310 sed
1738 3257 1902 3311 etiam
1930 3259 2174 3328 diligunt.

579 3328 835 3389 Dicamus
865 3349 996 3405 ergo
1024 3336 1253 3395 Domino
1281 3350 1471 3399 nostro
1512 3343 1642 3400 Jesu
1668 3344 1886 3403 Christo
1921 3367 1933 3402 :
1968 3349 2047 3405 Tu
2097 3367 2176 3416 es,

577 3419 827 3491 Domine,
857 3427 949 3496 qui
978 3444 1103 3483 cum
1130 3428 1315 3503 Moyse
1337 3442 1393 3489 et
1415 3450 1538 3490 cum
1559 3436 1738 3494 Aaron
1786 3440 1999 3499 locutus
2019 3458 2096 3511 es,
2121 3451 2183 3500 tu

578 3514 845 3572 exaudisti
870 3533 983 3587 eos,
1011 3528 1067 3576 tu
1094 3524 1359 3595 propitius
1394 3526 1541 3583 fuisti
1566 3522 1701 3597 illis,
1726 3541 1786 3588 tu
1813 3533 2094 3591 vindicasti
2122 3537 2179 3592 in

578 3609 829 3666 omnibus
876 3613 1068 3670 studiis
1113 3631 1321 3672 eorum.
1354 3617 1667 3679 Exaltemus
1717 3638 1847 3693 ergo
1888 3624 2177 3683 Dominum
2219 3696 2227 3705 _

576 3696 746 3755 Deum
777 3712 1020 3760 nostrum
1062 3706 1114 3762 in
1156 3707 1396 3788 Christo.
1449 3711 1517 3767 Et
1568 3713 1855 3774 adoremus
1898 3718 1952 3773 in
1992 3728 2179 3776 monte

574 3801 768 3847 sancto
797 3794 931 3864 ejus,
965 3797 1019 3852 in
1048 3799 1367 3858 celsitudine
1398 3800 1521 3858 ﬁdei
1567 3804 1702 3876 ejus,
1729 3824 1848 3879 qua:
1895 3809 2180 3868 altitudine

576 3898 674 3940 sua
696 3885 865 3942 nubes
892 3898 1158 3959 penetrat,
1191 3891 1321 3947 dum
1347 3895 1616 3952 credimus
1663 3900 1919 3968 quoniam
1951 3903 2073 3971 ipse
2092 3912 2179 3959 est

574 3971 835 4033 Dominus
860 3978 1004 4036 Deus
1035 3992 1238 4049 noster,
1279 3986 1365 4040 cui
1410 3986 1582 4055 gloria
1631 3987 1683 4042 in
1730 3991 1924 4045 saecula
1951 3993 2175 4047 sacculo-

465 4066 481 4086 ‘
574 4078 714 4124 rum.
748 4070 936 4126 Amen.

1105 4142 1423 4199 PSALMUS
1459 4143 1645 4200 XCIX.

1010 4231 1254 4290 Psalmus
1289 4235 1344 4291 in
1373 4235 1733 4294 confessione.

647 4366 875 4423 Jubilate
904 4368 1034 4436 Deo,
1076 4372 1246 4425 omnis
1278 4381 1446 4438 terra,
1476 4374 1660 4429 servile
1686 4372 1911 4430 Domino
1947 4380 2003 4433 in
2029 4381 2169 4437 lasti-

2874 1837 3191 1895 PSALMUS
3227 1838 3288 1895 C.

2776 1950 3019 2009 Psalmus
3058 1952 3160 2025 ipsi
3192 1952 3379 2010 David.

2362 2082 2782 2140 Misericordiam
2827 2095 2878 2140 et
2914 2088 3173 2158 judicium
3214 2088 3439 2145 cantabo
3462 2089 3591 2157 ptibi,
3628 2088 3880 2146 Domine.

2290 2176 2532 2232 Psallam
2551 2186 2602 2232 et
2619 2176 2909 2251 intelligam
2937 2181 2994 2234 in
3024 2170 3105 2235 via
3132 2181 3486 2246 immaculata,
3519 2184 3767 2255 quoniam
3800 2200 3885 2237 ve-

2290 2270 2441 2323 niens
2469 2270 2540 2324 ad
2565 2263 2663 2325 rite.
2688 2269 3126 2327 Perambulabam
3152 2274 3210 2327 in
3233 2268 3527 2328 innocentia
3556 2275 3726 2329 cordis
3763 2276 3884 2339 mei,

2287 2363 2357 2437 in.
2384 2362 2553 2418 medio
2581 2362 2762 2419 domus
2806 2381 2951 2420 mete.
2983 2363 3108 2420 Non
3147 2367 3499 2438 proponebant
3545 2377 3665 2422 ante
3711 2368 3885 2422 oculos

2288 2470 2430 2510 meos
2476 2472 2585 2509 rem
2621 2456 2907 2526 injustam:
2938 2458 3184 2530 facientes
3227 2460 3679 2529 praevaricationes
3723 2459 3881 2513 adiri.

2290 2543 2418 2600 Non
2447 2546 2667 2601 adhaesit
2693 2548 2822 2602 mihi
2851 2565 2940 2604 cor
2967 2566 3199 2620 pravum,
3233 2550 3577 2604 declinantem
3598 2568 3631 2604 a
3657 2567 3739 2604 me
3765 2567 3885 2605 ma-

2289 2637 2490 2709 lignum
2508 2655 2613 2693 non
2631 2638 3021 2710 cognoscebam.
3046 2639 3415 2711 Detrahentem
3433 2651 3627 2695 secreto
3646 2642 3887 2711 proximo

2288 2745 2404 2795 suo,
2453 2729 2589 2784 hunc
2634 2728 2990 2802 persequebar.
3043 2729 3277 2802 Superbo
3322 2732 3469 2785 oculo
3502 2742 3559 2785 et
3601 2729 3886 2786 insatiabili

2290 2820 2466 2885 corde,
2485 2837 2600 2874 cum
2615 2820 2711 2876 hoc
2738 2837 2843 2875 non
2861 2820 3093 2875 edebam.
3115 2821 3268 2876 Oculi
3292 2823 3393 2877 mei
3414 2822 3483 2876 ad
3510 2822 3691 2892 ﬁdeles
3714 2830 3881 2886 terrm,

2287 2922 2347 2967 ut
2370 2912 2586 2968 sedeant
2617 2929 2847 2979 mecum;
2877 2912 3148 2969 ambulans
3185 2916 3243 2968 in
3270 2916 3351 2969 ria
3396 2915 3751 2979 immaculata,
3803 2913 3885 2966 hic

2289 3008 2419 3062 mihi
2462 3008 2808 3063 ministrabat.
2834 3006 2960 3064 Non
2989 3006 3238 3062 habitabit
3257 3009 3312 3061 in
3341 3007 3510 3061 medio
3547 3005 3729 3060 domus
3760 3021 3885 3060 mea:

2289 3100 2377 3170 qui
2407 3100 2535 3170 facit
2560 3099 2871 3171 superbiam,
2902 3102 2986 3172 qui
3009 3100 3233 3172 loquitur
3260 3099 3440 3171 iniqua
3468 3114 3572 3152 non
3611 3098 3807 3151 direxit
3831 3099 3883 3151 in

2286 3197 2563 3259 conspectu
2591 3189 2857 3244 oculorum
2877 3206 3125 3245 meorum.
3152 3187 3219 3242 In
3240 3190 3496 3242 matutino
3515 3186 3883 3258 ihterﬁciebam

2287 3295 2468 3334 omnes
2515 3289 2811 3349 peccatores
2853 3288 3042 3346 terrae,
3090 3287 3149 3332 ut
3192 3277 3543 3349 disperderem
3571 3278 3636 3332 de
3680 3277 3885 3332 civitate

2287 3370 2502 3427 Domini
2531 3388 2708 3427 omnes
2736 3381 3009 3444 operantes
3034 3374 3375 3443 iniquitatem.

2862 3519 3303 3559 COMMENTARIUII.

2356 3637 2625 3692 Iudicium
2642 3638 2758 3692 sine
2786 3635 3146 3691 misericordia
3174 3635 3239 3689 iis
3268 3635 3355 3707 qui
3376 3649 3479 3688 non
3508 3634 3709 3705 faciunt
3729 3634 3884 3686 mise-

2284 3731 2570 3788 ricordiam
2601 3729 2816 3802 (Jerem.
2849 3729 2934 3798 ιι),
2965 3724 3395 3783 misericordiam
3426 3732 3605 3780 autem
3624 3722 3885 3778 facientes

2284 3823 2524 3880 evadunt
2545 3821 2829 3891 judicium.
2859 3814 2977 3875 Scis
3004 3832 3156 3887 ergo,
3187 3834 3221 3873 o
3250 3817 3442 3881 homo,
3475 3814 3615 3869 unde
3655 3813 3880 3884 ponaris

2282 3916 2341 3972 in
2358 3915 2637 3971 dexteram
2662 3913 2934 3985 pastoris?
2953 3912 3061 3968 Fac
3074 3907 3496 3967 misericordiam
3522 3915 3578 3964 et
3593 3906 3879 3976 judicium,

2280 4022 2508 4065 securus
2535 4014 2835 4076 exspectas.
2867 4004 2986 4060 Non
3034 4004 3179 4059 enim
3218 4002 3350 4058 dicit
3383 3999 3596 4072 injustis
3635 3998 3705 4053 ad
3746 3999 3880 4053 sini-

2280 4108 2449 4174 stram
2473 4100 2663 4170 positis
2694 4118 2706 4152 :
2742 4098 2823 4154 Ite
2848 4100 2904 4153 in
2949 4100 3124 4170 ignem
3151 4107 3420 4162 teternum,
3470 4093 3597 4163 quia
3632 4092 3877 4156 mentiti,

2280 4194 2409 4265 quia
2431 4192 2697 4258 fornicati,
2721 4193 2847 4263 quia
2867 4191 3079 4247 diversa
3104 4190 3341 4247 facinora
3371 4186 3749 4252 commisistis;
3784 4184 3879 4240 sed

2279 4286 2407 4357 quia
2442 4305 2455 4339 :
2488 4284 2719 4352 Esurivi,
2751 4294 2801 4339 et
2828 4301 2935 4340 non
2975 4283 3192 4338 dedistis
3212 4283 3339 4337 mihi
3361 4280 3714 4344 manducare;
3743 4279 3879 4333 sitivi

2277 4388 2332 4433 et
2357 4395 2464 4433 non
2496 4379 2716 4450 potastis
2741 4394 2856 4442 me;
2881 4377 3201 4448 peregrinus,
3231 4382 3281 4428 et
3308 4389 3414 4429 non
3447 4371 3746 4442 suscepistis
3764 4385 3876 4433 me;

573 4458 668 4512 tia.
711 4458 934 4516 Introite
955 4463 1013 4515 in
1042 4472 1315 4533 conspectu
1342 4466 1453 4536 ejus
1490 4468 1545 4520 in
1574 4456 1936 4527 exsultatione.
1972 4472 2170 4531 Scitote
2195 4452 2246 4514 υ
2271 4472 2538 4542 inﬁmus,
2567 4479 2615 4525 et
2645 4488 2749 4526 non
2779 4470 3023 4525 visitastis
3045 4485 3126 4523 me
3153 4467 3367 4541 (Matth.
3400 4467 3567 4536 xxv).
3590 4463 3728 4521 Cum
3750 4476 3878 4532 8’80

571 4552 818 4621 quoniam
842 4551 1095 4608 Dominus
1121 4555 1231 4625 ipse
1257 4566 1334 4611 est
1359 4556 1531 4626 Deus;
1562 4561 1671 4632 ipse
1697 4564 1822 4635 fecit
1846 4581 1959 4631 nos,
1982 4577 2033 4621 et
2061 4585 2165 4624 non

569 4643 676 4713 ipsi
714 4659 829 4698 nos.
859 4643 1093 4715 Populus
1117 4646 1249 4718 pejus
1288 4659 1339 4704 et
1363 4666 1477 4706 oves
1522 4669 1732 4723 pascua:
1757 4656 1912 4728 .ejus,
1947 4659 2168 4734 introite

569 4744 751 4808 portas
770 4736 881 4808 ejus
909 4738 965 4791 in
994 4740 1335 4809 confessione,
1369 4745 1506 4798 atria
1532 4747 1646 4819 ejus
1664 4749 1721 4802 iu
1749 4749 1974 4821 hymnis,
1998 4754 2167 4823 conﬁ-
2207 4744 2214 4753 ’

571 4830 750 4885 temini
776 4831 874 4885 illi.
909 4828 1148 4888 Laudate
1190 4850 1376 4891 nonten
1411 4838 1524 4908 ejus
1551 4854 1570 4893 :
1592 4841 1839 4911 quoniam
1882 4845 2053 4898 suavis
2086 4854 2167 4899 est

565 4918 856 4991 Dominus,
888 4925 943 4978 in
974 4932 1221 4981 aeternum
1265 4928 1621 4985 misericordia
1666 4935 1798 5005 ejus,
1830 4943 1880 4989 et
1926 4952 2082 5007 usque
2107 4938 2164 4991 in

566 5017 949 5087 generationem
976 5024 1025 5071 et
1051 5020 1434 5089 generationem
1460 5022 1645 5077 veritas
1670 5025 1800 5095 ejus.

1148 5168 1584 5210 COIIIENTARIUM.

641 5270 829 5340 omnis
855 5291 1000 5340 terra
1021 5284 1090 5341 ad
1105 5284 1481 5355 jubilationem
1502 5287 1779 5359 invitatur,
1813 5294 1875 5345 ut
1900 5286 2018 5345 sine
2037 5304 2163 5359 per-

2274 4560 2416 4630 ignis
2437 4561 2752 4616 criminibus
2779 4560 3064 4624 debeatur,
3092 4574 3188 4614 cur
3214 4557 3529 4613 criminibus
3557 4572 3666 4612 non
3698 4556 3876 4625 impu-

2274 4660 2421 4707 tetur
2448 4652 2770 4723 supplicium
2805 4666 2913 4721 quo
2954 4651 3179 4731 crimina
3207 4665 3305 4721 per
3334 4648 3760 4707 misericordiam
3785 4659 3875 4702 re-

2272 4744 2586 4799 mittantur:
2614 4741 2696 4795 Ite
2715 4756 2863 4811 ergo,
2885 4740 3078 4809 inquit,
3103 4741 3159 4794 in
3178 4741 3360 4813 ignem
3390 4748 3639 4794 ueternum
3661 4736 3873 4808 (Ibid.),

2271 4834 2402 4905 quia
2423 4834 2567 4890 unde
2610 4834 2749 4903 ignis
2775 4831 3137 4900 exstinguitur
3179 4828 3599 4901 contempsistis.
3638 4828 3876 4884 Audistis

2272 4927 2420 4982 enim
2433 4926 2714 4996 scriptum,
2732 4924 2876 4995 quod
2896 4923 3223 4995 elemosyna
3246 4940 3281 4977 a
3292 4929 3502 4995 peccato
3518 4920 3705 4976 liberat
3720 4918 3871 4989 (Tob.

2271 5020 2402 5091 ιιι).
2436 5017 2673 5074 Audistis
2700 5017 2825 5088 quia
2864 5017 3004 5073 sicut
3032 5015 3169 5085 ignis
3211 5014 3568 5083 exstinguitur
3604 5013 3675 5067 ab
3712 5026 3873 5081 aqua,

2271 5110 2348 5166 ita
2370 5109 2438 5164 ab
2464 5108 2809 5179 eleemosyna
2832 5108 3095 5165 tolluntur
3115 5106 3367 5162 universa
3378 5113 3621 5176 peccata.
3645 5102 3729 5158 ite
3745 5118 3877 5171 ergo

2270 5200 2330 5256 in
2352 5202 2551 5271 ignem,
2574 5201 2698 5271 quia
2727 5201 2909 5255 vivere
2936 5215 3061 5255 eum
3088 5199 3243 5256 vobis
3268 5214 3367 5254 vos
3391 5196 3614 5254 fecistis.
3647 5193 3765 5265 Ego
3788 5210 3878 5249 au-

2270 5303 2386 5377 tem
2413 5292 2841 5350 misericordiam
2887 5292 3041 5349 vobis
3087 5306 3253 5364 super
3294 5290 3493 5346 faciem
3517 5297 3706 5354 term,
3750 5301 3876 5342 cum

478 5444 487 5449 -
564 5391 826 5436 nonarum
844 5378 1167 5461 acceptione.
1177 5381 1510 5437 sciaturesse
1529 5381 1743 5461 vocatio
1760 5399 1773 5434 :
1789 5379 2160 5441 Veniteomnes
2265 5387 2473 5461 judicio
2501 5385 2603 5441 feci
2623 5385 2853 5451 cantari,
2876 5392 2935 5440 ut
2962 5384 3053 5440 ille
3075 5383 3339 5455 judicium
3360 5380 3634 5448 evaderet,
3667 5378 3763 5448 qui
3783 5377 3876 5432 mi-

563 5468 655 5541 qui
681 5466 948 5536 laboratis,
978 5479 1029 5524 et
1071 5458 1276 5526 onerati
1319 5474 1441 5528 estis
1474 5460 1713 5544 (Matth.
1736 5470 1845 5544 xi),
1877 5480 1933 5528 et
1960 5474 2160 5530 intrate

564 5557 625 5617 in
652 5567 942 5630 conspectu
967 5557 1085 5633 ejus
1122 5560 1177 5614 in
1206 5562 1585 5619 exsultatione.
1625 5561 1833 5619 Scitote
1865 5562 2013 5632 quod
2051 5562 2159 5619 Do-

566 5638 749 5715 minus
775 5651 932 5711 Jesus
974 5651 1221 5710 Christus
1266 5670 1375 5710 non
1406 5664 1490 5712 est
1515 5656 1653 5713 alius
1695 5670 1859 5725 quam
1898 5657 1990 5725 qui
2030 5672 2177 5714 cum.

1166 5802 1305 5825 war,»
1329 5799 1351 5827 ζ

2208 5732 2260 5762 ν

2270 5474 2629 5534 sericordiam
2666 5490 2777 5530 non
2805 5481 3046 5543 negaret.
3083 5473 3315 5528 Psallam
3341 5485 3472 5540 ergo
3494 5477 3550 5527 et
3574 5468 3873 5537 intelligam

2272 5567 2331 5622 in
2359 5566 2448 5621 via
2473 5565 2850 5630 immaculata,
2901 5574 2958 5621 et
2993 5564 3292 5635 intelligam
3318 5561 3536 5633 quando
3573 5559 3763 5616 venies
3803 5556 3885 5616 ad-

2269 5674 2382 5726 me,
2414 5666 2473 5713 ut
2498 5658 2545 5713 si
2567 5657 2836 5727 hospitem
2865 5666 2921 5713 te
2952 5657 3161 5725 videro,
3193 5655 3511 5728 suscipiat);
3542 5654 3594 5710 si
3628 5651 3877 5726 esuriens
