4244 6258
314 339 418 396 469

1348 331 1816 390 COMMENTARII
1855 329 1923 385 IN
1963 330 2292 389 PSALMOS.
2339 331 2527 387 PSAL.
2571 323 2656 385 Cl.

3512 335 3615 390 470

311 465 442 517 tem,
492 453 750 507 reficiam.
796 449 1095 518 lntelligam
1138 447 1353 516 quando
1379 448 1582 513 venies,
1627 465 1695 501 ne
1722 454 1906 517 putem
1935 451 1985 508 Λ
2014 446 2245 513 Domini,
2269 457 2318 500 el
2347 446 2550 499 laudem
2579 447 2690 516 ejus
2731 447 2783 498 in
2827 443 3137 500 Jerusalem.
3176 443 3240 500 In
3264 450 3616 503 convenientia

311 545 740 616 qualemcunque
769 543 1060 607 hominem,
1079 549 1132 594 et
1155 553 1414 594 recusem.
1432 537 1490 593 Si
1519 539 1661 593 enim
1691 554 1904 609 peram-

311 637 494 692 bulem
521 637 575 690 in
607 635 914 690 innocentia
963 632 1140 687 cordis
1185 631 1311 698 mei,
1343 647 1450 686 non
1499 645 1744 702 propono
1781 637 1907 684 ante

313 727 504 782 oculos
553 741 702 780 meos
748 740 861 779 rem
907 724 1177 792 injustam.
1223 721 1483 793 lnjustum
1531 728 1614 776 est
1661 721 1802 775 enim
1849 729 1908 775 ut

314 821 556 874 consorti
605 826 806 873 natura:
852 833 960 871 non
1006 817 1293 881 miserear,
1348 816 1403 870 in
1457 830 1566 884 quo
1615 813 1905 878 inhabitas,

313 911 546 966 Christe.
579 910 686 966 Sed
728 918 782 965 et
823 909 1081 965 facientes
1116 909 1619 979 praevaricationem
1658 907 1784 962 odio
1806 907 1906 960 ha-

313 1002 491 1062 beam,
525 1016 630 1056 non
652 1001 925 1056 adhaereat
952 1001 1084 1054 mihi
1112 1015 1208 1056 eor
1235 1005 1480 1070 pravum.
1505 999 1850 1054 Declinantes
1879 1014 1909 1051 a

312 1106 400 1146 me
428 1092 692 1160 malignos
720 1107 826 1147 non
855 1105 1202 1160 cognoscam,
1231 1091 1486 1160 loquaces
1515 1089 1756 1144 occultos
1785 1103 1910 1159 per-

311 1197 530 1252 sequar,
575 1196 699 1236 cum
746 1181 996 1252 superbis
1039 1189 1094 1235 et
1123 1181 1316 1235 invidis
1357 1195 1466 1235 non
1495 1179 1906 1234 communicem.

313 1273 419 1328 Sed
460 1274 567 1328 sint
594 1272 739 1328 oculi
787 1273 894 1327 mei
944 1288 1108 1343 super
1134 1272 1319 1328 fideles
1362 1279 1542 1337 terrm,
1574 1271 1667 1340 qui
1715 1279 1910 1326 terram

313 1367 554 1436 corporis
577 1367 660 1421 sui
691 1365 923 1421 ﬁdeliter
949 1373 1186 1431 servant,
1213 1372 1273 1420 ut
1311 1363 1398 1418 isti
1426 1363 1651 1419 sedeant
1677 1377 1909 1418 mecum.

315 1459 610 1515 Ambulans
634 1465 817 1513 autem
840 1460 894 1511 in
913 1458 1000 1511 via
1024 1457 1364 1512 immaculata
1385 1457 1474 1512 hic
1496 1455 1626 1511 mihi
1646 1455 1906 1510 minister.

316 1550 432 1604 Non
463 1563 702 1620 queram
732 1549 805 1603 ab
831 1549 914 1604 his
943 1547 1142 1616 aliquid
1173 1547 1431 1618 consequi
1460 1547 1552 1617 qui
1580 1546 1913 1616 reprehensi-

315 1640 492 1695 biliter
514 1641 701 1696 vivunt
723 1640 776 1693 in
803 1640 966 1694 domo
995 1655 1135 1694 mea.
1169 1639 1285 1694 Non
1316 1639 1580 1694 inhabitet
1603 1638 1911 1708 superbiam

315 1728 533 1797 faciens,
559 1729 612 1783 id
638 1737 744 1796 est,
777 1731 830 1784 in
853 1729 1016 1786 domo
1039 1729 1284 1799 corporis
1312 1729 1420 1784 mei
1453 1744 1560 1784 non
1583 1728 1788 1783 habitet
1810 1727 1912 1782 ini-

2010 537 2225 611 pOpulos
2253 539 2310 591 in
2347 555 2536 604 unum,
2567 547 2616 590 et
2642 554 2815 610 reges,
2865 547 2920 591 ut
2959 539 3183 592 serviant
3232 537 3480 595 Domino.
3513 538 3618 594 Re-

2011 631 2222 702 spondit
2240 631 2286 684 ei
2313 631 2368 683 in
2393 631 2476 685 via
2507 631 2709 684 virtutis
2739 646 2848 685 sua:
2865 647 2882 683 :
2899 628 3227 687 Paucitatem
3249 633 3449 688 dierum
3476 651 3618 690 meo-

2011 737 2126 774 rum
2179 722 2360 774 nuntia
2385 720 2531 774 mihi.
2583 719 2668 774 Ne
2705 737 2906 777 revoces
2941 739 3020 777 me
3065 725 3120 777 in
3159 724 3376 779 dimidio
3416 726 3639 799 dierum;

2010 830 2262 879 meorum,
2279 815 2334 867 in
2349 816 2685 886 generatione
2695 823 2742 868 et
2759 817 3138 886 generationem
3161 820 3289 873 anni
3316 819 3408 872 tui.
3429 817 3618 885 Initio,

2015 914 2087 970 tu,
2121 904 2362 970 Domine,
2392 915 2580 960 terram
2603 906 2857 977 fundasti,
2885 916 2936 961 et
2955 925 3112 979 opera
3135 927 3383 964 manuum
3411 919 3618 964 luamus

2011 1004 2132 1048 sunt
2160 995 2290 1052 caeli.
2327 994 2439 1068 Ipsi
2460 996 2718 1067 peribunt,
2753 1008 2805 1051 tu
2841 1009 3013 1054 autem
3046 1018 3342 1070 permanes,
3369 1013 3418 1056 et
3438 1019 3616 1057 omnes

2013 1088 2145 1140 sicut
2174 1087 2528 1142 vestimentum
2543 1098 2877 1145 veterascent.
2915 1089 2983 1144 Et
3009 1093 3141 1150 sicut
3163 1095 3481 1163 opertorium
3502 1109 3616 1146 mu-

2017 1179 2149 1235 tabis
2176 1199 2261 1236 eos
2290 1190 2338 1237 et
2358 1180 2714 1247 mutabuntur,
2740 1191 2795 1235 tu
2824 1190 2998 1237 autem
3025 1184 3159 1238 idem
3188 1186 3299 1255 ipse
3323 1201 3396 1249 es,
3421 1195 3472 1240 et
3490 1186 3616 1238 arani

2019 1273 2090 1326 tui
2116 1289 2220 1328 non
2247 1273 2514 1343 deﬁcient.
2540 1271 2666 1328 Filii
2694 1290 2958 1328 servorum
2979 1283 3186 1331 tuorum
3212 1273 3542 1340 habitabant,
3567 1283 3615 1328 et

2016 1381 2187 1420 semen
2217 1383 2392 1421 eorum
2413 1367 2467 1420 in
2493 1366 3038 1437 steculumdirigetur.
3186 1417 3188 1419 ,
3311 1376 3316 1380 ’

2591 1513 3029 1553 COIIIENTARIUII.

2091 1628 2344 1700 Legimus
2409 1633 2703 1688 clamorem
2753 1632 3116 1689 Sodomorum
3184 1631 3488 1688 ascendisse
3548 1632 3614 1689 ad

2019 1725 2208 1790 Deum,
2241 1735 2296 1780 et
2325 1726 2398 1780 ita
2427 1725 2645 1780 demum
2687 1726 2978 1797 sulphureo
3004 1740 3100 1782 eos
3126 1725 3296 1781 imbre
3323 1731 3612 1780 crematos.

315 1821 504 1886 micas,
553 1823 646 1889 qui
675 1821 864 1878 suadet
902 1823 1171 1877 contemni
1194 1820 1512 1876 Dominum:
1526 1820 1660 1888 Quia
1687 1821 1799 1876 haec
1828 1829 1910 1876 est
1941 1829 1989 1891 Β
2016 1815 2171 1872 Prius
2191 1832 2321 1886 ergo
2347 1832 2510 1888 quam
2539 1818 2608 1874 ad
2627 1818 2813 1874 fletum
2837 1827 2893 1874 et
2919 1817 2986 1872 ad
3003 1818 3268 1889 jejunium
3295 1834 3394 1889 pro
3423 1833 3612 1888 peccet-

315 1911 465 1966 radix
512 1913 797 1982 superbiae.
829 1912 933 1968 Sed
974 1914 1028 1966 in
1069 1913 1346 1968 matutinis
1379 1911 1700 1968 interﬁciam
1725 1927 1914 1968 omnes

314 2011 634 2072 peccatores
680 2010 856 2068 terrai,
900 2004 951 2059 id
1000 2013 1102 2070 est,
1139 2005 1194 2057 in
1224 2005 1341 2074 ipso
1390 2012 1515 2060 ortu
1562 2019 1662 2058 suo
1689 2011 1912 2074 peccata

314 2093 549 2148 orientia
573 2089 909 2159 interﬁciam,
934 2102 987 2149 et
1016 2095 1196 2149 vivere
1221 2112 1328 2150 non
1348 2095 1518 2151 sinam
1537 2111 1660 2150 cum
1683 2103 1912 2166 pereant

316 2184 387 2239 de
413 2185 636 2239 civitate
654 2185 890 2240 Domini.
921 2185 1122 2241 Civitas
1147 2185 1360 2243 Domini
1392 2188 1566 2242 anima
1594 2196 1779 2242 nostra
1808 2197 1908 2253 est,

318 2274 374 2328 in
395 2268 504 2344 qua
525 2275 731 2330 habitat
753 2291 847 2330 rex
875 2285 929 2332 et
971 2278 1162 2344 sancti,
1197 2278 1376 2348 apices
1399 2279 1545 2334 cives
1570 2277 1688 2345 Dei,
1722 2279 1814 2348 qui
1845 2295 1911 2334 ex

317 2369 439 2439 ipso
467 2371 595 2424 nati.
648 2369 782 2425 Cum
813 2387 939 2441 ergo
971 2382 1263 2428 nascuntur
1303 2384 1650 2446 peccatorum
1706 2375 1910 2444 cogita-

314 2460 496 2514 tiones
521 2461 573 2514 in
602 2461 800 2529 anima,
831 2477 956 2518 mox
985 2471 1043 2517 ut
1071 2472 1210 2519 natae
1239 2464 1437 2520 fuerint
1476 2467 1806 2524 occidantur.
1842 2466 1910 2521 Et

313 2557 544 2618 pereant
564 2549 632 2605 de
653 2552 866 2608 civitate
891 2551 1106 2609 Domini
1128 2571 1317 2611 omnes
1345 2557 1438 2627 qui
1475 2566 1769 2627 operantur
1809 2558 1906 2613 ini~

310 2641 591 2711 quitatem,
626 2651 683 2697 ut
708 2644 779 2698 sit
806 2643 1064 2701 Dominus
1086 2646 1141 2700 in
1171 2647 1388 2702 civitate
1416 2663 1512 2702 sua
1542 2649 1905 2718 requiescens,

308 2747 433 2787 cum
480 2735 627 2789 omni
667 2737 926 2791 comitatu
947 2738 1230 2797 virtutum.
1258 2740 1344 2793 cui
1391 2739 1562 2809 gloria
1611 2740 1662 2794 in
1712 2741 1905 2796 szccula

308 2823 648 2880 saeculorum.
675 2825 866 2881 Amen.

895 2913 1210 2973 PSALMUS
1249 2917 1334 2974 Cl.

309 3002 496 3060 Oratio
541 3007 796 3077 pauperis
837 3022 958 3077 cum
1006 3009 1338 3076 anxiarctur,
1369 3017 1424 3066 et
1454 3025 1635 3066 coram
1678 3011 1906 3068 Domino

792 3076 979 3133 alludit
1007 3093 1224 3149 precem
1250 3094 1422 3134 suam.

2019 1907 2090 1964 tis
2116 1907 2314 1962 nostris
2359 1908 2596 1964 animum
2624 1917 3024 1976 convertamus,
3055 1925 3164 1964 non
3193 1909 3488 1965 audeamus
3535 1909 3612 1964 di~

2019 2014 2164 2065 cere,
2183 1998 2401 2055 Clamor
2428 2016 2581 2056 meus
2610 2001 2677 2056 ad
2708 2010 2759 2057 te
2788 2002 3088 2071 perveniat.
3118 2001 3196 2057 Ne
3241 2001 3380 2057 forte
3408 2017 3518 2057 non
3546 2002 3613 2057 sit

2016 2083 2142 2147 talis
2162 2092 2386 2159 clamor,
2409 2093 2502 2163 qui
2522 2094 2946 2151 misericordiam
2965 2103 3344 2164 consequatur.
3376 2095 3452 2150 Ne
3477 2095 3614 2150 forte

2016 2184 2085 2238 sit
2113 2185 2165 2239 in
2195 2200 2262 2239 eo
2293 2185 2400 2249 ira,
2434 2187 2705 2252 causatio,
2745 2187 3054 2243 maledictio
3075 2231 3091 2255 ,
3123 2187 3392 2257 adulatio,
3434 2187 3614 2243 detraa

2016 2279 2146 2343 ctio,
2171 2279 2469 2349 insultatio,
2486 2279 2848 2348 mendacium,
2867 2289 2923 2336 et
2949 2288 3147 2338 caetera
3174 2281 3258 2336 his
3283 2280 3438 2336 factis
3465 2280 3614 2335 simi«

2017 2370 2107 2440 lia.
2140 2369 2236 2425 His
2267 2383 2395 2439 ergo
2426 2370 2568 2426 vitiis
2608 2371 2856 2440 pessimis
2884 2380 3072 2428 nostro
3098 2373 3335 2428 clamore
3363 2382 3613 2435 sonante,

2013 2461 2286 2529 rogandus
2329 2468 2410 2516 est
2438 2460 2602 2528 Deus,
2627 2477 2695 2517 ne
2715 2462 2921 2518 clamor
2947 2463 3034 2520 hic
3053 2463 3120 2518 ad
3154 2479 3278 2520 eum
3310 2463 3612 2533 perveniat.

2013 2544 2122 2606 Sed
2149 2560 2224 2619 te,
2257 2553 2311 2608 in
2340 2553 2610 2622 aliquibus
2638 2553 2794 2610 factis
2823 2556 3044 2611 nefariis
3077 2556 3388 2613 constitutis
3434 2555 3612 2616 nobis,

2013 2658 2266 2714 rogemus
2292 2645 2536 2702 dicentes
2568 2665 2580 2700 :
2614 2645 2692 2702 Ne
2721 2655 2936 2702 avertas
2963 2647 3157 2702 faciem
3184 2656 3328 2702 tuam
3357 2661 3387 2700 a
3416 2661 3523 2701 me.
3550 2644 3613 2702 Ei

2010 2735 2299 2794 dicendum
2337 2746 2421 2792 est
2449 2755 2461 2790 :
2493 2739 2675 2792 Averte
2722 2739 2911 2809 faciem
2950 2747 3092 2791 tuam
3134 2755 3166 2791 a
3198 2737 3422 2807 peccatis
3461 2737 3607 2789 meis.

1943 2890 1951 2896 _
2011 2827 2408 2886 chuntiemus
2438 2842 2568 2898 ergo
2598 2829 2849 2885 omnibus
2888 2829 3034 2884 vitiis
3070 2837 3124 2884 et
3160 2827 3528 2898 passionibus,
3557 2833 3614 2884 et

2009 2920 2137 2976 facti
2158 2937 2423 2993 pauperes
2443 2920 2657 2990 spiritu,
2678 2920 2951 2991 prmterita
2975 2927 3162 2976 nostra
3192 2919 3332 2974 facta
3353 2919 3611 2989 plangen-

2008 3023 2113 3081 tes,
2146 3014 2221 3070 ita
2241 3030 2341 3070 nos
2362 3014 2415 3069 in
2443 3013 2602 3082 hujus
2631 3013 2871 3070 carmine
2915 3013 3113 3083 psalmi
3142 3011 3428 3068 fundamus
3449 3026 3612 3067 oran—

2011 3112 2114 3170 tes,
2138 3112 2196 3160 ut
2221 3105 2426 3160 clamor
2444 3113 2629 3161 noster
2657 3103 2725 3159 ad
2752 3118 2874 3159 eum
2905 3103 3205 3174 perveniat,
3237 3111 3292 3158 et
3321 3118 3430 3158 non
3457 3118 3611 3158 aver-

382 3189 638 3254 Domine,
678 3190 873 3244 exaudi
910 3193 1198 3247 orationem
1237 3211 1402 3248 meam
1421 3234 1436 3259 ,
1468 3204 1518 3250 et
1545 3197 1741 3252 clamor
1762 3214 1902 3252 meus
1932 3199 1979 3265 ρ
2003 3201 2087 3250 tat
2112 3192 2305 3250 faciem
2327 3208 2480 3252 suam
2509 3211 2540 3249 a
2570 3195 2744 3251 nobis.
2773 3194 2931 3262 Quod
2949 3202 3132 3250 tamen
3152 3194 3343 3251 ﬂentes
3370 3195 3611 3250 dicamus

309 3282 380 3336 ad
408 3291 456 3335 te
480 3283 668 3336 veniat.
702 3279 825 3336 Non
843 3280 1052 3337 avertas
1081 3285 1269 3355 faciem
1299 3294 1440 3339 tuam
1483 3303 1515 3340 ιι
1543 3304 1656 3351 me;
1685 3288 1740 3341 in
1775 3304 1901 3359 qua-

310 3390 509 3445 cunque
546 3373 628 3428 die
672 3374 888 3428 tribulor
933 3375 1131 3429 inclina
1179 3377 1250 3430 ad
1285 3394 1364 3431 me
1403 3396 1581 3432 aurem
1623 3388 1787 3434 tuam.
1837 3379 1903 3435 In

311 3479 611 3536 quacunque
657 3464 740 3519 die
786 3466 1091 3520 invocavero
1144 3475 1230 3529 te,
1281 3467 1517 3521 velociter
1555 3469 1746 3522 exaudi
1802 3487 1900 3525 me.

313 3553 450 3620 Quia
479 3555 773 3627 defecerunt
791 3558 924 3611 sicut
952 3558 1125 3628 fumus
1147 3557 1255 3611 dies
1281 3560 1398 3625 mei,
1421 3568 1470 3612 et
1490 3577 1607 3613 ossa
1637 3579 1750 3614 mea
1772 3563 1904 3616 sicut

310 3649 557 3702 cremium
604 3657 868 3702 aruerunt.
902 3647 1187 3702 Percussus
1217 3665 1331 3702 sum
1372 3659 1429 3702 ut
1469 3652 1645 3722 [eitum
1689 3662 1737 3704 et
1766 3655 1914 3706 aruit

313 3756 619 3807 cor.meum,
648 3741 766 3811 quia
789 3741 982 3794 oblitus
1008 3757 1121 3794 sum
1150 3741 1414 3796 comedere
1433 3751 1620 3813 panem
1649 3760 1837 3797 meum.
1860 3745 1905 3796 Α

312 3841 429 3887 voce
456 3833 674 3903 gemitus
700 3834 798 3886 mei
821 3833 1042 3887 adluesit
1070 3849 1128 3886 os
1162 3850 1330 3887 meum
1355 3834 1505 3887 carni
1525 3851 1671 3888 mete.
1703 3835 1906 3891 Similis

310 3926 478 3996 factus
524 3941 637 3978 sum
669 3926 902 3995 pelicano
941 3925 1267 3990 solitudinis,
1299 3926 1466 3998 [actus
1495 3943 1610 3980 sum
1653 3929 1782 3982 sicut
1809 3947 1905 4002 ny-

310 4016 545 4069 clicoraa:
590 4016 646 4069 in
685 4016 963 4071 domicilio.
1017 4016 1260 4089 Vigilavi,
1307 4026 1359 4070 et
1399 4019 1564 4088 factus
1612 4037 1724 4073 sum
1774 4023 1906 4077 sicut

310 4124 495 4178 passer
522 4108 783 4162 solitarius
811 4109 866 4162 in
896 4117 1045 4163 tecto.
1081 4107 1212 4164 Tota
1247 4109 1332 4163 die
1356 4110 1740 4180 exprobrabant
1776 4114 1905 4166 mihi

310 4200 514 4256 inimici
550 4200 672 4263 mei,
702 4208 756 4253 et-
775 4201 860 4272 qui
891 4200 1173 4258 laudabant
1215 4217 1296 4257 me
1323 4200 1596 4256 adversum
1632 4219 1719 4257 me
1750 4204 1905 4275 jura-

310 4293 458 4346 banl.
491 4288 628 4356 Quia
657 4294 878 4346 cinerem
921 4302 1165 4364 tanquam
1202 4310 1391 4364 panem
1428 4279 1826 4362 manducabam,
1855 4308 1906 4352 et

309 4393 486 4454 potum
515 4397 685 4443 meum
713 4399 826 4438 cum
855 4384 978 4452 ﬂetu
1017 4382 1312 4438 miscebant.
1357 4383 1399 4437 Α
1427 4387 1566 4455 [acie
1599 4389 1695 4442 ira:
1732 4397 1781 4440 et
1816 4389 1902 4443 in-

311 4478 631 4551 dignationis
673 4487 810 4541 tuta,
838 4478 959 4547 quia
1000 4477 1204 4532 elevans
1246 4478 1456 4534 allisisti
1496 4496 1595 4534 me.
1627 4478 1754 4536 Dies
1801 4472 1901 4537 niei

2015 3302 2135 3352 nos,
2162 3287 2256 3357 qui
2282 3303 2382 3358 pro
2430 3288 2667 3358 peccatis
2713 3294 2952 3353 oramus,
2986 3288 3070 3344 his
3097 3285 3380 3346 versiculis
3408 3289 3608 3344 edoce—

2013 3392 2132 3434 mur
2166 3395 2178 3429 :
2215 3377 2362 3441 Dies,
2405 3377 2598 3449 inquit,
2625 3377 2736 3434 mei
2783 3378 2924 3434 sicut
2961 3378 3149 3435 umbra
3177 3379 3607 3446 declinaverunt,

2012 3471 2060 3526 id
2093 3479 2196 3533 est,
2211 3469 2419 3541 perdidi
2446 3470 2594 3542 quod
2610 3471 2738 3536 vixi,
2765 3472 2888 3542 quia
2919 3471 2974 3525 in
2998 3469 3236 3542 peccatis
3264 3472 3403 3527 sicut
3425 3470 3609 3526 fenum

2011 3563 2146 3618 arui.
2178 3562 2384 3619 Fcnum
2431 3572 2610 3619 autem
2639 3572 2697 3619 et
2741 3564 2936 3634 stipula
2967 3572 3023 3618 et
3066 3564 3267 3632 lignum
3305 3578 3426 3618 esca
3473 3563 3609 3631 ignis

2011 3663 2112 3709 cst.
2147 3651 2213 3709 Et
2242 3653 2362 3709 ideo
2393 3653 2642 3717 tribulor,
2671 3653 2797 3722 quia
2835 3660 2893 3707 et
2921 3653 3042 3708 ossa
3089 3667 3210 3706 mea
3252 3654 3387 3707 sicut
3441 3653 3606 3706 frixu-

2012 3744 2172 3808 riutn,
2208 3745 2256 3798 id
2287 3753 2388 3810 est,
2412 3742 2722 3800 fasciculum
2750 3742 3008 3797 Sarmenti
3027 3741 3256 3808 aridum,
3277 3742 3350 3796 ita
3364 3742 3604 3797 confrixa

2011 3845 2158 3903 sunt,
2192 3836 2377 3907 parata
2409 3835 2479 3890 ad
2507 3832 2813 3889 incendium
2850 3833 3129 3902 gehennae.
3163 3830 3456 3889 Percussus
3484 3847 3606 3887 smn

1953 3915 1955 3918 ’
2011 3929 2150 3983 sicut
2174 3928 2373 3994 fenum,
2398 3933 2452 3983 et
2479 3927 2621 3982 aruit
2648 3941 2744 3982 cor
2771 3941 2971 3981 meum.
2991 3921 3283 3980 Percussus
3302 3941 3422 3980 sum
3449 3940 3602 3980 com-

2011 4020 2305 4089 punctionc
2328 4018 2486 4074 futuri
2517 4017 2782 4089 supplicii,
2817 4024 2871 4072 et
2894 4025 3116 4088 propter
3136 4017 3240 4073 hoc
3259 4017 3457 4072 oblita
3484 4031 3603 4070 sum

2011 4109 2338 4168 maritimam
2360 4113 2571 4180 putem.
2589 4110 2636 4162 Α
2654 4122 2789 4164 voce
2818 4116 2998 4162 autem
3015 4106 3247 4177 gemitus
3269 4105 3396 4172 mei,
3425 4105 3602 4160 adluc-

2010 4211 2198 4258 serunt
2223 4217 2348 4258 ossa
2377 4216 2496 4257 mea
2527 4200 2673 4256 carni
2697 4207 2849 4262 mete,
2874 4199 3048 4256 factus
3076 4213 3196 4254 sum
3223 4199 3361 4255 sicut
3397 4197 3602 4268 pelica-

2009 4311 2116 4351 nus
2140 4296 2193 4350 in
2225 4296 2532 4362 solitudine,
2565 4297 2744 4362 idest,
2775 4297 2910 4370 sicut
2938 4296 3053 4351 avis
3081 4295 3170 4351 illa
3199 4309 3361 4366 quam
3404 4293 3602 4364 pelica-

2009 4401 2138 4442 mun
2165 4396 2382 4454 vocant,
2406 4403 2526 4458 quae
2548 4398 2656 4444 non
2686 4388 2890 4443 habitat
2913 4387 3013 4442 nisi
3044 4387 3097 4441 in
3125 4386 3372 4452 desertis,
3397 4385 3602 4440 habens

2009 4494 2164 4536 escas
2187 4493 2397 4537 veneno
2417 4481 2586 4538 eremi
2607 4489 2663 4536 et
2684 4480 2899 4536 incultis
2922 4478 3366 4535 amaritudinibus
3394 4477 3596 4549 plenas.

307 4571 440 4622 sicut
470 4567 649 4621 umbra
677 4568 1082 4633 declamauerunt,
1104 4579 1152 4622 et
1177 4585 1270 4640 ego
1291 4570 1423 4626 sicut
1457 4572 1629 4642 fenum
1663 4575 1799 4627 arui.
1825 4573 1901 4627 Tu
1930 4576 1986 4637 ι)
2008 4571 2208 4628 Factus
2228 4588 2345 4627 sum
2365 4573 2505 4630 sicut
2531 4572 2844 4642 nycticorax
2865 4572 2916 4626 in
2939 4571 3232 4628 domicilio.
3265 4569 3474 4627 Corvus
3491 4584 3606 4640 pra}

307 4671 498 4722 autem,
538 4658 778 4726 Domine,
820 4661 875 4714 in
924 4668 1172 4714 internum
1217 4677 1511 4730 pes-manes,
1534 4673 1582 4716 et
1603 4665 1902 4720 memoriale

306 4763 448 4807 tuum
494 4754 548 4806 in
589 4754 921 4823 generatione
966 4762 1016 4805 et
1059 4753 1461 4822 generationem.
1497 4751 1573 4806 Tu
1618 4770 1898 4825 exsurgens

305 4843 626 4898 misereberis
642 4842 794 4908 Sion,
809 4844 931 4914 quia
955 4852 1148 4914 tempus
1171 4844 1448 4898 miserendi
1467 4846 1600 4916 ejus,
1623 4847 1742 4917 quia
1766 4849 1900 4901 venit

306 4945 525 5007 tempus.
582 4933 841 5000 Quoniam
868 4935 1171 5006 placuerunt
1197 4938 1353 4991 servis
1395 4935 1494 4992 tuis
1531 4937 1728 5009 lapides
1761 4939 1894 5010 ejus,

305 5037 354 5079 et
377 5037 527 5084 terra
554 5028 666 5098 ejus
694 5029 1090 5083 miserebantur.
1126 5028 1197 5082 Et
1227 5028 1474 5084 timebunt
1503 5040 1678 5101 gentes
1706 5048 1896 5086 nomen

307 5127 470 5182 tuum,
521 5117 762 5183 Domine,
794 5128 842 5173 et
872 5136 1050 5174 omnes
1091 5137 1234 5194 reges
1285 5129 1439 5175 terra:
1483 5123 1702 5192 gloriam
1733 5132 1892 5176 mani.

311 5210 443 5277 Quia
485 5212 760 5281 aediﬁcavit
808 5210 1060 5266 Dominus
1101 5211 1261 5279 Sion,
1285 5221 1334 5266 et
1371 5211 1619 5267 videbitur
1646 5215 1701 5267 in
1728 5215 1899 5284 gloria

303 5319 416 5358 sua.
445 5303 694 5374 Respexit
733 5307 787 5358 in
827 5306 1114 5359 orationem
1154 5305 1444 5370 humilium,
1489 5315 1670 5360 etnon
1699 5307 1898 5376 sprevit

303 5411 484 5464 preces
512 5413 708 5450 eorum.
751 5395 1061 5450 Scribuntur
1103 5397 1214 5450 lucc
1258 5398 1314 5450 in
1355 5400 1683 5467 generatione
1709 5399 1894 5462 altera,

303 5497 352 5539 et
380 5488 597 5558 populus
625 5491 712 5559 qui
730 5487 987 5542 creabitur
1015 5487 1249 5542 laudabit
1271 5489 1572 5543 Dominum.
1603 5490 1738 5554 Quia
1775 5506 1897 5560 pro-

303 5581 472 5648 spexit
521 5580 584 5633 de
622 5581 826 5635 excelso
868 5597 980 5648 suo,
1011 5580 1267 5635 Dominus
1314 5581 1378 5635 de
1418 5581 1542 5635 celo
1591 5583 1645 5634 in
1702 5591 1895 5635 terram

301 5673 526 5741 aspexit.
557 5671 622 5726 Ut
658 5674 862 5727 audiret
890 5674 1106 5744 gemitus
1135 5674 1571 5745 compeditorum,
1594 5682 1650 5725 ut
1679 5673 1899 5727 solveret

297 5763 440 5832 ﬁlios
487 5765 934 5834 interemptorum.
973 5767 1042 5820 Ut
1079 5768 1389 5820 annnntient
1426 5767 1482 5819 in
1523 5763 1654 5819 Sion
1707 5779 1892 5818 nomen

2011 4664 2290 4734 nigredine
2317 4664 2578 4720 obscurus
2623 4672 2726 4728 est,
2754 4665 2868 4734 jam
2898 4672 3057 4719 nocte
3076 4664 3228 4733 quasi
3260 4663 3482 4732 nigrior,
3515 4665 3604 4718 cui

2009 4767 2065 4814 et
2093 4758 2394 4814 obscuritas
2421 4757 2775 4828 nigredinem,
2805 4755 3059 4824 geminat.
3097 4753 3237 4822 Ergo
3280 4763 3335 4810 et
3363 4769 3484 4823 ego,
3515 4755 3601 4808 in—

2007 4851 2144 4918 quit,
2176 4849 2505 4920 duplicatam
2535 4849 2867 4917 nigredinem
2896 4857 3239 4918 peccatorum
3293 4849 3344 4901 in
3391 4862 3480 4901 me
3506 4847 3602 4902 dc-

2008 4942 2248 5011 plorans,
2270 4954 2430 4996 voces
2457 4955 2607 4994 meas
2625 4941 2779 5009 quasi
2808 4941 3124 5012 nycticorax
3143 4939 3334 5005 dirigo,
3363 4938 3601 4992 clamans

2008 5033 2178 5099 solus,
2210 5032 2350 5086 sicut
2377 5045 2566 5100 passer
2593 5031 2868 5088 solitarius
2903 5033 2956 5086 in
2996 5028 3238 5085 :ediﬁcio.
3268 5028 3325 5080 In
3354 5043 3458 5097 qua
3485 5034 3599 5081 tota

2000 5123 2090 5178 die
2118 5122 2582 5192 exprobraverunt
2629 5139 2716 5178 me
2745 5122 2948 5177 inimici
2987 5121 3126 5186 mei,
3179 5126 3233 5172 et
3272 5117 3366 5184 qui
3396 5116 3599 5172 dudum

2003 5214 2357 5270 laudaverunt
2380 5229 2490 5279 me,
2519 5229 2661 5270 nunc
2681 5213 2964 5267 adversum
2993 5224 3081 5264 me
3099 5207 3376 5276 iurabant,
3410 5206 3462 5260 id
3492 5215 3594 5271 est,

2004 5323 2114 5362 non
2143 5307 2290 5362 letho
2340 5307 2484 5361 illius
2507 5308 2704 5361 vivam.
2736 5301 3019 5369 Quomodo
3067 5299 3212 5354 enim
3262 5297 3501 5367 vivebas,
3537 5308 3598 5354 ut

2004 5399 2084 5454 sic
2110 5398 2185 5452 illi
2202 5398 2488 5468 iurarent?
2514 5397 2660 5460 Ideo,
2693 5392 2886 5462 inquit,
2918 5392 2995 5445 sic
3038 5389 3313 5461 iurabant,
3349 5391 3475 5460 quia
3521 5392 3597 5445 ci-
3629 5421 3635 5426 -

2005 5505 2192 5545 nerem
2238 5491 2379 5544 sicut
2418 5503 2614 5559 panem
2659 5481 3068 5548 manducabam,
3099 5492 3152 5537 et
3179 5491 3368 5553 potum
3415 5497 3596 5536 meum

2000 5581 2215 5636 ﬂetibus
2240 5579 2548 5634 miscebam.
2581 5576 2696 5632 Hoc
2722 5576 2927 5643 quare?
2966 5575 3013 5628 Α
3034 5575 3170 5630 facie
3199 5576 3292 5630 irae
3306 5583 3411 5628 tua:
3440 5581 3494 5625 et
3515 5573 3595 5624 in-

2000 5670 2328 5739 dignationis
2353 5675 2477 5720 tum.
2510 5665 2675 5734 Cujus
2723 5664 2856 5718 iraa?
2897 5663 3004 5719 Pro
3048 5665 3284 5734 peccatis
3326 5663 3511 5727 utique
3540 5658 3591 5709 in

1996 5760 2199 5829 judicio
2227 5756 2438 5812 debitae.
2470 5753 2530 5811 In
2575 5770 2684 5825 quo
2713 5755 2799 5810 hic
2845 5756 3124 5812 elevantur
3161 5763 3214 5808 et
3263 5752 3620 5812 citabantur-,-
