4244 6258
548 321 642 374 ΠΙ

1875 311 2145 368 ARNOBII
2181 310 2481 368 JUNIORIS

3695 313 3798 367 ΠΩ

549 429 618 482 ibi
649 427 932 481 allidantur
963 439 1178 478 necesse
1219 433 1315 478 est.
1367 427 1500 479 Cum
1529 441 1656 494 ergo
1676 423 1941 480 'moriatur
1962 441 2121 480 omne
2149 428 2196 485 Α
2227 434 2528 490 manantes,
2556 435 2608 479 et
2666 433 2808 479 terra
2865 439 3002 480 nova
3047 433 3127 480 est
3169 425 3354 479 mortis
3377 429 3656 508 [gremium
3693 445 3802 483 non

547 532 716 586 genus
735 516 1010 571 hominum
1034 516 1085 569 in
1108 516 1360 584 peccatis,
1385 516 1510 584 quid
1530 527 1797 586 superest,
1819 519 2122 586 nisiutper-

550 622 682 663 sona
705 606 868 661 totius
897 605 1074 660 smculi
1104 605 1196 659 tibi
1226 620 1412 675 preces
1432 604 1592 661 ﬂebili
1616 606 1852 662 eﬂ'undat
1885 607 2123 674 eloquio?

551 698 737 754 Nullus
782 697 925 751 enim
953 697 1264 760 salvabitur,
1291 696 1393 751 nisi
1441 704 1516 761 tu,
1565 697 1806 764 Domine,
1837 711 2128 765 exsurgens

552 787 858 843 miserearis
909 785 1060 842 Sion.
1119 785 1278 840 Venit
1318 787 1461 840 enim
1507 795 1716 858 tempus
1755 796 1813 843 ut
1851 788 2034 843 venias
2073 793 2129 842 et

553 877 858 931 miserearis
898 874 1047 930 Sion.
1078 874 1210 941 Quia
1257 877 1621 945 beneplacitos
1657 878 1958 932 habuerunt
1988 875 2128 930 servi

554 967 633 1020 tui
659 967 862 1036 lapides
905 967 1043 1036 ejus.
1076 965 1304 1035 Lapides
1332 966 1516 1034 utique
1557 966 1624 1020 de
1664 967 1858 1036 quibus
1886 967 2124 1035 legitur:
2172 966 2175 968 ’

556 1057 784 1126 Lapides
807 1057 938 1126 justi
986 1057 1271 1112 volvuntur
1311 1059 1366 1111 in
1411 1074 1493 1112 ea.
1545 1057 1644 1124 Qui
1687 1059 1829 1113 enim
1868 1059 2005 1114 servi
2037 1058 2131 1114 Dei

557 1156 700 1213 sunt,
725 1148 861 1202 bene
890 1148 964 1201 illi
991 1148 1338 1217 placentlibri
1359 1163 1548 1203 omnes
1571 1149 1767 1204 veteris
1783 1149 2131 1215 Tcstamenti,

560 1239 652 1308 qui
679 1239 877 1292 habent
897 1239 949 1291 in
972 1253 1031 1292 se
1051 1253 1214 1291 unum
1231 1237 1458 1306 lapidem
1481 1239 1805 1306 angularem.
1825 1239 1932 1294 Nec
1960 1239 2131 1294 solum

561 1328 767 1398 lapides
801 1328 1169 1398 beneplacitos
1212 1327 1543 1393 habuerunt,
1575 1327 1670 1384 sed
1719 1335 1774 1382 et
1819 1336 1974 1382 terrae
2019 1329 2136 1397 ejus

561 1417 979 1471 miserebuntur.
1014 1415 1178 1470 Terra
1223 1416 1476 1486 lapidum,
1506 1433 1734 1486 corpora
1776 1426 1900 1472 sunt
1929 1418 2136 1471 anima-

563 1523 702 1562 rum.
721 1507 837 1561 Non
866 1508 1037 1562 solum
1064 1508 1218 1563 nobis
1245 1509 1435 1563 animm
1465 1517 1659 1564 sancta:
1678 1509 1906 1579 placent,
1925 1510 1970 1564 si
1997 1510 2140 1565 servi

563 1595 661 1651 Dei
689 1613 890 1662 sumus,
923 1598 1035 1682 sed.
1051 1599 1163 1670 ipsa
1189 1614 1414 1668 corpora
1445 1615 1630 1654 eorum
1660 1600 1713 1653 in
1742 1599 1932 1667 quibus
1958 1599 2138 1655 afﬂicti

483 1712 496 1718 -
566 1696 710 1750 sunt,
742 1688 888 1752 torti,
920 1687 1202 1756 combusti,
1237 1705 1299 1744 ac
1326 1689 1551 1744 diversis
1577 1688 1853 1757 suppliciis
1886 1689 2138 1744 macerati

566 1781 887 1836 miserantes
922 1795 1256 1835 veneramur.
1288 1781 1566 1847 Quomodo
1595 1781 1946 1835 miserantes?
1972 1781 2138 1836 Dolor
2165 1781 2213 1841 B

568 1876 723 1931 nobis
744 1884 824 1930 est
849 1876 903 1929 in
932 1874 1220 1932 afﬂictione
1240 1886 1295 1931 et
1322 1877 1581 1947 supplicio
1609 1891 1716 1946 quo
1744 1876 1887 1945 passi
1915 1881 2057 1940 sunt,
2085 1882 2142 1930 et

569 1966 820 2032 gaudium
861 1967 1016 2021 nobis
1057 1967 1216 2021 estin
1263 1970 1662 2036 perseverantia
1705 1967 1829 2035 quia
1875 1966 2138 2021 vicerunt.

571 2055 705 2110 Cum
735 2070 881 2122 ergo,
906 2055 1152 2124 Domine,
1179 2065 1234 2110 et
1262 2065 1318 2111 tu
1341 2058 1575 2122 veneris,
1625 2065 1680 2112 et
1708 2057 1877 2111 sancti
1921 2057 1999 2110 tui
2043 2072 2144 2126 pro

573 2146 881 2201 testimonio
906 2147 1139 2202 nominis
1184 2148 1262 2201 tui
1301 2149 1442 2217 passi
1471 2147 1686 2214 fuerint,
1720 2155 1846 2204 tunc
1885 2147 2148 2202 timebunt

573 2244 761 2302 gentes
785 2245 840 2291 et
864 2253 1052 2293 omnes
1072 2251 1225 2306 reges
1246 2246 1398 2294 terrae
1417 2240 1640 2308 gloriam
1663 2250 1828 2295 tuam.
1851 2240 2001 2295 Tunc
2021 2241 2147 2295 :edi-

575 2325 819 2381 ﬁcabitur
846 2327 1082 2384 Ecclesia
1110 2337 1214 2384 'tua
1257 2330 1308 2384 in
1338 2330 1486 2396 Sion,
1520 2340 1574 2385 et
1604 2331 1871 2386 videberis
1896 2333 1951 2387 in
1977 2333 2148 2400 maje-

576 2425 715 2473 state
737 2426 845 2482 tua,
869 2435 990 2474 cum
1016 2423 1317 2490 respexeris
1329 2423 1396 2477 de
1416 2424 1630 2479 excelso
1658 2432 1750 2479 tuo
1763 2424 1889 2479 Jesu
1916 2424 2146 2490 Christo,

577 2516 637 2560 nt
665 2507 848 2563 audias
877 2511 1134 2578 gemitum
1161 2513 1605 2582 compeditorum,
1637 2523 1692 2568 et
1719 2516 1894 2570 solvas
1909 2513 2047 2571 ﬁlios
2071 2518 2151 2570 in-

579 2611 986 2672 teremptorum.
1020 2604 1332 2676 Interempti
1378 2617 1502 2670 sunt
1538 2617 1717 2677 patres
1757 2609 1926 2665 nostri
1967 2625 2154 2666 omnes

579 2694 748 2748 sancti
795 2694 886 2761 qui
925 2694 1079 2749 nobis
1108 2695 1531 2765 praedicaverunt
1557 2698 1848 2754 Christum.
1879 2699 1988 2755 Nos
2024 2715 2153 2769 ergo

581 2783 728 2850 ligati
743 2800 956 2841 eramus
979 2803 1008 2840 a
1031 2786 1247 2853 Satana,
1262 2790 1388 2857 quia
1411 2790 1444 2843 ii
1460 2791 1548 2860 qui
1563 2803 1861 2859 genuerunt
1881 2809 1978 2850 nos
1991 2795 2156 2849 verbo

582 2877 726 2939 vita},
759 2876 972 2932 fuerunt
1001 2880 1326 2950 interempti.
1377 2885 1444 2936 At
1473 2883 1563 2937 ubi
1610 2886 1957 2952 cognovimus
1981 2903 2076 2944 eos
2104 2889 2156 2942 in

586 2966 734 3020 cmlis
755 2963 986 3033 gaudere
1021 2978 1075 3024 et
1102 2972 1376 3039 possidere
1402 2975 1626 3041 gloriam
1657 2975 1875 3043 Christi,
1900 2978 2158 3034 aediﬁcata

2227 517 2550 583 habens,sed
2570 518 2771 573 habens
2799 518 2961 572 vitam
2989 517 3274 572 Dominum
3302 517 3484 573 Jesum
3511 518 3799 588 Christum,

2225 607 2314 676 qui
2347 615 2533 677 regnat
2562 608 2614 662 in
2644 607 2835 662 saecula
2864 607 3198 663 smculorum.
3231 608 3418 665 Amen.

2794 717 3109 773 PSALMUS
3136 717 3244 774 Cll.
3315 750 3329 757 -

2722 807 2964 863 Psalmus
2991 809 3090 879 ipsi
3121 809 3307 864 David.
3331 849 3334 853 .

2302 901 2540 967 Benedic,
2585 903 2759 955 anima
2787 919 2920 967 mea,
2946 901 3192 968 Domino,
3229 910 3279 956 et
3316 905 3492 956 omnia
3531 919 3646 974 quin
3672 904 3810 957 intra

2231 1009 2312 1046 me
2329 1000 2448 1046 sunt
2475 993 2672 1047 nomini
2697 1002 2876 1047 sancto
2895 991 3026 1062 ejus.
3063 992 3305 1070 Benedic,
3336 995 3510 1046 anima
3536 1009 3671 1058 mea,
3698 992 3810 1048 Do-

2231 1085 2392 1148 mino,
2433 1090 2483 1137 et
2519 1083 2626 1136 noli
2665 1083 2894 1137 oblivisci
2931 1101 3104 1139 omnes
3149 1083 3504 1139 retributiones
3549 1087 3681 1156 ejus.
3715 1085 3816 1151 Qui

2233 1177 2543 1247 propitiatur
2567 1176 2799 1230 omnibus
2824 1177 3179 1248 iniquitatibus
3208 1179 3329 1240 tuis,
3354 1178 3441 1247 qui
3467 1187 3621 1230 sanat
3641 1193 3814 1230 omnes

2232 1268 2563 1336 inﬁrmitates
2605 1275 2735 1320 tuas.
2773 1265 2871 1332 Qui
2890 1267 3094 1319 redimit
3125 1266 3189 1320 de
3224 1267 3432 1320 interitu
3459 1268 3616 1321 vitam
3637 1255 3813 1332 tuam,

2233 1358 2321 1428 qui
2360 1363 2572 1410 coronat
2602 1363 2651 1410 te
2673 1357 2730 1410 in
2774 1355 3126 1430 misericordia
3151 1363 3199 1410 et
3236 1355 3666 1411 miserationibus.
3713 1356 3815 1424 Qui

2236 1447 2396 1517 replet
2411 1447 2465 1500 in
2487 1446 2634 1500 bonis
2664 1446 2974 1500 desiderium
3005 1456 3163 1512 tuum,
3196 1447 3518 1500 renovabitur
3542 1454 3599 1499 ut
3625 1448 3818 1517 aquin

2231 1536 2472 1606 juventus
2500 1543 2607 1588 tua.
2644 1533 2865 1589 Faciens
2886 1535 3267 1589 misericordias
3297 1534 3567 1599 Dominus,
3596 1544 3646 1589 et
3667 1536 3816 1606 judi-

2239 1625 2374 1678 cium
2417 1623 2650 1677 omnibus
2695 1624 2943 1693 injuriam
2986 1623 3320 1694 patientibus.~
3357 1622 3526 1679 Notas
3565 1625 3685 1695 fecit
3711 1625 3819 1678 vias

2239 1732 2360 1770 suas
2400 1715 2589 1786 Moysi,
2620 1725 2670 1769 et
2691 1717 2816 1785 [iliis
2849 1714 3016 1769 Israel
3056 1717 3341 1772 voluntates
3377 1731 3517 1770 suas.
3547 1715 3820 1771 Miserator

2241 1815 2292 1860 et
2319 1806 2616 1860 misericors
2644 1804 2914 1872 Dominus,
2965 1806 3273 1877 longanimis
3306 1814 3356 1860 et
3385 1804 3600 1860 multum
3624 1808 3822 1860 miseri-

2243 1914 2379 1952 cors.
2406 1896 2459 1951 Ν
2463 1914 2531 1952 οη
2569 1899 2623 1950 in
2650 1907 2947 1968 perpetuum
2981 1897 3256 1962 irascetur,
3297 1913 3456 1968 neque
3493 1897 3547 1950 in
3577 1905 3821 1951 aeternum

2244 1988 2656 2043 comminabitur.
2675 1985 2798 2041 Non
2825 1986 3100 2041 secundum
3129 1994 3340 2056 peccata
3367 1995 3545 2039 nostra
3580 1987 3701 2057 fecit
3726 2001 3822 2039 no-

2248 2080 2342 2146 bis,
2367 2096 2526 2152 neque
2551 2079 2827 2134 secundum
2853 2080 3146 2151 iniquitates
3164 2086 3369 2132 nostras
3405 2076 3637 2131 retribuit
3657 2075 3819 2130 nobis.

2251 2169 2509 2234 Quoniam
2535 2170 2813 2224 secundum
2833 2169 3160 2223 altitudinem
3188 2168 3298 2222 caeli
3336 2184 3369 2221 α
3399 2177 3555 2232 terra,
3586 2166 3826 2222 corrobo~

2248 2263 2382 2315 ravit
2415 2261 2819 2315 misericordiam
2855 2276 2999 2313 suam
3027 2275 3179 2330 super
3198 2261 3430 2312 timentes
3467 2274 3541 2312 se.
3569 2259 3825 2325 Quantum

2252 2352 2564 2406 distatortus
2593 2349 2658 2403 ab
2686 2351 2964 2415 occidente,
2995 2350 3144 2421 longe
3172 2350 3290 2421 fecit
3311 2367 3343 2403 α
3361 2348 3510 2402 nobis
3533 2350 3825 2421 iniquitates

2252 2449 2480 2494 nostras.
2524 2438 2790 2505 Quomodo
2817 2442 3084 2494 miseretur
3121 2449 3268 2510 pater
3304 2439 3558 2509 ﬁliorum,
3587 2441 3826 2493 misertus

2254 2541 2330 2587 est
2349 2531 2598 2587 Dominus
2625 2534 2911 2587 timentibus
2926 2549 2998 2598 se,
3015 2532 3254 2604 quoniam
3275 2533 3504 2602 cognouit
3531 2532 3827 2602 ﬁgmentum

2255 2630 2505 2676 nostrum.
2533 2621 2849 2676 Recordatus
2884 2631 2961 2676 est
3004 2622 3244 2693 quoniam
3265 2621 3429 2690 pulvis
3459 2636 3650 2684 sumus,
3677 2619 3828 2674 homo

2256 2715 2388 2769 sicut
2409 2715 2602 2784 fenum,
2633 2714 2740 2768 dies
2768 2715 2878 2785 ejus
2901 2722 3141 2784 tanquam
3179 2713 3278 2781 ﬂos
3315 2713 3428 2783 agri
3467 2713 3540 2765 sic
3566 2710 3828 2781 eﬂlorebit.

2263 2809 2520 2875 Quoniam
2557 2810 2767 2878 spiritus
2796 2804 3129 2877 pertransibit
3155 2807 3209 2858 in
3234 2805 3345 2868 illo,
3369 2814 3418 2858 et
3449 2820 3550 2858 non
3570 2803 3827 2866 subsistet,

2261 2911 2310 2959 et
2329 2919 2432 2957 non
2459 2908 2725 2972 cognoscet
2743 2897 2962 2968 amplius
2981 2896 3145 2951 locum
3171 2913 3339 2950 suum.
3363 2893 3719 2950 Misericordia
3736 2910 3832 2947 au-

2265 3006 2365 3050 tem
2393 2993 2602 3048 Domini
2633 2991 2697 3044 ab
2725 2999 2937 3065 interno,
2971 2997 3020 3040 et
3044 3003 3201 3058 usque
3225 2988 3279 3040 in
3318 2995 3566 3041 internum
3592 3001 3744 3056 super
3772 2985 3836 3037 ti—

588 3064 667 3109 “3‘
691 3057 922 3152 δηληθιξίδ
949 3059 1098 3127 δίου,
1122 3073 1177 3117 ει
1206 3065 1350 3119 Visus
1378 3076 1461 3120 εει
1505 3067 1761 3125 θοιηίηιιε
1787 3071 1842 3124 ίη
1880 3071 2161 3140 malem-3‘3
2191 3135 2234 3152 η
2263 3095 2458 3142 mentes
2479 3101 2612 3139 eum.
2637 3081 2706 3136 Et
2735 3060 2942 3152 justitia
2966 3079 3106 3134 illius
3120 3057 3182 3132 in
3200 3079 3345 3149 ﬁlios
3369 3077 3623 3148 ﬁliorum,
3649 3076 3727 3131 his
3754 3077 3838 3147 qui

589 3161 703 3198 5"3'
729 3144 1033 3203 Gaudemus
1060 3153 1221 3218 enim,
1265 3153 1389 3221 (ἰυίει
1418 3157 1654 3224 respuit
1685 3159 1740 3212 ίη
1765 3159 2036 3214 orationes
2063 3174 2161 3214 θο-
2188 3135 2236 3199 C
2265 3187 2472 3234 servant
2501 3135 2856 3229 testamentum
2882 3173 3013 3242 ejus.
3047 3169 3117 3224 Et
3145 3135 3394 3224 memores
3422 3179 3541 3223 sunt
3567 3135 3839 3222 mundulo-

591 3250 730 3302 rum,
760 3245 815 3290 et
856 3252 963 3291 non
1002 3242 1204 3308 sprevit
1231 3257 1419 3312 preces
1445 3258 1652 3299 eorum.
1695 3247 2016 3318 Scripsimus
2042 3265 2164 3319 pas-

591 3325 772 3380 siones
808 3342 994 3382 eorum
1032 3332 1084 3384 in
1119 3334 1403 3400 progenies
1449 3335 1678 3404 alteras,
1719 3347 1774 3394 et
1813 3340 2038 3410 populus
2071 3343 2165 3411 qui

593 3417 862 3472 creabitur
905 3435 1072 3490 usque
1111 3421 1164 3476 in
1191 3424 1571 3493 sempiternum
1596 3427 1776 3483 laudat
1802 3428 2085 3486 Dominum
2111 3433 2166 3488 in

593 3509 797 3566 sanctis
811 3510 939 3564 suis.
957 3511 1030 3566 lbi
1051 3516 1379 3570 conveniunt
1406 3519 1590 3587 populi
1607 3519 1659 3574 in
1681 3537 1869 3589 unum,
1899 3531 1954 3578 et
1978 3538 2163 3594 regna,

511 3684 513 3686 Ι
596 3609 652 3654 nt
677 3601 1169 3661 serviantDomino.
1189 3604 1292 3661 Per
1309 3623 1444 3676 quos
1467 3612 1705 3678 paucitas
1725 3611 1932 3668 dierum
1954 3624 2167 3670 nostro-

597 3709 716 3747 rum
759 3696 991 3762 regitur,
1035 3707 1090 3751 et
1135 3699 1413 3754 nuntiatur
1445 3701 1598 3757 nobis
1634 3718 1802 3774 prope
1842 3719 1960 3760 esse
1987 3705 2166 3773 ﬁnem,

597 3786 845 3855 reliquum
864 3803 1002 3854 esse,
1029 3797 1084 3842 ut
1111 3800 1160 3843 et
1181 3791 1265 3861 qui
1290 3799 1503 3846 utuntur
1530 3792 1624 3846 hoc
1663 3795 1878 3859 sa’culo,
1927 3804 2169 3867 tanquam

600 3892 702 3928 non
727 3885 954 3932 utantur.
982 3878 1222 3933 Prwterit
1248 3883 1381 3935 enim
1400 3883 1570 3952 ﬁgura
1595 3883 1747 3952 hujus
1766 3885 1944 3938 mundi
1977 3884 2029 3952 (l
2049 3883 2170 3938 Cor.

599 3969 715 4035 vn),
740 3975 795 4022 et
817 3976 1128 4024 transeunte
1152 3970 1340 4037 figura,
1371 3971 1549 4026 veniet
1576 3972 1776 4026 veritas
1801 3971 2064 4041 Christus,
2089 3975 2174 4028 cui

601 4056 826 4112 dicimus
857 4076 870 4111 :
901 4057 958 4112 In
987 4059 1181 4114 saecula
1203 4059 1517 4113 saeculorum
1561 4067 1686 4113 sunt
1731 4060 1855 4114 anni
1883 4061 1980 4114 tui.
2017 4059 2176 4116 Initio

605 4158 804 4203 terram
832 4150 946 4219 ipse
975 4147 1226 4214 fundasti,
1261 4157 1315 4203 et
1344 4148 1464 4204 οωιί
1493 4164 1655 4218 opera
1682 4165 1937 4204 manuum
1967 4158 2180 4207 tuarum

575 4249 748 4292 ~sunt.
781 4239 896 4294 Non
918 4253 1046 4308 ergo
1075 4254 1273 4294 novum
1296 4239 1577 4294 Dominum
1619 4239 1904 4295 adoramus
1931 4241 1986 4296 in
2025 4240 2181 4297 Chri-

607 4339 711 4395 sto,
741 4331 836 4385 sed
865 4345 988 4385 eum
1009 4331 1100 4399 qui
1127 4337 1226 4396 est,
1259 4338 1314 4384 et
1340 4345 1552 4399 semper
1579 4330 1721 4385 idem
1751 4340 1854 4400 est,
1881 4334 2032 4403 cujus
2053 4336 2179 4389 anni

609 4437 717 4475 non
736 4419 1003 4474 deﬁcient.
1028 4420 1182 4485 Quod
1209 4429 1386 4474 autem
1408 4420 1475 4475 dc
1494 4422 1633 4477 cmlo
1661 4431 1715 4476 et
1736 4430 1875 4478 terra
1903 4425 2050 4489 dicit,
2075 4425 2179 4496 Ipsi

2265 3285 2381 3325 rum
2402 3268 2561 3339 ipsius
2583 3265 2652 3319 ad
2679 3262 2972 3336 faciendum
3000 3279 3080 3316 ea.
3117 3259 3366 3314 Dominus
3403 3262 3456 3314 in
3491 3260 3614 3314 calo
3644 3259 3842 3328 paravit
3929 3251 3932 3254 ’

2268 3361 2438 3416 sedem
2472 3374 2647 3422 suam,
2677 3365 2727 3409 et
2753 3370 2966 3426 regnum
3010 3354 3173 3423 ipsius
3210 3353 3446 3406 omnibus
3474 3348 3838 3405 dominabitur.

2269 3451 2561 3507 Benedicite
2579 3447 2822 3511 Domino,
2851 3452 3025 3500 omnes
3042 3443 3212 3515 angeli
3233 3444 3364 3513 ejus,
3389 3451 3616 3513 potentes
3644 3443 3843 3504 virtute,

2273 3544 2518 3615 facientes
2545 3537 2749 3593 uerbum
2774 3538 2912 3591 illius
2940 3536 3008 3589 ad
3029 3533 3338 3587 audiendam
3357 3545 3527 3587 vocem
3560 3546 3846 3586 sermonum

2273 3633 2403 3702 ejus.
2431 3629 2723 3684 Benedicite
2751 3626 3000 3691 Domino,
3033 3641 3207 3679 omnes
3241 3625 3449 3678 virtutes
3468 3624 3596 3693 ejus,
3619 3622 3847 3705 ministri

2274 3725 2387 3793 ejus
2424 3722 2510 3793 qui
2559 3720 2732 3791 facitis
2773 3717 3083 3783 voluntatem
3111 3716 3242 3784 ejus.
3277 3713 3563 3768 Benedicite
3602 3709 3846 3774 Domine,

2276 3815 2448 3867 omnia
2470 3827 2624 3881 opera
2639 3809 2768 3880 ejus,
2797 3808 2850 3860 in
2881 3809 3016 3860 omni
3038 3807 3150 3860 loco
3175 3804 3534 3861 dominationis
3557 3804 3686 3872 ejus,
3705 3802 3850 3855 bene-

2278 3906 2380 3969 dic,
2405 3904 2578 3956 anima
2599 3917 2730 3965 mea,
2754 3898 2996 3953 Domino.

2847 4026 3281 4068 ΟΟΙΙΒΝΤΛΒΠΙΙ.

2354 4147 2730 4205 Benedicimus
2755 4161 2854 4202 nos
2896 4145 3200 4209 Dominum,
3226 4159 3347 4200 cum
3391 4142 3614 4196 facimus
3646 4136 3858 4209 aliquod

2283 4240 2392 4296 tale
2411 4253 2548 4310 opus
2571 4252 2677 4306 quo
2706 4251 2903 4290 nomen
2933 4234 3142 4290 Domini
3170 4232 3538 4287 benedicatur.
3561 4231 3695 4285 Nam
3716 4243 3857 4297 quo-

2284 4330 2446 4386 modo
2465 4337 2642 4401 potest
2660 4328 2800 4382 Deus
2813 4327 2881 4382 ab
2901 4327 3117 4381 homine
3136 4324 3398 4388 benedici,
3417 4322 3519 4376 nisi
3537 4324 3639 4378 hoc
3663 4321 3860 4376 solum-

2287 4401 2448 4476 modo
2494 4418 2637 4489 quod
2673 4433 2810 4488 opus
2829 4432 2899 4472 ex
2925 4416 3172 4471 omnibus
3196 4402 3540 4470 interioribus
3562 4413 3758 4467 nostris
3783 4410 3862 4464 fa-

613 4510 882 4578 pcribunt,
908 4509 1314 4578 promissionem
1337 4511 1481 4565 illam
1510 4511 1806 4581 conﬁrmat,
1837 4531 1941 4585 qua
1968 4495 2184 4573 cautum
2207 4495 2264 4557 Ῑ)
2291 4512 2540 4569 ciendum
2577 4517 2678 4576 est.
2703 4507 2760 4563 Si
2788 4508 2930 4562 enim
2960 4505 3335 4562 misericordes
3355 4505 3608 4559 fuerimus
3633 4503 3863 4558 viscera-

614 4607 697 4652 est
725 4598 957 4652 futurum
986 4598 1178 4654 caelum
1200 4614 1398 4655 novum
1434 4610 1490 4656 et
1516 4611 1712 4658 terram
1740 4621 1953 4672 novam,
1986 4607 2037 4661 in
2066 4608 2186 4677 qui-

615 4690 715 4743 bus
756 4685 847 4742 ﬁlii
896 4703 1170 4743 servorum
1219 4688 1416 4745 Christi
1469 4691 1729 4747 habitent.
1762 4692 1956 4749 Paulus
1999 4711 2187 4751 servus

617 4781 847 4850 Clu-isti,
877 4780 1122 4835 similiter
1167 4790 1220 4834 et
1263 4796 1448 4836 omnes
1499 4785 1725 4852 apostoli
1781 4786 1919 4840 servi
1965 4785 2180 4840 Christi.

617 4870 728 4925 Nos
753 4870 844 4938 qui
871 4869 1190 4926 credidimus
1235 4885 1332 4940 per
1357 4886 1450 4926 eos
1479 4871 1571 4926 filii
1612 4889 1887 4930 servorum
1916 4876 2079 4945 ipsius
2097 4893 2188 4933 su-

620 4976 756 5015 mus.
801 4959 866 5014 Et
892 4961 937 5015 si
974 4961 1143 5015 secuti
1169 4960 1424 5016 fuerimus
1449 4963 1670 5031 vestigia
1715 4979 1919 5030 eorum,
1950 4966 2086 5019 sicut
2113 4966 2187 5020 illi

576 5095 580 5098 .
619 5053 834 5115 Christi,
867 5051 1222 5107 habitabimus
1245 5068 1367 5106 cum
1387 5053 1465 5107 eis
1485 5053 1537 5106 in
1566 5054 1703 5109 caelo
1726 5070 1866 5108 novo
1894 5064 1950 5108 et
1975 5055 2026 5108 in
2051 5063 2192 5108 terra

622 5160 780 5199 nova.
806 5143 872 5197 Et
899 5159 1080 5198 semen
1101 5143 1249 5198 verbi
1274 5144 1415 5212 quod
1438 5144 1590 5199 nobis
1615 5160 1763 5213 Spem
1788 5143 1933 5197 dedit
1969 5145 2160 5198 creden
2179 5175 2193 5186 -

622 5234 783 5296 tibus,
815 5239 942 5288 tunc
968 5234 1146 5304 capiet
1172 5234 1225 5287 in
1254 5235 1683 5288 remuneratione
1723 5240 1904 5286 nostra
1942 5233 2190 5300 fructum,

571 5385 575 5389 .
621 5320 766 5388 quod
790 5321 901 5387 jam
931 5321 1088 5375 finem
1117 5337 1225 5377 non
1254 5321 1466 5386 habeat,
1498 5321 1589 5377 sed
1632 5310 1845 5376 maneat
1872 5320 2132 5376 directum
2161 5339 2190 5376 a

577 5469 580 5472 λ
623 5412 736 5466 Dco
751 5412 1128 5477 irrevocabile;
1152 5414 1219 5466 ad
1239 5413 1513 5468 dimidium
1533 5413 1736 5468 dierum
1756 5412 1926 5483 prima
1947 5414 2194 5468 inventus

525 5549 531 5554 .
624 5511 724 5565 est,
756 5508 810 5555 et
836 5500 1082 5554 ultimum
1109 5501 1316 5556 dierum
1342 5509 1606 5557 senectus.
1639 5501 1716 5556 lbi
1763 5515 1891 5568 ergo
1934 5500 2045 5568 jam
2096 5516 2194 5556 nec

625 5594 680 5648 in
707 5589 924 5645 dimidio
969 5589 1175 5658 dierum
1205 5589 1488 5656 ﬁniuntur,
1540 5607 1637 5646 nec
1677 5592 1728 5644 in
1758 5597 2031 5646 senectute
2075 5607 2192 5645 mo-

625 5686 852 5742 riuntur.
885 5680 1020 5750 Quia
1069 5681 1190 5736 caeli
1220 5683 1344 5736 novi
1370 5691 1514 5748 sunt,
1552 5697 1730 5738 rorem
1782 5681 2195 5739 immortalitatis

2259 4603 2436 4669 .liter,
2460 4609 2516 4656 et
2561 4600 2648 4654 ille
2684 4612 2807 4654 cum
2834 4597 3168 4652 benedicitur
3209 4612 3242 4650 a
3287 4595 3461 4658 nobis,
3491 4593 3864 4664 propitiabitur

2295 4693 2542 4748 omnibus
2556 4689 2924 4758 iniquitatibus
2939 4687 3154 4750 nostris,
3171 4693 3326 4740 sanat
3338 4699 3526 4739 onmes
3536 4680 3867 4737 inﬁrmitates

2297 4793 2527 4848 nostras,
2542 4782 2712 4850 replet
2731 4782 2783 4834 in
2800 4779 2953 4835 nobis
2967 4778 3288 4834 desiderium
3302 4785 3561 4842 nostrum,
3575 4783 3630 4830 et
3648 4781 3870 4829 coronat

2297 4893 2396 4933 nos
2422 4877 2474 4930 in
2505 4887 2670 4941 regno
2691 4889 2807 4938 suo,
2831 4887 2931 4941 pro
2958 4869 3300 4926 miseratione
3319 4883 3414 4922 sua
3428 4876 3484 4921 et
3508 4863 3872 4921 misericordia

2295 4982 2411 5023 sua.
2445 4963 2873 5020 Misericordibus
2892 4961 3035 5015 enim
3050 4960 3286 5015 dicturus
3307 4967 3422 5012 est:
3445 4957 3643 5021 Venite,
3666 4954 3872 5010 benedi-

2295 5057 2364 5108 cti
2386 5053 2560 5108 Patris
2588 5054 2706 5117 mei,
2729 5053 2970 5121 percipite
2993 5065 3202 5119 regnum
3225 5047 3360 5119 quod
3379 5047 3516 5100 vobis
3545 5053 3783 5117 paratum
3801 5051 3877 5096 est

2295 5145 2360 5197 ab
2379 5147 2576 5216 origine
2599 5144 2778 5198 mundi
2799 5140 3009 5212 (Matth.
3031 5139 3246 5208 xxv).ln
3276 5153 3382 5208 quo
3408 5151 3575 5205 regno
3595 5151 3741 5190 mors
3769 5149 3878 5188 non

2295 5236 2418 5300 erit,
2453 5248 2549 5288 nec
2563 5233 2694 5286 dura
2722 5239 2969 5286 senectus
2993 5229 3236 5285 debilitat
3259 5229 3416 5293 vires,
3441 5227 3535 5282 sed
3555 5233 3881 5281 renovantur

2297 5325 2370 5378 ibi
2408 5317 2732 5391 juventutes,
2763 5328 2823 5374 ut
2849 5320 3063 5389 aquike,
3120 5319 3192 5373 ibi
3243 5318 3678 5374 misericordibus
3725 5317 3879 5370 faciet

2299 5409 2691 5466 misericordias
2712 5410 2985 5474 Dominus,
3016 5417 3072 5463 et
3089 5407 3347 5478 judicium
3367 5407 3616 5463 omnibus
3635 5406 3884 5473 injuriam

2298 5502 2642 5574 patientibus.
2665 5499 2784 5570 Ipse
2805 5502 2986 5569 utique
3005 5501 3164 5563 Deus,
3181 5501 3272 5568 qui
3294 5509 3452 5554 notas
3477 5497 3603 5554 fecit
3630 5498 3742 5550 vias
3759 5511 3888 5549 suas

2300 5592 2490 5663 Moysi,
2519 5591 2630 5660 ipse
2654 5591 2746 5658 qui
2776 5589 3010 5645 ostendit
3030 5590 3148 5644 filiis
3169 5589 3330 5644 Israel
3353 5589 3684 5643 voluntatem
3709 5601 3883 5639 suam.

2301 5681 2421 5754 Ipse
2441 5691 2521 5736 est
2549 5681 2686 5738 Deus
2715 5683 2768 5736 in
2807 5680 3029 5745 Christo,
3070 5681 3182 5735 sive
3211 5669 3453 5736 mundum
3482 5680 3766 5734 concilians
3797 5679 3820 5738 (’
3841 5675 3910 5730 ιι
