4244 6258
394 334 495 391 475

1349 333 1813 390 COMMENTARII
1853 335 1918 388 IN
1954 335 2278 392 PSAIMOS.
2321 338 2508 394 PSAI..
2550 337 2676 394 CIII.

3549 341 3652 394 tu
3696 315 3700 322 ’

395 455 514 509 Cor.
544 457 620 522 ν),
653 454 768 507 sive
787 461 997 507 sanctos
1032 465 1394 512 rettutnerans.
1426 452 1539 504 sive
1576 450 1968 505 misericordias
1997 452 2046 512 Α
2073 461 2253 508 rantes
2275 455 2440 508 verbo
2473 455 2608 524 ejus.
2644 453 2796 508 Hunc
2823 450 3141 508 benedicent
3167 451 3391 506 virtutes
3415 453 3653 505 omnium

395 545 828 601 misericordibus
865 544 1088 599 facietis.
1136 543 1253 612 Ipse
1299 543 1390 612 qui
1428 543 1654 612 patiens,
1710 543 1825 612 ipse
1873 543 1966 611 qui

395 637 621 691 multum
670 634 974 695 misericors
1013 642 1113 698 est,
1144 633 1189 688 si
1237 647 1336 688 nos
1373 632 1565 687 viderit
1601 633 1869 702 patientes
1913 640 1969 688 et

395 723 788 788 misericordes,
838 738 945 778 non
999 714 1292 778 secundum
1333 730 1552 792 peccata
1583 729 1765 777 nostra
1808 719 1969 776 faciet

396 815 569 877 nobis,
602 829 776 883 neque
802 812 1090 868 secundum
1118 813 1405 882 injustitias
1425 821 1635 867 nostras
1653 811 1839 866 reddet
1867 826 1968 865 no-

395 904 494 971 bis,
526 905 623 960 sed
648 903 937 960 secundum
963 903 1300 958 altitudinem
1324 903 1446 958 caeli
1462 918 1494 958 a
1514 910 1675 966 terra,
1691 899 1972 958 conﬁrmat

394 1013 557 1067 super
603 1013 702 1053 nos
747 996 1170 1053 misericordiam
1197 1011 1367 1052 suam.
1398 994 1465 1048 Et
1504 1003 1766 1064 quantum
1811 993 1972 1048 distat

393 1097 543 1145 ortus
570 1089 638 1144 ab
666 1105 883 1157 occasu,
935 1097 1141 1144 tantum
1168 1089 1385 1156 elongat
1431 1103 1463 1142 a
1489 1087 1644 1142 nobis
1663 1086 1973 1156 iniquitates

393 1187 625 1236 nostras.
677 1177 828 1240 Sicut
855 1187 1012 1250 pater
1039 1177 1180 1245 ﬁliis,
1230 1179 1308 1234 sic
1332 1178 1670 1233 miserebitur
1697 1177 1885 1242 nostri,
1927 1177 1974 1231 si

393 1274 768 1329 misericordes
796 1274 1072 1329 fuerimus.
1096 1273 1154 1328 Si
1173 1271 1571 1328 consideremus
1596 1272 1649 1344 in
1668 1271 1974 1326 hominibus

394 1364 662 1430 flentibus,
688 1375 783 1419 aut
809 1365 1108 1433 egentibus,
1131 1363 1215 1418 vel
1248 1363 1620 1419 necessitatem
1650 1361 1974 1430 patientibus

396 1455 704 1526 ﬁgmentum
732 1463 994 1522 nostrum,
1027 1455 1078 1509 in
1108 1470 1212 1525 qua
1241 1469 1492 1512 mensura
1520 1452 1689 1508 mensi
1717 1449 1975 1506 fuerimus

397 1547 621 1602 aliorum
649 1547 1018 1612 necessitates,
1048 1547 1103 1600 itt
1133 1560 1196 1599 ea
1238 1544 1494 1600 metietur
1527 1542 1701 1599 nobis.
1744 1541 1859 1596 Non
1898 1539 1975 1596 fui

398 1639 700 1694 misericors
746 1639 799 1692 in
849 1653 1011 1693 causa
1037 1638 1232 1702 aliena,
1290 1652 1400 1692 non
1437 1637 1568 1691 mibi
1603 1636 1885 1692 miseretur
1918 1635 1973 1690 in

396 1743 535 1785 mea.
586 1729 822 1784 Subveni
851 1730 1047 1798 egenti,
1090 1729 1405 1785 subvenitur
1441 1727 1591 1783 mihi.
1619 1727 1818 1782 Indulsi
1844 1741 1969 1796 pec-
2021 1771 2031 1782 .

2070 549 2316 604 inimicae.
2349 549 2481 618 Ipsa:
2521 549 2664 603 enim
2706 547 2902 603 faciunt
2941 547 3270 602 voluntatem
3319 547 3452 616 ejus.
3502 544 3652 599 Iluuc

2068 641 2394 696 benedicunt
2421 641 2599 695 omnia
2631 655 2797 710 opera
2824 639 2940 708 ejus
2978 639 3030 694 in
3071 639 3217 694 omni
3246 638 3366 693 loco
3409 629 3656 692 domina;

2069 732 2231 786 tionis
2251 732 2384 812 ejus.
2405 731 2713 802 Ubicunque
2732 731 2876 786 enim
2904 731 3078 800 aliqua
3107 741 3352 785 creatura
3378 736 3478 793 est,
3503 728 3655 783 locus

2069 821 2450 877 dominationis
2489 822 2605 890 ejus
2651 829 2752 887 est,
2806 822 2930 891 quia
2978 822 3091 891 ipse
3143 821 3344 875 creavit
3383 819 3652 874 universa.

2072 911 2226 968 Hunc
2253 913 2508 982 operibus
2536 912 2618 967 bis
2643 912 2924 968 benedicat
2975 912 3152 966 anima
3199 919 3381 966 nostra
3417 910 3467 962 in
3506 907 3652 963 omni

2072 1013 2336 1075 tempore,
2384 1005 2477 1073 qui
2525 1013 2717 1073 regnat
2743 1019 2864 1058 cum
2905 1002 3066 1058 Patre
3116 1011 3172 1056 et
3216 1000 3415 1073 Spiritu
3443 1006 3649 1064 sancto,

2071 1112 2171 1167 per
2198 1098 2377 1153 omnia
2404 1097 2597 1152 saecula
2637 1096 2968 1152 saeculorum.
3001 1095 3189 1149 Amen.

2617 1184 2930 1242 PSALMUS
2967 1184 3095 1240 CIII.

2574 1277 2813 1334 Psalmus
2842 1277 2940 1347 ipsi
2969 1274 3152 1329 David.

2148 1369 2386 1435 Benedic,
2412 1370 2588 1424 aninta
2616 1385 2750 1433 mea,
2795 1367 3046 1431 Domino;
3078 1363 3300 1419 Domine
3327 1362 3462 1417 Deus
3491 1378 3649 1423 meus,

2076 1463 2442 1533 magniﬁcatus
2479 1479 2531 1516 es
2551 1445 2887 1516 uehenienter.
2922 1457 3304 1530 Confessionem
3339 1464 3388 1507 et
3428 1454 3655 1507 decorem

2075 1553 2311 1618 induisti,
2353 1555 2569 1607 amictus
2597 1553 2788 1606 lumine
2829 1553 2960 1606 sicut
3003 1551 3316 1605 vestimento.
3358 1544 3658 1600 Extendens

2079 1643 2259 1698 cazlum
2286 1646 2417 1698 sicut
2435 1644 2638 1715 pellem,
2678 1645 2763 1715 qui
2786 1645 2914 1715 tegis
2937 1643 3082 1714 aquis
3111 1641 3378 1712 superiora
3402 1639 3530 1709 ejus.
3557 1634 3658 1700 Qui

2081 1736 2230 1804 ponis
2257 1736 2443 1789 nubem
2458 1751 2725 1789 ascensum
2745 1743 2903 1797 tuum,
2922 1733 3006 1804 qui
3034 1730 3266 1785 ambulas
3293 1745 3446 1800 super
3465 1744 3660 1799 pennas

397 1819 559 1883 ωηῑὶ,
589 1818 894 1888 indulgetur
945 1819 1094 1872 11111ὶὶ-
1136 1817 1488 1874 ConSideraVi
1534 1817 1692 1872 unius
1737 1815 1977 1886 ﬁgmenti
2006 1807 2058 1868 Β
2081 1835 2361 1881 uentorum.
2398 1827 2499 1895 Qui
2527 1829 2660 1900 facis
2687 1827 2897 1899 angelos
2928 1835 3036 1878 tuos
3063 1825 3296 1895 spiritus,
3325 1829 3374 1876 et
3397 1821 3660 1875 ministros

398 1924 484 1966 me
525 1917 774 1979 agentem
820 1910 876 1964 in
907 1910 1171 1974 mollibus,
1203 1918 1260 1964 et
1283 1910 1432 1965 dolui
1473 1923 1636 1979 super
1680 1908 1897 1975 nudum,
1922 1917 1980 1963 et

402 2001 601 2056 vestivi
627 2015 768 2054 eum.
801 1998 1071 2055 Esurienti
1117 2015 1446 2070 compassus,
1493 1999 1618 2054 alui.
1666 1998 1808 2067 Ergo
1852 1999 1977 2070 quia

405 2089 740 2145 consideravi
761 2089 1067 2159 figmentum
1091 2106 1253 2145 unum
1273 2105 1450 2146 meum
1470 2089 1840 2158 etindigentis,
1856 2107 1983 2147 con-

408 2180 609 2236 siderat
654 2189 710 2237 et
736 2182 827 2236 ille
854 2181 1160 2251 figmentum
1196 2197 1390 2249 meum,
1413 2190 1468 2237 et
1493 2182 1823 2248 recordatur,
1853 2183 1981 2252 quia

410 2286 538 2326 caro
565 2286 682 2325 sum
719 2279 935 2326 terrena
973 2281 1028 2326 et
1051 2272 1240 2341 pulvis.
1269 2271 1350 2326 Ex
1374 2288 1482 2343 quo
1510 2273 1554 2327 si
1586 2272 1834 2341 dignatus
1859 2271 1980 2327 fue-

407 2361 495 2429 rit,
527 2376 626 2416 nos
645 2362 843 2431 poterit
861 2363 1138 2418 suscitare.
1168 2362 1300 2420 Nam
1321 2363 1368 2420 si
1408 2362 1510 2419 hoc
1531 2379 1640 2418 non
1669 2371 1832 2429 esset,
1856 2363 1983 2432 quis

404 2461 739 2523 computaret
774 2454 1063 2520 hominem,
1094 2455 1185 2525 qui
1224 2456 1364 2511 sicut
1390 2454 1489 2510 ﬁos
1517 2457 1649 2525 agri,
1689 2456 1762 2510 ita
1783 2456 1979 2519 floriet,

404 2551 458 2596 et
486 2543 707 2600 transiet
751 2547 968 2615 spiritus
990 2545 1106 2616 ejus
1131 2546 1198 2601 ab
1237 2561 1326 2610 eo,
1357 2555 1412 2602 et
1456 2561 1562 2601 non
1590 2555 1692 2612 est,
1722 2556 1777 2601 et
1805 2547 1982 2603 locum

404 2650 556 2689 suum
597 2651 705 2691 non
729 2645 986 2705 agnoscet
1019 2637 1266 2706 amplius.
1291 2637 1350 2691 Si
1382 2651 1509 2692 vero
1563 2633 1982 2692 misericordiam

405 2726 754 2794 temporalem
783 2727 1182 2782 exercuerimus
1220 2725 1474 2782 fratribus
1518 2729 1731 2794 nostris,
1775 2728 1985 2784 miseri-

401 2813 642 2869 cordiam
670 2831 1063 2885 consequemur
1108 2818 1513 2886 sempiternam,
1541 2833 1701 2887 quam
1747 2818 1986 2888 perficiet

406 2921 571 2976 super
594 2907 845 2962 timentes
871 2923 932 2962 se
952 2907 1229 2964 Dominus.
1249 2905 1518 2963 Justitiam
1541 2916 1721 2963 autem
1748 2923 1899 2963 suam
1928 2908 1983 2962 in

407 2997 547 3080 filios
574 2997 805 3052 ﬁliorum
832 3000 944 3068 qui,
968 3000 1221 3068 quoniam
1244 3017 1352 3058 non
1375 3009 1663 3071 potuerunt
1689 3016 1983 3072 pauperum

405 3091 697 3146 carnalium
719 3107 899 3148 curam
928 3106 1133 3161 gerere,
1156 3094 1471 3164 spiritalium
1493 3110 1784 3166 pauperum
1798 3110 1980 3151 curam

406 3192 654 3249 egerunt,
685 3193 859 3240 utaut
902 3186 1089 3251 verbo,
1120 3195 1214 3241 aut
1242 3188 1488 3258 exemplo
1524 3203 1643 3254 suo,
1675 3188 1741 3243 ad
1765 3187 1986 3258 justitite

405 3274 618 3329 divitias
646 3284 942 3346 provocent
961 3277 1272 3347 spiritaliter
1309 3279 1693 3336 mendicantes.
1723 3279 1780 3334 Si
1801 3280 1882 3336 vis
1905 3281 1988 3335 vi-

404 3364 530 3420 dere
567 3365 786 3421 divitem
835 3376 890 3421 et
935 3368 1260 3436 mendicum,
1291 3371 1463 3425 sancti
1492 3371 1725 3441 apostoli
1761 3369 1986 3426 Joannis

406 3457 522 3524 lege
548 3456 926 3528 Apocalypsin.
953 3458 1088 3515 Huic
1114 3475 1243 3527 ergo
1269 3461 1469 3516 similes
1487 3469 1612 3516 sunt
1634 3477 1822 3517 omnes
1847 3462 1984 3516 divi-

405 3555 485 3601 tes
506 3547 559 3601 in
584 3562 716 3602 auro
745 3556 800 3602 et
819 3558 1044 3616 argento
1071 3568 1083 3602 :
1116 3559 1172 3604 et
1199 3551 1252 3604 in
1283 3551 1406 3614 fide,
1430 3561 1521 3604 aut
1545 3552 1598 3605 in
1627 3551 1881 3620 operibus
1903 3552 1986 3621 ju-

404 3637 560 3692 stitia:
585 3639 966 3695 mendicantes.
1023 3639 1236 3694 Iustitia
1265 3649 1444 3694 autem
1472 3640 1566 3695 Dei
1605 3642 1656 3694 in
1683 3638 1820 3696 ﬁlios
1847 3641 1985 3696 filio-

411 3744 545 3782 rum.
565 3728 682 3784 Filii
710 3730 1075 3799 apostolorum
1101 3740 1224 3784 sunt
1251 3745 1438 3786 omnes
1461 3729 1699 3798 magistri
1721 3730 1982 3798 bonorum

406 3819 770 3874 consiliorum.
813 3819 881 3873 Et
920 3821 1058 3875 sicut
1083 3821 1184 3891 ipsi
1239 3818 1332 3874 ﬁlii
1386 3834 1572 3875 eorum
1619 3829 1761 3886 sunt,
1791 3821 1865 3875 ita
1889 3836 1982 3889 qut

409 3909 629 3964 audiunt
675 3925 787 3975 eos,
830 3909 922 3964 11111
953 3909 1182 3966 ﬁliorum
1235 3919 1378 3976 sunt,
1409 3910 1771 3966 custodientes
1810 3918 1982 3965 testa-

410 4007 648 4054 mentum
670 4000 784 4066 Dei,
815 4010 870 4055 et
898 4003 1154 4057 memoria
1185 4011 1429 4058 tenentes
1448 4001 1698 4056 mandata
1723 4001 1837 4064 Dei,
1873 4017 1980 4055 non

410 4099 469 4143 ut
487 4090 737 4145 inflentur
753 4093 992 4154 scientia.
1015 4093 1106 4149 sed
1132 4100 1188 4147 ut
1209 4092 1404 4148 faciant
1423 4109 1488 4148 ea
1517 4108 1634 4162 qum
1663 4093 1980 4148 memoriter

406 4190 625 4236 norunt.
661 4181 942 4238 Videamus
967 4198 1108 4239 nunc
1135 4185 1312 4250 illum,
1343 4185 1428 4239 cui
1459 4183 1618 4238 Pater
1643 4185 1694 4238 in
1722 4185 1871 4240 caelis
1890 4199 1980 4254 pa-

406 4273 542 4326 ravit
571 4272 752 4333 sedem
793 4291 963 4329 suam.
1002 4276 1258 4330 Dominus
1283 4277 1426 4331 enim
1473 4276 1699 4331 Domino
1745 4277 1974 4346 paravit.

403 4363 468 4416 Et
480 4364 610 4418 dixit
633 4364 882 4420 Dominus
896 4365 1136 4431 Domino,
1152 4365 1287 4420 Sede
1305 4385 1338 4420 a
1362 4367 1557 4421 dextris
1571 4369 1694 4420 meis
1711 4366 1824 4436 (Ps.
1844 4369 1971 4436 cu}.

405 4455 491 4509 Ibi.
525 4470 653 4523 ergo
675 4456 826 4511 sedet
856 4471 1101 4524 regnans,
1135 4467 1190 4512 et
1227 4456 1375 4525 regni
1414 4458 1530 4526 ejus
1559 4473 1665 4512 non
1703 4457 1805 4511 erit
1834 4455 1971 4512 finis.

398 4544 527 4601 Ideo
554 4548 675 4616 quia
705 4545 805 4602 dici
829 4556 1023 4617 potest,
1047 4549 1092 4602 si
1113 4563 1324 4618 semper
1345 4547 1442 4601 fuit
1466 4548 1629 4602 Filius
1649 4562 1771 4603 cum
1793 4547 1973 4611 Patre,

399 4637 670 4704 quomodo
699 4639 746 4692 ei
777 4647 904 4693 ante
931 4641 1155 4707 paravit,
1175 4648 1224 4693 et
1255 4647 1442 4708 postea
1469 4638 1602 4693 dixit
1626 4657 1638 4690 :
1664 4637 1837 4693 Sede?
1867 4637 1972 4692 Ad-

399 4729 712 4783 vertendum
743 4738 824 4782 est
868 4742 996 4796 ergo
1043 4729 1167 4798 quia
1198 4729 1330 4784 Filio
1357 4730 1590 4784 hominis
1610 4729 1814 4798 paravit
1838 4727 1980 4784 Deus

397 4820 579 4874 sedem
609 4835 779 4874 suam.
831 4820 962 4875 Nam
1016 4821 1178 4875 Filius
1213 4821 1308 4875 Dei
1354 4823 1446 4892 qui
1494 4821 1778 4892 assumpsit
1820 4820 1978 4875 istum

397 4907 589 4962 Filium
620 4909 869 4970 hominis,
906 4926 1119 4979 semper
1140 4909 1233 4964 fuit
1263 4911 1315 4964 in
1344 4911 1462 4964 sinu
1495 4909 1682 4976 Patris,
1708 4917 1762 4964 et
1803 4919 1903 4977 est,
1926 4919 1982 4965 et

339 5001 346 5009 '
397 5000 607 5056 futurus
634 5013 734 5056 est.
780 5001 928 5055 Sicut
967 5004 1108 5057 enim
1138 5001 1358 5066 ﬂuvius,
1389 5003 1630 5072 quamvis
1659 5019 1754 5072 per
1781 5002 1978 5056 multas

398 5101 662 5146 terrarum
709 5093 1012 5161 provincias
1059 5093 1234 5156 vadat,
1259 5094 1325 5147 de
1353 5094 1472 5148 sinu
1503 5101 1676 5147 tamen
1709 5092 1868 5147 fontis
1895 5092 1977 5145 sui

395 5200 670 5254 nunquant
708 5184 928 5249 recedit,
962 5184 1035 5237 ita
1063 5191 1118 5238 et
1131 5185 1239 5241 Dei
1271 5183 1432 5238 Filius
1464 5184 1738 5238 invisibilis
1773 5183 1979 5237 laetetur

393 5295 513 5332 cum
545 5277 733 5341 Iacob,
763 5276 1038 5346 splendeat
1071 5277 1122 5330 in
1153 5277 1314 5338 rubo,
1348 5277 1416 5329 sit
1445 5277 1496 5329 in
1524 5275 1769 5330 columna
1796 5273 1974 5340 nubis,

392 5371 459 5424 sit
490 5372 544 5426 111
588 5371 838 5425 columna
886 5371 1040 5439 ignis,
1090 5371 1159 5425 sit
1203 5369 1255 5423 in
1286 5369 1447 5435 nube,
1478 5369 1546 5423 sit
1576 5369 1627 5422 in
1656 5367 1809 5432 duce,
1841 5374 1896 5421 ct
1921 5368 1975 5420 in

393 5476 497 5529 qua
526 5461 758 5516 voluerit
799 5460 967 5517 forma
1017 5478 1112 5531 pro
1155 5461 1327 5514 salute
1367 5460 1667 5525 hominum,
1697 5459 1763 5513 de
1805 5458 1976 5512 Patris

393 5559 573 5607 tamen
601 5553 724 5606 sinu
752 5567 859 5606 non
901 5551 1123 5606 recedit.
1156 5549 1263 5604 Nec
1307 5549 1450 5603 enim
1497 5548 1628 5616 legis
1673 5549 1763 5617 qui
1793 5546 1973 5604 fuitin

392 5643 511 5700 sinu
537 5643 732 5706 Patris,
763 5643 857 5697 sed
885 5643 976 5712 qui
1017 5651 1098 5700 est
1128 5642 1177 5695 in
1218 5640 1334 5697 sinu
1365 5637 1539 5693 Patris
1569 5637 1681 5707 ipse
1709 5637 1964 5690 narravit.

393 5735 543 5795 IIunc
571 5737 891 5793 benedicunt
916 5736 1105 5805 angeli,
1137 5742 1382 5803 potentes
1408 5732 1658 5794 virtutes,
1689 5731 1970 5798 obtempe~

2085 1929 2197 1974 tuos
2214 1921 2385 1991 ignem
2406 1929 2656 1973 urentem.
2699 1919 2798 1986 Qui
2828 1917 3058 1990 fundasti
3108 1924 3300 1969 terram
3331 1927 3484 1983 super
3503 1909 3662 1964 stabi‘

2083 2009 2278 2063 litatem
2295 2025 2463 2073 suam,
2486 2025 2589 2062 non
2606 2005 3002 2063 inclinabiturin
3022 2005 3263 2060 saeculum
3276 2002 3470 2059 surculi.
3501 2001 3664 2071 Abys~

2083 2115 2171 2154 sus
2198 2100 2330 2153 sicut
2348 2099 2701 2154 uestimentum
2742 2099 2957 2152 amictus
2985 2099 3117 2169 ejus,
3147 2112 3299 2167 super
3324 2102 3522 2148 montes
3551 2099 3664 2145 sta--

2085 2190 2209 2245 bunt
2238 2207 2402 2263 aque.
2430 2191 2506 2244 Ab
2535 2192 2886 2262 increpatione
2913 2197 3000 2242 tua
3022 2189 3234 2261 fugient,
3258 2203 3290 2239 a
3309 2200 3428 2239 uoce
3454 2182 3664 2237 tonitrui

2085 2284 2158 2336 tui
2180 2281 2548 2353 fannidabunt.
2572 2281 2865 2336 Ascendunt
2884 2289 3098 2346 montes,
3120 2287 3170 2334 et
3191 2276 3501 2331 descendunt
3525 2291 3664 2328 cam-

2084 2371 2140 2441 pi
2175 2372 2232 2424 in
2277 2370 2444 2424 locum
2497 2387 2645 2439 quem
2698 2370 2928 2442 fundasti
2982 2371 3075 2423 eis.
3120 2367 3413 2421 Terminum
3452 2364 3668 2436 posuisti

2084 2477 2232 2532 quem
2273 2476 2378 2516 non
2417 2459 2878 2531 transgredientur,
2900 2475 3060 2530 neque
3090 2463 3444 2511 convertentur
3470 2455 3667 2526 aperire

2087 2561 2296 2606 terram.
2331 2548 2430 2614 Qui
2457 2552 2648 2605 emittis
2677 2553 2844 2622 fontes
2863 2551 2917 2604 in
2939 2545 3271 2610 convallibus,
3291 2547 3426 2600 inter
3445 2543 3664 2596 medium

2085 2644 2336 2699 montium
2363 2642 2745 2713 pertransibunt
2775 2656 2938 2712 aqua.
2969 2636 3229 2692 Potabunt
3275 2650 3450 2689 omnes
3495 2633 3667 2686 bestia:

2085 2735 2221 2804 agri,
2248 2731 2612 2804 suspectabant
2639 2732 2820 2802 onagri
2845 2731 2897 2783 in
2918 2729 3005 2783 siti
3029 2745 3142 2782 sua.
3177 2725 3343 2796 Super
3361 2741 3422 2778 ea
3441 2723 3666 2777 volucres

2085 2823 2196 2878 caeli
2207 2821 2524 2888 habitabant,
2541 2821 2778 2876 demedio
2794 2827 3051 2891 petrarum
3063 2817 3454 2871 dabuntvocem.
3475 2811 3667 2884 Rigans

2085 2923 2282 2970 montes
2311 2915 2375 2968 de
2399 2911 2743 2986 superioribus
2770 2913 2897 2976 suis,
2928 2910 2992 2964 de
3019 2912 3186 2982 fructu
3231 2922 3439 2979 operum
3469 2913 3666 2960 tuorum

2084 3008 2360 3062 satiabitur
2387 3016 2545 3063 terra.
2573 3005 2873 3060 Producens
2896 3005 3068 3076 fenum
3089 3002 3336 3074 jumentis
3375 3005 3424 3054 et
3460 2997 3668 3051 herbam

2085 3100 2317 3154 servituti
2343 3100 2623 3154 hominum.
2650 3097 2718 3152 Ut
2736 3097 2924 3152 educas
2943 3111 3128 3168 panem
3157 3093 3218 3148 de
3245 3102 3400 3158 terra,
3425 3100 3474 3147 et
3501 3093 3668 3147 vinum

2012 3166 2060 3232 ο
2090 3188 2316 3259 lteti/icet
2334 3207 2425 3245 cor
2443 3176 2684 3245 hominis.
2718 3187 2786 3243 Ut
2805 3166 3059 3244 exhilarct
3085 3187 3270 3259 faciem
3287 3187 3343 3238 in
3364 3184 3495 3248 oleo,
3517 3193 3567 3238 et
3585 3201 3670 3254 pa-

2087 3279 2170 3333 nis
2184 3295 2274 3332 cor
2296 3279 2521 3334 hominis
2548 3279 2837 3350 conﬁrmet.
2885 3276 3209 3332 Saturabunt
3236 3273 3377 3346 ligna
3406 3273 3593 3343 campi,
3621 3281 3668 3325 et

2085 3370 2228 3424 cedri
2247 3369 2434 3425 Libani
2463 3387 2592 3443 quas
2617 3367 2886 3442 plantavit,
2921 3369 3027 3423 illic
3051 3384 3280 3440 passeres
3309 3367 3666 3437 nidificabunt.

2087 3457 2308 3512 Herodii
2334 3459 2516 3513 domus
2546 3459 2651 3513 dua:
2690 3467 2767 3512 est
2791 3474 2996 3523 eorum,
3023 3467 3221 3511 montes
3272 3445 3460 3509 ea’celsi
3488 3454 3668 3516 cervis,

2084 3559 2230 3618 petra
2259 3551 2514 3620 refugium
2543 3549 2805 3603 erimiciis.
2833 3544 2981 3599 Fecit
3007 3545 3182 3599 lunam
3219 3544 3272 3596 in
3301 3550 3547 3613 tempora,
3581 3541 3668 3594 sed

2085 3640 2322 3710 cognouit
2347 3645 2582 3694 occasum
2606 3653 2773 3690 suum.
2808 3634 3038 3688 Posuisti
3066 3632 3315 3696 tenebras,
3340 3639 3390 3683 et
3426 3633 3565 3702 facta
3593 3638 3668 3686 est

2085 3745 2210 3794 nox,
2240 3731 2294 3782 in
2322 3730 2438 3799 ipsa
2483 3726 2866 3798 pertransibunt
2911 3739 3085 3777 omnes
3116 3721 3290 3775 bestia:
3313 3721 3474 3774 silvte.
3499 3718 3669 3773 Catuli

2083 3822 2290 3878 leonum
2329 3821 2607 3892 rugientes,
2631 3826 2690 3871 ut
2723 3816 2929 3887 rapiant
2957 3822 3010 3892 et
3043 3819 3275 3886 qucerant
3305 3829 3336 3864 a
3362 3811 3472 3865 Deo
3499 3827 3668 3864 escam

2084 3913 2202 3967 sibi.
2237 3890 2407 3966 Ortus
2421 3918 2496 3965 est
2527 3911 2606 3965 sol
2650 3917 2700 3964 et
2739 3890 3039 3980 congregali
3078 3913 3218 3969 sunt,
3247 3912 3295 3958 et
3329 3905 3384 3958 in
3423 3902 3671 3956 cubilibus

2080 4005 2190 4058 suis
2217 4001 2621 4058 collocdbuntur.
2649 3998 2827 4053 Etibit
2857 3998 3008 4052 homo
3036 3996 3106 4050 ad
3151 4007 3279 4066 opus
3308 4009 3482 4058 suum,
3511 3999 3558 4045 et
3597 3993 3669 4045 ad

2082 4097 2434 4165 operationem
2456 4109 2603 4148 suam
2630 4107 2789 4161 usque
2816 4089 2886 4144 ad
2915 4103 3194 4161 vesperam.
3228 4085 3394 4151 Quam
3421 4083 3667 4156 magniﬁ—

2082 4192 2198 4240 cata
2217 4194 2338 4240 sunt
2352 4203 2508 4256 opera
2535 4193 2642 4249 tua,
2661 4182 2908 4237 Domine!
2925 4182 3100 4236 omnia
3120 4181 3175 4234 in
3203 4178 3456 4249 sapientia
3478 4175 3666 4248 fecisti,

2079 4278 2292 4348 impleta
2335 4287 2410 4330 est
2433 4285 2570 4332 terra
2598 4271 2925 4347 posseisione
2963 4281 3072 4326 tua.
3107 4269 3221 4324 Hoc
3256 4283 3398 4324 mare
3423 4282 3668 4338 magnum

2081 4377 2130 4422 et
2159 4369 2445 4438 spatiosum
2471 4367 2730 4431 manibus,
2758 4366 2866 4420 illic
2887 4365 3090 4435 reptilia
3111 4377 3324 4443 quorum
3348 4376 3450 4413 non
3471 4368 3547 4412 est
3571 4374 3668 4411 nu-

2082 4477 2274 4515 merus.
2316 4460 2581 4513 Animalia
2609 4457 2797 4529 pusilla
2843 4466 2957 4513 cum
2984 4455 3209 4527 magnis,
3240 4453 3347 4508 illic
3376 4468 3527 4506 naues
3548 4465 3668 4522 per-

2086 4551 2395 4607 transibunt.
2429 4549 2603 4604 Draco
2643 4551 2738 4604 iste
2767 4566 2913 4615 quem
2954 4547 3192 4619 formasti
3245 4544 3314 4599 ad
3349 4542 3666 4598 illudendum

2084 4643 2152 4705 ei,
2179 4641 2353 4696 omnia
2376 4651 2468 4694 ate
2496 4647 2889 4710 exspectant,ut
2916 4638 3004 4690 des
3034 4636 3138 4689 illis
3166 4650 3334 4690 escam
3353 4635 3407 4688 in
3426 4643 3663 4704 tempore.

2088 4734 2262 4788 Dante
2291 4741 2338 4786 te
2364 4731 2468 4787 illis
2498 4732 2758 4804 colligent,
2799 4731 3058 4801 aperiente
3082 4737 3130 4780 te
3154 4744 3363 4780 manum
3392 4734 3532 4779 tuam
3559 4739 3669 4778 om-

2085 4825 2175 4879 nia
2229 4823 2572 4894 implebuntur
2609 4823 2851 4876 bonitate.
2885 4822 3152 4874 Avertente
3187 4827 3354 4872 autem
3397 4826 3446 4870 te
3482 4815 3667 4886 faciem

2088 4913 2450 4976 turbabuntur,
2480 4913 2684 4986 auferes
2714 4912 2947 4983 spiritum
2971 4926 3145 4965 eorum
3179 4917 3225 4962 et
3251 4907 3504 4976 deficient,
3535 4913 3585 4956 et
3607 4903 3664 4955 in

2038 5003 2336 5071 ‘pulverem
2365 5017 2512 5054 suum
2541 5009 2871 5055 revertentur.
2907 4998 3122 5054 Emittrs
3167 4997 3398 5065 spiritum
3437 5002 3575 5045 tuum
3611 4996 3682 5067 et,

2082 5094 2408 5157 creabantur,
2457 5102 2506 5147 et
2535 5091 2800 5148 renat‘abis
2830 5091 3011 5156 faciem
3041 5087 3206 5140 tefrte.
3247 5085 3328 5138 Sit
3357 5083 3524 5154 gloria
3550 5079 3662 5138 Do-

2082 5187 2209 5240 mini
2238 5187 2290 5239 in
2321 5186 2583 5263 sarculum,
2610 5184 2868 5240 lmtabitur
2895 5179 3149 5232 Dominus
3178 5176 3233 5229 in
3262 5173 3498 5245 operibus
3531 5175 3658 5230 suis.

2085 5275 2186 5339 Qui
2214 5277 2422 5346 respicit
2450 5285 2640 5354 ιδῃ·οω
2694 5281 2743 5326 et
2783 5270 2908 5342 facit
2935 5285 3048 5321 eam
3097 5276 3328 5334 tremere,
3377 5267 3466 5340 qui
3492 5267 3661 5340 tangit

2081 5376 2277 5420 montes
2311 5375 2358 5420 et
2413 5365 2682 5436 fumigant.
2715 5357 2947 5413 Cantabo
3002 5356 3226 5411 Domino
3279 5359 3331 5412 in
3377 5360 3481 5412 rita
3522 5373 3661 5424 mea,

2078 5458 2300 5528 psallam
2355 5455 2576 5509 Domino
2629 5468 2740 5505 meo
2793 5450 3022 5521 quandiu
3069 5466 3200 5505 sum.
3249 5449 3538 5505 Iucundum
3591 5451 3663 5504 sit

2076 5551 2124 5602 ci
2165 5548 2419 5616 eloquium
2463 5558 2653 5605 meum,
2687 5559 2793 5610 ego
2835 5557 2957 5596 vero
3009 5541 3297 5597 delectabar
3327 5542 3381 5594 in
3411 5539 3655 5592 Domino.

2077 5638 2338 5708 Deﬁctant
2362 5640 2652 5704 peccatores
2683 5650 2714 5685 a
2745 5642 2880 5686 terra
2901 5641 2945 5688 et
2967 5634 3150 5705 iniqui,
3195 5633 3269 5685 ita
3306 5639 3360 5682 ut
3393 5643 3493 5682 non
3521 5626 3658 5690 sint;

2077 5726 2303 5786 benedic,
2335 5722 2509 5776 anima
2531 5737 2664 5787 mea,
2698 5721 2939 5777 Domino.
