4252 6264
580 296 683 353 ‘75

1158 424 1592 468 COIIENTAIIIUI.

648 501 995 559 Pervenimus
1022 502 1088 556 ad
1116 502 1380 573 psalmum
1410 503 1769 559 centesimum
1802 503 2037 568 tertium,
2080 505 2174 573 qui

575 594 820 648 continet
845 593 1152 648 universam
1178 593 1435 650 fabricam
1464 594 1650 650 mundi
1686 595 1741 649 in
1779 610 1904 667 qua.
1925 594 2174 664 magniﬁ-
2208 638 2223 651 .

574 693 731 739 catur
753 680 1012 739 Dominus
1032 683 1401 742 vehementer.
1418 685 1525 742 Sed
1544 702 1664 743 etim
1693 687 1949 744 fabricam
1978 700 2178 745 memo-

574 780 675 839 rat,
720 772 1014 828 adventum
1040 774 1253 830 Domini
1282 774 1609 832 manifestat.
1643 774 1801 832 Prius
1828 778 1973 837 enim
2010 793 2179 850 quam

572 865 781 923 veniret
808 864 905 921 Dei
926 864 1111 933 Filius,
1147 883 1255 923 non
1275 877 1395 923 erat
1422 869 1704 924 hominum
1728 870 2006 937 Dominus,
2039 886 2169 927 con-

573 958 862 1015 fessionem
890 970 946 1015 et
966 961 1217 1018 decorem
1247 964 1483 1019 indutus.
1507 963 1707 1021 Omnes
1736 962 1885 1022 enim
1912 968 1973 1022 in
1988 967 2091 1024 diis
2120 977 2177 1024 et

572 1056 872 1111 simulacris
901 1057 1034 1123 suis,
1055 1066 1110 1113 et
1134 1058 1187 1112 in
1206 1059 1359 1115 vanis
1381 1058 1650 1129 figmentis
1674 1076 1824 1133 spem
1848 1062 2176 1119 collocantes

571 1164 601 1202 a
632 1148 744 1203 Deo
774 1158 1131 1205 recesserant.
1166 1151 1406 1221 Denique
1437 1152 1730 1223 Apostolus
1748 1153 1855 1210 hoc
1880 1154 2057 1226 ipsum
2084 1168 2174 1212 as-

570 1239 701 1295 serit
742 1256 865 1295 cum
892 1241 1022 1296 dicit
1065 1244 1209 1312 quod
1249 1242 1541 1300 adveniens
1567 1244 1827 1302 Dominus
1869 1248 2175 1303 concluserit

570 1333 743 1387 omnia
772 1334 826 1386 in
850 1334 1283 1410 incredulitatem,
1305 1344 1362 1389 ut
1383 1337 1612 1391 omnium
1637 1338 1943 1393 misereatur
1991 1338 2168 1408 (Rom.

573 1423 672 1495 xi).
708 1422 811 1479 Per
841 1425 1015 1495 ipsum
1044 1426 1186 1481 enim
1216 1427 1612 1484 confessionem
1642 1439 1698 1485 et
1725 1430 1979 1486 decorem
2001 1431 2174 1487 induit

573 1513 734 1579 Deus,
768 1531 865 1585 per
894 1516 1250 1573 mediatorem
1281 1518 1375 1573 Dei
1403 1529 1457 1574 et
1484 1520 1787 1577 hominum.
1820 1520 2174 1579 Mediatorem

571 1604 662 1673 qui
692 1613 776 1659 est
808 1605 947 1661 filius
992 1607 1243 1663 hominis.
1276 1607 1442 1680 Cujus
1480 1611 1748 1667 hominis?
1773 1611 1940 1668 Filius
1979 1613 2169 1678 David,

571 1692 739 1751 Filius
768 1697 1013 1753 Abrahm.
1048 1698 1139 1755 Sic
1167 1701 1312 1757 enim
1334 1702 1466 1771 legis
1494 1702 1771 1774 Evangelii
1793 1713 1957 1777 caput
1982 1725 1992 1759 :
2019 1705 2173 1762 Liber

1937 294 2211 353 ARNOBII
2250 295 2556 355 JUNIORlS

2199 417 2253 477 Α
2278 414 2426 479 bant,
2460 414 2651 468 timent
2679 412 3099 469 comminantem
3129 412 3436 468 incendium
3461 412 3871 481 sempiternum,

3770 284 3871 354 376

2279 515 2335 563 et
2364 524 2394 562 a
2419 507 2725 579 prohibitis
2771 507 3034 562 universis
3072 520 3169 561 sua
3209 505 3350 561 facta
3388 504 3741 574 suspendunt.
3778 505 3878 561 As-

2278 601 2516 658 eendunt
2543 610 2755 659 montes
2783 602 3085 671 cogitantes
3113 613 3280 669 regna
3309 598 3603 663 caelorum,
3652 598 3877 654 descen-

2276 692 2412 748 dunt
2464 700 2680 749 montes
2747 693 3048 762 cogitantes
3118 687 3577 760 quemadmodum
3634 698 3879 744 terrenas

2277 784 2519 841 actiones
2538 799 2683 850 snas,
2708 785 2763 839 in
2791 783 2970 839 locum
2998 795 3159 853 (piem
3190 780 3432 835 fundavit
3457 779 3719 835 Dominus
3742 780 3875 835 diri-

2277 884 2424 945 gant,
2450 875 2542 931 ubi
2570 876 2855 931 terminum
2880 876 3063 947 posuit
3085 872 3249 939 Deus,
3272 882 3327 928 et
3362 873 3523 943 jussit
3552 886 3661 927 non
3701 882 3875 928 trans-

2276 965 2463 1037 gredi,
2508 974 2563 1022 et
2629 967 2867 1038 positum
2931 965 3223 1045 terminum
3289 980 3398 1020 non
3456 965 3870 1034 transgreditur,

2277 1065 2339 1114 ut
2396 1059 2645 1130 operiant
2693 1066 2925 1124 terram,
2977 1059 3118 1115 sicut
3166 1059 3383 1129 operuit
3426 1064 3629 1113 terram
3679 1057 3870 1112 Adam.

2276 1148 2361 1205 Ex
2403 1148 2546 1207 foliis
2598 1147 2853 1230 ﬁculneis
2889 1150 3105 1221 operuit
3141 1155 3362 1216 terram,
3389 1157 3455 1211 .et
3485 1149 3768 1205 abscondit
3790 1162 3872 1204 se.
3938 1218 3946 1236 Ι

2275 1241 2370 1296 Isti
2426 1256 2535 1297 non
2592 1226 3061 1312 transgrediuntur
3108 1241 3425 1307 terininum,
3480 1254 3642 1310 quem
3692 1239 3875 1310 posuit
3938 1226 3955 1321 ’κ

2277 1334 2557 1400 Dominus,
2590 1343 2645 1391 et
2685 1351 2796 1391 non
2842 1336 3089 1406 operient
3134 1342 3354 1390 terram.
3385 1331 3456 1388 Et
3498 1333 3625 1403 quia
3653 1347 3760 1387 non
3787 1339 3875 1389 est

2277 1436 2487 1499 operta,
2530 1429 2673 1499 rigat
2700 1444 2820 1485 eam
2850 1429 3109 1485 Dominus
3132 1428 3201 1484 de
3227 1428 3611 1499 superioribus.
3640 1427 3696 1482 Si
3724 1428 3873 1482 enim

2275 1519 2557 1593 disiectam
2586 1537 2706 1578 eam
2757 1522 3044 1589 invenerit,
3079 1521 3253 1577 imber
3290 1522 3429 1589 rigat
3464 1534 3614 1585 eam,
3646 1519 3875 1575 veniens

2276 1612 2345 1667 de
2373 1613 2767 1683 superioribus.
2795 1612 2852 1670 Si
2879 1628 3012 1669 vero
3036 1621 3177 1669 tecta
3206 1612 3384 1678 fuerit,
3407 1620 3463 1667 et
3484 1612 3623 1667 cado
3651 1611 3873 1666 ahscon~

2276 1703 2440 1771 ditur,
2497 1720 2598 1760 nec
2642 1704 2710 1761 de
2758 1706 3131 1776 superioribus
3175 1704 3398 1774 rigatur.
3429 1704 3486 1759 Si
3524 1717 3657 1758 vero
3693 1708 3875 1772 pateat

571 1792 922 1861 generationis
966 1792 1093 1847 Jesu
1133 1786 1333 1849 Christi
1379 1795 1476 1866 ﬁlii
1529 1794 1719 1862 David,
1758 1798 1863 1868 ﬁlii
1911 1797 2174 1855 Abraham
2204 1789 2257 1857 Β
2279 1797 2448 1863 caelis,
2482 1805 2536 1851 et
2565 1797 2738 1853 imber
2765 1813 2885 1852 eam
2933 1797 3170 1853 caelestis
3194 1795 3467 1863 infuderit,
3499 1794 3762 1866 producet
3792 1794 3874 1850 fe-

573 1878 791 1951 (Matth.
819 1882 877 1952 l).
905 1882 1036 1950 Quis
1066 1893 1245 1941 autem
1266 1887 1337 1941 sit
1366 1887 1467 1943 iste
1494 1886 1633 1944 ﬁlius
1652 1890 1906 1955 hominis,
1937 1907 2004 1947 ne
2032 1891 2173 1951 forte

572 1960 730 2041 putes
758 1988 879 2029 eum
912 1975 1073 2029 talem
1093 1978 1269 2045 qualis
1289 1977 1521 2051 Moyses,
1541 1989 1634 2034 aut
1659 1979 1816 2035 Jesus
1844 1982 1990 2038 Nave
2012 1983 2169 2053 filius,

571 2072 665 2119 aut
691 2062 853 2131 Elias,
879 2074 974 2121 aut
1000 2084 1137 2123 unus
1170 2086 1237 2123 ex
1263 2071 1490 2140 magnis,
1535 2088 1642 2126 non
1674 2073 1745 2126 ita
1776 2082 1879 2129 est.
1910 2074 2007 2130 llic
2027 2077 2172 2130 enim

573 2154 834 2214 Dominus
889 2173 1078 2214 eorum
1137 2169 1236 2226 est,
1287 2168 1342 2216 et
1399 2162 1473 2216 illi
1527 2163 1669 2217 servi
1716 2166 1851 2232 ejus.
1886 2164 1983 2221 llic
2026 2168 2171 2222 enim

572 2246 800 2301 amictus
829 2256 912 2303 est
959 2249 1160 2307 lumine
1196 2252 1335 2306 sicut
1372 2253 1772 2308 vestimentum.
1808 2254 1925 2326 ipse
1972 2259 2175 2327 estqui

571 2339 815 2394 extendit
830 2340 1024 2396 caelum
1051 2342 1191 2399 sicut
1214 2338 1427 2413 pellem,
1447 2352 1502 2400 et
1520 2353 1726 2401 tantum
1750 2347 1881 2402 illud
1907 2349 2169 2416 extendit,

572 2439 632 2486 ut
659 2433 974 2490 meretrices
1004 2444 1057 2490 et
1088 2435 1403 2507 publicanos
1430 2438 1627 2510 capiat,
1679 2440 1825 2510 quod
1848 2457 1957 2495 non
1986 2442 2171 2513 capie-

571 2523 772 2581 batnisi
811 2525 961 2581 solos
1000 2516 1392 2584 imumcdlatos.
1428 2528 1494 2584 Et
1535 2530 1661 2600 quia
1690 2531 1907 2602 quando
1938 2532 2175 2589 tenditur

571 2613 747 2683 pellis,
770 2630 934 2687 super
953 2616 1123 2689 ipsam
1154 2634 1291 2691 aqua
1322 2621 1646 2690 aspergitur,
1678 2622 1749 2677 ita
1787 2623 1875 2683 hic
1922 2633 2173 2683 tensurus

571 2694 741 2785 caelos
778 2707 917 2763 sicut
955 2708 1173 2779 pellem,
1207 2709 1341 2765 texit
1380 2710 1434 2766 in
1465 2712 1619 2782 aquis
1647 2715 1928 2785 superiora
1958 2731 2166 2775 eorum.

574 2782 692 2855 Non
722 2797 865 2851 enim
889 2807 1141 2868 poterant
1163 2800 1328 2863 tendi,
1362 2809 1418 2857 et
1446 2819 1616 2874 usque
1649 2782 1727 2859 adv
1747 2814 2062 2876 peccatores
2085 2815 2172 2862 at-

571 2885 795 2957 tingere,
830 2890 931 2947 nisi
951 2907 1090 2963 aqua
1116 2894 1257 2949 sacri
1278 2894 1617 2966 baptismatis
1646 2906 1972 2970 tegerentur,
2003 2901 2069 2956 ad
2093 2902 2175 2973 ip-

570 2991 660 3035 sos
684 2978 852 3039 caslos
879 2983 1060 3051 posuit
1082 2984 1252 3039 nubes
1273 3002 1573 3045 ascensum.
1610 2989 1925 3047 Videntibus
1953 3002 2174 3067 aposto—

571 3067 658 3133 lis.
696 3071 975 3128 ambulans
1022 3088 1185 3147 super
1230 3093 1435 3148 pennas
1475 3089 1778 3153 ventorum.
1830 3082 1988 3139 Venti
2028 3086 2173 3143 enim

2278 1904 2406 1943 num
2431 1889 2710 1960 iumentis,
2738 1889 2891 1944 dabit
2914 1884 3214 1945 doctrinam
3244 1889 3408 1943 talem
3449 1887 3780 1957 simplicibus
3807 1885 3874 1944 ad

2276 1993 2459 2035 escam
2512 1979 2706 2035 animae
2734 1994 2943 2044 eorum,
2969 1980 3185 2049 qualem
3211 1993 3407 2050 capere
3442 1985 3687 2051 possunt.
3719 1976 3873 2035 Dabit

2276 2068 2505 2124 herbam
2533 2071 2783 2125 servituti
2830 2072 3131 2126 hominum.
3163 2070 3396 2125 Herbam
3428 2069 3571 2123 inter
3590 2069 3758 2135 initia,
3790 2082 3872 2122 reo

2269 2158 2551 2215 'nientibus
2576 2159 2645 2215 ad
2675 2161 2845 2216 Deum
2874 2162 3098 2217 herbam
3128 2160 3385 2233 proferet.
3418 2158 3535 2215 Non
3568 2159 3713 2215 enim
3756 2174 3873 2229 pos

2275 2258 2405 2304 sunt
2432 2249 2777 2307 solidioribus
2797 2248 2932 2307 cibis
2953 2250 3122 2307 reﬁci.
3149 2249 3517 2306 Perfectorum
3538 2263 3770 2318 namque
3793 2256 3871 2305 est

2276 2344 2501 2399 solidior
2528 2345 2699 2412 cibus,
2730 2345 2823 2414 qui
2843 2345 3227 2401 discretionem
3266 2344 3464 2399 habere
3508 2343 3717 2415 possint
3746 2342 3871 2399 boni

2276 2443 2333 2489 et
2354 2436 2498 2490 mali.
2532 2434 2664 2491 Post
2692 2437 2916 2492 herbam
2943 2436 3094 2491 dabit
3121 2437 3325 2508 spicam
3353 2443 3409 2492 et
3434 2436 3621 2506 incipit
3645 2434 3873 2489 educere

2277 2538 2474 2598 panem
2514 2529 2582 2585 de
2610 2538 2772 2585 terra.
2816 2529 2975 2585 Sicut
3000 2530 3147 2585 enim
3193 2530 3277 2585 lac
3304 2529 3372 2584 de
3399 2527 3671 2593 uberibus,
3703 2527 3781 2582 sic
3807 2524 3872 2581 de

2278 2627 2421 2675 terra
2442 2636 2540 2691 per
2570 2621 2794 2677 herbam
2824 2620 3108 2691 attingitur
3133 2619 3199 2675 ad
3239 2621 3463 2691 spicam,
3493 2620 3559 2675 de
3579 2621 3728 2689 spica
3747 2632 3866 2688 per-

2281 2714 2492 2769 venitur
2514 2713 2580 2768 ad
2601 2729 2816 2785 panem,
2841 2714 2933 2785 qui
2958 2713 3026 2769 de
3053 2713 3192 2769 coelo
3212 2728 3310 2783 per
3334 2712 3559 2767 imbrem
3579 2710 3870 2766 descendit.

2278 2799 2421 2872 Ergo
2450 2818 2549 2875 per
2576 2803 2778 2859 fontem
2809 2820 3120 2875 perennem,
3153 2804 3301 2859 venit
3329 2804 3427 2859 tibi
3464 2803 3616 2874 panis
3635 2802 3702 2857 de
3730 2795 3870 2856 terra

2278 2890 2461 2951 Maria:
2491 2897 2741 2968 Virginis.
2774 2897 2953 2953 Imber
2982 2898 3084 2954 iste
3136 2897 3227 2967 qui
3278 2897 3331 2951 in
3356 2895 3523 2977 Maria
3554 2895 3724 2961 venit,
3752 2892 3871 2947 audi

2277 2991 2512 3061 qualiter
2541 2992 2705 3046 venit;
2740 2991 2974 3059 Angelus
3003 2991 3053 3045 ei
3088 2990 3218 3045 dicit
3250 3007 3262 3042 :
3297 2987 3474 3044 Virtus
3503 2987 3787 3050 Altissimi,
3818 2986 3870 3041 id

2245 3086 2379 3146 'est,
2399 3098 2465 3137 ex
2482 3082 2593 3138 alto
2620 3082 2844 3137 veniens
2873 3080 3194 3137 obumbrabit
3225 3077 3316 3133 tibi
3346 3077 3496 3151 (Luc.
3522 3078 3582 3150 ι).
3615 3075 3685 3131 Et
3706 3077 3871 3133 exivit

571 3159 625 3215 in
657 3161 887 3219 nnbilms
929 3175 1112 3235 agunt,
1146 3176 1201 3223 et
1248 3168 1351 3225 alia
1374 3170 1459 3223 via
1491 3187 1598 3225 non
1633 3180 1716 3229 est
1744 3187 1850 3243 qua
1874 3188 2178 3232 ascensum
2204 3166 2252 3237 C
2284 3173 2440 3231 nobis
2459 3174 2612 3244 panis
2633 3172 2700 3227 de
2740 3181 2904 3227 terra.
2936 3171 3045 3227 Nos
3068 3184 3198 3240 ergo
3230 3170 3297 3225 ad
3322 3185 3421 3225 nos
3448 3168 3752 3234 redeamus,
3783 3168 3871 3238 qui

575 3263 732 3306 suum
756 3250 823 3307 ad
843 3253 1012 3310 caelos
1040 3254 1283 3323 haberet,
1316 3258 1414 3313 nisi
1445 3259 1748 3317 ambularet
1779 3277 1944 3332 super
1965 3279 2172 3333 pennas

574 3348 879 3398 ventorum.
933 3340 1084 3399 Tunc
1113 3344 1238 3401 fecit
1284 3349 1506 3417 angelos
1551 3364 1679 3407 suos
1716 3352 1958 3422 spiritus.
1983 3336 2172 3424 Angeli

569 3430 747 3487 nuntii
786 3430 980 3489 Latino
1003 3447 1256 3499 sermone
1285 3447 1572 3506 vocantur,
1596 3448 1653 3495 et
1693 3439 2044 3513 Evangelium
2067 3446 2169 3503 ho-

569 3536 698 3577 num
745 3523 992 3581 nuntiimi
1032 3526 1371 3597 explanatur.
1397 3529 1632 3600 Angelos
1660 3547 1790 3603 ergo
1818 3550 1966 3601 suos,
1989 3537 2044 3591 id
2088 3548 2183 3609 est,

566 3614 869 3684 apostolos,
900 3625 1028 3675 tunc
1054 3617 1181 3677 fecit
1209 3620 1447 3692 spiritus,
1473 3624 1690 3694 quando
1711 3626 1790 3682 eis
1817 3627 1952 3685 dixit
1984 3649 1996 3684 :
2026 3632 2171 3687 Acci-

564 3707 671 3777 pite
693 3706 947 3780 Spiritum
983 3718 1241 3779 sanctum,
1271 3722 1325 3773 et
1348 3716 1868 3787 evctngelizateomm
1895 3731 2164 3780 creatu'rw.

566 3797 639 3855 Et
670 3807 798 3857 tunc
818 3817 915 3858 eos
949 3803 1077 3863 fecit
1112 3804 1293 3877 ignem
1332 3818 1597 3875 urentem,
1622 3826 1744 3866 cum
1793 3812 1908 3883 ipse
1935 3794 2170 3885 Spiritus

562 3900 783 3951 sanctus
827 3893 969 3950 sicut
1013 3895 1151 3965 ignis
1201 3898 1448 3955 contscdit
1491 3899 1543 3953 in
1590 3901 1689 3956 eis.
1737 3900 1887 3956 Tunc
1925 3904 2168 3960 fundavit

564 3988 763 4041 terram
792 3984 845 4039 in
874 3985 1227 4043 stabilitatem
1256 4002 1435 4053 suam,
1455 3995 1699 4045 terrenas
1726 3990 1931 4049 scilicet
1958 4001 2166 4048 mentes

561 4076 823 4144 gentium,
852 4092 972 4149 qua:
1000 4077 1227 4139 fuerunt
1256 4078 1309 4133 in
1343 4079 1541 4139 fabrica
1574 4080 1738 4141 turris
1782 4081 1987 4147 divisae,
2021 4101 2164 4142 nunc

561 4164 631 4220 ad
657 4167 1009 4227 stabilitatem
1059 4184 1214 4229 suam
1255 4183 1519 4229 revocans
1566 4170 1619 4224 in
1671 4177 1782 4227 uno
1819 4172 1989 4229 verbo
2033 4174 2163 4233 Jesu

561 4252 777 4313 Christo
822 4257 1170 4326 corroborat,
1204 4268 1261 4315 et
1297 4260 1371 4314 ita
1415 4259 1600 4314 inundat
1648 4261 1701 4316 in
1740 4262 1819 4320 eis
1864 4262 2161 4324 Ecclesium

560 4357 722 4414 super
750 4345 891 4403 hanc
911 4355 1142 4419 petram,
1166 4357 1228 4404 ut
1253 4364 1364 4405 non
1393 4349 1680 4407 inclinetur
1700 4353 1754 4406 in
1782 4356 2034 4415 sarculum
2057 4374 2159 4415 sae-

559 4435 686 4490 culi.
718 4435 889 4505 Hujus
916 4454 1049 4494 sane
1073 4447 1230 4501 teme
1260 4440 1502 4511 abyssus,
1526 4442 1665 4499 sicut
1684 4445 1905 4516 pallium
1931 4450 2159 4509 amictus

2276 3266 2421 3322 hunc
2441 3280 2508 3319 ex
2538 3265 2648 3320 alto
2677 3265 2982 3319 venientem
3003 3263 3230 3318 imbrem
3252 3261 3562 3331 accipimus,
3584 3248 3630 3314 si
3651 3259 3869 3314 venient

2273 3371 2340 3410 ex
2388 3355 2759 3425 superioribus
2788 3353 2927 3419 fons,
2985 3368 3086 3409 nos
3141 3351 3243 3408 sibi
3286 3358 3535 3422 patentes
3584 3348 3866 3404 invenerit.

2272 3445 2582 3515 Accipimus
2609 3460 2804 3515 panem
2835 3444 2926 3513 qui
2955 3441 3239 3499 continuet
3288 3457 3385 3499 cor
3430 3447 3697 3497 nostrum.
3724 3438 3869 3495 Acci-

2272 3534 2451 3605 pimus
2468 3535 2672 3601 vinum,
2699 3533 2849 3605 quod
2892 3532 3127 3589 hetifieet
3154 3538 3251 3589 eor
3277 3538 3631 3597 nostrum,'et
3659 3530 3868 3586 duabus

2271 3624 2772 3682 conﬁrmationibus
2814 3624 2991 3682 cordis
3031 3624 3265 3695 acceptis
3311 3623 3679 3679 exhilarantur
3703 3620 3867 3676 facies

2271 3726 2470 3773 nostrae
2499 3718 2621 3774 oleo
2644 3718 2977 3781 chrismatis,
3008 3717 3082 3772 ita
3112 3722 3171 3770 ut
3205 3731 3303 3786 per
3322 3715 3524 3785 lignum
3573 3714 3751 3783 crucis
3774 3726 3832 3767 sa

2270 3809 2476 3864 tientur
2504 3809 2684 3864 omnia
2715 3808 2857 3877 ligna
2886 3808 3081 3879 campi,
3115 3806 3167 3862 id
3206 3814 3307 3874 est,
3350 3806 3525 3861 omnis
3552 3805 3704 3860 turba
3730 3803 3861 3858 sim-

2269 3899 2527 3969 plicitatis
2557 3900 2699 3954 inter
2721 3902 2857 3968 qdos
2886 3907 3011 3954 sunt
3038 3898 3233 3954 divites
3276 3905 3332 3953 et
3356 3896 3743 3953 sublimissima:
3771 3908 3861 3964 po-

2270 3996 2514 4055 testates,
2545 4004 2679 4060 quas
2708 4005 2807 4060 pro
2836 3989 3153 4045 celsitudine
3173 3988 3367 4044 cedrus
3382 3986 3570 4044 Libani
3591 3999 3862 4057 nuncupa-

2266 4079 2363 4134 vit.
2393 4079 2452 4133 In
2482 4079 2566 4135 his
2586 4095 2834 4150 passeres
2864 4078 3163 4136 nidiﬁcant.
3195 4078 3312 4135 Non
3343 4079 3481 4135 dixit
3521 4079 3574 4133 in
3608 4078 3859 4134 omnibus

2264 4186 2516 4241 passeres
2554 4170 2922 4228 nidificahunt.
2967 4171 3105 4228 Sunt
3132 4172 3278 4227 enim
3326 4170 3589 4241 aliquanti
3616 4170 3707 4239 qui
3737 4168 3859 4225 dili-

2263 4272 2395 4331 gunt
2414 4261 2769 4332 Christianos,
2803 4272 2857 4320 et
2877 4280 2974 4320 sua
3001 4280 3212 4337 eosope
3225 4271 3544 4329 sustentant,
3571 4262 3666 4334 qui
3692 4263 3747 4317 in
3772 4262 3855 4317 his

2258 4357 2671 4425 requiescentes
2693 4354 2969 4414 nidiﬁcant
2994 4355 3129 4422 Deo,
3174 4356 3266 4426 qui
3296 4369 3541 4427 passeres
3567 4353 3689 4409 ideo
3716 4368 3853 4408 nun;

2262 4456 2547 4520 cupantur,
2577 4450 2703 4520 quia
2742 4448 2981 4505 coelestia
3005 4456 3061 4503 et
3088 4448 3193 4503 alta
3222 4454 3486 4517 petentes,
3528 4445 3606 4500 sic
3633 4459 3692 4500 se
3725 4444 3853 4514 jun-

558 4530 661 4586 est.
702 4524 883 4592 Agunt
902 4527 1005 4582 sibi
1033 4528 1340 4601 philosophi
1362 4524 1721 4591 infructuosas
1746 4538 2154 4610 exquisitiones,
2186 4538 2239 4603 D
2260 4548 2395 4607 gunt
2422 4540 2926 4596 conversationibus
2944 4539 3244 4605 hominum,
3277 4546 3337 4593 ut
3364 4536 3571 4607 fugiant
3597 4536 3744 4606 ipsos
3764 4534 3855 4590 ho-

557 4622 615 4689 et
641 4629 837 4685 magno
878 4616 1064 4674 labore
1085 4618 1267 4677 dicant
1299 4637 1361 4679 se
1387 4638 1549 4697 posse
1584 4624 1793 4684 discere
1834 4630 1979 4699 quod
2010 4640 2154 4690 terra

556 4708 746 4767 subtus
784 4724 845 4765 se
891 4710 1149 4782 abyssum
1176 4714 1394 4784 habeat,
1444 4732 1554 4787 quo
1582 4719 1749 4775 veluti
1778 4722 1942 4794 pallio
1968 4725 2155 4783 amici-

555 4807 679 4859 tur:
708 4815 808 4858 nos
831 4801 901 4859 ad
921 4810 1123 4860 terram
1153 4805 1309 4863 istam
1336 4822 1456 4878 quae
1498 4809 1753 4881 fundatur
1777 4813 1831 4868 in
1862 4815 2154 4873 stabilitate

554 4889 833 4961 Emissae,
857 4897 1123 4953 sermonis
1167 4899 1340 4956 aciem
1368 4899 1682 4972 dirigamus.
1725 4905 1961 4978 Abyssus
2006 4910 2151 4967 enim

551 4984 851 5057 circumdat
868 5002 1011 5043 eam.
1043 4987 1162 5044 Non
1183 4990 1347 5049 habet
1364 4994 1508 5049 enim
1536 4992 1697 5052 linem
1718 4997 1936 5055 altimdo
1951 4999 2151 5054 divitia-
2172 5044 2195 5051 _.

550 5094 670 5145 nun
690 5082 983 5153 sapientia,
1015 5096 1135 5152 qua:
1161 5084 1459 5143 circumdat
1478 5102 1619 5155 eam,
1651 5097 1707 5145 et
1747 5105 1912 5162 super
1939 5102 2152 5151 montes

549 5169 673 5240 ejus
713 5174 935 5229 stabunt
979 5188 1152 5247 aquae.
1196 5176 1516 5251 Quicunque
1560 5196 1774 5237 sursum
1814 5198 1909 5239 cor
1951 5184 2152 5242 habent

549 5268 936 5329 mtas-sunt,
985 5275 1042 5323 et
1065 5283 1229 5340 super
1266 5271 1414 5341 ipsos
1437 5280 1583 5328 stant
1609 5288 1782 5351 aquis.
1832 5274 1953 5331 Stat
1988 5292 2153 5349 super

550 5354 703 5427 ipsos
736 5356 1076 5426 baptismatis
1119 5365 1509 5431 sanctiﬁcatio,
1550 5362 1709 5422 stant
1733 5367 1791 5423 in
1844 5368 1949 5424 fide
1977 5379 2146 5438 recta,

548 5461 656 5509 mn
685 5447 1157 5508 θὶιθαιιιιιάιιειιιιιιιι·
1177 5457 1325 5512 omni
1346 5466 1513 5514 vento.
1525 5457 1810 5516 doctrinae.
1833 5458 1937 5528 Qui
1967 5469 2146 5518 tamen

547 5537 784 5599 istim
809 5548 1042 5606 montes,
1068 5542 1354 5613 diligenter
1381 5549 1645 5607 ausculta.
1669 5550 1763 5608 isti
1784 5561 1931 5619 sunt,
1954 5554 2049 5623 qui
2076 5554 2145 5611 ab

548 5631 919 5702 Metione
963 5631 1062 5691 Dei
1091 5633 1318 5706 fugiunt.
1351 5637 1587 5710 Fugiunt
1622 5644 1809 5715 utique
1844 5644 1984 5702 facta
2024 5660 2145 5716 quae

546 5720 894 5795 increpantur
914 5739 945 5780 a
974 5723 1106 5793 Deo,
1136 5736 1192 5782 et
1233 5742 1263 5782 a
1295 5745 1428 5788 voce
1476 5734 1699 5793 tonitrui
1740 5735 1859 5807 eius
1883 5736 2141 5794 formida-

1672 5892 1737 5900 ω·
1951 5896 2083 5905 -.κν-.-

2260 4632 2452 4699 mines,
2483 4633 2537 4688 in
2564 4648 2795 4703 quorum
2835 4632 3083 4687 domibus
3127 4629 3406 4687 nidificare
3453 4630 3768 4701 probantur.
3793 4627 3849 4686 in

2258 4727 2342 4783 his
2370 4741 2619 4799 passeres
2641 4727 2733 4796 qui
2780 4725 3073 4793 nidiﬁcant,
3105 4724 3276 4783 fulica:
3304 4728 3499 4782 domus
3537 4724 3644 4780 dux
3665 4730 3747 4780 est
3766 4728 3852 4778 eo.

2256 4833 2395 4875 rum.
2427 4818 2609 4875 Fulica
2638 4820 2691 4873 in
2714 4834 2852 4889 aqua
2873 4828 3077 4883 manet,
3110 4819 3165 4874 in
3192 4833 3331 4888 aqua
3362 4814 3618 4883 nidiﬁcat,
3638 4816 3691 4870 in
3713 4828 3848 4883 aqua

2257 4912 2413 4978 vivit,
2440 4920 2496 4967 et
2532 4916 2670 4982 aqua
2694 4911 2888 4968 domus
2915 4919 2998 4967 est
3026 4910 3159 4981 ejus.
3190 4909 3393 4965 ﬂorum
3416 4901 3545 4979 ergo
3574 4918 3851 4978 passerum

2255 5000 2431 5058 fulica:
2449 5001 2660 5067 domus,
2693 5001 2746 5057 id
2769 5010 2872 5069 est,
2896 5017 3035 5081 aqua
3065 5003 3179 5073 ipsa
3207 5001 3313 5057 dux
3347 5015 3534 5056 eorum
3566 5007 3650 5055 est
3677 5012 3852 5069 passe-
3888 5054 3895 5061 ,

2256 5108 2395 5148 rum.
2418 5092 2494 5149 lbi
2523 5101 2650 5148 sunt
2670 5101 2883 5149 montes
2910 5094 3131 5159 excelsi,
3158 5094 3334 5149 cervis
3362 5090 3690 5162 fugientibus
3735 5088 3850 5143 dia-

2253 5182 2458 5251 bolum,
2490 5181 2815 5253 fugientibus
2852 5184 3128 5239 mundum.
3162 5183 3239 5239 lbi
3266 5191 3351 5239 est
3387 5190 3539 5253 petra
3590 5187 3849 5251 prmstans

2252 5277 2547 5347 reiugium,
2577 5278 2692 5333 sive
2730 5258 3099 5333 erinacioruni
3145 5275 3299 5344 ﬁliis,
3329 5277 3457 5345 quia
3503 5275 3712 5329 minora
3754 5272 3850 5325 ha-
3938 5276 3943 5291 ‘

2251 5369 2441 5427 bentes
2454 5370 2656 5441 jacula.
2681 5385 2712 5425 a
2732 5370 2956 5427 canibus
2976 5385 3085 5424 non
3108 5369 3387 5433 timentur,
3416 5367 3529 5422 sive
3551 5363 3845 5435 leporibus,

2248 5463 2375 5532 quia
2413 5470 2470 5517 et
2503 5461 2718 5532 lepores
2742 5474 2905 5518 canes
2932 5460 3171 5531 fugiunt,
3204 5468 3260 5516 et
3287 5459 3528 5515 erinacii.
3571 5456 3675 5525 Qui
3715 5467 3845 5521 ergo

2247 5553 2458 5622 fugiunt
2482 5554 2583 5610 hos
2603 5569 2787 5619 canes,
2826 5553 2894 5609 de
2922 5554 3117 5626 quibus
3159 5553 3357 5609 clamat
3385 5550 3621 5607 Paulus:
3664 5548 3845 5603 Videte

2246 5660 2420 5710 canes,
2450 5643 2614 5700 ridete
2639 5646 2801 5700 malos
2822 5646 3088 5716 operarios
3111 5643 3277 5716 (Phil.
3302 5644 3403 5714 ιιι),
3436 5643 3722 5698 inveniunt
3742 5640 3843 5697 sibi

2245 5744 2459 5808 petram
2486 5737 2540 5792 in
2561 5736 2848 5807 refugium,
2880 5747 2934 5793 et
2951 5738 3104 5810 juxta
3127 5737 3373 5794 semitam
3409 5735 3619 5807 positos
3646 5742 3840 5793 canum
