4244 6258
367 314 469 371 477

1374 296 1845 363 COMMENTARII
1885 294 1951 350 IN
1992 291 2323 350 PSALMOS.
2368 294 2562 350 PSAL.
2602 293 2736 351 CIV.

3561 291 3668 346 478

363 447 579 490 mersus
600 432 881 501 effugiunt.
914 428 1063 484 Nunc
1084 426 1352 481 evasimus
1382 430 1593 479 montes
1622 435 1685 475 ac
1703 417 1887 480 silvas,
1913 421 1969 469 et
1997 414 2047 472 Α
2072 411 2230 465 masti
2262 428 2276 462 :
2307 409 2452 501 quod
2490 417 2671 463 autem
2700 408 2943 476 sequitur
2970 405 3035 461 ad
3067 403 3393 501 illudendum
3424 404 3529 501 eis,
3562 405 3667 501 illis

368 524 536 581 iacies
582 523 743 585 nobis
768 520 891 578 eali
938 517 1262 590 resplendet,
1295 516 1351 569 in
1387 529 1495 585 qua
1517 512 1759 568 videmus
1788 509 1968 563 lunam

369 616 589 685 factam,
622 616 677 670 in
707 624 951 685 tempore
987 609 1257 682 passionis
1301 608 1575 663 lucentem
1612 605 1667 659 in
1707 600 1965 658 tenebris.

369 707 427 766 In
472 724 583 778 quo
612 716 794 763 tamen
840 715 1083 775 tempore
1124 702 1279 761 doce.
1308 700 1369 756 In
1408 708 1659 769 tempore
1702 694 1971 767 passionis

370 800 622 856 diximus.
655 796 972 865 Quomodo?
996 794 1137 862 Quia
1181 802 1311 848 tunc
1346 790 1443 847 Sol
1464 790 1687 858 justitite
1714 797 1970 844 occasum

370 908 551 957 suum,
592 893 709 963 ipsa
749 898 900 947 sexta
925 891 1060 947 hora
1087 888 1195 944 dici
1229 886 1413 958 posuit
1442 883 1715 947 tenebras,
1747 888 1803 935 et
1830 876 1972 932 facta

373 991 459 1039 est
503 998 631 1049 nox,
663 982 719 1036 in
747 997 856 1052 quo
884 982 1217 1037 transierunt
1258 992 1448 1033 omnes
1486 974 1675 1031 bestia:
1713 971 1970 1027 silvarum

373 1071 768 1128 Pharisaeorum
796 1071 1021 1146 forocia.
1053 1070 1122 1124 Et
1143 1084 1333 1125 eorum
1354 1067 1448 1137 qui
1467 1066 1732 1121 devorant
1756 1062 1972 1133 plebem

371 1161 490 1228 Dei,
519 1162 665 1219 sicut
688 1178 870 1218 escam
917 1162 1095 1233 panis,
1126 1169 1239 1216 tam
1283 1158 1555 1231 spiritales
1595 1155 1781 1211 bestiae
1808 1167 1971 1224 quam

366 1234 635 1311 carnales.
668 1254 1090 1325 Sedpropterea
1123 1252 1277 1308 dedit
1298 1252 1481 1306 lunam
1503 1250 1557 1303 in
1590 1254 1770 1308 nocte,
1804 1252 1863 1299 ut
1882 1245 1975 1297 ha-

371 1345 562 1401 bentes
589 1346 775 1401 lumen
802 1345 1048 1409 cmleste,
1080 1343 1317 1399 ferarum
1359 1340 1630 1398 morsibus
1656 1336 1967 1392 evadamus.

373 1437 432 1492 In
456 1438 573 1508 ipsa
613 1437 762 1493 enirn
783 1438 1175 1493 tenebrositate
1213 1437 1330 1508 ejus
1357 1433 1632 1490 abundant
1658 1430 1823 1486 catuli
1852 1429 1969 1483 leo-

374 1545 517 1595 num,
553 1527 734 1595 idest,
763 1526 856 1583 ﬁlii
884 1529 1188 1584 daemonum
1207 1570 1222 1595 ,
1253 1524 1708 1583 omnes‘hzeretici
1737 1537 1846 1577 non
1868 1519 1972 1576 ‘do—

375 1626 558 1674 centes
576 1626 785 1685 sancta,
808 1619 904 1678 sed
931 1619 1206 1687 rugientes
1248 1625 1308 1672 ut
1333 1617 1567 1686 rapiant,
1596 1621 1652 1669 et
1671 1619 1916 1682 quterant
1939 1626 1973 1666 a

376 1708 485 1767 Deo
515 1710 705 1765 tollere
726 1724 904 1765 escam
931 1709 1051 1764 sibi.
1076 1709 1210 1764 Orto
1236 1715 1423 1762 autem
1448 1705 1576 1761 Sole
1598 1703 1836 1774 justitise,
1854 1704 1973 1758 sive

2074 501 2259 569 utique
2300 500 2393 570 qui
2421 514 2586 554 naves
2632 505 2918 564 recusant,
2959 505 3017 552 et
3041 497 3195 566 quasi
3244 493 3508 550 animales
3549 494 3668 548 sine

2072 589 2328 659 magistro
2356 589 2625 646 catholico
2663 597 2718 644 et
2745 590 2815 644 ab
2850 588 3115 661 apostolis
3148 586 3385 643 ducente
3413 584 3664 641 traditio-

2074 699 2199 739 nem
2226 682 2361 752 legis
2387 698 2446 739 se
2484 680 2734 738 ﬂuctibus
2768 691 2825 737 et
2861 681 3231 737 altitudinibus
3260 679 3499 736 tradunt.
3529 676 3671 746 Ergo

2072 777 2197 845 quia
2225 783 2379 831 extra
2417 774 2712 831 Ecclesiam
2737 782 2864 831 sunt
2881 815 2896 842 ,
2929 775 3071 831 inter
3098 772 3353 829 animalia
3392 770 3588 842 pusilla
3615 777 3673 825 et

2073 882 2267 937 niagna
2285 875 2547 937 vagantes
2573 867 2855 922 inueniunt
2871 866 3183 931 draconem,
3208 865 3284 920 ita
3312 864 3414 920 sibi
3443 862 3672 919 illuden-

2074 967 2216 1024 tem,
2249 967 2307 1012 ut
2335 966 2526 1028 putent
2571 973 2632 1026 se
2677 958 2870 1014 melius
2916 955 3198 1013 catholicis
3243 968 3470 1026 sapere,
3518 960 3574 1008 et
3602 953 3672 1010 ad

2074 1049 2356 1104 arbitrium
2384 1065 2540 1106 sumn
2560 1050 2841 1105 inveniunt
2859 1056 3132 1121 perpetua:
3151 1048 3345 1104 mortis
3369 1046 3668 1115 interitum,

2075 1155 2196 1195 cum
2225 1140 2545 1196 devenerint
2584 1142 2641 1195 in
2683 1139 3030 1211 profundum.
3062 1137 3203 1205 Quid
3229 1146 3413 1194 nmen
3440 1144 3531 1202 tu,
3562 1136 3674 1192 Do-

2075 1232 2240 1299 mine,
2272 1233 2477 1302 patiens
2506 1240 2557 1286 et
2580 1232 2798 1286 multum
2822 1232 3138 1298 misericors,
3164 1238 3220 1286 et
3238 1226 3409 1284 Judaei
3427 1236 3483 1284 et
3502 1228 3676 1283 haereo

2078 1323 2193 1388 tici,
2223 1331 2281 1377 et
2307 1322 2501 1392 ingrati
2529 1322 2686 1379 simul
2707 1338 2829 1378 cum
2857 1323 3029 1378 servis
3057 1322 3182 1376 tuis.
3208 1317 3408 1375 Omnes
3434 1318 3675 1389 quandiu

2075 1413 2131 1467 in
2159 1414 2264 1468 isto
2291 1423 2418 1469 sunt
2456 1429 2689 1485 corpore
2714 1429 2905 1471 omnes
2929 1430 2960 1469 a
2990 1423 3045 1470 te
3083 1419 3432 1484 exspectant,
3476 1419 3537 1467 ut
3578 1411 3675 1468 des

2076 1505 2183 1561 illis
2210 1520 2395 1561 escam
2418 1506 2475 1560 in
2502 1512 2749 1577 tempore
2776 1507 2901 1562 isto.
2926 1505 3038 1561 Isto
3064 1506 3190 1560 vita
3215 1503 3518 1575 praesentis,
3549 1503 3678 1573 quia

2074 1599 2119 1653 si
2148 1606 2208 1654 tu
2236 1615 2343 1654 non
2370 1598 2603 1664 dederis,
2634 1598 2811 1655 nullus
2830 1598 3051 1668 colligit.
3078 1597 3271 1668 Aperis
3289 1610 3509 1651 manum
3520 1600 3681 1657 'tuam

2076 1705 2240 1760 super
2265 1690 2439 1744 bonos
2467 1697 2522 1743 et
2548 1689 2748 1755 malos,
2779 1696 2836 1744 et
2865 1689 3059 1759 imples
3096 1702 3259 1743 omne
3286 1687 3486 1743 animal
3511 1687 3677 1742 bene:

376 1809 689 1870 resurgeute
713 1801 781 1856 ab
820 1799 1005 1855 inferis
1026 1798 1261 1855 Domino
1286 1796 1355 1853 ad
1372 1796 1607 1861 Judaios,
1637 1796 1751 1849 sive
1777 1806 1970 1849 exsur-
2000 1790 2061 1875 Β¹
2078 1781 2349 1847 dicatum.
2378 1781 2473 1837 sed
2500 1796 2625 1875 Cum
2660 1782 2860 1836 avenis
2887 1781 3083 1837 faciem
3108 1789 3285 1848 tuam,
3302 1873 3313 1875 ξ
3329 1788 3458 1875 tunc
3486 1780 3677 1835 turba-

376 1900 536 1961 gente
558 1908 654 1961 per
677 1891 1030 1947 assertionem
1072 1890 1394 1946 catholicam
1440 1897 1630 1943 contra
1660 1887 1972 1951 haereticos;

377 1983 481 2038 hoc
518 1996 650 2051 ergo
675 1982 890 2037 oriente
926 1982 1191 2036 universae
1217 1980 1500 2049 dill’ugiunt
1525 1978 1732 2043 bestiae,
1752 1977 1980 2033 tendam

379 2082 462 2130 tes
491 2073 734 2138 insidias,
756 2080 813 2125 et
841 2072 895 2127 in
917 2072 1183 2128 cubilibus
1211 2072 1323 2127 suis
1348 2088 1409 2128 se
1422 2071 1782 2128 collocabant.
1806 2069 1977 2125 Iudici

382 2164 449 2218 ad
471 2176 772 2235 synagogas
799 2178 944 2229 suas,
976 2173 1033 2219 et
1073 2164 1311 2220 haeretici
1348 2163 1415 2218 ad
1438 2163 1688 2236 synedria
1717 2176 1830 2219 sua.
1863 2161 1978 2217 illic

384 2256 872 2323 congregabantur,
903 2264 958 2311 et
981 2256 1215 2327 quandiu
1245 2256 1553 2326 resplendet
1580 2255 1738 2311 nobis
1777 2253 1872 2310 Sol
1894 2254 1978 2325 ju-

384 2345 562 2410 stitim,
594 2345 669 2399 illi
699 2346 753 2400 in
794 2347 1059 2416 cubilibus
1083 2349 1193 2403 suis
1222 2348 1514 2412 dormiunt,
1548 2364 1654 2404 non
1683 2357 1809 2403 sunt
1857 2348 1977 2402 ausi

381 2437 530 2491 exire
549 2436 615 2491 ad
632 2438 823 2493 lucem.
848 2436 1031 2494 Omnis
1051 2440 1195 2494 enim
1223 2441 1314 2511 qui
1336 2441 1478 2495 male
1493 2440 1620 2509 agit,
1645 2440 1760 2495 odit
1777 2440 1969 2494 lucem.

379 2524 481 2591 Qui
527 2527 641 2581 odit
682 2529 902 2584 fratrem
931 2546 1118 2596 suum,
1150 2531 1203 2587 in
1232 2531 1469 2585 tenebris
1497 2531 1757 2596 ambulat,
1782 2530 1975 2590 bestia

378 2624 483 2682 cst,
511 2617 711 2675 dormit
759 2629 817 2674 et
844 2620 960 2690 ipse
1000 2636 1124 2676 cum
1154 2621 1353 2677 Judaeis
1382 2630 1438 2676 et
1469 2623 1739 2677 IKBI'CIICIS
1780 2640 1793 2674 :
1837 2622 1977 2677 sicut

376 2704 542 2763 Jutkei
565 2709 617 2763 in
646 2710 914 2767 cubilibus
941 2712 1297 2779 inﬁdelitatis,
1344 2721 1402 2767 et
1439 2713 1677 2769 haeretici
1710 2713 1765 2768 in
1793 2713 1978 2769 cubili-

376 2798 475 2854 bus
501 2800 656 2855 malaa
700 2801 1036 2858 credulitatis
1064 2804 1336 2860 collocant
1381 2820 1441 2860 se
1476 2814 1533 2860 et
1571 2804 1863 2860 dormiunt.
1894 2805 1975 2861 Ita

378 2893 465 2946 his
483 2892 551 2948 de
572 2894 756 2949 medio
784 2902 902 2949 atra
933 2910 1043 2951 nox
1071 2896 1181 2952 odii
1204 2887 1376 2952 oculis
1397 2912 1585 2953 eorum
1612 2897 1890 2964 incumbit,
1920 2907 1978 2953 et

382 2982 517 3037 nihil
548 2992 750 3053 praeter
770 2986 1022 3042 tenebras
1044 2987 1286 3042 videntes
1315 2989 1368 3043 in
1402 2988 1529 3044 odio
1549 2988 1839 3044 dormiunt.
1872 2988 1977 3057 Qui

379 3081 565 3128 autem
586 3075 753 3130 homo
773 3086 858 3131 est
885 3086 941 3132 et
968 3093 1078 3133 non
1101 3077 1230 3143 fera,
1255 3081 1400 3135 exiet
1427 3080 1494 3135 ad
1523 3097 1660 3152 opus
1678 3097 1835 3137 suum
1860 3097 1974 3137 cre-

2081 1878 2305 1943 buntur,
2329 1890 2453 1931 cum
2474 1872 2725 1930 auferens
2746 1875 2967 1945 spiritus
2993 1886 3185 1930 eorum
3203 1881 3258 1929 et
3285 1873 3599 1939 delbcerint,
3622 1878 3679 1931 et

2083 1969 2137 2025 in
2167 1978 2310 2025 terra
2339 1984 2437 2024 sua
2466 1976 2828 2032 revertentur,
2854 1968 2923 2024 de
2948 1982 3054 2038 qua
3081 1967 3345 2039 assnmpti
3373 1964 3679 2026 sunt.Cum

2082 2069 2266 2116 autem
2293 2058 2458 2116 fuerit
2502 2058 2915 2115 resurrectionis
2963 2067 3175 2130 tempus
3190 2099 3205 2124 ,
3250 2058 3433 2114 veniet
3459 2056 3682 2128 spiritus

2082 2160 2225 2217 tuus,
2255 2158 2310 2206 et
2338 2150 2802 2207 resuscitabuntur
2820 2149 2874 2204 hi
2897 2150 2951 2204 in
2974 2150 3168 2219 quibus
3188 2149 3461 2205 renovasti
3487 2148 3679 2204 faciem

2082 2248 2258 2306 terrai,
2284 2241 2377 2310 Qui
2395 2241 2449 2296 in
2463 2241 2760 2296 novitatem
2781 2240 2907 2296 vita:
2928 2242 3358 2307 ambulaverunt,
3376 2240 3469 2311 qui
3490 2241 3678 2295 ambu~

2082 2335 2329 2389 laverunt
2356 2335 2413 2389 in
2440 2335 2739 2390 novitatem
2787 2335 3038 2406 spiritus,
3071 2342 3127 2390 et
3162 2349 3272 2390 non
3300 2339 3678 2391 remanserunt

2082 2425 2137 2480 in
2164 2434 2432 2483 vetustate
2460 2427 2684 2492 litteraa,
2727 2428 2781 2481 in
2818 2428 3014 2497 quibus
3043 2428 3226 2483 omnia
3254 2422 3423 2483 cetera
3454 2428 3678 2482 transie-

2080 2530 2219 2586 runt,
2250 2530 2299 2574 et
2327 2522 2466 2593 facta
2486 2527 2607 2574 sunt
2632 2523 2807 2575 omnia
2834 2538 2967 2576 nova
2992 2518 3064 2588 (II
3087 2521 3207 2575 Cor.
3230 2519 3313 2591 v).
3344 2519 3403 2573 In
3426 2518 3556 2588 ipsis
3575 2518 3679 2572 erit
3723 2548 3727 2552 ι

2080 2614 2254 2684 gloria
2278 2613 2493 2669 Domini
2518 2613 2573 2667 in
2591 2614 2785 2668 saecula
2807 2614 3148 2679 saeculorum,
3165 2620 3288 2668 cum
3306 2610 3499 2667 beatus
3518 2609 3679 2665 fuerit

2080 2710 2134 2765 in
2166 2709 2420 2781 operibus
2447 2709 2587 2775 suis,
2629 2723 2747 2777 qum
2789 2724 2932 2764 nunc
2963 2714 3219 2777 operatur
3256 2719 3378 2760 cum
3421 2701 3582 2757 Patre
3622 2709 3679 2759 et

2080 2806 2285 2876 Spiritu
2314 2810 2538 2872 sancto,
2570 2805 2661 2874 qui
2700 2804 2922 2873 respicit
2950 2811 3183 2868 terram,
3217 2800 3269 2855 id
3299 2807 3415 2866 est,
3447 2812 3678 2868 corpora

2081 2897 2316 2952 ﬁdelium
2334 2939 2350 2963 ,
2381 2904 2437 2952 et
2464 2895 2593 2951 facit
2637 2910 2701 2950 ea
2740 2902 2975 2949 tremere
2998 2892 3260 2964 judicium
3285 2889 3542 2945 futurum.
3574 2886 3679 2955 Qui

2081 2990 2251 3059 tangit
2296 2997 2512 3044 montes
2558 2996 2614 3043 et
2660 2986 2945 3055 fumigant.
2988 2984 3190 3040 Fumus
3217 2981 3482 3039 montium
3509 2979 3679 3035 nubes

2078 3081 2228 3137 facit.
2275 3081 2418 3151 Ergo
2466 3096 2561 3136 eos
2607 3081 2703 3150 qui
2749 3094 2967 3136 sensum
3015 3077 3082 3133 ad
3128 3076 3355 3147 gloriam
3402 3073 3680 3131 caelestem

377 3164 533 3246 dens,
565 3173 621 3221 et
645 3167 789 3223 bene
813 3168 1059 3244 credens,
1088 3178 1142 3225 et
1163 3172 1231 3226 ab
1254 3170 1572 3243 operatione
1592 3188 1875 3246 sua‘quam
1897 3176 1972 3229 in-
2000 3166 2048 3231 C
2078 3175 2340 3240 exaltant,
2367 3175 2441 3229 ita
2470 3181 2529 3229 ut
2557 3173 2699 3244 apud
2724 3172 2976 3228 homines
3005 3171 3060 3226 in
3089 3178 3235 3225 terra
3264 3167 3532 3225 imminuti
3559 3181 3680 3222 esse

377 3257 612 3325 choa‘vit,
638 3259 944 3317 lueescente
965 3263 1066 3318 sibi
1095 3265 1225 3321 Sole
1243 3266 1483 3335 justitiac,
1519 3275 1775 3338 operatur
1803 3283 1970 3337 usque

377 3363 681 3420 vesperum,
697 3351 751 3406 id
769 3360 872 3419 est,
896 3354 1199 3424 quandiuin
1224 3357 1325 3413 hac
1346 3358 1464 3414 luce
1482 3360 1758 3430 perdurat,
1781 3368 1836 3415 et
1858 3362 1970 3416 haec

378 3457 484 3496 non
511 3443 622 3499 suis
648 3444 853 3501 viribus
880 3455 1138 3517 reputans
1161 3450 1359 3505 clamat
1388 3470 1399 3504 :
1427 3451 1596 3519 Quam
1628 3454 1970 3522 inagnilicata

379 3541 500 3587 sunt
526 3549 691 3604 opera
722 3544 830 3603 tua,
857 3536 1119 3597 Domine!
1153 3539 1345 3597 Omnia
1377 3544 1491 3600 bznc
1518 3546 1572 3599 in
1606 3547 1872 3616 sapientia
1900 3547 1972 3603 fe-

380 3624 516 3691 cisti,
547 3626 663 3682 sive
686 3627 905 3684 visibilia
930 3632 1226 3687 secundum
1256 3633 1602 3704 Apostolum,
1647 3639 1759 3693 sive
1786 3640 1967 3695 invisi-

379 3713 501 3771 bilia
530 3718 750 3790 (Coloss.
776 3722 840 3793 ι).
863 3721 1090 3794 Repleta
1112 3733 1195 3780 est
1223 3727 1369 3780 enim
1395 3735 1540 3783 terra
1562 3737 1809 3784 creatura
1831 3732 1966 3800 ejus.

378 3805 634 3866 Venimus
674 3812 740 3866 ad
782 3810 916 3869 lines
955 3824 1145 3883 terrae,
1178 3817 1442 3875 intremus
1481 3836 1628 3875 nunc
1654 3836 1820 3877 mare.
1856 3820 1972 3877 Hoc

377 3913 528 3954 mare
546 3916 800 3971 magnum
829 3912 886 3959 et
906 3908 1224 3977 spatiosum,
1251 3926 1361 3965 non
1389 3919 1444 3966 te
1471 3911 1630 3968 docet
1650 3928 1749 3984 pro
1772 3929 1967 3985 magno

379 3990 641 4058 propheta
660 3994 1101 4067 psalmographus
1120 4000 1445 4069 patriarcha,
1471 4001 1636 4058 immo
1656 4001 1712 4057 S.
1738 4001 1969 4074 Spiritus

381 4079 434 4133 in
482 4080 567 4135 his
610 4084 703 4151 qui
747 4084 1001 4155 loquitur,
1049 4090 1154 4146 hoc
1199 4107 1300 4147 nos
1346 4092 1533 4148 habuit
1578 4093 1792 4159 docere,
1842 4095 1968 4167 quia

380 4185 635 4240 magnum
648 4182 888 4232 estmare
897 4186 951 4233 et
965 4182 1281 4250 spatiosum,
1307 4191 1362 4239 et
1382 4184 1454 4240 ibi
1475 4186 1717 4257 repentia
1737 4201 1969 4257 quorum

378 4278 491 4320 non
518 4270 602 4319 est
626 4280 901 4324 numerus.
926 4269 1233 4327 Animantia
1262 4288 1452 4344 magna
1480 4283 1536 4332 et
1556 4293 1740 4348 parva,
1759 4285 1814 4332 et
1842 4277 1969 4349 quia

378 4356 453 4414 ibi
471 4370 639 4413 naves
662 4365 963 4426 transeunt,
986 4378 1094 4420 non
1116 4365 1220 4421 hoc
1244 4365 1426 4422 docuit
1450 4368 1597 4438 quod
1617 4369 1795 4423 nullus
1817 4370 1969 4439 igno-

379 4455 495 4513 rat,
522 4448 619 4504 sed
646 4450 787 4506 scire
816 4467 918 4508 nos
943 4454 1115 4510 voluit
1142 4470 1292 4512 mare
1322 4472 1573 4527 magnum
1596 4468 1651 4515 et
1670 4460 1966 4531 spatiosum

2077 3266 2377 3332 videantur,
2402 3272 2461 3320 ut
2489 3266 2544 3320 in
2564 3264 2745 3321 futuro
2768 3264 3110 3320 inveniantur
3128 3261 3349 3331 excelsi,
3371 3258 3472 3315 hos
3495 3264 3679 3328 tanget

2074 3355 2355 3424 Dominus,
2380 3364 2435 3411 et
2462 3356 2594 3411 dant
2615 3355 2819 3411 fumum
2848 3355 2959 3411 oris
2978 3354 3081 3422 sui,
3103 3352 3443 3424 proferentes
3470 3364 3677 3406 sermon-

2075 3465 2234 3516 nem,
2265 3450 2357 3522 qui
2397 3450 2566 3506 nubes
2611 3459 2738 3505 sunt
2778 3449 3093 3514 oculorum,
3136 3453 3193 3502 et
3235 3445 3435 3501 facient
3475 3442 3674 3499 multos

2071 3543 2288 3614 plorare
2316 3552 2537 3615 peccata
2565 3559 2660 3599 sua
2680 3582 2694 3607 ,
2738 3542 2936 3597 multos
2974 3541 3159 3595 lavare
3200 3554 3265 3595 ea
3293 3536 3670 3609 eleemosynis,

2072 3636 2272 3690 multos
2300 3634 2554 3691 festinare
2581 3635 2648 3689 ad
2700 3635 2906 3689 fontem
2949 3646 3180 3687 sacrum.
3214 3629 3305 3685 Sic
3345 3644 3474 3699 ergo
3518 3634 3666 3683 tactu

2074 3725 2170 3781 Dei
2199 3734 2412 3782 montes
2440 3726 2704 3795 fumigant
2732 3724 2800 3778 ad
2828 3722 3237 3778 inundationem
3266 3711 3518 3783 nubium,
3551 3733 3672 3788 quae

2072 3817 2309 3889 pluviam
2337 3819 2529 3873 dantes
2568 3825 2680 3872 tam
2723 3816 2913 3873 sordes
2940 3813 3196 3879 abluunt,
3228 3827 3388 3883 quam
3432 3809 3672 3880 frugibus

2073 3920 2129 3968 et
2150 3913 2432 3968 arboribus
2451 3910 2707 3967 nascendi
2729 3910 2943 3981 copiam
2964 3907 3360 3964 administrant.
3379 3901 3673 3960 Cantemus

2052 4016 2202 4085 .ergo
2231 4005 2333 4075 ipsi
2364 4004 2593 4060 Domino
2621 4002 2733 4058 Deo
2763 4010 2953 4059 nostro
2983 4001 3037 4056 in
3064 3999 3177 4056 Vita
3202 4005 3412 4062 nostra,
3438 4003 3493 4052 et
3521 3992 3670 4067 psal-

2072 4096 2247 4153 lamus
2293 4097 2344 4154 ei
2389 4096 2627 4169 quandiu
2682 4096 2942 4163 vivimus;
2991 4094 3170 4151 suavis
3217 4093 3287 4148 sit
3334 4091 3388 4147 ei
3432 4086 3674 4145 laudatio

2072 4196 2257 4243 nostra
2288 4188 2574 4244 catholicis
2593 4186 2982 4244 assiertionibus
3007 4180 3295 4249 suaﬁcata,
3326 4181 3456 4237 nihil
3482 4174 3674 4235 moi-bo

2070 4274 2413 4342 Iudaeorum,
2444 4278 2577 4332 nihil
2605 4278 2796 4334 morbo
2825 4277 3204 4334 haereticorum
3241 4272 3624 4331 circumferens
3657 4288 3670 4323 :

2044 4378 2133 4451 ⁷ιιι
2160 4378 2216 4425 et
2241 4384 2343 4425 nos
2371 4367 2702 4427 delectemur
2742 4372 2797 4426 in
2827 4369 3058 4427 Domino
3084 4384 3206 4425 cum
3235 4365 3465 4424 deiicere
3493 4378 3675 4435 cmpe-

2072 4461 2182 4516 rint
2205 4461 2464 4529 haeretici,
2495 4471 2589 4518 aut
2618 4464 2787 4519 Judaei
2826 4480 2855 4519 a
2885 4471 3031 4519 terra
3060 4472 3115 4519 et
3143 4462 3342 4534 iniqui,
3366 4461 3443 4515 ita
3479 4466 3540 4514 ut
3566 4473 3685 4514 non.

380 4551 530 4601 esse,
563 4553 777 4596 omnem
826 4542 1011 4613 legem.
1041 4547 1167 4601 novi
1197 4556 1252 4602 et
1280 4551 1477 4606 veteris
1505 4550 1866 4620 Testamenti,
1901 4552 1973 4608 ibi
2004 4538 2194 4611 Deint
2222 4573 2235 4608 :
2266 4562 2397 4611 tunc
2423 4555 2545 4610 hsta
2573 4557 2752 4611 anima
2782 4565 2969 4613 nostra
3003 4556 3329 4614 benedicens
3355 4553 3585 4610 Domino
3623 4552 3679 4609 in

380 4629 650 4699 repentis,
679 4645 910 4700 quorum
938 4650 1047 4692 non
1086 4645 1171 4693 est
1211 4654 1467 4697 numerus
1496 4660 1508 4695 :
1538 4642 1590 4696 in
1622 4643 1739 4712 lege
1778 4642 1967 4710 Judaei,

378 4719 431 4773 in
461 4718 581 4788 lege
605 4721 860 4789 Samara,
893 4732 949 4780 et
977 4726 1030 4781 in
1054 4728 1171 4798 lege
1192 4729 1456 4799 haeretici,
1489 4734 1618 4788 etin
1638 4733 1757 4805 lege
1778 4736 1970 4792 catho-

378 4809 494 4875 lici,
542 4812 598 4866 in
640 4813 761 4884 lege
800 4830 983 4899 reges,
1013 4822 1294 4891 consules,
1341 4824 1554 4891 divites,
1597 4842 1879 4897 pauperes.
1913 4827 1971 4884 In

378 4900 495 4969 lege
517 4904 698 4973 pusilli
722 4913 779 4962 et
800 4911 998 4979 magni,
1023 4911 1096 4967 ibi
1117 4930 1281 4971 naves
1306 4923 1603 4985 transeunt,
1631 4920 1758 4976 sola:
1786 4919 1973 4979 Eccle-

378 4993 468 5088 siae
498 4996 871 5088 universarum
895 5005 1314 5074 provinciarum,
1346 5025 1463 5080 qua:
1492 5012 1734 5083 epibatas
1763 5012 1973 5088 [ascen-

378 5083 580 5158 siones]
606 5086 812 5144 ducunt
839 5092 906 5147 ad
936 5108 1101 5164 regna
1131 5098 1423 5167 cmlorum,
1457 5118 1488 5158 a
1516 5083 1821 5162 civitatibus
1864 5116 1974 5163 ter-

378 5173 526 5229 renis
560 5176 628 5231 ad
655 5178 932 5238 civitatem
958 5184 1258 5245 Jerusalem
1304 5201 1532 5250 matrem
1570 5204 1830 5254 nostram.
1871 5199 1973 5267 Qui

380 5273 562 5358 autem
590 5268 709 5325 sine
744 5287 882 5329 nave
908 5274 1071 5334 fuerit
1109 5280 1163 5335 in
1192 5282 1297 5340 hoc
1324 5288 1459 5342 mari
1486 5302 1682 5358 magno
1725 5290 1974 5347 inventus

379 5357 615 5417 inveniet
641 5363 934 5424 draconem
977 5374 1070 5442 qui
1119 5374 1379 5435 formatus
1425 5389 1505 5435 est
1544 5357 1612 5437 ad
1640 5382 1970 5439 illudendum

378 5451 475 5543 eis.
506 5451 814 5512 Notandum
843 5468 1023 5518 tamen
1067 5473 1149 5521 est
1177 5468 1303 5538 quia
1333 5469 1443 5526 Deo
1473 5454 1696 5527 dicitur:
1723 5473 1837 5529 Illic
1865 5483 1965 5543 est,

377 5542 575 5613 inquit,
606 5547 773 5604 draco
801 5567 961 5622 quem
998 5556 1270 5627 formasti,
1302 5564 1428 5633 quia
1472 5564 1746 5622 Manichzei
1786 5542 1970 5622 dicunt

374 5636 674 5707 principem
705 5644 1049 5703 tenebrarum
1077 5665 1108 5705 a
1136 5667 1195 5708 se
1221 5654 1422 5711 habere
1452 5658 1794 5728 principium.
1827 5656 1969 5727 Ergo

375 5735 706 5789 mercatura
736 5736 1039 5806 assignetur
1058 5742 1190 5811 Deo,
1214 5744 1328 5803 Deo
1346 5746 1560 5815 dicitur,
1584 5748 1755 5815 Quem
1781 5756 1837 5805 tu
1860 5748 1967 5806 for-

2079 4648 2227 4704 omni
2254 4655 2500 4719 tempore
2534 4648 2637 4719 ipsi
2679 4650 2880 4718 gratias
2906 4657 3058 4719 aget,
3083 4649 3170 4705 cui
3197 4647 3369 4720 gloria
3400 4647 3455 4703 in
3484 4643 3676 4703 smcula

2080 4739 2417 4796 saeculorum.
2451 4739 2661 4795 Aniene
3581 4759 3585 4763 ·

2473 4886 2485 4897 ,
2638 4829 2955 4889 PSALMUS
2990 4828 3122 4886 CIV.

2124 4924 2201 4991 ⁸,
2752 4921 3003 4980 Alleluia.

2151 5014 2483 5089 Conﬁtemini
2508 5015 2763 5084 Domino,
2776 5025 2827 5072 et
2844 5018 3079 5071 invocate
3103 5027 3287 5067 nomen
3307 5008 3439 5079 ejus,
3470 5019 3675 5057 annun-

2079 5110 2204 5164 tiate
2230 5110 2367 5164 inter
2395 5120 2570 5182 gentes
2598 5128 2757 5183 opera
2787 5110 2920 5181 ejus.
2953 5106 3171 5161 Cantate
3199 5102 3244 5154 ei
3283 5108 3331 5151 et
3368 5093 3575 5167 psallite
3601 5093 3670 5158 ei,

2080 5211 2296 5257 narrate
2322 5204 2498 5257 omnia
2540 5200 2801 5257 mirabilia
2832 5201 2963 5271 ejus.
3011 5190 3323 5249 Laudtunini
3365 5189 3419 5242 in
3465 5186 3677 5242 nomine

2080 5303 2259 5348 sancto
2280 5296 2420 5366 ejus;
2444 5295 2644 5349 laetetur
2662 5309 2750 5346 cor
2769 5288 3106 5362 quwrenlium
3126 5282 3428 5338 Dominum.
3451 5277 3678 5346 Quwrite

2079 5381 2380 5453 Dominum,
2424 5395 2473 5439 et
2502 5381 2903 5455 conﬁrmamini,
2933 5377 3147 5449 quaerite
3176 5376 3364 5448 [aciem
3404 5376 3515 5447 ejus
3543 5389 3677 5427 sem-

2079 5492 2189 5546 per.
2233 5474 2543 5532 Mementote
2581 5473 2897 5529 mirabilium
2937 5470 3048 5541 ejus
3096 5485 3211 5543 qua:
3257 5470 3406 5541 fecit,
3435 5465 3681 5539 prodigia

2076 5569 2186 5639 ejus
2211 5578 2263 5622 et
2281 5569 2483 5639 judicia
2511 5568 2615 5621 oris
2654 5566 2787 5639 ejus.
2823 5562 3012 5618 Semen
3054 5561 3319 5617 Abraham
3357 5560 3490 5615 servi
3537 5557 3675 5627 ejus,

2076 5660 2175 5729 ﬁlii
2202 5658 2367 5713 Jacob
2405 5657 2550 5711 electi
2589 5655 2720 5727 ejus.
2755 5653 2878 5727 Ipse
2917 5654 3174 5711 Dominus
3215 5652 3356 5707 Deus
3397 5655 3590 5710 noster,
3618 5648 3676 5699 in

2075 5751 2316 5804 universa
2362 5757 2496 5802 terra
2517 5746 2723 5817 judicia
2770 5748 2901 5818 ejus.
2952 5745 3156 5802 Memor
3198 5746 3295 5815 [uit
3324 5743 3378 5795 in
3424 5736 3674 5795 amulum
