4244 6258
572 309 675 365 479

1926 277 2198 359 Anausin
2232 299 2532 360 JUNlonIs

3726 313 3826 371 480

570 426 858 478 testamenti
884 426 981 485 sui,
1012 423 1146 476 verbi
1173 424 1307 493 quod
1333 418 1596 476 mandavit
1623 423 1674 475 in
1696 422 1835 475 mille
1853 420 2146 490 generatio-
2171 420 2227 480 Α
2252 418 2363 484 los,
2394 428 2449 473 et
2476 420 2621 475 misit
2648 420 2971 476 Paraclitum
2991 462 3006 488 ,
3037 423 3128 491 qui
3157 422 3210 476 in
3249 432 3542 494 conspectu
3567 427 3824 493 gentium,

568 529 678 567 nes.
712 510 863 577 Quod
873 513 1142 583 disposuit
1171 511 1240 565 ad
1264 512 1554 574 Abraham,
1582 520 1632 563 et
1654 511 1933 582 jurameuti
1973 511 2050 562 sui
2078 509 2148 562 ad

573 602 749 659 Isaac.
794 601 867 657 Et
890 604 1069 657 statuit
1096 601 1226 657 illud
1249 601 1410 656 Jacob
1450 604 1505 655 in
1543 602 1870 673 prrereptum,
1901 612 1949 654 et
1979 599 2148 655 Israel

565 697 623 751 iu
654 704 1008 751 testamentum
1051 704 1328 760 veternum,
1372 696 1543 748 dicens
1565 711 1584 748 :
1617 693 1730 748 Tibi
1776 693 1908 748 dabo
1958 703 2144 747 terram

567 787 819 843 Chanaan
863 784 1147 860 funiculum
1192 787 1507 842 haereditatis
1564 796 1761 842 vestrm.
1809 785 1935 841 Cum
1979 795 2148 841 essent

565 896 776 934 numero
796 879 951 946 brevi,
975 879 1271 950 paucissimi
1298 888 1348 932 et
1375 879 1560 932 incola:
1585 877 1713 949 ejus.
1748 876 1817 930 Et
1834 877 2148 947 pertransie—

565 983 688 1029 runt
712 973 777 1027 de
801 981 951 1045 gente
972 973 1028 1027 in
1053 980 1273 1043 gentem,
1297 978 1348 1025 et
1376 971 1439 1024 de
1464 987 1620 1041 regno
1640 970 1711 1023 ad
1737 969 1980 1041 populum
2008 970 2142 1023 alte-

564 1080 698 1118 rum.
732 1061 855 1119 Non
883 1064 1089 1136 reliquit
1113 1064 1371 1118 hominem
1398 1078 1583 1117 nocere
1607 1063 1680 1116 eis
1700 1074 1750 1115 et
1776 1063 2026 1132 corripuit
2049 1079 2143 1133 pro

563 1157 638 1210 eis
668 1172 833 1227 reges.
866 1153 1045 1209 Nolite
1071 1164 1280 1226 tangere
1311 1154 1530 1207 christos
1556 1170 1714 1219 meos,
1746 1154 1866 1207 etin
1885 1154 2143 1225 prophetis

564 1249 690 1303 meis
716 1246 874 1301 nolite
898 1246 1196 1315 malignari.
1220 1243 1289 1297 Et
1316 1245 1513 1299 vocavit
1534 1245 1721 1315 famem
1750 1260 1903 1314 super
1931 1253 2139 1310 terram,

565 1350 615 1393 et
653 1355 802 1393 omne
829 1340 1142 1409 frumentum
1168 1336 1318 1407 panis
1342 1336 1601 1390 contrivit.
1631 1335 1776 1390 Misit
1801 1344 1922 1390 ante
1941 1352 2026 1390 eos
2069 1338 2144 1391 vi-

564 1444 716 1483 rum:
744 1430 799 1482 in
827 1443 1024 1481 servum
1053 1425 1369 1481 venundatus
1395 1434 1474 1479 est
1492 1424 1704 1497 Joseph.
1729 1424 2146 1481 Humiliaverunt

563 1521 619 1574 in
652 1518 977 1590 compedibus
1013 1518 1164 1590 pedes
1190 1519 1322 1589 ejus,
1360 1518 1557 1589 ferrum
1591 1519 1890 1589 pertransiit
1913 1520 2144 1572 animam

562 1610 695 1680 ejus,
719 1609 880 1664 donec
905 1610 1096 1664 veniret
1114 1606 1318 1663 verbum
1354 1608 1486 1679 ejus.
1517 1606 1791 1680 Eloquium
1826 1606 2038 1662 Domini
2061 1609 2145 1663 in-

563 1704 846 1773 ﬂammavit
872 1718 1004 1767 eum,
1033 1702 1173 1756 misit
1200 1715 1292 1755 rea:
1318 1709 1369 1755 et
1386 1700 1534 1755 solvit
1552 1717 1687 1766 eum,
1715 1701 1952 1771 princeps
1978 1716 2144 1772 popu-

2249 510 2399 577 quasi
2424 510 2565 578 ignis
2603 510 2911 581 dispersus,
2956 512 3325 568 universarum
3360 515 3600 584 gentium
3626 532 3745 587 qua:
3775 520 3828 574 in

2247 601 2498 671 praesenti
2525 609 2681 656 erant
2706 601 2913 671 linguas
2949 603 3002 657 in
3039 603 3315 674 apostolos
3339 615 3634 674 reseraret,
3666 608 3741 663 ita
3770 619 3829 664 ut

2247 689 2389 759 quod
2417 690 2735 762 imperatum
2776 691 2950 748 fuerat
2974 693 3028 748 in
3066 695 3317 765 przesenti
3354 696 3583 766 psalmo,
3613 698 3681 754 ab
3711 700 3826 770 ipso

2246 780 2448 852 Spiritu
2466 791 2654 839 sancto
2679 790 2808 839 tunc
2831 783 3195 855 adimpletum,
3219 793 3410 854 gentes
3436 787 3567 858 ipsa:
3599 790 3668 845 de
3694 806 3826 861 apo—

2245 872 2399 928 stolis
2423 872 2699 929 dicerent:
2728 873 2919 930 Nonne
2954 878 3068 942 isti,
3099 877 3376 946 inquiunt,
3425 876 3633 935 Galilaei
3672 882 3829 936 sunt!

2244 972 2294 1018 et
2319 966 2572 1037 quomodo
2598 983 2696 1022 nos
2718 969 3063 1040 unusquisque
3091 969 3282 1041 linguis
3310 972 3501 1026 nostris
3539 973 3825 1027 audivimus

2242 1073 2330 1112 eos
2358 1057 2617 1130 loquentes
2643 1059 2907 1130 magnalia
2934 1058 3036 1114 Dei
3058 1060 3194 1131 (Act.
3224 1077 3261 1115 ιι
3278 1060 3334 1131 )?
3360 1061 3511 1118 Tunc
3537 1078 3666 1133 ergo
3694 1078 3827 1132 gen-

2244 1149 2389 1204 tibus
2415 1150 2645 1206 confessi
2670 1160 2793 1207 sunt
2812 1151 3115 1216 Dominum,
3144 1161 3200 1208 et
3221 1153 3605 1210 invocaverunt
3625 1172 3823 1213 nomen

2244 1238 2378 1307 ejus,
2409 1255 2606 1296 nomen
2635 1241 2779 1311 quod
2807 1240 2991 1297 Judzea
3012 1242 3127 1297 sola
3154 1243 3439 1310 retinebat,
3462 1253 3588 1302 tunc
3606 1263 3822 1304 annun-

2245 1332 2515 1387 tiaverunt
2534 1332 2674 1388 inter
2694 1341 2883 1401 gentes
2901 1335 3163 1403 magnalia
3186 1334 3322 1405 ejus.
3346 1334 3492 1393 Tunc
3505 1338 3625 1407 jure
3644 1340 3821 1409 primo

2244 1428 2517 1476 cantatum
2559 1430 2643 1477 est
2670 1423 2725 1477 in
2752 1423 2985 1479 adventu
3023 1426 3192 1481 sancti
3234 1424 3464 1497 Spiritus
3490 1428 3733 1496 alleluia,
3766 1431 3823 1485 in

2243 1524 2353 1580 quo
2381 1522 2731 1568 narraverunt
2757 1515 2936 1569 omnia
2964 1515 3226 1577 mirabilia
3266 1517 3414 1587 ejus,
3447 1526 3502 1573 et
3527 1519 3824 1576 docuerunt

2244 1612 2430 1671 gentes
2453 1605 2557 1661 hoc
2583 1605 2770 1662 ordine
2814 1625 2827 1660 :
2872 1607 3058 1666 Nolite.
3088 1609 3288 1667 laudari
3318 1612 3374 1666 in
3411 1613 3611 1668 virtute
3639 1629 3822 1684 regum

2245 1704 2573 1763 vestrorum,
2605 1714 2780 1769 neque
2820 1701 2874 1755 in
2900 1702 3139 1770 potentia
3168 1704 3473 1773 prmliorum
3500 1716 3819 1773 vestrorum,

564 1793 733 1847 lorum
758 1802 808 1846 et
836 1792 1029 1846 dimisit
1055 1808 1189 1846 eum.
1214 1789 1493 1849 Constituit
1516 1807 1633 1845 eum
1661 1789 1940 1846 Dominum
1961 1791 2143 1846 domus
2171 1784 2219 1846 Β
2244 1788 2339 1844 sed
2367 1788 2699 1858 deponentes
2725 1791 2997 1861 potentias
3023 1808 3242 1848 arcuum
3286 1803 3340 1849 et
3380 1804 3589 1852 scutum
3618 1806 3674 1853 et
3700 1799 3816 1868 gla-

564 1899 690 1949 suaz,
721 1892 771 1937 et
798 1883 1080 1954 principem
1110 1882 1277 1936 omnis
1302 1882 1637 1953 possessionis
1665 1897 1792 1935 sum.
1825 1880 1897 1935 Ut
1921 1881 2144 1936 erudiret

563 1974 819 2044 principes
856 1973 967 2043 ejus
999 1973 1129 2027 sicut
1155 1973 1499 2045 semetipsum,
1525 1980 1578 2026 et
1597 1988 1742 2027 senes
1779 1972 1891 2044 ejus
1911 1973 2141 2044 pruden-

564 2064 692 2117 tiam
719 2062 938 2117 doceret.
970 2061 1041 2115 Et
1067 2063 1279 2116 intravit
1301 2060 1469 2116 Israel
1491 2063 1546 2116 in
1574 2060 1883 2134 Egyptum,
1913 2073 1962 2117 et
1978 2062 2151 2119 Iacob.

565 2155 744 2207 accola
768 2154 866 2223 fuit
910 2154 965 2206 in
1011 2162 1147 2207 terra
1187 2152 1368 2207 Citam.
1410 2150 1480 2205 Et
1524 2154 1671 2208 auxit
1714 2155 1957 2225 populum
1997 2171 2145 2209 suum

565 2243 901 2307 vehementer,
929 2251 979 2297 et
1004 2243 1232 2313 ﬁrmavit
1258 2260 1369 2297 eum
1396 2260 1550 2314 super
1580 2244 1970 2316 inimicos-ejus.
2004 2245 2144 2299 Con-

564 2336 708 2389 vertit
747 2351 837 2389 cor
852 2350 1038 2407 \eorum
1076 2343 1133 2388 ut
1173 2334 1376 2389 adirent
1420 2338 1661 2407 populum
1705 2336 1844 2406 ejus,
1884 2344 1934 2390 et
1971 2337 2145 2391 dolum

564 2429 793 2498 facerent
820 2428 876 2479 in
907 2442 1077 2480 servos
1105 2427 1237 2497 ejus.
1284 2425 1430 2481 Misit
1478 2425 1694 2498 Moysen
1733 2445 1930 2483 servum
1977 2446 2144 2497 suum,

566 2518 738 2572 Aaron
761 2535 906 2590 quem
924 2518 1073 2590 elegit
1105 2520 1291 2590 ipsum.
1315 2518 1499 2574 Posuit
1529 2522 1583 2574 in
1611 2523 1686 2575 eis
1706 2521 1855 2576 verba
1880 2523 2144 2593 signorum

566 2623 773 2664 suorum
796 2618 847 2663 et
873 2610 1229 2682 prodigiorum
1255 2611 1310 2664 in
1340 2620 1479 2665 terra
1516 2611 1696 2666 Cham.
1739 2611 1883 2666 Misit
1912 2612 2145 2667 tenebras

567 2713 618 2756 et
646 2701 950 2768 obscuravit,
991 2714 1042 2758 et
1068 2721 1173 2759 non
1201 2704 1524 2759 exacerbavit
1549 2722 1808 2761 sermones
1845 2722 1983 2760 suos.
2012 2703 2149 2759 Con-

567 2799 713 2851 vertit
740 2814 900 2868 aquas
922 2814 1097 2852 eorum
1124 2800 1179 2853 in
1199 2799 1519 2870 sanguinem,
1544 2807 1595 2852 et
1613 2798 1799 2852 occidit
1818 2800 2001 2869 pisces.
2025 2797 2150 2852 Edi-

568 2886 644 2939 dit
679 2894 815 2939 terra
842 2902 1018 2939 eorum
1046 2904 1208 2942 ranas
1234 2889 1288 2941 in
1314 2887 1657 2958 penetralibus
1685 2905 1861 2959 regum
1899 2889 2144 2959 ipsorum.

567 2974 715 3029 Dixit
743 2985 793 3028 et
812 2978 949 3030 venit
974 2980 1256 3050 casnomyia
1275 2989 1326 3033 et
1350 2981 1593 3051 cgniphes
1618 2983 1673 3035 in
1695 2982 1928 3036 omnibus
1958 2981 2149 3052 ﬁnibus

569 3080 761 3121 eorum.
795 3065 979 3120 Posuit
1005 3068 1204 3137 pluvias
1228 3085 1401 3123 eorum
1429 3071 1733 3140 grandinem
1750 3109 1765 3135 ,
1806 3072 1975 3141 ignem
2002 3088 2145 3127 com-

2245 1880 2391 1936 dium
2416 1890 2475 1936 et
2496 1882 2716 1948 bellum,
2755 1898 2946 1953 pacem
2974 1886 3245 1940 assumite.
3279 1884 3346 1941 Et
3363 1884 3636 1943 Christum
3664 1904 3823 1959 quem

2244 1969 2592 2040 praedicamus
2611 1972 2783 2039 vobis,
2795 1981 2975 2029 vestro
2994 1975 3194 2030 nomini
3208 1976 3428 2044 sociate,
3447 1986 3506 2032 ut
3526 1995 3621 2034 vos
3638 1982 3730 2048 qui
3750 1980 3826 2035 di-

2245 2059 2428 2116 cimini
2446 2071 2651 2130 gentes,
2669 2063 2919 2119 dicamini
2938 2064 3246 2127 Christiani,
3264 2074 3319 2121 et
3338 2067 3623 2124 laudemini
3646 2071 3698 2125 in
3722 2087 3820 2127 no-

2244 2150 2391 2206 mine
2409 2160 2595 2208 sancto
2618 2153 2751 2222 ejus.
2770 2153 2837 2208 Et
2861 2155 3069 2210 laetetur
3082 2171 3182 2211 cor
3202 2166 3454 2225 vestrum,
3468 2159 3560 2228 qui
3584 2162 3824 2229 quaeritis

2246 2239 2561 2308 Dominum;
2611 2244 2831 2312 qumritc
2870 2242 3172 2313 Christum,
3214 2254 3271 2301 et
3308 2246 3715 2305 conlirmamini.
3758 2250 3827 2307 Et

2245 2330 2370 2399 quia
2399 2331 2639 2405 ascendit
2666 2332 2719 2386 in
2747 2333 2918 2397 caelis,
2949 2342 3003 2389 ct
3029 2342 3182 2403 parat
3211 2335 3362 2390 vobis
3387 2337 3637 2405 gaudium
3678 2354 3825 2393 sem-

2246 2422 2532 2493 piternum,
2555 2425 2791 2495 quandiu
2811 2426 2879 2480 ad
2897 2442 3019 2482 eum
3040 2429 3370 2498 pertingatis,
3393 2431 3611 2499 quaerite
3631 2431 3822 2487 faciem

2249 2514 2368 2583 ejus
2394 2531 2624 2586 semper,
2673 2526 2999 2574 mementote
3044 2521 3309 2577 mirabilia
3355 2520 3472 2590 ejus
3513 2537 3632 2592 quae
3678 2522 3826 2591 fecit,

2248 2618 2368 2673 qua:
2394 2620 2553 2675 supra
2582 2606 2813 2662 diximus
2856 2608 3095 2678 prodigia
3124 2609 3268 2678 ejus,
3295 2609 3494 2678 judicia
3535 2610 3645 2665 oris
3689 2611 3825 2681 ejus,

2248 2709 2579 2764 qumcunque
2604 2698 2866 2766 apostoli,
2888 2713 3218 2767 quacunque
3237 2708 3470 2770 quatuor
3487 2700 3829 2769 evangelista!

2249 2792 2532 2852 testantur,
2564 2802 2672 2841 non
2701 2803 2769 2843 ex
2795 2789 3039 2857 gentibus
3064 2790 3371 2857 venientes,
3401 2791 3497 2846 sed
3523 2807 3591 2847 ex
3626 2793 3829 2849 semine

2204 2894 2221 2907 τ
2250 2874 2518 2933 Abraham
2563 2880 2703 2934 servi
2746 2880 2893 2948 ejus,
2924 2882 3014 2949 qui
3038 2892 3162 2937 sunt
3190 2881 3282 2936 lilii
3311 2882 3478 2939 lacob
3502 2885 3661 2939 electi
3687 2885 3823 2955 ejus.

2248 2966 2365 3024 Non
2389 2979 2472 3025 est
2498 2972 2640 3026 enim
2668 2969 2911 3028 Christus
2932 2973 3072 3054 Deus
3093 2988 3300 3038 recens,
3331 2989 3440 3030 non
3464 2974 3688 3041 advena,
3721 2990 3826 3031 non

2250 3058 2504 3123 novitius,
2531 3059 2627 3115 sed
2650 3060 2763 3130 ipse
2785 3068 2868 3116 est
2892 3061 3146 3118 Dominus
3173 3063 3314 3119 Deus
3341 3073 3544 3131 noster,
3571 3066 3661 3135 qui
3688 3081 3829 3121 sem-

569 3154 827 3209 burentem
851 3156 907 3209 in
937 3165 1072 3210 terra
1098 3159 1345 3227 ipsorum.
1369 3158 1441 3212 Et
1463 3162 1712 3229 percussit
1740 3163 1911 3215 vineas
1936 3180 2111 3218 eorum
2130 3205 2145 3231 ,
2176 3148 2224 3212 (ἶ

2176 3148 2224 3212 C
2253 3164 2353 3220 per
2379 3149 2478 3204 fuit
2504 3168 2516 3202 :
2549 3158 2604 3205 et
2631 3152 2722 3219 qui
2750 3151 2805 3205 in
2849 3150 3197 3208 Hebrzeorum
3240 3161 3401 3221 gente
3429 3162 3636 3209 tantum
3664 3169 3827 3211 uete-

568 3253 618 3298 et
654 3244 902 3314 ﬁculneas
927 3261 1132 3311 eorum,
1164 3256 1214 3299 et
1241 3248 1476 3301 contrivit
1502 3249 1699 3319 lignum
1738 3251 1921 3319 ﬁnium
1948 3269 2141 3308 eorum.

571 3334 721 3390 Dixit
743 3343 792 3389 et
822 3336 955 3390 venit
976 3335 1173 3390 locusta
1200 3348 1249 3390 et
1274 3335 1509 3404 bruchus,
1543 3339 1688 3409 cujus
1708 3356 1809 3394 non
1831 3350 1943 3395 erat
1972 3358 2149 3397 nume-

569 3440 677 3479 rus.
708 3422 778 3478 Et
803 3425 1021 3479 comedit
1055 3443 1206 3481 omne
1235 3428 1409 3500 fenum
1435 3430 1490 3483 in
1521 3439 1654 3486 terra
1692 3447 1895 3497 eorum,
1928 3442 1979 3487 et
2004 3450 2145 3489 com-

571 3516 678 3569 edit
705 3532 904 3570 omnem
930 3517 1149 3588 fructum
1188 3527 1338 3572 teme
1370 3536 1562 3574 eorum.
1607 3519 1676 3575 Et
1716 3525 1963 3593 percussit
1992 3533 2149 3581 ’omne

568 3608 960 3679 primogenitum
986 3608 1041 3661 in
1071 3616 1210 3662 terra
1237 3625 1444 3675 eorum,
1474 3613 1728 3681 primitias
1761 3616 1928 3669 omnis
1956 3615 2148 3672 laboris

568 3713 761 3752 eorum.
789 3696 858 3751 Et
876 3699 1056 3753 eduxit
1082 3716 1169 3754 eos
1194 3716 1307 3755 cum
1337 3713 1549 3774 argento
1577 3714 1626 3760 et
1657 3722 1812 3774 auro,
1843 3716 1892 3762 et
1913 3726 2017 3763 non
2038 3720 2151 3764 erat

568 3791 623 3843 in
649 3788 875 3844 tribubus
919 3807 1094 3845 eorum
1132 3793 1390 3863 inﬁmus.
1433 3793 1636 3850 Ltetata
1679 3808 1756 3852 est
1794 3797 2056 3870 lEggptus
2096 3804 2149 3857 in

566 3880 881 3952 profectione
900 3898 1093 3948 eorum,
1116 3885 1235 3955 quia
1254 3884 1484 3939 incubuit
1505 3888 1655 3943 timor
1673 3906 1847 3943 eorum
1867 3907 2020 3961 super
2040 3909 2144 3947 eos.

568 3969 836 4044 Expandit
873 3974 1056 4029 nubem
1084 3976 1138 4029 in
1166 3979 1530 4046 protectionem
1557 3996 1765 4044 eorum,
1806 3990 1858 4034 et
1893 3969 2060 4052 ignem
2090 3992 2149 4037 ut

567 4065 756 4119 luceret
784 4068 859 4121 eis
885 4083 973 4138 per
999 4076 1218 4123 noctem.
1251 4067 1519 4123 Petierunt
1550 4080 1600 4124 et
1638 4074 1772 4126 venit
1800 4074 2039 4126 coturnix
2059 4112 2073 4136 ,
2097 4080 2147 4129 e‘t

568 4173 701 4227 pane
738 4158 851 4213 caeli
891 4161 1142 4213 saturavit
1166 4173 1277 4214 eos:
1306 4158 1539 4231 Disrupit
1565 4170 1764 4232 petram
1800 4173 1850 4216 et
1883 4165 2148 4233 fluxerunt

568 4263 746 4317 aqum,
778 4250 1009 4304 abierunt
1038 4252 1091 4304 in
1120 4252 1253 4305 sicco
1280 4252 1516 4321 ﬂumina.
1549 4249 1804 4315 Quoniam
1831 4272 2025 4311 memor
2048 4259 2146 4329 fuit

568 4339 703 4393 verbi
723 4344 892 4396 sancti
911 4344 1009 4406 sui,
1028 4343 1163 4414 quod
1182 4344 1359 4398 habuit
1377 4345 1447 4397 ad
1464 4346 1724 4400 Abraham
1743 4365 1954 4419 puerum
1975 4333 2140 4406 suum.

568 4425 639 4483 Et
657 4430 834 4483 edux-it
856 4434 1097 4502 populum
1117 4450 1262 4487 suum
1282 4436 1335 4488 in
1356 4437 1723 4503 exsultatione,
1748 4448 1797 4493 et
1818 4441 2145 4500 electos'suos

567 4526 623 4576 in
652 4522 849 4578 laetitia.
880 4523 948 4577 Et
974 4526 1113 4579 dedit
1139 4528 1246 4580 illis
1287 4530 1520 4600 regiones
1562 4534 1818 4603 gentium,
1861 4546 1912 4589 et
1949 4536 2148 4593 labores

566 4615 870 4691 populorum
907 4616 1257 4687 possederunt.
1293 4618 1391 4674 Ubi
1430 4623 1723 4679 custodiant
1749 4625 2148 4697 justiﬁcationes

570 4706 700 4777 ejus,
731 4716 780 4760 et
807 4706 964 4779 legem
989 4709 1100 4780 ejus
1128 4713 1409 4782 requirant.

1142 4856 1574 4900 COIIENTARIUI.

644 4975 868 5033 Alleluia
905 4977 957 5032 in
987 4977 1089 5033 isto
1115 4978 1322 5047 psalmo
1349 4980 1954 5055 principiumsumpsit,
1982 4998 2143 5053 quam

572 5069 697 5137 quia
752 5069 1170 5145 interpretantur
1218 5070 1385 5140 gloria
1438 5072 1550 5128 Deo
1593 5076 1824 5129 creatori
1872 5076 2142 5141 omnium,

575 5167 758 5209 verum
794 5158 995 5214 dicunt.
1030 5159 1108 5214 Ad
1136 5176 1322 5216 omnes
1360 5162 1501 5217 enim
1538 5172 1725 5232 gentes
1755 5166 1981 5235 imperat
2012 5182 2146 5221 nun-

575 5241 696 5297 tiari
724 5245 945 5311 gloriam
974 5249 1122 5316 ejus,
1159 5259 1213 5305 et
1241 5252 1478 5307 enarrari
1508 5254 1685 5308 omnia
1716 5255 1976 5308 mirabilia
2007 5254 2140 5323 ejus,

574 5334 843 5401 quomodo
861 5349 927 5389 ex
948 5337 1150 5404 virgine
1171 5350 1343 5409 natus,
1359 5342 1629 5411 quomodo
1649 5342 1894 5412 exemplo
1907 5352 1961 5398 et
1983 5346 2145 5399 verbo

574 5422 775 5485 docuit,
796 5425 1065 5492 quomodo
1083 5429 1306 5485 virtutes
1330 5433 1589 5498 exercuit,
1610 5432 1880 5502 quomodo
1904 5433 1959 5487 in
1988 5448 2146 5488 cruce

575 5512 845 5585 pependit,
875 5515 1145 5584 quomodo
1169 5529 1430 5582 mortuus,
1462 5523 1719 5592 sepultus,
1750 5523 2063 5588 resurrexit,
2091 5531 2146 5577 et

577 5624 641 5664 ea
668 5625 787 5681 qua:
813 5618 939 5665 ante
964 5609 1265 5680 passionem
1293 5611 1505 5676 docuit,
1547 5619 1669 5683 posit
1694 5615 2145 5673 resurrectionem

576 5712 729 5755 suam
756 5701 946 5757 iterant
975 5698 1337 5769 conﬁrmavit,
1370 5704 1642 5771 quomodo
1681 5705 1923 5762 ascendit
1950 5707 2003 5763 in
2030 5719 2142 5762 cm-

2248 3240 2456 3294 monias
2480 3240 2869 3309 collocaverat,
2902 3258 3041 3299 nunc
3067 3244 3207 3309 vult,
3240 3253 3298 3299 ut
3323 3244 3376 3299 in
3407 3246 3654 3302 universa
3684 3254 3827 3302 terra

2246 3330 2355 3383 sint
2376 3328 2574 3398 judicia
2602 3331 2735 3399 ejus.
2768 3332 2904 3399 Quid
2941 3349 3081 3390 nunc
3107 3335 3293 3400 vultis,
3334 3334 3540 3391 Judaei?
3568 3337 3758 3402 Dicite,
3782 3338 3830 3396 si

2247 3420 2437 3488 vultis;
2490 3422 2759 3490 arguimus
2801 3440 2899 3479 vos
2944 3434 3256 3491 noscentes,
3289 3435 3345 3481 et
3378 3427 3605 3482 dicimus
3628 3427 3781 3483 vobis
3810 3446 3826 3482 :

2247 3510 2432 3567 Falsas
2459 3513 2667 3568 habetis
2705 3514 3014 3584 scripturas.
3041 3514 3097 3570 Si
3127 3516 3420 3573 vereDeus
3446 3525 3565 3571 erat
3590 3517 3681 3585 qui
3707 3532 3828 3571 cum

2248 3602 2518 3659 Abraham
2547 3604 2756 3661 locutus
2781 3612 2881 3669 est,
2905 3621 2999 3660 cur
3021 3606 3165 3676 quod
3193 3607 3438 3677 promisit
3458 3608 3681 3674 implere
3719 3623 3828 3661 non

2248 3693 2459 3763 potuit?
2486 3693 2543 3748 Si
2583 3709 2689 3748 non
2718 3695 2910 3764 potuit,
2934 3697 3274 3765 omnipotens
3313 3712 3420 3752 non
3441 3706 3550 3763 est;
3582 3698 3627 3750 si
3647 3698 3819 3767 potuit

2250 3792 2305 3839 et
2332 3785 2536 3851 noluit,
2566 3785 2820 3838 mentitus
2847 3793 2948 3839 est.
2980 3784 3063 3840 Ad
3091 3786 3205 3842 haec
3234 3784 3445 3855 Paulus
3465 3785 3685 3852 clamat,
3718 3785 3824 3841 Ile-

2249 3874 2422 3929 bi'aaus
2450 3889 2515 3928 ex
2563 3872 2827 3938 Hebraeis,
2875 3874 3205 3946 impossibile
3247 3887 3332 3933 est
3379 3876 3590 3937 mentiri
3632 3876 3821 3932 Deum.

2248 3964 2449 4020 Docete
2487 3979 2616 4034 ergo
2644 3965 2919 4036 impletum
2943 3968 3088 4037 quod
3110 3968 3312 4038 juravit
3337 3969 3479 4026 Deus
3506 3986 3604 4041 per
3626 3980 3827 4026 semet-

2249 4055 2453 4124 ipsum,
2503 4054 2687 4111 dicens
2730 4075 2743 4110 :
2783 4057 2842 4111 In
2887 4058 3092 4114 semine
3136 4067 3231 4115 tuo
3278 4060 3604 4117 btcreditabo
3643 4076 3830 4118 omnes

2246 4153 2451 4213 gentes,
2482 4146 2625 4216 quod
2652 4147 2915 4218 disposuit
2942 4148 3007 4203 ad
3034 4149 3322 4218 Abraham,
3353 4159 3409 4206 et
3430 4150 3722 4220 juramenti
3748 4153 3829 4207 sui

2247 4236 2314 4291 ad
2342 4236 2516 4304 Isaac,
2546 4239 2733 4293 statuit
2760 4239 2888 4295 illud
2916 4238 3082 4296 Jacob
3125 4242 3180 4296 in
3227 4250 3557 4313 pmceptum
3585 4253 3642 4298 et
3667 4244 3829 4301 lsrael

2247 4327 2302 4381 in
2330 4335 2707 4384 testamentum
2736 4337 3029 4398 mternum,
3075 4331 3260 4388 dicens
3301 4333 3397 4388 tibi
3445 4333 3662 4403 quidem
3689 4335 3828 4389 dabo

2247 4428 2448 4474 terram
2490 4418 2776 4486 Chanaan,
2827 4422 3118 4478 funiculum
3162 4424 3488 4480 btereditatis
3523 4434 3732 4481 vestrm.
3764 4425 3829 4482 Et

2251 4515 2465 4583 quando
2494 4515 2597 4571 hoc
2624 4516 2820 4573 factum
2850 4521 2970 4574 est?
2997 4519 3133 4575 Cum
3153 4520 3327 4576 adhuc
3354 4531 3537 4579 essent
3562 4539 3633 4579 ex
3660 4523 3827 4579 Cbsm

2250 4622 2472 4664 numero
2515 4608 2723 4675 breves,
2772 4612 3075 4682 paucissimi
3122 4620 3178 4668 et
3224 4612 3414 4669 incola:
3459 4615 3513 4669 in
3562 4630 3648 4671 ea.
3679 4614 3827 4670 Tunc

2248 4701 2668 4770 pertransierunt
2694 4702 2760 4757 de
2787 4713 2946 4772 gente
2974 4704 3026 4759 in
3054 4715 3269 4774 gentem
3286 4744 3302 4769 ,
3332 4704 3398 4760 de
3425 4720 3591 4775 regno
3617 4707 3830 4762 Chana-

2250 4804 2487 4849 nzcorum
2515 4795 2582 4849 ad
2609 4795 2865 4864 populum
2896 4796 3301 4869 Egyptiorum,
3335 4814 3442 4854 non
3486 4807 3666 4854 tamen
3707 4814 3826 4869 per-

2248 4885 2392 4939 misit
2413 4885 2682 4940 hominem
2703 4901 2899 4941 nocere
2924 4901 3036 4953 eos,
3060 4896 3115 4942 et
3142 4888 3402 4958 corripuit
3426 4904 3525 4958 pro
3546 4889 3626 4943 eis
3650 4903 3823 4957 reges,

2247 4976 2385 5031 sicut
2408 4974 2678 5042 Amalech,
2701 4985 2756 5031 et
2776 4986 3019 5043 eceteros,
3043 4987 3100 5033 et
3118 4978 3249 5034 dixit
3274 4980 3353 5034 eis
3378 4998 3391 5033 :
3415 4979 3589 5035 Nolite
3609 4988 3826 5049 tangere

2249 5067 2478 5121 christos
2498 5081 2664 5132 meos,
2701 5078 2755 5120 et
2781 5068 2831 5121 in
2853 5068 3144 5137 prophetas
3162 5084 3314 5125 meos
3332 5069 3501 5124 nolite
3524 5068 3821 5136 malignari.

2252 5156 2402 5212 Unde
2431 5155 2682 5212 Amalech
2713 5174 2805 5214 rex
2834 5158 2973 5215 dixit
2991 5160 3057 5215 ad
3084 5160 3393 5217 Abraham:
3421 5161 3533 5216 Nisi
3554 5161 3702 5215 Deus
3732 5161 3826 5215 atl-

2252 5250 2548 5304 monuisset
2575 5264 2660 5304 me
2691 5257 2849 5305 nocte
2878 5250 2930 5304 in
2963 5251 3169 5307 visione
3197 5252 3489 5308 habueram
3519 5267 3746 5323 peccare
3774 5251 3828 5306 in

2252 5349 2333 5406 te;
2362 5341 2455 5396 sed
2495 5341 2752 5411 corripuit
2781 5357 2867 5397 me
2897 5344 2948 5397 in
2977 5343 3214 5410 visione,
3245 5355 3302 5399 et
3340 5344 3618 5399 admonuit
3655 5359 3742 5398 me
3771 5351 3829 5397 ut

2252 5445 2436 5501 rogem
2465 5440 2537 5496 te,
2564 5439 2618 5487 et
2640 5449 2764 5488 ores
2788 5449 2888 5505 pro
2915 5450 3019 5489 me.
3046 5433 3266 5504 Egimus
3283 5436 3541 5490 hactenus
3564 5444 3621 5490 et
3644 5436 3827 5507 mysti-

2252 5539 2372 5579 cum
2394 5531 2447 5578 et
2472 5523 2784 5581 historicum
2822 5542 3036 5582 sensum
3076 5526 3193 5593 sed,
3230 5543 3334 5582 una
3359 5528 3515 5582 nobis
3537 5527 3828 5596 quaestiun—

2251 5614 2369 5670 cula
2401 5612 2609 5669 videtur
2654 5616 2705 5670 in
2753 5616 3014 5673 manibus.
3058 5616 3320 5683 Quaeritur
3364 5618 3508 5672 enim
3554 5615 3826 5684 quomodo

2250 5707 2472 5765 verbum
2498 5708 2602 5764 hoc
2630 5707 2900 5766 mandavit
2945 5710 2997 5765 in
3040 5708 3186 5765 mille
3228 5697 3638 5777 generationes,
3682 5705 3825 5780 quod
