4252 6264
394 355 490 411 481

1322 317 1783 409 COMMENTARII
1821 353 1888 408 IN
1925 351 2251 411 PSALMOS.
2293 353 2483 409 PSAL.
2523 354 2654 411 CIV.

3519 348 3653 418 '48:

396 467 659 539 disposuit
686 465 753 521 ad
779 464 1090 519 Abraham?
1118 463 1225 519 llas
1252 464 1399 521 mille
1438 465 1813 534 generationes
1840 480 1971 535 geu-
1998 474 2053 528 Α
2079 466 2254 536 cipem
2281 467 2457 522 omnis
2480 468 2836 537 possessionis
2860 486 2972 525 suae
2990 511 3004 537 ,
3036 471 3210 526 omnis
3236 472 3561 541 sanctitatis,
3592 484 3652 531 ut

399 561 531 613 tium
574 555 834 617 educere,
856 552 1140 609 .laciniosa
1178 555 1308 609 satis
1340 556 1573 610 narratio
1617 555 1836 624 ﬂagitat.
1867 554 1974 612 Sed

398 656 559 720 prout
579 647 927 719 potuerimus,
949 645 1173 715 juvante
1196 631 1445 713 Domino,
1462 649 1777 704 commatice
1802 659 1973 703 trans-

398 755 603 796 eamus.
632 737 710 793 De
736 745 893 806 gente
938 736 1006 792 ad
1044 746 1286 806 gentem,
1319 739 1386 793 de
1416 752 1581 806 regno
1619 739 1688 794 ad
1713 740 1971 810 populum

400 820 647 886 altarum.
672 828 784 884 Noe
806 837 913 884 tres
934 828 1070 884 ﬁlios
1091 830 1300 895 habuit,
1324 828 1449 885 Sem
1463 871 1478 896 ,
1500 830 1666 886 Cham
1681 872 1696 897 ,
1718 831 1968 902 Japheth.

398 920 543 987 Scm,
574 920 926 992 primogenita
957 935 1082 990 pars
1106 919 1244 975 facta
1271 928 1353 975 est
1377 935 1407 974 a
1435 919 1650 975 Persida
1690 930 1746 977 et
1768 922 1972 978 Bactris

398 1028 566 1082 usque
602 1012 652 1066 in
692 1010 891 1065 Indiam
931 1011 1090 1080 longe
1117 1019 1172 1065 et
1212 1026 1377 1080 usque
1406 1010 1822 1077 Rhinocoruras,
1851 1029 1970 1083 qua:

396 1104 566 1175 spatia
609 1110 867 1157 terrarum
908 1102 1109 1157 habent
1148 1102 1354 1171 linguas
1397 1118 1646 1159 sermone
1690 1105 1970 1161 barbarico

395 1196 580 1263 viginti
599 1203 654 1250 et
672 1202 900 1265 septem,
925 1194 979 1249 in
998 1195 1191 1264 quibus
1212 1194 1405 1263 linguis
1425 1203 1614 1263 gentes
1632 1205 1757 1251 sunt
1774 1197 1972 1267 patria-

392 1303 512 1342 rum
552 1280 953 1357 quadringenta
992 1302 1103 1352 sex,
1150 1301 1256 1341 non
1285 1286 1618 1342 diversarum
1645 1287 1964 1357 linguarum,

391 1377 505 1443 sed,
528 1385 588 1431 ut
608 1377 739 1443 dixi,
768 1377 1097 1433 diversarum
1121 1376 1413 1447 patriarum
1432 1395 1444 1430 :
1463 1377 1613 1433 verbi
1632 1379 1823 1447 gratia,
1845 1395 1967 1436 cum

393 1484 498 1523 una
524 1468 705 1538 lingua
746 1468 935 1526 Latina
964 1470 1063 1532 sit,
1094 1470 1193 1525 sub
1226 1485 1331 1524 una
1370 1469 1550 1538 lingua
1588 1469 1810 1526 diversae
1844 1478 1970 1526 sunt

392 1559 598 1630 patrizc,
626 1559 952 1625 Brutiorum,
971 1558 1337 1633 Lucanorum,
1366 1558 1682 1631 Apulorum,
1711 1558 1969 1617 Calabro-

393 1667 529 1716 rum,
561 1648 859 1715 Picentum,
877 1650 1190 1713 Tuscorum,
1214 1658 1272 1706 et
1299 1650 1384 1705 his
1412 1658 1575 1719 atque
1601 1648 1967 1719 hujuscemodi

392 1741 578 1811 patriis
604 1740 795 1796 similia
825 1740 870 1795 si
906 1734 1161 1796 dicamus.
1192 1738 1363 1796 Cham
1391 1755 1520 1796 vero
1541 1740 1804 1796 secundus
1831 1739 1967 1796 filius

2078 557 2316 613 erudiret
2332 560 2608 630 apostolos
2628 560 2766 616 sicut
2783 561 3039 632 seipsum,
3062 563 3153 632 qui
3173 562 3474 633 pmfecerat
3492 573 3650 620 astate

2074 657 2130 704 et
2155 649 2417 720 sapientia
2436 691 2451 716 ,
2481 658 2538 706 et
2562 666 2720 707 senes
2743 668 2870 707 suos
2899 653 2996 708 hos
3020 654 3166 723 ipsos
3193 662 3374 724 patres
3412 657 3648 714 omnium

2072 740 2434 807 credentium,
2483 742 2822 811 prudentiam
2862 744 3147 810 docerent,
3178 753 3233 799 et
3260 746 3313 799 in
3353 747 3648 804 ministerio

2071 830 2454 887 absconditam.
2479 832 2629 890 Tunc
2656 824 2874 890 intravit
2892 835 3051 891 Israel
3077 836 3128 890 in
3150 835 3443 907 «Egyptum
3460 839 3648 895 videns

2070 921 2258 988 Deum,
2282 923 2556 993 apostolos
2577 924 2716 980 inter
2734 924 3063 992 idololatras,
3086 934 3143 981 et
3162 927 3326 983 Jacob
3346 929 3525 984 accola
3550 930 3647 985 fuit

2067 1020 2214 1068 terra
2241 1012 2493 1070 Chanaan
2511 1054 2526 1078 ,
2572 1024 2628 1070 et
2653 1018 2800 1071 auxit
2844 1019 3096 1089 populum
3125 1018 3241 1087 ejus
3264 1020 3453 1086 nimis,
3485 1022 3559 1076 ita
3587 1029 3647 1078 ut

2069 1103 2237 1158 millia
2255 1105 2528 1160 hominum
2550 1106 2806 1161 haberent
2825 1122 2920 1162 cor
2939 1123 3103 1162 unum
3126 1116 3182 1163 et
3201 1109 3433 1164 animam
3457 1127 3637 1165 unam.

2067 1192 2137 1248 Et
2163 1193 2502 1249 conﬁrmavit
2529 1209 2625 1249 cor
2667 1194 2783 1264 ejus
2829 1211 2994 1267 super
3031 1212 3218 1253 omnes
3261 1198 3503 1256 inimicos
3529 1200 3644 1269 ejus

2066 1284 2158 1352 qui
2187 1285 2455 1351 negabant
2480 1300 2622 1339 eum.
2652 1283 3070 1343 Contemnentes
3097 1288 3238 1343 enim
3258 1305 3351 1345 eos
3368 1330 3383 1355 ,
3413 1291 3641 1361 apostoli

2046 1364 2316 1427 'conversi
2335 1379 2459 1428 sunt
2486 1372 2554 1427 ad
2578 1382 2782 1442 gentes.
2810 1375 3141 1432 Conversum
3162 1386 3245 1432 est
3262 1394 3358 1435 cor
3382 1382 3640 1461 gentium,

2066 1467 2132 1515 ut
2153 1460 2365 1517 odirent
2397 1463 2652 1532 populum
2679 1464 2813 1533 ejus,
2846 1474 2901 1522 et
2928 1466 3233 1522 occidentes
3260 1476 3521 1540 martyres
3546 1470 3643 1524 do-

2066 1552 2177 1607 lum
2204 1552 2443 1608 facerent
2470 1554 2523 1608 in
2552 1570 2738 1611 servos
2757 1555 2893 1627 ejus,
2915 1572 3195 1628 quousque
3220 1558 3427 1615 veniret
3453 1560 3520 1614 ad
3548 1576 3643 1617 eos

2066 1643 2278 1717 Moyses
2304 1653 2361 1700 et
2386 1646 2585 1713 Aaron,
2634 1664 2914 1719 quousque
2957 1650 3285 1721 pertingeret
3324 1652 3391 1707 ad
3426 1668 3642 1709 sensum

2066 1751 2252 1792 eorum
2281 1739 2366 1793 lex
2393 1738 2507 1805 Dei,
2531 1747 2585 1795 et
2605 1749 2867 1811 ponerent
2887 1741 2939 1796 in
2960 1749 3137 1797 mente
3159 1758 3254 1798 sua
3275 1744 3435 1800 verba
3464 1746 3645 1816 signo«

389 1831 522 1897 Noe,
554 1847 585 1886 a
612 1830 996 1886 Rhinocoruris
1036 1846 1204 1899 usque
1248 1830 1472 1897 Qadira,
1515 1831 1720 1887 habens
1762 1830 1966 1899 linguas
1993 1833 2043 1896 B
2064 1842 2213 1894 rum,
2245 1836 2299 1883 et
2322 1829 2719 1900 prodigiorum,
2749 1848 2867 1902 qua:
2894 1842 2986 1888 aut
3012 1834 3249 1904 legentes
3290 1849 3637 1905 agnoverant,

389 1940 638 1980 sermone
658 1923 860 1981 Punico
880 1940 910 1979 a
930 1932 1081 1995 parte
1100 1922 1505 1990 Garamantum,
1528 1923 1719 1979 Latino
1750 1939 1780 1978 a
1813 1931 1967 1995 parte

392 2014 607 2081 Boreae,
651 2015 931 2070 barbarico
966 2030 997 2069 a
1033 2023 1186 2085 parte
1221 2014 1529 2080 meridiani,
1571 2012 1885 2085 Ethiopum
1913 2021 1969 2069 et

396 2104 789 2177 f"Egypliorum,
813 2120 875 2159 ac
898 2105 1138 2179 barbaris
1162 2106 1506 2162 interioribus
1526 2106 1675 2161 vario
1694 2120 1963 2174 sermone,

395 2211 619 2251 numero
639 2197 818 2265 viginti
838 2196 1042 2252 duabus
1070 2197 1281 2266 linguis,
1306 2199 1360 2253 in
1383 2199 1568 2269 patriis
1594 2199 1846 2255 trecentis
1868 2215 1967 2254 uo-

395 2287 609 2357 naginta
656 2295 706 2342 et
749 2297 998 2357 quatuor.
1047 2288 1281 2358 Japheth
1328 2298 1506 2345 autem
1544 2290 1721 2347 habet
1769 2288 1964 2345 ﬂumen

394 2376 676 2449 Tigridem,
703 2379 796 2447 qui
823 2378 1009 2433 dividit
1037 2377 1265 2434 Mediam
1294 2388 1350 2434 et
1376 2379 1741 2451 Babyloniam,
1774 2379 1825 2433 in
1866 2394 1967 2449 pa-

392 2467 506 2522 triis
531 2467 772 2523 ducentis
800 2484 1047 2525 sermone
1069 2470 1241 2535 vario,
1267 2470 1319 2525 in
1347 2470 1540 2540 linguis
1567 2471 1751 2540 viginti
1776 2470 1966 2527 tribus.

388 2557 545 2614 Fiunt
563 2575 691 2630 ergo
713 2576 901 2616 omnes
928 2560 1084 2615 simul
1106 2561 1298 2630 lingua:
1326 2564 1664 2632 septuaginta
1701 2561 1838 2626 dum,
1866 2578 1967 2633 pa-

388 2651 503 2709 trite
532 2660 710 2707 autem
759 2651 1164 2722 generationum
1210 2652 1386 2717 mille,
1435 2668 1555 2722 qua:
1600 2653 1651 2707 in
1701 2652 1968 2722 tripartito

389 2741 587 2796 saeculo
635 2742 740 2797 hoc
783 2742 971 2797 ordine
1014 2743 1130 2797 sita:
1176 2751 1320 2797 sunt.
1373 2741 1563 2809 llabet,
1615 2751 1671 2797 ut
1715 2742 1963 2809 diximus,

387 2828 614 2901 Japheth
642 2829 837 2886 ﬂumen
868 2830 1155 2899 Tigridem,
1187 2831 1280 2901 qui
1307 2831 1497 2887 dividit
1523 2831 1751 2888 Mediam
1778 2840 1834 2887 et
1860 2831 1967 2886 Ba-

387 2922 679 2993 byloniam.
711 2922 836 2977 Scin
867 2932 1043 2978 autem
1070 2922 1402 2993 Euphraten.
1430 2921 1597 2978 Cham
1636 2939 1765 2980 vero
1792 2922 1963 2993 Geon,

390 3013 481 3082 qui
513 3021 734 3068 vocatur
761 3013 924 3068 Nilus.
964 3014 1020 3068 In
1062 3014 1145 3069 his
1180 3015 1461 3086 tripartitis
1489 3016 1736 3084 gentibus
1763 3027 1830 3071 ex
1860 3033 1966 3073 uno

390 3103 610 3159 homine
637 3104 986 3168 manantibus,
1018 3104 1251 3160 Trinitas
1276 3090 1373 3176 per
1397 3106 1678 3161 Dominum
1724 3114 1964 3163 nostrum

2068 1926 2161 1973 aut
2184 1918 2480 1978 referentes
2516 1924 2813 1980 audierant.
2838 1924 3131 1997 Cmperunt
3157 1929 3301 1984 enim
3327 1929 3544 1994 timere,
3574 1946 3642 1985 ne

2064 2014 2378 2081 paterentur
2403 2028 2512 2068 non
2540 2014 2820 2071 credentes
2839 2016 2983 2084 quod
3003 2032 3162 2087 passa
3183 2017 3355 2073 fuerat
3375 2018 3641 2090 Egyptus

2066 2117 2187 2157 cum
2207 2116 2334 2172 rege
2347 2119 2465 2172 suo,
2482 2106 2754 2173 tenebras,
2767 2121 2933 2176 aquas
2946 2109 3284 2178 sanguineas,
3300 2125 3477 2176 ranas,
3493 2111 3642 2167 locu-

2065 2199 2195 2258 stas,
2218 2193 2470 2258 bruchus,
2494 2197 2766 2268 cynipbes,
2781 2200 3129 2271 emnomyias,
3153 2200 3484 2269 grandinem,
3508 2203 3641 2271 igni-
3718 2270 3732 2283 _

2069 2289 2286 2352 tumque
2312 2293 2551 2352 ventum,
2573 2288 2666 2357 qui
2685 2289 2975 2345 combussit
2991 2290 3178 2347 vineas
3205 2290 3456 2349 ﬁculneas
3482 2302 3641 2363 atque

2067 2372 2455 2441 omne-lignum
2485 2374 2690 2430 finitum
2718 2392 2921 2433 eorum.
2949 2377 3078 2435 Post
3105 2381 3221 2437 haec
3243 2383 3404 2437 etiam
3431 2398 3639 2453 percns<

2065 2462 2272 2517 sionem
2299 2464 2472 2534 angeli
2501 2465 2556 2520 in
2583 2481 2795 2522 omnem
2826 2469 3235 2538 primogenitum
3263 2479 3418 2527 teme
3455 2488 3638 2529 eorum

2066 2563 2125 2609 et
2147 2555 2409 2626 primitias
2434 2559 2608 2614 omnis
2629 2559 2828 2615 laboris
2855 2577 3061 2616 eorum.
3087 2563 3284 2619 Dantes
3304 2579 3433 2634 ergo
3452 2580 3640 2621 omnes

2070 2644 2315 2701 timorem
2345 2646 2428 2701 his
2463 2647 2745 2704 virtutibus
2770 2650 3033 2706 vincentis
3060 2652 3174 2719 Dei,
3196 2652 3443 2722 fugerunt
3467 2654 3637 2725 Εεν-

2066 2738 2300 2808 ptiorum
2328 2739 2771 2806 incredulitatem,
2795 2750 2851 2798 et
2868 2744 3039 2798 secuti
3066 2745 3430 2814 apostolorum
3457 2744 3634 2813 ﬁdem,

2066 2827 2244 2883 educti
2265 2837 2390 2884 sunt
2411 2830 2463 2885 in
2475 2840 2697 2901 argento
2718 2840 2772 2887 et
2791 2848 2942 2898 auro,
2966 2833 3020 2888 in
3038 2834 3247 2890 duobus
3266 2834 3639 2901 Testamentis,

2065 2926 2288 2987 argento
2317 2921 2542 2986 veteris,
2574 2929 2630 2976 et
2653 2938 2786 2978 auro
2813 2924 2958 2990 novi,
2991 2924 3044 2978 in
3072 2925 3216 2980 bono
3238 2933 3293 2980 et
3321 2927 3558 2992 meliore,
3585 2935 3640 2983 et

2065 3025 2171 3064 non
2201 3020 2285 3066 est
2325 3012 2571 3068 inventus
2617 3014 2670 3069 in
2717 3015 2801 3071 his
2838 3017 2927 3086 qui
2972 3026 3069 3087 per
3094 3031 3286 3089 aquam
3315 3021 3640 3077 transierunt

2067 3100 2205 3156 ullus
2225 3102 2483 3159 inﬁrmus.
2507 3104 2695 3161 Nullus
2712 3107 2854 3161 enim
2875 3107 3142 3164 invenitur
3159 3110 3213 3164 in
3232 3111 3480 3167 omnibus
3499 3113 3641 3169 millc

387 3197 569 3253 Jesum
618 3194 883 3252 Christum
936 3198 1207 3254 hominem
1261 3198 1556 3268 perfectum
1602 3200 1876 3269 apparuit,
1908 3206 1965 3254 et
1989 3189 2034 3254 C
2067 3189 2149 3244 his
2176 3194 2607 3260 generationibus
2632 3195 2933 3266 baptizatis,
2956 3206 3235 3268 peccatum
3263 3201 3350 3256 vel
3376 3218 3517 3258 unus
3541 3204 3641 3259 ha-

385 3291 531 3347 solus
549 3289 634 3344 his
654 3289 799 3344 mille
816 3290 1250 3358 generationibus
1269 3306 1365 3361 per
1386 3291 1614 3360 linguam
1634 3306 1743 3346 sua:
1763 3290 1963 3361 passio-

386 3378 468 3433 nis
492 3378 747 3444 occurrit,
764 3378 888 3448 quia
917 3394 1125 3434 memor
1145 3378 1243 3434 fuit
1267 3379 1415 3435 verbi
1442 3380 1585 3448 quod
1608 3380 1879 3450 juraverat
1904 3381 1961 3436 in

389 3468 528 3522 mille
542 3467 937 3535 generationes,
952 3467 1138 3524 dicens
1151 3467 1400 3534 Abrahae,
1414 3470 1558 3538 quod
1575 3471 1627 3525 in
1640 3471 1844 3527 semine
1866 3481 1959 3529 tuo

391 3557 714 3613 baereditabo
734 3574 923 3614 omnes
943 3565 1149 3628 gentes.
1179 3557 1246 3613 Et
1273 3559 1411 3615 sicut
1438 3558 1559 3616 filiis
1583 3559 1745 3617 Israel
1765 3562 1960 3619 famem

389 3649 621 3717 passuris
649 3651 913 3704 succurrit
935 3647 1152 3719 Joseph,
1179 3650 1269 3719 qui
1297 3649 1540 3705 venditus
1568 3657 1670 3716 est,
1695 3652 1785 3720 qui
1816 3662 1962 3721 post-

390 3753 548 3806 quam
574 3739 822 3795 venditus
848 3746 931 3795 est
959 3738 1027 3794 ad
1054 3752 1276 3808 regnum
1305 3739 1576 3805 ascendit,
1599 3747 1654 3794 et
1682 3739 1820 3796 fame
1840 3756 1963 3810 per-

387 3829 542 3885 ituris
588 3830 876 3900 aliquantis
923 3831 1169 3900 gentibus
1208 3840 1264 3887 et
1309 3833 1494 3903 patriis
1549 3831 1964 3889 frumentatione

390 3921 619 3991 reposita
641 3929 796 3977 caute
822 3923 1109 3987 succurrit;
1133 3923 1205 3976 ita
1225 3921 1472 3977 venditus
1495 3938 1523 3977 a
1545 3921 1680 3978 Juda
1700 3920 1961 3989 Christus,

394 4010 448 4064 in
478 4011 746 4081 triumpho
774 4012 947 4068 crucis
965 4013 1231 4069 exaltatus
1254 3998 1361 4079 est,
1381 4021 1507 4068 ante
1534 4012 1749 4083 quidem
1776 4029 1965 4086 passus

394 4116 717 4173 synagogam
763 4103 949 4159 falsum
997 4114 1220 4171 testem,
1269 4107 1409 4160 sicut
1452 4105 1649 4177 Joseph
1695 4106 1965 4162 dominam

394 4190 751 4246 meretricem.
782 4191 908 4248 Post
947 4194 1059 4249 haec
1099 4209 1391 4264 exsurgens
1426 4210 1458 4249 a
1497 4196 1725 4254 mortuis
1762 4197 1969 4266 accepit

392 4297 633 4352 regnum,
666 4293 721 4336 nt
746 4285 798 4345 in
825 4286 1027 4340 nomine
1054 4286 1163 4356 ejus
1188 4303 1336 4340 omne
1364 4303 1497 4358 genu
1526 4287 1784 4355 ﬂectatur,
1815 4287 1966 4342 cale-

390 4376 563 4439 stium,
590 4376 932 4441 terrestrium,
956 4385 1007 4430 et
1034 4378 1351 4450 infernarum
1375 4377 1593 4451 (Philip.
1618 4395 1654 4433 ll
1671 4380 1718 4449 ),
1749 4386 1803 4433 et
1830 4376 1968 4433 fame

393 4467 740 4540 pereuntibus
759 4468 842 4521 his
868 4468 1011 4523 mille
1035 4470 1484 4537 generationibus,
1514 4469 1715 4541 apertis
1734 4469 1961 4531 horreis,

2069 3278 2202 3335 hens
2220 3280 2274 3334 in
2297 3281 2426 3336 hora
2446 3282 2799 3353 baptismatis.
2816 3283 3083 3356 Alioquin,
3100 3288 3144 3342 si
3166 3297 3441 3359 peccatum
3462 3291 3642 3358 habet,

2061 3387 2170 3427 non
2223 3372 2481 3440 credidit,
2531 3381 2586 3430 et
2630 3391 2753 3431 cum
2796 3375 3063 3449 Egyptiis
3106 3395 3314 3436 mersus
3358 3388 3460 3437 est.
3510 3383 3641 3439 Nam

2063 3480 2250 3520 omnes
2275 3467 2365 3535 qui
2387 3466 2747 3534 crediderunt,
2780 3484 2849 3524 ex
2882 3471 3011 3525 hora
3047 3486 3153 3540 qua
3181 3473 3525 3539 transierunt,
3560 3491 3643 3529 ve-

2062 3556 2270 3611 nientes
2296 3556 2363 3611 ad
2383 3557 2865 3626 consignationem,
2890 3575 2997 3615 non
3026 3561 3293 3616 invenitur
3318 3562 3371 3615 in
3402 3562 3643 3617 tribubus

2063 3661 2251 3702 eorum
2279 3646 2520 3702 inﬁmus
2546 3665 2559 3700 :
2584 3662 2773 3702 omnes
2801 3646 2938 3702 firmi
2966 3656 3118 3715 sunt;
3143 3664 3330 3705 omnes
3348 3650 3491 3704 enim
3513 3666 3644 3706 con-

2064 3734 2257 3790 ﬁrmati
2303 3744 2446 3790 sunt.
2479 3734 2681 3790 Lzetata
2728 3744 2813 3790 est
2854 3735 3143 3808 Egyptus.
3190 3737 3453 3811 IEgyptus
3499 3748 3644 3797 totus

2064 3824 2321 3890 mundus,
2351 3825 2477 3880 licet
2516 3825 2570 3879 in
2598 3825 2834 3905 peccatis
2879 3839 3069 3894 agens,
3116 3833 3294 3905 tamen
3324 3829 3532 3885 hetatur
3555 3830 3643 3886 die

2065 3922 2251 3969 sancto
2281 3912 2515 3980 Paschze,
2560 3914 2614 3969 in
2652 3900 2985 3984 profectione
3023 3900 3212 3972 eorum
3248 3919 3341 3987 qui
3381 3918 3644 3988 fugientes

2068 4004 2423 4072 Pharaonem,
2456 4013 2511 4060 et
2538 4013 2825 4075 sequentes
2848 4004 3095 4078 Moysen,
3128 4022 3226 4078 per
3250 4024 3442 4078 aquam
3464 4018 3642 4065 trans-

2067 4095 2269 4161 ierunt,
2300 4104 2361 4151 ut
2386 4096 2660 4153 inveniant
2687 4096 2776 4152 ubi
2804 4097 3024 4153 audiant
3061 4113 3248 4154 vocem
3287 4099 3516 4155 Domini.
3558 4099 3643 4156 In-

2069 4186 2253 4241 cubuit
2277 4186 2418 4241 enim
2446 4187 2608 4242 timor
2634 4202 2797 4257 super
2823 4187 3144 4254 incredulos,
3167 4197 3223 4244 et
3250 4205 3357 4245 non
3385 4199 3509 4246 sunt
3531 4192 3644 4250 ausi

2069 4276 2186 4331 sine
2210 4276 2355 4332 feriis
2380 4292 2500 4333 esse
2523 4277 2576 4332 in
2604 4278 2721 4347 ipso
2746 4276 2862 4342 die,
2897 4278 2989 4347 qui
3018 4278 3063 4333 si
3091 4293 3198 4334 non
3228 4280 3492 4346 Iactantur,
3525 4296 3644 4337 cre-

2069 4367 2260 4422 dentes
2286 4367 2475 4447 Deum,
2500 4367 2761 4423 feriantur
2787 4368 3039 4425 timentes
3060 4382 3283 4439 regnum
3311 4380 3367 4427 et
3391 4374 3646 4445 populum

2073 4457 2453 4514 Christianum.
2484 4458 2552 4513 Et
2590 4459 2712 4515 ideo
2752 4460 3018 4528 laetantur,
3048 4463 3174 4532 quia
3204 4464 3443 4520 incubuit
3485 4466 3646 4523 timor

394 4574 648 4613 manuum
677 4574 895 4613 suarum
923 4558 1372 4629 proﬂuenlissima
1400 4561 1645 4630 largitate
1684 4562 1966 4630 succurrit,
1995 4553 2047 4613 D
2071 4567 2257 4608 eorum
2283 4567 2446 4623 super
2465 4567 2577 4607 eos.
2600 4551 2865 4624 Expandit
2885 4557 3027 4611 enim
3056 4557 3198 4613 Deus
3222 4560 3437 4627 nubem,
3468 4562 3519 4616 id
3541 4572 3645 4632 est,

395 4664 502 4704 non
531 4650 701 4705 solam
730 4650 809 4705 eis
843 4650 1075 4720 speciem
1108 4648 1388 4717 frumenti,
1420 4653 1514 4708 sed
1551 4662 1607 4708 et
1632 4654 1740 4709 vini
1769 4662 1823 4709 et
1864 4656 1973 4712 olei

396 4739 791 4795 administrans.
825 4739 870 4794 A
897 4741 1105 4796 cunctis
1133 4756 1225 4797 eas
1252 4741 1665 4799 adversitatibus
1704 4745 1967 4800 liberavit.

397 4830 622 4887 Vocavit
648 4832 792 4886 enim
821 4831 1015 4886 famem
1041 4848 1204 4903 super
1233 4841 1429 4887 terram
1459 4849 1642 4889 eorum
1660 4875 1674 4899 ,
1705 4835 1853 4904 prius
1879 4836 1971 4904 qui

400 4921 451 4977 in
480 4922 637 4978 idolis
657 4921 1015 4987 confidebant,
1039 4933 1095 4977 et
1121 4938 1282 4978 omne
1309 4923 1388 4978 eis
1414 4922 1801 4978 ﬁrmamentum
1822 4924 1976 4994 panis

398 5014 677 5077 contrivit,
703 5015 826 5084 quia
846 5030 1039 5085 panem
1060 5031 1245 5070 verum
1265 5014 1353 5086 qui
1376 5014 1443 5069 de
1461 5015 1611 5070 cmlis
1629 5014 1977 5071 descenderet

400 5104 736 5173 ignorabant.
774 5103 844 5159 At
872 5105 963 5159 ubi
983 5104 1131 5159 venit
1152 5106 1234 5159 vir
1251 5102 1541 5175 perfectus,
1563 5103 1654 5173 qui
1683 5104 1735 5158 in
1763 5118 1976 5159 servum

399 5195 735 5250 venundatus
764 5204 865 5258 est,
892 5204 1237 5266 posteaquam
1268 5194 1465 5250 ferrum
1494 5195 1836 5265 pertransivit
1862 5193 1978 5249 ani-

396 5300 546 5341 mam
575 5288 722 5356 ejus,
754 5286 879 5357 quia
905 5287 1175 5355 eloquium
1206 5286 1351 5343 falsa:
1382 5286 1529 5343 testis
1557 5286 1979 5342 inﬂammaverat

405 5377 537 5430 iram
576 5393 738 5447 super
764 5393 905 5431 eum.
942 5375 1007 5429 At
1039 5377 1126 5430 nhi
1157 5377 1298 5431 misit
1338 5392 1431 5430 rex
1458 5376 1525 5431 de
1551 5377 1689 5432 ccclo
1727 5383 1781 5430 et
1820 5374 1980 5429 solvit

401 5482 546 5528 cum,
573 5475 627 5521 et
646 5467 892 5537 princeps
912 5467 1002 5536 qui
1025 5473 1099 5520 est
1124 5465 1259 5520 Deus
1281 5468 1332 5519 in
1356 5460 1558 5519 Cﬁristo
1586 5465 1826 5520 mundum
1849 5479 1976 5518 con-

407 5558 590 5611 cilians
610 5554 705 5610 sibi
739 5556 810 5625 (ll
839 5557 957 5611 Cor.
984 5557 1066 5627 γ),
1098 5556 1295 5611 dimisit
1333 5571 1455 5609 eum
1495 5556 1704 5610 solvens
1727 5556 1793 5610 ab
1832 5554 1979 5609 omni

407 5646 622 5699 vinculo
652 5646 949 5713 fragilitatis
970 5685 982 5709 ,
1015 5646 1268 5701 continuo
1314 5645 1501 5700 statuit
1546 5660 1667 5700 eum
1695 5642 1980 5699 Dominum

408 5736 600 5789 domu»
627 5753 752 5791 sum.
780 5737 1061 5793 Dominum
1093 5737 1145 5791 in
1174 5736 1308 5795 coelo
1337 5744 1388 5791 et
1417 5737 1470 5790 in
1493 5734 1728 5792 Ecclesia
1751 5741 1804 5788 et
1832 5735 1980 5803 prin-

2070 4639 2362 4696 Ecclesiam
2407 4658 2556 4698 suam
2605 4643 2658 4698 in
2704 4646 3094 4713 protectionem
3140 4663 3346 4716 eorum,
3377 4659 3431 4707 et
3473 4652 3647 4722 ignem

2074 4729 2224 4796 lidei,
2255 4746 2373 4800 qua:
2400 4731 2541 4787 lucet
2566 4732 2645 4787 eis
2672 4733 2726 4788 in
2756 4734 2992 4791 tenebris
3018 4737 3230 4803 mundi,
3262 4740 3353 4795 ubi
3378 4742 3648 4811 petierunt

2074 4836 2290 4877 carnem
2317 4828 2373 4875 et
2399 4831 2721 4892 acceperunt
2744 4832 3180 4897 ortygometram.
3203 4829 3345 4886 Caro
3379 4833 3522 4887 enim
3546 4834 3649 4888 illis

2074 4913 2198 4969 data
2226 4919 2309 4968 est
2324 4953 2339 4978 ,
2372 4921 2497 4970 tunc
2522 4915 2827 4972 coturnices
2851 4917 3093 4974 volantes
3116 4920 3302 4989 utique
3327 4930 3383 4975 et
3408 4922 3647 4977 caelestia

2075 5004 2370 5074 cupientes,
2397 5012 2454 5058 et
2474 5005 2556 5060 his
2573 5004 2739 5062 datur
2763 5023 2894 5064 caro
2920 5023 3037 5077 quae
3062 5008 3302 5064 ascendit
3328 5023 3489 5077 super
3507 5006 3649 5062 Che-

2074 5096 2252 5161 rubin,
2278 5103 2333 5152 et
2353 5097 2572 5164 volavit,
2601 5106 2656 5154 et
2682 5114 2826 5170 pane
2844 5099 2968 5155 cmli
2995 5097 3218 5153 saturati
3246 5105 3389 5150 sunt.
3422 5097 3650 5165 Quando

2076 5186 2300 5258 disrupit
2328 5194 2567 5259 petram,
2615 5197 2671 5243 et
2715 5187 2985 5244 ﬂuxerunt
3027 5201 3210 5256 aquae,
3257 5193 3312 5240 et
3353 5185 3407 5242 in
3434 5187 3651 5246 deserto

2077 5278 2243 5334 totius
2268 5278 2444 5335 saeculi
2473 5284 2689 5335 currunt
2716 5276 2957 5339 ﬂumina,
2982 5276 3107 5345 quia
3135 5290 3343 5331 memor
3372 5277 3541 5336 factus
3567 5289 3651 5339 est

2080 5368 2228 5422 verbi
2247 5370 2414 5424 sancti
2435 5369 2516 5423 sui
2533 5368 2679 5437 Quod
2697 5366 2833 5422 dixit
2852 5366 2919 5421 ad
2939 5364 3205 5421 Abraham
3226 5382 3451 5437 puerum
3472 5385 3646 5427 suum.

2081 5456 2309 5528 Ideoque
2328 5458 2511 5515 eduxit
2523 5456 2774 5527 populum
2796 5471 2951 5512 suum
2978 5456 3029 5510 in
3051 5458 3425 5525 exsultatione,
3445 5462 3496 5515 in
3515 5462 3649 5519 alle-

2082 5548 2215 5612 luia,
2260 5552 2310 5605 in
2351 5551 2484 5605 albis
2510 5546 2779 5612 vestibus,
2807 5555 2863 5602 et
2890 5548 3093 5605 electos
3116 5567 3246 5606 suos
3271 5552 3325 5607 in
3355 5552 3567 5617 laetitia,
3597 5562 3650 5610 et

2081 5641 2226 5696 dedit
2243 5642 2342 5695 illis
2361 5638 2607 5707 regiones
2625 5636 2882 5704 gentium,
2900 5648 2956 5694 et
2975 5640 3217 5697 civitates
3238 5643 3576 5713 populorum,
3593 5652 3650 5699 ut
3692 5666 3697 5671 α

2082 5734 2382 5789 custodiant
2405 5727 2810 5800 justilicationes
2838 5731 2979 5801 ejus,
3012 5742 3067 5789 et
3108 5733 3278 5801 legem
3325 5734 3443 5802 ejus
3468 5735 3650 5801 nequi-
