4244 6258
624 361 736 430 I85

1965 326 2236 419 Annona
2274 363 2578 420 JUNiORiS

3803 375 3908 432 484

622 485 769 538 rant.
798 476 890 534 Sic
915 477 1060 533 enim
1086 475 1162 531 ait
1185 493 1198 529 :
1224 474 1511 548 Baptizate,
1540 462 1732 546 inquit,
1750 490 1932 531 omnes
1960 485 2137 547 gentes
2154 479 2212 533 in
2238 486 2284 542 Α
2313 489 2363 534 et
2392 481 2587 552 factum
2607 488 2687 534 est
2705 480 2813 535 illis
2835 483 2889 535 in
2911 482 3236 538 scandalum.
3261 483 3333 538 Et
3351 487 3746 544 immolaverunt
3774 490 3910 561 ﬁlios

622 575 832 632 nomine
862 571 1040 625 Patris
1067 578 1119 623 et
1144 568 1273 624 Filii
1298 579 1352 624 et
1378 568 1605 641 Spiritus
1639 571 1826 635 sancti,
1858 570 2094 624 docentes
2121 588 2207 626 eos

621 664 881 720 custodire
907 664 1083 717 omnia
1110 677 1423 734 quacunque
1460 664 1682 733 precepi
1707 663 1864 729 vobis,
1897 671 1946 715 et
1972 678 2087 716 ecce
2114 679 2208 733 ego

614 754 877 810 ovobiscum
904 769 1018 808 sum
1046 750 1280 807 omnibus
1308 751 1505 819 diebus,
1534 769 1692 825 usque
1713 753 1784 807 ad
1810 755 2210 808 consummatio-

612 864 736 902 nem
772 845 953 901 seculi
980 843 1198 917 (Matth.
1225 843 1433 914 xxvui).
1458 844 1649 899 Anzen.

1181 977 1496 1036 PSALMUS
1532 977 1641 1034 CV.

1158 1068 1404 1133 Alleluia,
1447 1069 1679 1124 alleluia.

690 1182 1023 1251 Conﬁtemini
1044 1178 1272 1233 Domino
1291 1182 1537 1251 quoniam
1562 1180 1745 1246 bonus,
1767 1182 2013 1253 quoan
2034 1182 2090 1235 in
2109 1196 2208 1235 ste-

619 1274 791 1331 culum
816 1270 1173 1327 misericordia
1203 1271 1334 1341 ejus.
1379 1269 1509 1335 Quis
1548 1270 1781 1342 loquetur
1813 1271 2071 1341 potentias
2101 1268 2210 1326 Do-

614 1367 761 1431 mini,
784 1363 990 1418 auditas
1012 1363 1168 1434 faciet
1187 1378 1363 1416 omnes
1383 1360 1562 1417 laudes
1590 1362 1703 1432 ejus
1720 1362 1745 1413 ?
1769 1360 1916 1415 Beati
1937 1362 2022 1433 qui
2039 1371 2208 1417 crista-

616 1456 764 1509 diunt
796 1453 1075 1525 judicium,
1117 1460 1166 1505 et
1194 1452 1394 1522 faciunt
1414 1451 1676 1521 justitiam
1704 1453 1759 1506 in
1787 1452 1929 1506 omni
1957 1458 2202 1521 tempore.

615 1546 875 1609 Memento
919 1543 1106 1609 nostri,
1141 1540 1381 1606 Domine,
1423 1541 1477 1594 in
1520 1541 1839 1613 beneplacito
1877 1541 2055 1612 populi
2106 1542 2202 1607 tui,

613 1639 762 1696 visita
788 1651 882 1689 nos
910 1635 965 1688 in
993 1633 1213 1688 salutari
1241 1641 1345 1686 tuo.
1378 1631 1459 1685 Ad
1478 1630 1751 1686 videndum
1778 1633 1833 1686 in
1859 1630 2087 1686 bonitate
2103 1630 2207 1686 ele-

614 1737 810 1783 ctorum
847 1733 1071 1790 tuorum,
1098 1724 1168 1777 ad
1205 1724 1490 1779 lwtandum
1518 1725 1572 1778 in
1595 1724 1778 1778 la‘titia
1810 1725 1977 1796 gentis
2007 1733 2126 1789 tute,
2150 1732 2206 1778 ut

594 1808 837 1875 lauderis
859 1834 973 1872 cum
994 1816 1296 1873 haereditate
1325 1824 1430 1869 tua.
1465 1814 1799 1870 Peccavimus
1828 1833 1943 1871 cum
1970 1816 2204 1887 patribus

613 1914 827 1978 nostris,
874 1911 1066 1984 injuste
1110 1912 1325 1983 egimus,
1375 1909 1699 1981 iniquitatem
1745 1910 1979 1981 fecimus.
2014 1908 2205 1965 Patres

613 2004 777 2059 nostri
804 2004 860 2056 in
888 2000 963 2054 1E
968 2009 1124 2072 ggpto
1145 2017 1251 2054 non
1276 1999 1643 2053 intellexerunt
1677 1998 1939 2053 mirabilia
1968 2009 2075 2067 tuo,
2100 2017 2207 2055 non

613 2095 823 2163 fuerunt
850 2107 1098 2146 memores
1126 2089 1470 2144 multitudinis
1491 2089 1861 2147 misericordite
1884 2097 2006 2144 tusc.
2040 2088 2107 2143 Et
2131 2090 2208 2144 ir-

613 2188 895 2241 ritaverant
924 2182 1257 2238 ascendentes
1278 2183 1333 2236 in
1363 2198 1525 2249 mare,
1556 2198 1704 2237 mare
1728 2181 1976 2237 Rubrum.
2001 2180 2074 2237 Et
2099 2183 2208 2238 sal-

540 2288 553 2300 '
613 2277 747 2332 vavit
774 2294 860 2332 eos
887 2285 1096 2347 propter
1124 2290 1310 2329 nomen
1331 2289 1500 2339 suum,
1529 2282 1585 2326 ut
1604 2282 1782 2328 notam
1801 2275 1997 2343 faceret
2024 2283 2207 2344 palen.

613 2371 742 2423 tiam
769 2384 934 2425 suam.
965 2365 1037 2419 Et
1057 2365 1341 2437 increpavit
1368 2381 1511 2418 mare
1540 2362 1791 2429 Rubrum,
1817 2373 1867 2418 et
1894 2365 2210 2420 exsiccatum

614 2468 711 2525 est,
742 2468 793 2514 et
821 2459 1035 2513 deduxit
1075 2474 1162 2511 eos
1190 2458 1246 2512 in
1275 2455 1477 2526 abyssis
1502 2456 1636 2510 sicut
1664 2458 1718 2510 in
1753 2455 1971 2511 deserto.
2003 2454 2074 2510 Et
2103 2456 2211 2510 sal-

615 2550 751 2605 vavit
789 2566 879 2605 eos
920 2549 983 2604 de
1011 2565 1169 2604 manu
1207 2547 1511 2613 odientium,
1542 2556 1592 2602 et
1632 2548 1698 2602 ab
1740 2546 1948 2604 insidiis
1986 2547 2209 2603 hostium

617 2650 808 2695 tutatus
839 2648 937 2705 est,
964 2650 1013 2693 et
1038 2638 1252 2695 redemit
1277 2656 1364 2693 eos
1390 2638 1455 2694 de
1481 2654 1640 2692 manu
1671 2638 1889 2692 inimici.
1914 2636 1983 2693 Et
2008 2639 2212 2709 operuit

615 2750 748 2806 aqua
778 2731 1082 2788 tribulantes
1110 2749 1216 2801 eos,
1240 2749 1372 2787 unus
1391 2749 1457 2787 ex
1474 2734 1549 2786 eis
1570 2748 1674 2787 non
1704 2733 1971 2787 remansit.
2002 2731 2074 2787 Et
2098 2748 2212 2787 cre-

615 2822 857 2879 diderunt
895 2822 1061 2879 verbis
1088 2824 1220 2895 ejus,
1246 2833 1297 2878 et
1323 2823 1668 2878 laudauerunt
1693 2823 1903 2878 laudem
1925 2824 2059 2894 ejus.
2097 2822 2212 2878 Cito

616 2918 859 2988 fecerunt,
905 2915 1051 2970 obliti
1084 2924 1206 2970 sunt
1241 2932 1455 2986 operum
1479 2918 1611 2988 ejus,
1638 2924 1689 2970 et
1719 2932 1823 2987 non
1857 2916 2213 2970 sustinuerunt

616 3006 887 3060 consilium
907 3006 1041 3078 ejus.
1065 3005 1134 3059 Et
1164 3009 1535 3078 concupierunt
1556 3008 2009 3078 concupiscenti“
2035 3008 2089 3061 in
2122 3007 2214 3061 de-

617 3104 774 3158 serto,
817 3104 867 3150 et
890 3103 1221 3151 tentaverunt
1257 3096 1425 3152 Datin
1452 3098 1517 3151 in
1546 3099 1816 3169 inaquoso.
1848 3097 1922 3152 Et
1960 3098 2103 3152 dedit
2135 3100 2211 3152 eis

617 3186 913 3257 petitionem
935 3187 1189 3254 ipsorum,
1217 3195 1269 3240 et
1295 3187 1438 3241 misit
1463 3188 1789 3243 saturitatem
1814 3188 1871 3242 in
1893 3189 2098 3242 animas
2118 3204 2210 3242 eo-

616 3292 753 3331 rum.
776 3274 847 3329 Et
872 3276 1204 3330 irritaverant
1222 3275 1438 3347 Moysen
1464 3278 1519 3332 in
1539 3280 1750 3342 castris,
1772 3280 1949 3332 Aaron
1976 3287 2214 3333 sanctum

618 3364 852 3422 Domini.
882 3368 1073 3437 Aperta
1099 3375 1177 3420 est
1206 3375 1364 3431 terra,
1390 3375 1441 3421 et
1469 3367 1734 3438 deglutivit
1765 3368 1994 3434 Datltan,
2014 3377 2064 3423 et
2085 3386 2211 3441 ope-

619 3458 723 3526 ruit
753 3474 905 3530 super
937 3457 1387 3530 congregationem
1414 3455 1629 3513 Abiron.
1662 3456 1732 3512 Et
1767 3461 1969 3514 exarsit
1992 3462 2127 3532 ignis
2155 3462 2211 3515 in

618 3567 885 3623 synagoga
921 3564 1117 3614 eorum,
1144 3549 1357 3618 ﬂamma
1381 3547 1659 3603 combussit
1685 3557 1999 3621 peccatores.
2022 3549 2096 3607 Et
2134 3553 2212 3622 fe-

619 3651 795 3706 cerunt
826 3642 1039 3698 vitulum
1079 3643 1135 3695 in
1165 3640 1321 3708 Oreb,
1366 3650 1415 3696 et
1454 3641 1801 3697 adoraverunt
1844 3641 2096 3714 sculptile.
2140 3641 2212 3696 Et

620 3742 945 3789 mutaverunt
973 3733 1195 3805 gloriam
1222 3749 1373 3788 suam
1400 3734 1455 3787 in
1485 3732 1875 3789 similitudinem
1903 3733 2046 3788 vituli
2067 3750 2211 3788 com-

620 3827 818 3885 edentis
847 3827 1042 3897 fenum.
1077 3822 1237 3881 Obliti
1278 3834 1397 3879 sunt
1418 3824 1605 3889 Deum,
1635 3826 1731 3897 qui.
1754 3826 1969 3881 salvavit
1994 3841 2099 3890 eos,
2124 3828 2214 3897 qui

620 3919 744 3989 fecit
770 3918 1040 3987 magnalia
1076 3918 1132 3972 in
1171 3914 1426 3988 ngypto,
1462 3915 1721 3970 mirabilia
1748 3918 1803 3969 in
1844 3926 1984 3970 terra
2023 3916 2205 3981 Cham,

620 4009 869 4066 terribilia
905 4008 961 4062 in
996 4008 1131 4061 mari
1166 4006 1361 4060 Rubro.
1395 4004 1467 4061 Et
1495 4006 1631 4059 dixit
1666 4016 1725 4059 ut
1752 4007 2070 4076 disperderet
2099 4022 2207 4071 eos,

618 4100 666 4154 si
695 4116 800 4154 non
830 4097 1040 4169 Moyses
1067 4098 1259 4152 electus
1288 4098 1403 4166 ejus
1431 4097 1654 4151 stetisset
1681 4097 1737 4149 in
1767 4096 2120 4166 confractione
2153 4099 2208 4151 in

618 4200 890 4263 conspectu
921 4191 1054 4262 ejus.
1090 4188 1160 4244 Ut
1184 4197 1434 4243 averteret
1460 4189 1595 4242 iram
1620 4188 1753 4258 ejus,
1792 4204 1857 4241 ne
1894 4187 2211 4260 disperderet

617 4302 720 4351 eos,
744 4294 793 4338 et
810 4300 904 4357 pro
931 4282 1094 4337 nihilo
1115 4280 1402 4337 habuerunt
1433 4289 1625 4334 terram
1647 4279 2054 4336 desiderabilem.
2084 4280 2209 4337 Non

617 4372 942 4426 crediderunt
969 4372 1120 4426 verba
1149 4371 1285 4442 ejus,
1315 4380 1366 4425 et
1401 4381 1850 4425 murmurauerunt
1875 4373 1931 4425 in
1972 4372 2210 4427 taberna-

616 4461 743 4514 culis
772 4460 899 4525 suis,
924 4476 1032 4514 non
1059 4459 1408 4515 exaudierunt
1434 4475 1606 4514 vacem
1630 4458 1863 4515 Domini.
1893 4460 1966 4515 Et
1998 4462 2210 4519 elevavit

615 4565 825 4603 manum
851 4565 1000 4603 suam
1028 4566 1183 4621 super
1207 4565 1314 4616 eos,
1335 4559 1394 4605 ut
1421 4559 1767 4622 prosterneret
1793 4568 1881 4607 eos
1902 4553 1957 4607 in
1985 4554 2202 4609 deserto.

616 4639 685 4697 Et
711 4650 766 4694 ut
793 4640 1036 4712 dejiceret
1053 4657 1227 4696 semen
1253 4659 1429 4698 eorum
1447 4643 1504 4697 in
1525 4644 1845 4708 nationibus,
1877 4655 1926 4699 et
1947 4645 2208 4716 disperde-

616 4744 691 4808 ret
716 4751 803 4791 sos
838 4736 896 4790 in
928 4736 1240 4807 regionibus.
1271 4736 1343 4792 Et
1382 4738 1579 4792 initiati
1620 4749 1743 4793 sunt
1779 4738 2116 4813 Beelphegor,
2157 4749 2208 4795 et

615 4833 940 4891 comederunt
972 4833 1234 4903 sacriﬁcia
1266 4842 1606 4888 mortuorum.
1633 4832 1703 4887 Et
1731 4834 2063 4890 irritaverant
2088 4851 2205 4891 eum

613 4926 668 4979 in
688 4923 1136 4983 adinventienibus
1163 4925 1293 4990 suis,
1315 4934 1364 4978 et
1384 4922 1731 4995 multiplicata
1751 4936 1827 4980 est
1852 4928 1908 4980 in
1928 4929 2003 4982 eis
2024 4929 2199 4981 ruina.

2238 3239 2285 3302 C

2311 586 2430 625 suos
2457 578 2507 624 et
2535 571 2678 641 ﬁlias
2701 588 2825 625 suas
2846 571 3135 627 dtemoniis.
3170 572 3239 626 Et
3267 575 3567 644 effuderunt
3605 582 3911 652 sanguinem

2309 663 2655 728 innocentem,
2675 663 2980 734 sanguinem
2999 664 3226 734 ﬁliorum
3248 681 3457 721 suorum
3478 676 3528 722 et
3548 669 3778 739 ﬁliarum
3797 690 3912 728 saa-

2309 769 2444 819 rum,
2471 770 2600 824 quas
2629 755 3048 825 sacriﬁcaverunt
3074 758 3399 829 sculptilibus
3427 759 3702 817 Chanaan.
3727 763 3797 818 Et
3825 768 3910 821 in-

2312 845 2449 915 fecta
2488 852 2565 897 est
2603 852 2743 898 terra
2781 846 2837 898 in
2877 845 3212 917 sanguinibus
3240 856 3290 901 et
3334 852 3694 906 contaminata
3732 862 3809 908 est
3850 857 3913 910 in

2312 930 2550 1002 operibus
2602 949 2795 998 eorum,
2840 943 2891 987 et
2931 936 3178 1006 fornicati
3210 945 3331 992 sunt
3364 939 3423 993 in
3461 940 3913 1000 adinventionibus

2311 1025 2438 1077 suis.
2472 1022 2543 1076 Et
2566 1025 2732 1078 iratus
2763 1034 2839 1079 est
2873 1027 3048 1097 furore
3077 1025 3333 1082 Dominus
3363 1028 3419 1082 in
3458 1030 3706 1101 populum
3738 1049 3911 1100 suum,

2310 1124 2361 1169 et
2372 1114 2707 1171 abominatus
2725 1125 2802 1171 est
2820 1116 3177 1172 bwreditatem
3205 1135 3372 1173 suam.
3404 1118 3478 1174 Et
3507 1121 3725 1177 tradidit
3750 1141 3838 1180 eos
3859 1128 3915 1179 in

2311 1222 2496 1261 manus
2533 1207 2777 1277 gentium,
2808 1216 2859 1261 et
2898 1207 3149 1262 dominati
3184 1214 3308 1264 sunt
3341 1226 3521 1264 eorum
3560 1214 3649 1283 qui
3687 1214 3915 1269 oderunt

2306 1315 2417 1353 eos.
2449 1297 2521 1352 Et
2556 1299 2931 1355 tribulaverunt
2967 1318 3057 1355 eos
3095 1302 3295 1357 inimici
3335 1319 3533 1373 eorum,
3576 1316 3628 1360 et
3652 1308 3914 1364 humiliati

2310 1398 2428 1443 sunt
2445 1389 2538 1445 sub
2568 1390 2804 1445 manibus
2821 1408 3020 1458 eorum,
3051 1408 3188 1464 stepe
3207 1392 3445 1449 liberavit
3462 1413 3566 1451 eos.
3593 1396 3707 1470 Ipsi
3733 1410 3912 1454 autem

2309 1482 2748 1538 exacerbaverunt
2785 1499 2904 1539 eum
2929 1486 2985 1539 in
3024 1487 3240 1541 consilio
3269 1503 3382 1554 suo,
3424 1495 3473 1542 et
3496 1490 3755 1545 humiliati
3784 1499 3911 1547 sunt

2306 1576 2363 1628 in
2391 1574 2749 1645 iniquitatibus
2776 1577 2902 1629 suis.
2928 1574 2999 1629 Et
3027 1577 3155 1631 vidit
3175 1592 3291 1631 cum
3320 1577 3709 1646 tribularentur,
3740 1591 3789 1635 et
3810 1599 3907 1636 au-

2309 1667 2432 1721 divit
2463 1668 2755 1722 orationem
2790 1684 2986 1723 eorum.
3028 1667 3101 1723 Et
3127 1686 3322 1725 memor
3350 1673 3449 1743 fuit
3477 1675 3773 1728 testamenti
3803 1677 3906 1740 sui,

2307 1766 2356 1811 et
2385 1758 2623 1829 pwnituit
2661 1775 2776 1813 eum
2802 1760 3088 1815 secundum
3122 1753 3511 1817 multitudinem
3543 1765 3909 1822 misericordia

2237 1862 2284 1926 Β
2308 1864 2436 1905 suas.
2453 1848 2525 1903 Et
2546 1850 2689 1904 dedit
2707 1868 2795 1905 eos
2822 1852 2877 1905 in
2898 1853 3285 1909 misericordias
3308 1855 3364 1909 in
3385 1867 3661 1929 conspectu
3681 1862 3909 1915 omnium

2310 1944 2396 2013 qui
2425 1952 2668 2014 ceperant
2691 1960 2798 1999 eos.
2825 1943 3011 2001 Salvos
3036 1948 3126 2019 fac
3155 1964 3269 2015 nos,
3304 1947 3527 2005 Domine
3550 1950 3689 2006 Deus
3712 1963 3907 2019 noster,

2308 2041 2359 2087 et
2385 2049 2640 2106 congrege
2669 2051 2763 2091 nos
2793 2036 2856 2090 de
2889 2037 3206 2093 nationibus.
3237 2038 3307 2095 Ut
3330 2041 3678 2112 conﬁteamur
3710 2047 3907 2101 nomini

2310 2133 2491 2179 sancto
2513 2132 2619 2189 tuo,
2638 2134 2688 2180 et
2709 2127 2990 2198 gloriemur
3007 2131 3065 2183 in
3086 2130 3242 2185 laude
3264 2141 3371 2186 tua.
3394 2132 3706 2190 Benedictus
3726 2137 3909 2193 Domin

2313 2232 2411 2271 nus
2443 2217 2576 2273 Deus
2602 2217 2774 2274 Israel
2802 2238 2834 2273 a
2857 2222 3051 2278 saecula
3072 2231 3123 2277 et
3147 2240 3309 2296 usque
3330 2225 3386 2280 in
3405 2226 3671 2295 steculum,
3696 2239 3745 2286 et
3772 2231 3909 2286 dicet

2311 2309 2479 2362 omnis
2505 2309 2763 2403 populus‘:
2794 2307 2944 2375 Fiat,
2979 2311 3093 2382 ﬁat.

2884 2461 3331 2504 COIUINTARIUI.

2387 2553 2611 2611 Alleluia
2641 2558 2872 2628 primum
2902 2563 3014 2631 egit
3042 2570 3101 2618 ut
3128 2564 3474 2637 baptizentur
3491 2569 3788 2628 credentes.
3819 2573 3907 2629 Al-

2314 2643 2475 2700 leluia
2515 2649 2813 2704 secundum
2849 2652 2962 2720 agit
2999 2660 3061 2708 ut
3101 2656 3521 2715 reconcilientur
3560 2664 3911 2731 ptenitentcs.

2314 2734 2391 2791 lbi
2406 2739 2865 2810 wscepitplebem
2879 2758 3030 2799 suam
3043 2745 3096 2800 in
3108 2740 3486 2818 exsultatione,
3501 2761 3556 2808 et
3567 2754 3771 2811 electos
3785 2771 3911 2818 suos

2316 2827 2371 2882 in
2401 2828 2605 2884 lzetitia.
2644 2830 2741 2888 Hic
2767 2835 3089 2902 pmnitentes
3118 2839 3356 2906 exaudit,
3389 2849 3445 2896 ct
3471 2841 3562 2898 dat
3589 2858 3684 2900 eos
3726 2847 3779 2902 in
3808 2849 3911 2903 mi~

2316 2919 2665 2975 sericordiam
2695 2923 2749 2977 in
2778 2935 3073 2996 conspectu
3102 2930 3366 2995 omnium,
3389 2933 3483 3002 qui
3511 2948 3607 2990 eos
3631 2946 3910 3008 ceperant.

2318 3006 2471 3062 Beati
2505 3018 2632 3065 sunt
2656 3025 2807 3081 ergo,
2838 3015 2930 3083 qui
2960 3017 3270 3073 custodiunt
3286 3020 3570 3090 justitiam.
3608 3006 3725 3083 Non
3767 3031 3912 3092 enim

2317 3101 2385 3155 ad
2412 3102 2517 3158 hoc
2546 3106 2803 3161 veniunt:
2834 3117 2894 3163 ut
2925 3116 2957 3164 a
2985 3112 3096 3168 suis
3117 3113 3361 3171 hostibus
3387 3119 3690 3189 capiantur.
3725 3119 3791 3177 lli
3820 3140 3911 3181 ειυς

2318 3196 2427 3244 tem
2470 3193 2564 3260 qui
2598 3197 2743 3265 capti
2783 3207 2907 3254 sunt
2935 3200 3171 3257 clamant
3198 3203 3265 3258 ad
3295 3205 3700 3265 misericordem
3730 3212 3913 3268 dicen.

2317 3290 2400 3341 tes
2424 3302 2449 3351 :7
2462 3282 2808 3344 Peccavimus
2825 3306 2948 3347 cum
2969 3293 3211 3363 patribus
3229 3298 3443 3367 nostris,
3463 3300 3661 3370 injuste
3683 3304 3912 3374 egimus,

2318 3375 2655 3444 iniquitatem
2696 3376 2941 3437 fecimus.
2981 3382 3092 3440 Nec
3131 3386 3263 3443 illud
3303 3403 3426 3444 cum
3468 3390 3648 3464 aliqua
3688 3398 3912 3451 contro-

2316 3466 2489 3521 versis
2510 3468 2768 3538 respicias
2788 3472 2933 3540 volo,
2958 3474 3103 3545 quod
3125 3475 3254 3545 dixi,
3283 3494 3472 3536 omnes
3496 3484 3587 3553 qui
3609 3500 3717 3540 non
3741 3494 3912 3543 custo-

2314 3558 2468 3614 diunt
2492 3557 2757 3629 justitiam
2785 3564 3072 3635 capiuntur
3095 3569 3162 3623 ab
3189 3567 3435 3627 hostibus
3463 3573 3593 3629 suis.
3616 3574 3742 3633 illos
3768 3578 3911 3637 enim

2313 3653 2483 3722 magis
2508 3652 2697 3710 hostes
2714 3658 2923 3727 respice
2951 3659 3043 3729 qui
3075 3676 3197 3716 cum
3219 3677 3337 3719 esse
3364 3680 3465 3735 pro
3495 3674 3644 3723 certo
3678 3686 3910 3726 noscan-

2313 3752 2419 3811 tur,
2452 3760 2551 3816 pro
2578 3754 2731 3803 certo
2759 3747 2929 3804 videri
2958 3765 3064 3805 non
3090 3761 3335 3822 possunt.
3361 3753 3429 3810 Et
3456 3771 3577 3812 cum
3607 3758 3729 3814 illos
3758 3776 3908 3832 aSpc.

2313 3843 2405 3891 ctu
2431 3838 2628 3893 mentis
2657 3840 2971 3907 attenderis,
3004 3842 3151 3898 illum
3173 3844 3294 3915 plus
3319 3846 3522 3902 videbis
3551 3862 3581 3902 a
3610 3849 3721 3904 suis
3741 3850 3909 3906 hosti.

2310 3929 2413 3983 bus
2437 3930 2719 3997 possideri,
2751 3932 2843 4000 qui
2872 3941 2995 4001 post
3021 3944 3305 4005 peccatum
3332 3939 3584 4006 exsultat,
3622 3941 3772 3997 nullo
3802 3942 3906 3998 ila-

2310 4018 2452 4085 gello
2495 4034 2801 4090 percussus.
2846 4023 3047 4080 Verum
3083 4029 3211 4096 quia
3251 4044 3407 4086 verus
3440 4030 3781 4090 Christianus
3819 4036 3907 4093 ille

2312 4116 2413 4174 ost,
2454 4111 2545 4179 qui
2582 4126 2683 4181 pro
2723 4114 2834 4170 suis
2860 4116 3102 4184 quotidie
3139 4122 3378 4190 peccatis
3405 4130 3620 4191 exorat,
3649 4127 3907 4199 suscipiat

2309 4201 2551 4269 regulam
2574 4204 2926 4273 pmnitentiaa,
2964 4216 2990 4246 ι
3019 4211 3257 4267 excluso.
3291 4212 3441 4268 Nova
3479 4216 3555 4270 ita
3576 4232 3693 4272 non
3722 4226 3906 4275 cente-

2309 4290 2504 4346 simum
2519 4294 2765 4363 quintum
2784 4297 3045 4367 psalmum
3066 4303 3363 4359 centesimo
3378 4312 3575 4374 quarto
3595 4308 3900 4380 subjungat,

2311 4396 2420 4436 non
2460 4392 2674 4440 recuset
2720 4384 2938 4444 ﬂentem
2981 4389 3032 4445 in
3075 4393 3283 4462 quinto,
3315 4408 3479 4465 quem
3507 4397 3561 4453 in
3590 4409 3785 4470 quarto
3814 4401 3903 4457 lat-

2309 4482 2515 4532 tantem
2549 4480 2776 4550 accepit.
2811 4480 2879 4534 Et
2903 4481 3041 4538 sicut
3069 4484 3158 4541 ille
3186 4488 3427 4543 cantavit
3454 4489 3686 4559 alleluia,
3718 4500 3774 4548 et
3803 4495 3905 4550 iste

2311 4568 2525 4624 alleluia
2560 4569 2832 4627 decantet.
2864 4572 2943 4629 ibi
2967 4572 3119 4631 dives
3146 4575 3317 4634 factus
3346 4578 3401 4634 in
3430 4590 3656 4650 argento
3685 4591 3744 4638 et
3769 4600 3901 4642 auro

2310 4659 2583 4725 egreditur
2616 4661 2874 4729 gaudens,
2904 4664 2990 4719 hic
3031 4666 3309 4724 mendicus
3350 4667 3575 4727 effectus
3613 4673 3901 4730 revertitur

2308 4749 2547 4819 plorans.
2574 4748 2643 4806 Et
2680 4752 2751 4807 ibi
2787 4754 3003 4809 alleluia
3033 4765 3308 4814 cantatum
3347 4770 3449 4825 est,
3486 4769 3544 4817 et
3568 4762 3658 4818 hic
3685 4764 3901 4820 alleluia

2308 4849 2575 4896 cantatur.
2601 4843 2676 4897 ibi
2698 4845 3017 4915 conﬁtemini
3036 4846 3236 4904 dictum
3258 4857 3359 4918 est,
3382 4860 3431 4906 et
3456 4853 3693 4908 invocate
3714 4872 3899 4913 nomen
3947 4889 3955 4918 ς

2305 4933 2438 5003 ejus,
2478 4933 2567 4988 hic
2604 4932 2936 4990 conﬁtemini
2976 4937 3170 4994 dicitur
3209 4943 3464 5010 quoniam
3507 4943 3698 5000 bonus.
3732 4945 3902 5000 Dicito

3943 4915 3958 4959 δ

3943 4986 3958 5013 Ι

611 5016 683 5070 Et
720 5018 863 5074 stetit
887 5015 1112 5070 Phinees
1138 5024 1191 5070 et
1215 5016 1456 5087 placavit,
1495 5025 1547 5070 et
1569 5020 1787 5072 cessavit
1808 5021 2093 5090 quassatio.
2131 5018 2204 5074 Et
2305 5032 2526 5091 peccata
2548 5031 2743 5091 vestra,
2777 5027 2919 5082 unde
2939 5031 3303 5088 exacerbastis
3332 5033 3636 5090 Dominum.
3673 5034 3904 5093 Dictavit
3938 5061 3948 5125 ς

612 5116 901 5177 reputatum
932 5114 1010 5163 est
1035 5109 1083 5162 ei
1111 5106 1182 5162 ad
1200 5106 1482 5177 justitiam,
1518 5109 1573 5162 in
1608 5112 1943 5181 generatione
1970 5121 2019 5165 et
2045 5127 2199 5183 gene-
2304 5115 2451 5170 enim
2479 5130 2642 5186 super
2668 5131 2766 5173 vos
2793 5120 3135 5187 sententiam,
3168 5134 3229 5178 ut
3254 5124 3472 5196 dejiciat
3502 5138 3597 5183 vos
3634 5130 3688 5183 in
3718 5129 3900 5183 nntio-
3938 5106 3956 5207 ᾧ

611 5200 886 5264 rationem,
926 5216 1089 5272 usque
1115 5202 1171 5254 in
1197 5203 1581 5271 sempiternum.
1628 5200 1694 5256 Et
1721 5204 2058 5258 irritaverant
2083 5220 2199 5259 eum

611 5286 681 5347 ad
708 5303 896 5358 aquam
931 5291 1377 5357 contradictionis,
1422 5302 1472 5347 et
1494 5301 1706 5348 vexatus
1732 5303 1809 5349 est
1836 5293 2040 5367 Moyses
2069 5313 2193 5367 pro-

610 5385 724 5447 pter
739 5394 846 5442 eos,
868 5380 989 5449 quia
1007 5383 1440 5439 exacerbaverant
1459 5386 1694 5456 spiritum
1716 5382 1846 5456 θη.
1868 5386 1934 5438 Et
1956 5388 2197 5442 distinxit

608 5468 669 5520 in
686 5467 838 5523 labiis
859 5470 987 5534 suis,
1009 5487 1113 5525 non
1133 5473 1550 5544 disperdiderunt
1568 5487 1745 5549 gentes
1766 5494 1895 5549 quas
1923 5479 2056 5533 dixit
2088 5478 2196 5533 Do-

610 5558 779 5617 minus
806 5557 946 5615 Deus
971 5560 1094 5615 illis.
1127 5562 1196 5615 Et
1216 5568 1628 5622 commixti'sunt
1657 5570 1793 5623 inter
1812 5578 2006 5642 gentes,
2038 5580 2087 5624 et
2115 5571 2195 5626 di-
2222 5594 2225 5597 ν

611 5646 845 5712 digerunt
872 5665 1029 5719 opem
1047 5657 1248 5718 eorum,
1273 5663 1321 5707 et
1353 5659 1635 5712 servierunt
1661 5658 1981 5730 sculptilibus
2000 5678 2193 5729 eorum,

2301 5208 2478 5273 nibus,
2520 5217 2575 5265 et
2611 5209 2885 5281 dispergat
2920 5228 3017 5268 vos
3066 5215 3122 5269 in
3171 5219 3498 5288 regionibus.
3551 5219 3899 5277 Conﬁtemini
3944 5210 3950 5217 ’

2298 5299 2462 5366 bono,
2510 5296 2838 5359 conﬁtemini
2865 5304 3068 5361 volenti
3096 5323 3340 5377 parcere.
3371 5312 3443 5368 At
3482 5312 3557 5368 illi
3592 5333 3602 5367 :
3638 5312 3898 5372 Peccavi-

2300 5407 2438 5456 mus,
2465 5393 2729 5463 inquiunt,
2748 5412 2870 5452 cum
2888 5399 3131 5481 patribus
3156 5404 3376 5459 nostris.
3396 5404 3745 5463 Peccavimus
3772 5423 3895 5463 cum

2301 5484 2561 5555 patribus,
2595 5500 2701 5539 non
2727 5490 2795 5543 de
2823 5497 3067 5562 tempore
3095 5495 3290 5562 posuit.
3322 5494 3455 5552 Cum
3487 5498 3728 5567 patribus
3750 5499 3894 5554 enim

2299 5583 2428 5630 tunc
2454 5588 2811 5645 peccaverunt
2837 5585 3051 5653 quando
3084 5587 3430 5644 irritaverunt
3457 5578 3810 5649 ascendentes
3839 5593 3893 5647 in

2303 5664 2542 5721 Rubrum
2572 5684 2740 5737 mare,
2772 5675 2988 5742 quando
3018 5678 3230 5747 operuit
3257 5695 3395 5750 aqua
3427 5682 3747 5739 tribulantes
3772 5699 3889 5739 eos.

666 5784 711 5822 ’κ
731 5783 1032 5853 chendum
1064 5788 1311 5854 arbitror,
1343 5792 1550 5846 excluso
1590 5786 1829 5864 Novato;
1862 5813 1985 5854 nam
2016 5799 2060 5856 is
2083 5816 2190 5857 non
2229 5803 2519 5871 recipiebat
2546 5808 2891 5875 pmnitentcs.
