4244 6258
343 392 451 448 485

1300 338 1765 452 COMMENTARII
1805 389 1870 442 IN
1910 387 2238 444 PSALMOS.
2282 389 2469 444 PSAL.
2511 391 2621 446 CV'.

3514 398 3617 452 486

344 515 712 582 Posteaquam
751 509 1086 566 crediderunt
1121 509 1287 563 verbo
1325 508 1440 571 Dei,
1483 516 1538 563 et
1576 514 1927 562 cantaverunt
1954 508 2005 572 Α
2031 515 2344 578 martyrum,
2375 510 2466 577 qui
2488 523 2594 562 non
2622 507 2933 573 timuerunt,
2967 508 3104 563 sicut
3134 506 3380 575 Phincos,
3405 512 3618 579 sangui-

345 607 567 662 laudem
593 605 729 675 ejus,
759 605 936 659 statim
962 603 1112 657 obliti
1133 609 1257 656 sunt
1284 617 1506 671 operum
1535 602 1667 670 ejus.
1700 599 1766 654 Et
1797 617 1928 655 con-

347 699 636 768 cupierunt
663 694 1146 765 concupiscentiam
1177 693 1228 746 in
1259 692 1492 758 deserto,
1525 693 1659 747 ollas
1688 690 1923 763 Egypti,

348 796 406 842 et
425 788 771 842 irritaverunt
796 784 847 838 in
875 783 1135 845 siccitate,
1164 789 1218 836 et
1255 782 1378 837 data
1401 790 1485 837 est
1513 783 1591 836 eis
1618 782 1807 852 petitio
1835 797 1928 835 eo-

348 893 494 943 rum,
521 886 576 932 et
602 875 725 931 data
753 881 835 929 est
862 875 1112 929 saturitas
1140 874 1194 927 in
1224 873 1455 928 animam
1484 887 1691 927 eorum.
1722 871 1928 926 Saturi-

346 977 516 1024 tatem
545 975 726 1022 secuta
758 973 840 1022 est
875 965 1108 1029 luxuria,
1141 973 1195 1020 et
1223 965 1462 1019 irritatus
1501 971 1584 1018 est
1613 963 1870 1018 Dominus
1898 978 1928 1016 a

345 1060 594 1132 superbis
621 1059 848 1124 Dathan,
889 1055 1050 1122 Core,
1094 1065 1150 1111 et
1189 1056 1408 1111 Abiron.
1439 1053 1504 1109 Et
1542 1055 1654 1110 sive
1683 1070 1780 1125 pro
1811 1055 1930 1123 igne

346 1148 545 1219 alieno,
575 1154 688 1209 sive
716 1169 814 1223 pro
843 1152 1092 1223 superbia
1131 1159 1318 1207 contra
1347 1151 1566 1223 Moysen
1600 1167 1712 1216 usa,
1746 1157 1928 1221 aperta

343 1253 426 1300 est
455 1252 618 1309 terra,
663 1250 716 1299 et
749 1243 1032 1311 deglutivit
1059 1257 1154 1297 eos
1184 1243 1443 1296 viventes.
1477 1239 1712 1311 Populus
1750 1249 1928 1296 autem

343 1337 620 1402 liberatus,
645 1336 928 1390 immemor
949 1335 1254 1389 liberatoris
1274 1333 1375 1397 sui,
1400 1339 1728 1388 memoratur
1745 1347 1930 1401 super-

343 1429 590 1484 stitiones
611 1425 850 1498 Egypti.
867 1426 1072 1492 Quibus
1092 1439 1300 1480 memor
1320 1439 1507 1478 aurum
1529 1438 1680 1476 suum
1701 1423 1753 1476 in
1776 1421 1928 1476 vituli

345 1518 745 1576 similitudinem
776 1518 966 1583 fundit,
998 1517 1187 1572 adorat
1214 1531 1378 1586 opera
1405 1529 1660 1568 manuum
1688 1528 1921 1568 suarum.

343 1610 551 1665 Oblitus
591 1618 674 1665 est
708 1610 852 1664 enim
895 1607 986 1677 qui
1037 1607 1283 1663 liberavit
1320 1621 1466 1671 eum,
1506 1621 1606 1676 pro
1641 1586 1926 1674 quo‘l'acto

345 1699 474 1754 dum
501 1699 663 1754 vellet
680 1698 939 1753 Dominus
965 1697 1276 1767 disperdere
1303 1711 1418 1760 eos,
1441 1696 1588 1750 stetit
1618 1693 1826 1765 Moyses
1847 1694 1927 1749 di-

341 1803 471 1843 cens
494 1806 506 1841 :
541 1787 780 1852 Domine,
811 1787 920 1841 dele
943 1803 1024 1841 me
1046 1786 1109 1840 de
1128 1786 1260 1842 libro
1284 1794 1391 1849 tuo,
1423 1787 1466 1839 si
1495 1786 1608 1839 istis
1631 1801 1732 1839 non
1755 1785 1926 1855 parcis

2031 614 2154 652 nem
2172 597 2412 653 fundere.
2435 598 2503 653 Ut
2516 599 2596 652 his
2615 599 2893 653 orantibus
2905 607 3079 654 cesset
3095 615 3124 653 a
3147 601 3300 654 nobis
3319 602 3614 670 quassatio,

2031 696 2087 742 ut
2110 689 2212 743 hoc
2239 687 2382 757 quod
2421 689 2715 753 evadimus,
2746 691 2869 758 quia
2898 697 3079 744 nostra
3104 690 3309 759 justitia
3341 692 3482 744 nulla
3513 702 3614 758 est,

2030 780 2241 834 illorum
2284 788 2565 850 reputetur
2595 780 2832 850 justitiaa,
2865 797 2895 835 a
2925 783 3271 852 generatione
3310 792 3365 836 et
3392 797 3618 851 genera—

2031 872 2178 926 tione
2205 873 2257 926 in
2277 880 2559 926 aeternum.
2589 871 2739 926 Nunc
2761 873 3048 928 videndum
3071 880 3153 928 est
3177 873 3409 942 qualiter
3436 881 3492 929 et
3518 889 3617 929 nos

2031 962 2170 1017 sicut
2198 962 2273 1016 illi
2305 962 2574 1018 irritamus
2601 961 2885 1017 Dominum
2914 961 2982 1016 ad
3014 977 3205 1031 aquam
3233 963 3615 1019 contradictio-

2031 1055 2134 1119 nis,
2160 1054 2232 1108 ita
2262 1063 2322 1108 ut
2349 1062 2574 1110 vexetur
2595 1053 2805 1132 Moyses
2832 1066 3052 1125 propter
3079 1072 3177 1115 nos
3197 1037 3294 1125 qui
3321 1057 3614 1112 exacerba-

2030 1162 2150 1200 mus
2175 1146 2419 1215 spirituum
2443 1143 2577 1214 ejus.
2608 1144 2708 1209 Ita,
2741 1152 2801 1198 ut
2827 1145 2957 1210 dixi,
2990 1145 3157 1216 liquet
3184 1147 3420 1216 psalmus
3441 1147 3530 1202 hic
3559 1148 3613 1203 in

2029 1237 2273 1300 historia,
2307 1246 2365 1292 ut
2392 1238 2608 1307 penitus
2634 1246 2688 1293 et
2717 1239 2994 1309 expositor
3022 1240 3354 1294 necessarius
3384 1256 3489 1294 non
3523 1241 3612 1295 sit.

2029 1323 2134 1378 Sed
2181 1326 2306 1393 quia
2336 1341 2366 1380 a
2414 1326 2589 1380 littera
2618 1327 2842 1394 ingressi
2871 1342 3055 1382 sumus
3083 1327 3219 1382 infra
3243 1329 3500 1394 litteram,
3531 1330 3611 1383 vi-

2028 1418 2249 1474 deamus
2289 1420 2562 1489 quomodo
2592 1420 2831 1474 irritetur
2857 1420 3114 1475 Dominus
3149 1420 3216 1475 ad
3252 1436 3446 1490 aquam
3485 1435 3614 1476 con-

2028 1510 2380 1565 tradictionis.
2426 1507 2556 1565 Post
2603 1513 2867 1581 baptisma
2898 1528 3060 1566 unum
3111 1527 3249 1581 aqua
3296 1513 3453 1568 nobis
3481 1529 3610 1568 con-

2027 1603 2364 1657 tradictionis
2389 1604 2645 1666 exoritur,
2673 1603 3055 1659 contradicitur
3075 1605 3228 1660 nobis
3255 1619 3393 1674 aqua
3414 1605 3613 1676 baptis-

2030 1693 2190 1747 matis
2223 1712 2234 1745 :
2272 1693 2413 1748 Unus
2443 1695 2584 1748 enim
2627 1695 2782 1761 Deus,
2813 1712 2917 1748 una
2954 1696 3104 1766 ﬁdes,
3157 1713 3315 1750 unum
3360 1697 3614 1769 baptisma

2030 1781 2192 1853 (Eph.
2223 1784 2317 1855 Iv).
2352 1783 2428 1837 lbi
2456 1799 2713 1838 vexamus
2739 1784 2979 1855 Moysen.
3013 1784 3222 1858 Moyses
3251 1786 3335 1840 lex
3370 1787 3462 1843 Dei
3493 1797 3608 1855 est;

343 1876 539 1949 (Exod.
575 1877 762 1949 xxxu).
795 1875 1027 1932 Putasne
1057 1883 1134 1940 tu,
1155 1891 1190 1930 ο
1217 1874 1446 1946 Moyses,
1473 1874 1594 1944 plus
1621 1874 1928 1929 misericors
1957 1875 2004 1938 Β
2032 1885 2288 1927 vexamus
2309 1873 2480 1941 legem
2503 1873 2636 1941 ejus,
2661 1881 3066 1930 contemnentes
3086 1886 3351 1946 praecepta
3371 1877 3503 1947 ejus.
3530 1878 3614 1933 lna

339 1984 401 2022 es
429 1970 590 2037 quam
624 1968 714 2022 ille
742 1967 833 2036 qui
857 1967 1256 2036 blasphematus
1283 1980 1479 2019 manna
1500 1965 1652 2034 pluit,
1677 1965 1767 2032 qui
1797 1978 1926 2018 con-

343 2067 581 2129 temptus
607 2058 674 2113 de
707 2068 848 2113 terra
873 2057 1124 2128 producit
1150 2071 1331 2126 aquas.
1371 2055 1486 2111 Non
1533 2066 1588 2110 tu
1617 2057 1737 2127 plus
1762 2056 1924 2110 mise-

344 2151 537 2214 ricors,
560 2148 654 2204 sed
678 2149 844 2219 voluit
864 2149 1121 2202 Dominus
1142 2146 1386 2202 allectum
1408 2155 1557 2202 tuum
1579 2147 1802 2202 ducibus
1824 2162 1924 2216 po-

347 2241 459 2310 puli
499 2239 732 2304 recitari,
765 2247 820 2292 ut
859 2240 936 2293 sic
975 2247 1134 2306 agant
1172 2238 1309 2293 circa
1356 2246 1660 2308 peccantes,
1707 2238 1842 2292 sicut
1873 2246 1926 2292 te

347 2330 540 2389 fecisse
569 2338 916 2401 cognoscunt,
947 2346 1054 2385 non
1083 2331 1190 2385 cito
1218 2329 1488 2396 damnent,
1521 2330 1614 2386 sed
1653 2330 1925 2386 volentem

343 2422 628 2477 Dominum
677 2421 1030 2477 condemnare
1066 2423 1176 2476 suis
1224 2423 1471 2492 precibus
1508 2422 1746 2478 flectant.
1788 2423 1924 2477 Audi

339 2515 469 2584 quid
495 2524 680 2570 cantas
714 2533 725 2566 :
759 2515 916 2580 Dixit,
942 2515 1130 2584 inquit,
1157 2524 1215 2570 ut
1241 2515 1573 2586 disperderet
1593 2530 1706 2580 eos,
1739 2515 1784 2569 si
1814 2531 1921 2570 non

339 2604 548 2677 Moyses
577 2607 810 2660 stetisset
837 2606 891 2660 in
913 2606 1281 2661 contractione
1309 2614 1364 2661 et
1391 2605 1654 2660 seditione
1679 2620 1784 2674 qua
1807 2621 1923 2660 mo-

338 2697 454 2750 neri
488 2703 742 2766 eruperat,
774 2704 828 2751 et
856 2698 941 2765 agi
969 2697 1198 2766 populus
1231 2715 1242 2748 :
1275 2695 1454 2758 Stetit,
1487 2696 1678 2764 inquit,
1702 2697 1757 2772 i_n
1790 2691 1919 2751 con-

336 2794 527 2856 spectu
567 2786 700 2856 ejus,
735 2794 793 2840 ut
828 2794 1097 2840 averteret
1140 2787 1274 2839 iram
1306 2785 1440 2854 ejus,
1467 2801 1552 2840 -ne
1589 2786 1923 2855 disperderet

337 2875 590 2930 eosJam
617 2877 663 2930 si
695 2876 1032 2945 placet,quia
1062 2876 1250 2944 longus
1280 2884 1361 2930 est
1387 2876 1645 2945 psalmus,
1681 2884 1919 2933 transea-

333 2981 460 3022 mus
481 2967 547 3021 ad
567 2982 784 3022 causam
806 2974 1041 3020 nostram
1061 2968 1127 3021 ab
1149 2967 1368 3026 historia
1390 2966 1710 3022 Judzeorum.
1731 2966 1920 3024 Omnia

332 3057 486 3110 enim
518 3057 674 3112 nobis
695 3058 794 3111 ista
815 3065 939 3128 post
957 3057 1293 3127 baptismatis
1322 3059 1777 3114 consecrationem
1799 3074 1922 3114 eve—

331 3149 530 3213 niunt.
547 3148 881 3216 lngredimur
909 3149 1049 3203 enim
1070 3165 1167 3219 per
1186 3149 1508 3220 baptismum
1529 3160 1724 3207 terram
1754 3151 1920 3208 ﬂuen-

2030 1979 2193 2034 super
2221 1965 2384 2019 etiam
2424 1966 2808 2022 exacerbamus
2847 1967 3096 2036 spiritum
3125 1967 3240 2036 ejus
3267 1977 3528 2036 sanctum,
3561 1971 3612 2025 in

2028 2071 2136 2124 quo
2176 2057 2368 2125 signati
2409 2073 2592 2112 sumus
2636 2059 2688 2113 in
2717 2057 2804 2113 die
2832 2059 3236 2129 redemptionis.
3276 2060 3389 2115 lloc
3433 2071 3612 2118 autem

2026 2145 2268 2212 facimus,
2297 2148 2512 2215 quando
2542 2164 2649 2203 non
2679 2147 3038 2218 disperdimus
3081 2159 3268 2218 gentes
3306 2165 3438 2220 quas
3477 2153 3612 2207 dixit

2027 2235 2302 2304 Dominus,
2333 2238 2548 2307 quando
2596 2241 2862 2295 nutrimus
2899 2241 3046 2306 vitia,
3096 2251 3337 2297 amantes
3380 2259 3442 2297 ea
3489 2261 3610 2314 qua:

2027 2327 2141 2381 odit
2169 2327 2426 2383 Dominus
2454 2331 2866 2386 commiscemur
2893 2332 3033 2386 inter
3060 2341 3266 2401 gentes,
3299 2334 3489 2388 similia
3518 2343 3610 2391 aut

2025 2421 2211 2493 pejora
2243 2423 2514 2489 facientes,
2547 2438 2708 2492 quam
2753 2432 2941 2493 gentes
2981 2442 3100 2496 quae
3130 2427 3379 2495 ignorant
3418 2427 3606 2485 Deum.

2026 2512 2300 2570 Servimus
2321 2515 2653 2586 sculptilibus
2674 2532 2882 2582 eorum,
2903 2517 3068 2572 Deum
3089 2518 3347 2573 habentes
3366 2531 3608 2576 ventrem

2026 2615 2080 2658 et
2108 2603 2332 2673 gloriam
2373 2606 2424 2660 in
2467 2614 2725 2661 stercore.
2758 2605 2893 2661 Hinc
2934 2608 3169 2662 nascitur
3198 2608 3352 2663 nobis
3379 2609 3605 2663 scanda-

2025 2697 2155 2761 lum,
2180 2696 2231 2750 id
2253 2704 2353 2761 est,
2379 2696 2560 2753 libido.
2586 2696 2735 2752 Tunc
2765 2697 3099 2752 immolamus
3129 2698 3268 2752 lilios
3303 2707 3515 2753 nostros
3551 2708 3607 2754 et

2025 2785 2161 2840 ﬁlias
2190 2795 2402 2841 nostras
2430 2787 2725 2851 daemoniis,
2752 2787 2804 2841 id
2823 2795 2924 2853 est,
2949 2802 3137 2842 sensus
3161 2796 3394 2856 nostros,
3417 2789 3508 2859 qui
3537 2805 3606 2846 ex

2032 2878 2186 2932 nobis
2215 2881 2367 2950 quasi
2416 2878 2505 2933 ﬁlii
2548 2887 2854 2934 nascuntur.
2905 2878 2972 2933 Et
2999 2881 3350 2949 cogitationes
3397 2888 3606 2953 nostras

2023 2969 2297 3024 daemoniis
2327 2969 2600 3024 tradimus.
2633 2967 2962 3024 Eﬁundimus
2998 2957 3307 3040 sanguinem
3339 2971 3600 3027 innoccn-~

2025 3069 2150 3127 tem,
2198 3059 2249 3115 id
2279 3067 2380 3126 est,
2413 3061 2722 3129 sanguinem
2772 3063 3069 3116 animarum
3111 3063 3451 3134 simplicium,
3484 3081 3603 3136 qua:

2025 3162 2210 3208 nostro
2239 3154 2487 3224 exemplo
2514 3153 2848 3224 delinquunt.
2871 3153 3190 3224 Sanguinem
3213 3157 3395 3226 utique
3417 3172 3602 3212 eorum

333 3249 447 3294 tem
477 3239 559 3293 lac
587 3246 642 3294 et
671 3239 796 3293 mel.
830 3238 895 3292 Et
917 3248 1040 3309 post
1068 3241 1182 3295 haec
1208 3257 1306 3310 pro
1329 3242 1495 3296 nihilo
1516 3229 1782 3299 habemus
1811 3251 1918 3299 ter-
1941 3245 1988 3310 C
2021 3244 2382 3301 sacriﬁcamus
2421 3247 2754 3317 sculptilibus
2789 3245 2974 3302 Cham.
3007 3247 3174 3303 Cbam
3216 3249 3402 3304 irrisor
3437 3252 3604 3320 patris

333 3345 452 3383 ram
479 3330 907 3397 desiderabilem,
941 3332 1152 3400 quando
1182 3333 1470 3403 polluimus
1501 3342 1698 3389 terram
1727 3351 1919 3406 corpo-

334 3424 413 3475 ris
439 3423 624 3476 nostri.
667 3422 782 3476 Non
813 3423 956 3478 enim
993 3440 1119 3479 vere
1149 3425 1415 3480 credimus
1443 3429 1622 3482 verbis
1651 3428 1766 3493 Dei,
1806 3445 1921 3499 per-

335 3524 558 3586 petuum
589 3516 889 3571 incendium
916 3527 938 3554 "
971 3518 1418 3573 comminantibus
1446 3521 1760 3590 propinquis
1784 3530 1919 3575 tem-

337 3608 610 3677 poralibus
637 3606 808 3662 lactis.
829 3607 893 3662 Et
923 3611 1046 3677 quia
1077 3609 1188 3663 Deo
1213 3626 1320 3664 non
1359 3611 1645 3674 credimus,
1677 3627 1915 3666 murmu~

338 3716 521 3754 ramus
550 3701 602 3754 in
625 3701 979 3756 tabernaculis
1007 3703 1266 3756 mentium
1297 3710 1620 3769 nostrarum,
1653 3703 1777 3774 quia
1812 3721 1919 3759 non

340 3788 710 3844 exaudivimus
728 3806 914 3844 vocem
936 3790 1166 3845 Domini.
1191 3791 1305 3857 Qua
1329 3792 1503 3846 fronte
1523 3792 1749 3848 dicimus
1763 3792 1875 3848 Deo
1902 3813 1914 3847 :

342 3876 549 3934 Exaudi
591 3896 778 3936 vocem
820 3891 1076 3949 nostram,
1107 3883 1198 3951 qui
1241 3899 1348 3938 non
1388 3884 1701 3940 exaudimus
1730 3902 1918 3942 vocem

345 3967 576 4023 Domini.
634 3970 852 4041 Insuper
900 3973 1060 4026 etiam
1125 3989 1505 4029 consecramur
1561 3976 1913 4047 Beelphegor,

343 4061 520 4113 ventri
559 4069 614 4114 et
658 4061 856 4115 libidini
890 4065 1202 4130 servientes,
1251 4074 1342 4120 aut
1383 4067 1501 4121 illos
1540 4068 1779 4134 colimus,
1826 4071 1916 4138 qui

343 4150 529 4204 colunt
556 4158 771 4206 ventres
819 4161 1043 4220 nostros,
1082 4163 1175 4210 aut
1216 4156 1333 4211 illos
1361 4172 1585 4226 quorum
1624 4173 1855 4228 persona
1886 4177 1916 4216 a

341 4238 543 4294 mundo
570 4240 873 4309 suscipitur.
905 4241 1047 4309 Quos
1075 4261 1195 4300 cum
1239 4247 1488 4311 sciamus,
1533 4257 1624 4302 aut
1653 4259 1834 4320 turpes
1864 4253 1916 4305 in

339 4333 512 4398 l'actis,
545 4341 636 4388 aut
679 4334 900 4404 injustas
928 4337 980 4391 in
1005 4337 1227 4406 judicio,
1265 4347 1445 4394 tamen
1475 4341 1599 4410 quia
1634 4351 1916 4412 potentum

339 4426 588 4481 amicitiis
617 4428 952 4498 copulantur,
984 4439 1077 4484 aut
1117 4431 1217 4500 ipsi
1257 4440 1508 4502 potentes
1547 4442 1690 4498 sunt,
1733 4435 1832 4491 hos
1864 4436 1916 4490 in

340 4516 644 4572 sacerdotio
673 4533 1069 4587 eonsecramus,
1103 4521 1202 4576 hos
1230 4509 1419 4591 dignos
1439 4524 1729 4579 clamamus
1755 4532 1810 4580 et
1824 4526 1914 4594 ju-

2021 3336 2190 3390 est..li
2222 3350 2350 3405 ergo
2379 3338 2471 3406 qui
2501 3337 2720 3391 irrident
2748 3338 2918 3407 legem
2949 3339 3043 3393 Dei
3074 3339 3243 3394 nostri
3279 3341 3358 3396 his
3388 3357 3482 3395 eos
3517 3359 3600 3396 sa-

2021 3427 2321 3484 crilicamus
2370 3429 2460 3498 qui
2511 3439 2697 3484 nostro
2741 3430 2988 3500 exemplo
3033 3429 3364 3500 delinquunt.
3414 3430 3602 3486 Jaeent

2021 3519 2164 3573 enim
2214 3528 2338 3574 ante
2387 3536 2510 3606 ora.
2532 3537 2738 3584 eorum,
2789 3521 2854 3575 de
2885 3521 3010 3589 ipsis
3039 3521 3348 3588 loquuntur,
3380 3520 3444 3574 de
3477 3521 3602 3590 ipsis

2020 3612 2176 3676 risus,
2209 3611 2276 3666 de
2306 3613 2433 3681 ipsis
2458 3612 2632 3681 jocus,
2665 3611 2730 3664 de
2761 3613 2890 3680 ipsis
2919 3611 3203 3679 opprobria
3235 3613 3478 3664 universa
3510 3628 3598 3665 re-

2019 3703 2252 3772 periunt.
2281 3702 2374 3757 llle
2396 3703 2686 3756 monachus
2706 3702 2809 3755 hoc
2831 3701 2954 3768 egit,
2990 3700 3076 3754 ille
3101 3700 3327 3754 clericus
3359 3701 3480 3765 hoc,
3511 3701 3598 3754 illa

2019 3794 2440 3848 sanctimonialis
2468 3794 2602 3856 hoc;
2633 3792 2708 3845 sic
2738 3789 3051 3844 interﬁcitur
3071 3798 3210 3843 terra
3235 3791 3596 3858 sanguinibus,

2021 3885 2073 3938 id
2103 3894 2203 3949 est,
2236 3894 2461 3940 terrena:
2511 3891 2719 3936 mentes
2763 3880 3151 3935 interﬁciuntur
3179 3882 3280 3935 hoc
3318 3881 3523 3946 ordine,
3553 3883 3598 3937 si

2020 3977 2108 4032 ille
2137 3979 2226 4048 qui
2258 3985 2472 4032 sanctus
2506 3983 2722 4031 Vocatus
2751 3982 2804 4028 et
2827 3989 3035 4028 nonnus
3058 3971 3084 4011 ’ν
3115 3972 3193 4027 sic
3217 3970 3310 4027 ait.
3343 3972 3454 4040 Ego
3479 3975 3598 4042 quis

2021 4077 2110 4122 aut
2134 4076 2330 4137 quotus
2351 4084 2464 4123 sum
2490 4076 2546 4122 ut
2569 4083 2672 4122 non
2703 4080 2874 4135 agam,
2907 4064 2983 4119 sic
3005 4061 3235 4119 inﬁcitur
3255 4064 3384 4118 vitio
3414 4070 3597 4118 nostro

2021 4167 2162 4213 terra
2206 4160 2571 4228 sanguinibus,
2605 4165 2658 4212 et
2697 4157 3092 4212 contaminatur
3133 4156 3186 4210 in
3223 4155 3472 4226 operibus
3501 4173 3598 4211 no-

2019 4250 2162 4303 stris.
2197 4248 2329 4314 Quia
2373 4248 2698 4303 fornicamur
2727 4248 2780 4301 in
2810 4245 3271 4300 observationibus
3300 4245 3513 4310 nostris,
3547 4245 3598 4300 id

2020 4348 2120 4403 est,
2169 4339 2220 4392 in
2251 4339 2526 4408 proposito
2555 4345 2741 4392 sancto
2767 4337 2947 4407 positi,
2981 4343 3071 4389 aut
3099 4335 3281 4398 corde,
3315 4345 3407 4389 aut
3434 4351 3598 4406 opere

2017 4429 2364 4484 loruicamur.
2395 4429 2520 4484 ldeo
2560 4429 2804 4483 irascitur
2834 4427 3088 4482 Dominus
3135 4427 3296 4496 super
3342 4427 3595 4496 papulum

2018 4537 2194 4583 suum,
2224 4529 2278 4575 et
2299 4520 2636 4574 abominatus
2658 4527 2740 4574 est
2766 4519 3129 4574 htereditatem
3154 4532 3326 4571 suam.
3351 4516 3474 4572 Ideo
3497 4525 3599 4570 tra-

339 4616 474 4671 stos,
498 4624 592 4678 per
619 4625 753 4680 quos
779 4611 1164 4668 manducamus
1202 4624 1536 4670 mortuorum
1565 4617 1842 4672 sacriﬁcia.
1876 4618 1917 4671 li
1945 4605 1993 4665 D
2017 4612 2150 4667 didit
2177 4629 2274 4666 nos
2304 4611 2355 4664 in
2386 4625 2548 4664 manu
2580 4609 2932 4673 inimicorum,
2971 4612 3034 4664 et‘
3054 4607 3396 4663 dominantur
3432 4607 3598 4661 nostri

338 4700 480 4754 enim
501 4701 591 4769 qui
621 4699 852 4756 offerunt
887 4703 1000 4757 sive
1029 4705 1300 4773 pecunias,
1333 4706 1443 4760 sive
1473 4722 1692 4761 munera
1735 4707 1917 4764 Eccle-

249 4837 258 4866 ε
337 4789 448 4850 siis,
473 4796 527 4842 et
556 4791 752 4844 mortui
781 4799 907 4845 sunt
927 4793 980 4846 in
1003 4795 1240 4862 peccatis
1266 4795 1394 4860 suis,
1428 4804 1711 4865 propterea
1732 4797 1917 4866 utique

250 4859 260 4893 ⁵
339 4876 588 4943 offerunt,
630 4888 688 4933 ut
725 4882 924 4936 nostris
961 4883 1210 4953 precibus
1246 4884 1565 4939 reviviscant
1597 4904 1608 4937 :
1643 4902 1742 4940 nos
1783 4901 1914 4942 vero

337 4967 518 5036 pejora
544 4964 749 5024 scelera
773 4973 1192 5037 committentes,
1226 4974 1314 5028 illa
1343 4990 1461 5044 quae
1494 4975 1723 5031 oll‘erunt
1751 4979 1916 5032 sacri-

337 5054 454 5110 ﬁcia
478 5060 672 5113 mortui
703 5061 1056 5129 comedimus,
1088 5063 1162 5118 illi
1191 5072 1368 5119 autem
1395 5065 1449 5118 in
1479 5082 1573 5121 sua
1595 5076 1767 5123 morte
1792 5084 1915 5139 per-

336 5144 550 5215 durant,
583 5151 708 5218 quia
745 5160 932 5208 nostro
958 5169 1065 5209 non
1093 5155 1488 5210 revocabuntur
1515 5159 1762 5228 exemplo
1794 5174 1809 5213 :
1841 5159 1918 5214 sic

336 5237 394 5292 ﬁt
434 5246 496 5293 ut
541 5240 814 5298 irritemus
851 5243 1137 5299 Dominum
1183 5245 1235 5299 in
1281 5245 1363 5301 his
1391 5246 1576 5302 studiis
1616 5249 1830 5313 nostris,
1863 5257 1918 5303 et

334 5328 719 5398 multiplicatur
737 5347 899 5402 super
920 5348 1020 5387 nos
1040 5333 1212 5388 ruina.
1234 5332 1468 5390 Pereunt
1491 5337 1669 5400 urbes,
1689 5346 1917 5407 pereunt

335 5422 646 5489 provinciae,
689 5425 815 5493 quia
845 5434 1074 5495 pereunt
1102 5426 1416 5497 disciplinae.
1441 5427 1695 5499 Superest
1729 5439 1787 5484 ut
1815 5438 1920 5485 stet

335 5507 585 5577 Phinees,
630 5522 684 5568 et
721 5523 910 5570 exoret
954 5531 1054 5586 pro
1101 5518 1274 5584 nobis,
1314 5519 1366 5573 id
1406 5528 1505 5583 est,
1547 5527 1654 5575 stet
1690 5521 1917 5591 populus

409 5715 435 5742 “
465 5705 553 5762 Sic
579 5707 883 5783 __legcn_dum
930 5727 1125 5768 censeo
1159 5731 1168 5765 :
1203 5712 1552 5767 Commimmti
1592 5731 1682 5782 pro
1724 5713 1911 5783 iniquis
1942 5697 1954 5710 ’

1939 5819 1942 5822 ν
2028 5795 2237 5835 nrmus.

335 5778 702 5837 temporalibus
740 5781 913 5837 fartis.

2018 4701 2110 4771 qui
2140 4701 2371 4756 oderunt
2398 4717 2513 4755 nos.
2547 4698 2614 4754 Et
2656 4699 2918 4754 tribulaut
2946 4714 3044 4753 nos
3086 4699 3283 4754 inimici
3327 4699 3515 4762 nostri,
3547 4706 3600 4752 et

2017 4793 2300 4848 humiliant
2326 4807 2424 4865 nos
2452 4791 2549 4845 sub
2584 4790 2808 4861 pedibus
2839 4791 2978 4856 suis;
3011 4804 3149 4859 szepe
3180 4788 3410 4844 diximus
3436 4808 3447 4842 :
3472 4787 3600 4842 Par-

2017 4899 2097 4949 ce,
2128 4882 2374 4946 Domine,
2398 4891 2452 4935 et
2479 4897 2620 4951 saepe
2649 4881 2896 4936 liberavit
2923 4896 3038 4935 nos.
3064 4879 3172 4935 Nos
3195 4888 3372 4934 autem
3403 4879 3594 4932 iterum

2018 4973 2223 5029 liberati
2246 4973 2542 5026 exarsimus
2570 4971 2623 5026 in
2653 4971 3066 5040 cogitationibus
3087 4970 3304 5024 nostris.
3333 4966 3471 5019 Nihil
3500 4981 3596 5016 uo-

2023 5063 2104 5118 bis
2133 5070 2393 5132 supercst,
2420 5061 2517 5118 nisi
2539 5070 2596 5116 ut
2615 5062 2682 5117 de
2713 5063 2814 5117 isto
2834 5074 3060 5130 corpore
3089 5071 3360 5112 exeamus.
3386 5055 3442 5107 Si
3464 5059 3613 5106 cono”

2024 5153 2334 5224 tempsimus
2354 5167 2471 5223 quze
2492 5153 2632 5222 passi
2649 5167 2849 5214 sumus,
2864 5165 2982 5217 qua:
3003 5144 3204 5215 passuri
3221 5155 3402 5197 sumus
3414 5148 3597 5197 conte-

2019 5247 2268 5300 mnimus.
2300 5245 2375 5300 lbi
2405 5245 2546 5299 enim
2568 5243 2746 5313 passio
2768 5240 2926 5294 ﬁnem
2957 5251 3062 5290 non
3092 5233 3269 5297 habet,
3295 5232 3406 5303 jam
3429 5249 3494 5290 ex
3519 5235 3597 5290 in-

2019 5346 2172 5405 tegro
2197 5337 2569 5406 pmniteamus.
2611 5331 2744 5398 Quia
2795 5329 2932 5382 sicut
2975 5331 3379 5379 contemnentes
3408 5323 3595 5392 Deum,

2021 5429 2185 5484 Deum
2218 5427 2370 5481 nobis
2398 5423 2618 5479 l'ccimus
2645 5423 3113 5480 contemnentem;
3137 5414 3212 5469 ita
3232 5415 3357 5469 dum
3379 5417 3596 5486 pmnitc.

2021 5537 2140 5574 mur
2164 5535 2229 5573 ex
2251 5517 2450 5574 animo,
2477 5513 2642 5566 Deum
2675 5509 2827 5563 nobis
2849 5505 3068 5562 fecimus
3089 5506 3457 5577 pmnitentem.
3491 5506 3597 5561 Nos

2095 5711 2121 5747 δ
2163 5712 2273 5762 lloc
2317 5706 2477 5760 \‘N'Illl
2519 5704 2790 5772 (Egyptio,
2819 5705 2871 5757 ni
2912 5705 3083 5768 l'allor,
3115 5720 3241 5757 usus
3287 5709 3366 5756 est
3409 5698 3592 5754 Hiero-
