4244 6258
673 357 859 413 18“Ι’

1999 345 2269 404 ARNOBII
2307 345 2612 406 JUNIORIS

3817 357 3922 413 488

658 475 979 548 ῃωηὶιθηιυι·
1005 473 1129 542 quia
1163 469 1613 538 contempsimus;
1645 467 1732 521 ille
1757 466 2046 535 pmnit'etur
2073 462 2237 548 sedi-
2261 461 2316 521 Α
2339 466 2408 521 Et
2436 471 2598 525 la'tati
2620 479 2738 522 sunt
2757 470 2877 537 quia
2898 464 3172 534 siluerunt,
3201 479 3247 522 et
3278 469 3492 523 deduxit
3522 487 3608 525 eos
3636 474 3690 526 in
3718 483 3923 542 portum

657 543 829 624 classe
853 565 1192 623 sententiam.
1214 561 1293 616 Tu
1313 560 1451 615 facta
1481 574 1730 626 renovas,
1764 559 1851 612 ille
1872 543 2227 620 sententiam;

657 669 710 714 tu
733 657 1024 730 poeniteris,
1042 664 1098 711 et
1116 655 1204 710 ille
1224 653 1515 724 pcenitetur
1527 650 1817 707 secundum
1839 648 2233 715 multitudinem

656 747 1031 806 misericordiae
1059 761 1198 809 suae;
1229 751 1284 799 et
1313 743 1507 800 tollens
1535 758 1566 796 a
1595 741 1748 796 nobis
1778 739 1932 803 iram,
1961 738 2054 792 dat
2081 737 2234 794 nobis

656 837 1094 902 misericordiam,
1138 836 1192 890 in
1233 841 1524 904 conspectu
1559 831 1798 888 omnium
1842 830 1935 899 qui
1976 835 2236 899 ceperunt

656 947 771 988 nos.
797 929 1101 985 Clamemus
1120 941 1250 996 ergo
1279 927 1348 981 ad
1374 926 1707 981 Salvatorem
1735 923 2030 986 exanimo,
2053 921 2234 976 dicen-

657 1031 736 1076 tes
767 1040 778 1073 :
805 1019 990 1074 Salvos
1019 1020 1105 1090 [ac
1134 1033 1249 1082 nos,
1275 1016 1489 1070 Domine
1518 1013 1658 1069 Deus
1684 1023 1876 1079 noster,
1903 1021 1952 1066 et
1981 1028 2236 1083 congrega

657 1129 749 1167 nos
786 1112 849 1165 de
894 1108 1190 1164 nationibus
1220 1108 1336 1178 (Ps.
1369 1107 1479 1176 cv),
1521 1113 1581 1160 ut
1625 1106 1762 1160 ultra
1805 1120 1910 1159 non
1941 1103 2236 1158 serviamus

656 1211 879 1278 peccato
903 1220 915 1254 :
942 1200 1051 1256 Nec
1071 1214 1250 1254 mores
1273 1198 1441 1254 nostri
1463 1197 1664 1252 similes
1689 1198 1796 1252 sint
1815 1194 2085 1263 gentibus,
2111 1193 2235 1263 quia

657 1295 867 1349 etiamsi
904 1293 958 1347 in
986 1290 1233 1361 gentibus
1257 1289 1644 1360 dispergamur,
1666 1287 1806 1341 sicut
1832 1285 2016 1340 Daniel
2044 1292 2100 1338 et
2126 1290 2237 1338 tres

657 1386 828 1456 pueri,
860 1400 968 1440 non
997 1398 1180 1438 sumus
1223 1382 1365 1436 inter
1409 1387 1616 1449 gentes,
1649 1379 1694 1432 si
1730 1377 1808 1432 eis
1842 1376 2082 1432 moribus
2127 1389 2235 1428 non

657 1476 943 1532 miscemur
979 1492 993 1528 :
1038 1473 1333 1543 quinimmo
1361 1471 1652 1541 gloriamur
1673 1470 1726 1524 in
1755 1467 1911 1523 laude
1937 1466 2070 1536 ejus,
2112 1481 2233 1521 cum

657 1566 901 1621 videntes
949 1564 1195 1619 homines
1241 1577 1407 1632 opera
1459 1568 1661 1626 nostra,
1704 1558 1998 1613 laudabunt
2043 1566 2099 1613 et
2136 1557 2234 1611 be-

657 1654 907 1711 nedicent
934 1653 1101 1709 Deum
1127 1653 1311 1718 Israel,
1341 1660 1397 1707 et
1424 1651 1567 1706 dicet
1595 1651 1770 1706 omnis
1795 1649 2028 1720 populus
2054 1665 2066 1700 :
2093 1647 2230 1712 Fiat,

658 1746 778 1813 iiat;
811 1747 864 1801 id
891 1753 992 1813 est,
1025 1745 1136 1812 tlat,
1181 1743 1293 1810 ﬁat,
1331 1758 1544 1814 semper
1574 1743 1682 1797 tale
1730 1758 1867 1813 opus
1913 1749 1998 1796 est
2040 1741 2094 1794 in
2122 1753 2231 1807 quo

2336 561 2612 616 voluntatis
2655 576 2848 614 eorum.
2882 559 3240 629 Conﬁteantur
3287 559 3511 614 Domino
3554 563 3921 621 misericordiae

2335 652 2467 721 ejus,
2495 661 2544 706 et
2578 649 2837 705 mirabilia
2862 650 2973 716 ejus
3003 650 3128 719 ﬁliis
3149 650 3431 704 hominum.
3457 650 3526 704 Et
3547 653 3778 707 exultent
3805 672 3920 710 eum

2333 745 2389 798 in
2411 743 2651 814 Ecclesia
2664 740 2845 812 plebis,
2864 750 2912 795 et
2928 742 2982 794 in
3005 740 3250 794 cathedra
3269 743 3530 796 seniorum
3551 743 3765 798 laudent
3782 761 3915 799 eum.

2338 833 2521 888 Posuit
2557 833 2774 901 flumina
2811 833 2864 884 in
2904 830 3182 896 desertum,
3209 840 3259 885 et
3286 834 3457 888 exitus
3485 851 3735 907 aquarum
3761 839 3817 891 in
3844 840 3918 892 si-

2339 927 2446 978 tim.
2484 924 2694 978 Terram
2721 924 3045 994 fructiferam
3081 923 3135 976 in
3170 923 3508 994 salsuginem,
3541 942 3574 978 α
3609 927 3812 981 malitia
3839 931 3922 984 in-

2336 1015 2680 1069 habitantiunt
2700 1017 2753 1068 in
2773 1032 2852 1068 ea.
2877 1015 3062 1069 Posuit
3085 1014 3339 1068 desertum
3358 1017 3413 1068 in
3432 1023 3621 1088 stagna
3647 1035 3919 1089 aquarum,

2337 1114 2384 1159 et
2423 1115 2612 1160 terram
2643 1106 2754 1159 sine
2796 1122 2929 1177 aqua
2972 1105 3027 1159 in
3056 1107 3223 1159 exitus
3249 1123 3517 1177 aquarum.
3549 1106 3621 1160 Et
3657 1107 3921 1164 collocavit

2335 1197 2443 1249 illic
2470 1197 2768 1260 esurientes,
2799 1205 2849 1248 et
2876 1197 3248 1250 constituerunt
3275 1196 3530 1252 civitatem
3563 1198 3916 1255 habitationis.

2336 1285 2421 1340 Et’
2434 1288 2812 1341 seminaverunt
2849 1303 3022 1358 agros,
3053 1294 3101 1340 et
3124 1287 3486 1357 plantaverunt
3523 1291 3719 1354 vineas,
3761 1299 3811 1344 et
3841 1293 3932 1362 fe-

2335 1385 2517 1430 cerunt
2547 1377 2767 1446 fructum
2808 1377 3113 1430 nativitatis.
3161 1376 3231 1430 Et
3273 1376 3534 1434 benedixit
3561 1381 3636 1434 eis
3663 1388 3713 1435 et
3741 1385 3916 1436 "tudi-

2335 1469 2514 1538 plicati
2543 1477 2663 1522 sunt
2689 1469 2864 1531 nimis,
2887 1478 2937 1522 et
2950 1469 3188 1539 jumenta
3207 1485 3382 1524 eorum
3402 1487 3503 1526 non
3522 1473 3816 1527 minoravit.
3848 1471 3917 1526 Et

2335 1560 2484 1628 pauci
2515 1561 2642 1630 facti
2671 1569 2810 1628 sunt,
2832 1569 2883 1613 et
2909 1560 3082 1613 vexati
3107 1569 3226 1613 sunt
3252 1577 3285 1614 a
3315 1562 3638 1618 tribulatione
3657 1565 3914 1620 malorum

2335 1659 2384 1702 et
2409 1649 2605 1704 dolore.
2648 1648 2835 1720 Effusa
2861 1659 2939 1704 est
2974 1652 3232 1705 contentio
3259 1669 3414 1722 super
3447 1656 3722 1726 principes,
3754 1637 3803 1710 et
3829 1675 3914 1711 er-

2336 1758 2454 1820 rare
2473 1743 2594 1812 fecit
2614 1757 2702 1796 eos
2727 1744 2781 1796 in
2805 1742 2962 1808 invio,
2990 1751 3041 1796 et
3070 1760 3175 1797 non
3209 1744 3264 1797 in
3286 1746 3385 1798 via.
3410 1743 3479 1797 Et
3507 1745 3703 1816 adjuvit
3725 1764 3913 1818 paupe~

657 1837 1005 1894 benedicatur
1027 1837 1188 1901 Deus,
1224 1835 1316 1905 qui
1344 1840 1534 1902 regnat
1563 1833 1616 1887 in
1659 1832 1851 1888 saecula
1889 1830 2221 1887 sucularum.
2258 1830 2306 1892 Β
2331 1848 2438 1885 rem
2466 1832 2530 1885 de
2555 1833 2750 1902 inopia,
2779 1840 2828 1885 et
2849 1834 3020 1903 posuit
3043 1834 3176 1898 sicut
3204 1851 3319 1889 oves
3349 1836 3602 1906 familias.
3656 1836 3911 1891 Videbunt

659 1930 845 1985 Amen.

1208 1994 1520 2050 PSALMUS
1559 1993 1689 2049 CVI.

1184 2085 1428 2148 Alleluia,
1471 2085 1704 2140 alleluia.

727 2202 1055 2272 Conﬁtemini
1095 2201 1340 2266 Domino,
1381 2199 1623 2271 quoniam
1671 2196 1848 2260 bonus,
1898 2197 2140 2267 quoniam
2179 2197 2233 2249 in

655 2295 899 2350 saeculum
934 2292 1288 2348 misericordia
1319 2293 1448 2363 ejus.
1482 2289 1673 2344 Dicant
1701 2306 1834 2344 nunc
1872 2290 1957 2360 qui
1987 2288 2234 2358 redempti

655 2395 776 2439 sunt
803 2402 836 2438 a
869 2375 1123 2448 Domino,
1154 2400 1277 2456 quos
1306 2382 1530 2437 redemit
1569 2382 1632 2435 de
1660 2399 1816 2436 manu
1842 2381 2058 2444 inimici,
2092 2388 2142 2434 et
2170 2381 2233 2435 de

655 2476 947 2547 regionibus
987 2476 1282 2548 aggregavit
1317 2491 1421 2528 eos.
1464 2474 1507 2526 A
1547 2473 1672 2527 solis
1710 2479 1824 2526 ortu
1851 2480 1900 2526 et
1933 2488 2135 2537 occasu,
2167 2469 2231 2524 ab

654 2569 891 2640 aquilone
905 2575 953 2620 et
973 2567 1124 2620 mari.
1148 2565 1466 2630 Erraverunt
1492 2565 1546 2618 in
1565 2563 1859 2628 solitudine,
1883 2565 1938 2615 in
1960 2563 2228 2632 inaquoso,

653 2661 786 2713 riam
816 2659 1031 2712 civitatis
1060 2657 1339 2711 habitaculi
1367 2673 1471 2711 non
1497 2657 1814 2710 invenerunt.
1847 2652 2142 2708 Esurientes
2182 2663 2232 2708 et

651 2748 901 2814 sitientes,
925 2749 1103 2801 anima
1129 2764 1303 2801 eorum
1330 2748 1386 2800 in
1407 2748 1534 2817 ipsis
1563 2745 1768 2816 defecit.
1792 2743 1862 2797 Et
1882 2743 2231 2798 clamauerunt

652 2842 720 2894 ad
753 2841 1036 2897 Dominum
1073 2858 1188 2895 cum
1227 2840 1614 2903 tribularentur,
1655 2846 1702 2892 et
1741 2837 1804 2890 de
1843 2834 2229 2891 necessitatibus

549 2963 556 2968 -
653 2948 828 2987 eorum
864 2933 1052 3002 eripuit
1079 2948 1184 2985 eos.
1221 2930 1286 2983 Et
1315 2929 1529 2984 deduxit
1565 2945 1650 2984 eos
1690 2929 1744 2981 in
1776 2928 1911 2982 viam
1939 2933 2146 2989 rectam,
2174 2935 2230 2979 ut

651 3025 782 3075 ircnt
800 3023 852 3074 in
875 3023 1128 3074 civitatem
1144 3021 1500 3074 habitationis.
1519 3018 1874 3088 Conﬁteantur
1891 3016 2111 3070 Domino
2132 3015 2230 3068 nti-

651 3114 945 3169 sericordia:
973 3116 1104 3185 ejus,
1134 3122 1181 3167 et
1210 3113 1470 3167 mirabilia
1490 3113 1600 3182 ejus
1625 3111 1750 3180 ﬁliis
1777 3110 2057 3164 hominum.
2092 3106 2226 3170 Quia

651 3206 879 3259 animam
906 3207 1114 3262 satiavit
1140 3207 1370 3269 inanem,
1395 3215 1443 3258 et
1472 3206 1704 3258 animam
1731 3203 2037 3256 esurientem
2063 3201 2226 3254 satia-
2252 3186 2297 3250 C

651 3299 717 3351 rit
747 3297 908 3352 bonis.
943 3297 1192 3352 Sedentes
1211 3299 1263 3351 in
1285 3295 1507 3350 tenebris
1536 3306 1584 3348 et
1610 3298 1665 3349 in
1687 3295 1866 3348 umbra
1889 3295 2087 3358 mortis,
2114 3295 2228 3346 vin-

649 3399 757 3443 ctos
785 3389 840 3442 in
871 3387 1199 3442 mendicitate
1224 3396 1275 3441 et
1303 3390 1462 3458 ferro.
1487 3385 1623 3450 Quia
1650 3384 2083 3440 exacerbaverunt
2106 3367 2218 3440 elo-

650 3483 769 3547 quia
802 3480 914 3546 Dei,
941 3487 988 3533 et
1010 3479 1279 3533 consilium
1300 3479 1553 3532 Altissimi
1579 3477 1933 3532 irritaverant.
1957 3477 2028 3530 Et
2055 3478 2224 3531 humi-

649 3575 829 3628 liatum
847 3581 921 3626 est
941 3572 994 3625 in
1016 3570 1275 3625 laboribus
1297 3587 1386 3625 cor
1404 3587 1598 3636 eorum,
1623 3579 1671 3623 et
1701 3571 1950 3641 inﬁrmati
1969 3578 2108 3635 sunt,
2131 3552 2235 3623 nec,

649 3668 745 3738 fuit
771 3667 856 3738 qui
883 3665 1170 3736 adjuvaret.
1207 3664 1276 3718 Et
1305 3667 1657 3719 clamauerunt
1698 3663 1766 3718 ad
1792 3663 2072 3719 Dominum
2109 3679 2225 3716 cum

649 3756 1034 3819 tribularentur,
1048 3763 1098 3810 et
1111 3755 1174 3809 de
1195 3755 1580 3810 necessitatibus
1595 3769 1770 3810 eorum
1790 3753 2020 3809 liberavit
2033 3769 2138 3808 eos.
2157 3752 2226 3807 Et

649 3847 826 3901 eduxit
872 3864 959 3901 eos
997 3847 1058 3900 de
1087 3846 1308 3901 tenebris
1333 3855 1381 3900 et
1401 3846 1580 3900 umbra
1603 3848 1804 3911 mortis,
1834 3854 1882 3899 et
1910 3845 2113 3899 vincula
2137 3861 2226 3899 eo-

648 3954 761 3990 rum
789 3937 1024 4008 disrupit.
1058 3937 1415 4008 Conﬁteantur
1443 3936 1666 3991 Domino
1695 3937 2062 3990 misericordia:
2089 3937 2221 4006 ejus,

647 4039 696 4082 et
724 4029 981 4082 mirabilia
1017 4028 1129 4098 ejus
1150 4027 1276 4098 ﬁliis
1306 4028 1584 4081 hominum.
1621 4026 1754 4089 Quia
1782 4027 2018 4079 contrivit
2046 4035 2224 4094 portas

648 4137 829 4183 cereas,
866 4127 916 4172 et
943 4126 1103 4172 vectes
1125 4119 1322 4187 ferreos
1359 4118 1632 4186 confregit.
1661 4114 1901 4185 Suscepit
1927 4131 2012 4168 eos
2050 4116 2114 4169 de
2141 4117 2222 4170 via

647 4211 933 4279 iniquitatis
951 4224 1144 4273 eorum,
1158 4216 1366 4277 propter
1383 4208 1436 4260 in
1433 4205 1664 4276 justitias
1685 4207 1819 4261 enim
1837 4222 1956 4260 suas
1969 4206 2222 4260 humiliati

647 4308 783 4352 sunt.
801 4298 1015 4352 Omnem
1035 4314 1200 4350 escam
1231 4296 1525 4350 abominata
1545 4307 1620 4350 est
1644 4299 1817 4350 anima
1844 4314 2036 4363 eorum,
2058 4307 2108 4352 et
2125 4316 2221 4370 ap-

647 4391 1109 4459 propinquaverunt
1148 4405 1304 4459 usque
1330 4387 1398 4441 ad
1426 4397 1599 4457 portas
1629 4390 1822 4443 mortis.
1859 4389 1928 4444 Et
1965 4391 2218 4445 clamave-

647 4489 766 4533 runt
793 4478 862 4530 ad
889 4477 1167 4531 Dominum
1193 4494 1305 4530 cum
1329 4477 1710 4545 tribularentur,
1735 4489 1786 4534 et
1812 4480 1875 4534 de
1900 4483 2216 4536 necessitati-

647 4569 738 4623 bus
765 4586 941 4623 eorum
973 4567 1201 4622 liberavit
1228 4586 1334 4623 eos.
1360 4569 1507 4624 Misit
1533 4571 1738 4625 uerbum
1765 4589 1912 4628 suum
1942 4585 1992 4628 et
2016 4577 2216 4629 sanavit

645 4678 750 4726 eos,
789 4669 838 4714 et
870 4661 1058 4730 eripuit
1084 4677 1171 4714 eos
1197 4661 1262 4714 de
1288 4663 1662 4720 interitionibus
1689 4683 1880 4721 eorum.
1914 4665 2215 4737 Conﬁtean-

644 4759 727 4804 tur
755 4747 979 4805 Domino
1016 4751 1380 4806 misericordia?
1414 4754 1545 4823 ejus,
1576 4765 1624 4808 et
1652 4755 1910 4811 mirabilia
1949 4758 2061 4828 ejus
2088 4759 2214 4829 ﬁliis

643 4843 922 4897 hominunt.
954 4841 1023 4895 Et
1049 4844 1342 4914 sacriﬁcent
1377 4845 1690 4914 sacriﬁcium
1718 4846 1905 4912 laudis,
1934 4857 1983 4902 et
2007 4866 2215 4903 annun-

643 4937 768 4990 tient
797 4952 954 5006 opera
979 4934 1089 5005 ejus
1126 4936 1180 4988 in
1219 4935 1576 4990 exsultatione.
1613 4939 1711 5004 Qui
1739 4939 2047 4995 descendunt
2072 4959 2215 4996 mare

640 5027 695 5080 in
723 5025 953 5091 navibus,
984 5026 1232 5097 facientes
1260 5028 1605 5096 operationem
1633 5030 1684 5082 in
1715 5032 1858 5101 aquis
1881 5031 2072 5086 multis.
2101 5031 2212 5102 Ipsi

640 5118 875 5172 viderunt
901 5135 1058 5190 opera
1087 5117 1318 5183 Domini,
1350 5128 1401 5172 et
1428 5119 1686 5175 mirabilia
1713 5122 1824 5193 ejus
1851 5125 1906 5176 in
1929 5126 2206 5195 profundo.

641 5206 787 5260 Dixit
813 5217 864 5264 et
889 5210 1026 5263 stetit
1043 5211 1254 5279 spiritus
1281 5211 1536 5280 procellae,
1559 5220 1608 5265 et
1636 5213 1850 5267 exaltati
1885 5224 2002 5268 sunt
2029 5215 2211 5284 ﬂuctus

639 5295 768 5364 ejus.
801 5295 1092 5351 Ascendunt
1127 5316 1283 5371 usque
1319 5302 1388 5353 ad
1426 5302 1596 5366 caelos,
1633 5313 1682 5356 et
1721 5304 2029 5359 descendunt
2056 5323 2214 5377 usque

640 5385 710 5437 ad
737 5383 947 5454 abyssos
963 5403 980 5450 ;
1011 5390 1186 5442 anima
1213 5408 1388 5444 eorum
1413 5393 1465 5445 in
1493 5394 1642 5446 malis
1670 5392 1973 5448 tabescebat.
2002 5396 2210 5451 Turbati

637 5485 757 5530 sunt
784 5486 832 5530 et
845 5480 968 5532 moti
987 5490 1105 5534 sunt
1129 5483 1262 5536 sicut
1285 5483 1470 5549 ebrius,
1493 5495 1542 5538 et
1570 5486 1736 5539 omnis
1755 5487 2010 5555 sapientia
2038 5503 2210 5541 eorum

637 5568 880 5622 devorata
909 5578 1004 5624 est.
1033 5569 1100 5624 Et
1129 5573 1476 5629 clamauerunt
1503 5576 1572 5630 ad
1599 5575 1874 5630 Dominum
1902 5594 2016 5631 cum
2050 5577 2210 5632 tribu-

635 5658 887 5722 larentur,
911 5668 959 5712 et
979 5659 1042 5713 de
1068 5663 1452 5719 necessitatibus
1479 5684 1652 5721 eorunt
1679 5667 1856 5722 eduxit
1883 5685 1988 5723 eos.
2016 5667 2084 5722 Et
2113 5681 2212 5724 sta-

638 5748 733 5800 tuit
750 5749 1025 5819 procellam
1047 5752 1157 5821 ejus
1183 5753 1234 5806 in
1260 5771 1458 5821 auram,
1491 5766 1540 5809 et
1567 5757 1816 5812 siluerunt
1855 5759 2037 5828 ﬂuctus
2075 5760 2205 5828 ejus.

1253 5944 1396 5954 ..ος-.-

2270 1969 2273 1972 ,
2336 1924 2459 1976 recti
2479 1922 2875 1993 et_la:tabuntur,
2893 1933 2942 1977 et
2956 1925 3123 1978 omnis
3141 1925 3386 1996 iniquitas
3405 1924 3654 1997 oppilabit
3667 1943 3722 1980 os
3743 1944 3908 1981 suum.

2337 2011 2462 2076 Quis
2485 2015 2690 2084 sapiens
2716 2023 2764 2068 et
2779 2015 3028 2069 custodiet
3047 2015 3175 2079 htec,
3189 2024 3239 2070 et
3257 2016 3507 2088 intelliget
3532 2019 3912 2074 misericordias

2335 2103 2547 2160 Domini
2564 2104 2590 2156 ?

2906 2190 3340 2232 COMMENTARIUI.

2405 2289 2643 2345 Tertium
2668 2287 2882 2344 alleluia
2910 2290 3121 2344 canitur
3148 2289 3200 2343 in
3229 2289 3436 2360 psalmo
3465 2291 3761 2362 centesimo
3788 2308 3908 2348 sex-

2334 2390 2411 2448 to,
2444 2382 2497 2436 in
2525 2396 2634 2450 quo
2664 2396 2792 2436 usus
2833 2388 3018 2436 noster
3057 2380 3400 2450 quotidianus
3440 2381 3719 2436 retexitur.
3751 2381 3907 2449 Audi,

2332 2473 2648 2538 Novatiane,
2706 2471 2831 2527 andi
2878 2471 2945 2526 de
2998 2471 3192 2542 quibus
3246 2472 3659 2542 loquitur:'vult
3683 2473 3825 2528 enim
3857 2475 3909 2530 in

2333 2565 2436 2619 isto
2488 2564 2696 2634 psalmo
2751 2576 2911 2632 agere
2975 2571 3161 2618 contra
3218 2571 3272 2618 te
3325 2563 3629 2633 specialiter
3682 2562 3909 2635 Spiritus

2332 2660 2567 2709 sanctus.
2593 2652 2673 2708 Tu
2701 2653 2842 2707 enim
2865 2652 3000 2708 dicis
3030 2671 3042 2704 :
3071 2652 3170 2718 Qui
3209 2651 3383 2707 adhuc
3410 2668 3516 2708 non
3545 2662 3669 2708 sunt
3697 2654 3908 2709 redem-

2331 2746 2430 2816 pti,
2471 2745 2571 2815 ipsi
2618 2751 2842 2814 possunt
2888 2743 2956 2799 ad
2996 2743 3376 2813 indulgentiam
3404 2759 3502 2814 per
3541 2744 3907 2813 paenitentiam

2330 2839 2632 2910 pervenire.
2663 2837 2773 2895 Nos
2799 2839 3024 2895 dicimus
3057 2858 3069 2891 :
3107 2838 3186 2894 llli
3215 2855 3311 2909 per
3339 2839 3496 2896 ﬁdem
3524 2841 3696 2896 solam
3724 2841 3791 2896 ad
3831 2843 3908 2896 in-

2330 2931 2656 2999 dulgentiam
2695 2931 2981 3000 attingunt.
3013 2931 3102 2986 Isti
3146 2940 3323 2987 autem
3370 2932 3461 3002 qui
3492 2930 3603 3000 jam
3650 2931 3906 3004 redempti

2329 3029 2472 3086 sunt,
2499 3036 2605 3076 non
2634 3036 2730 3092 per
2750 3019 2908 3076 ﬁdem
2935 3021 3125 3085 solam,
3147 3022 3271 3090 quia
3286 3020 3396 3091 jam
3425 3021 3787 3088 crediderunt,
3817 3023 3906 3079 sed

2329 3126 2428 3182 per
2446 3112 2814 3182 pmnitentiam
2836 3113 3154 3183 perveniunt
3173 3111 3238 3166 ad
3258 3111 3677 3167 misericordiam
3699 3114 3906 3170 redem-

2326 3209 2516 3279 ptoris.
2536 3207 2773 3276 Denique
2801 3205 2923 3262 audi
2944 3206 3070 3276 quid
3097 3205 3267 3260 dicat:
3291 3205 3498 3272 Dicant,
3533 3205 3720 3276 inquit,
3754 3207 3788 3260 ii
3814 3209 3906 3278 qui

2327 3299 2594 3370 redempti
2622 3306 2747 3354 sunt
2793 3314 2824 3352 a
2863 3297 3109 3364 Domino,
3139 3312 3274 3366 quos
3320 3297 3547 3352 redemit
3564 3297 3632 3353 de
3660 3299 3906 3354 man-ibus

2328 3390 2685 3453 inimicorum,
2727 3388 2912 3457 utique
2957 3403 3056 3458 per
3098 3387 3417 3458 baptismum
3463 3387 3532 3443 de
3577 3388 3904 3458 regionibus,

2328 3481 2670 3562 congregavit
2715 3495 2810 3536 eos
2856 3481 3040 3550 utique
3085 3480 3152 3534 ad
3182 3477 3339 3534 ﬁdem
3368 3495 3399 3533 a
3423 3480 3554 3534 solis
3581 3488 3700 3534 ortu
3729 3490 3784 3536 et
3811 3497 3906 3537 oc-

2327 3572 2563 3649 casu,‘ab
2583 3570 2833 3641 aquilone
2857 3578 2912 3626 et
2938 3571 3093 3624 mari.
3108 3569 3147 3624 li
3163 3579 3498 3634 erraverunt,
3517 3570 3568 3624 id
3587 3578 3687 3637 est,
3719 3587 3752 3625 a
3771 3572 3905 3626 recti

2327 3673 2516 3722 tenore
2542 3672 2900 3730 recesserunt,
2933 3663 3073 3733 passi
3103 3662 3397 3718 siccitatem
3420 3663 3473 3717 in
3495 3663 3604 3729 via,
3633 3663 3684 3717 id
3713 3671 3815 3726 est,
3852 3663 3904 3717 in

2325 3757 2541 3814 Christo
2570 3757 2924 3821 ambulantes,
2950 3755 3074 3825 quia
3103 3756 3218 3826 ipse
3245 3763 3328 3810 est
3353 3755 3458 3809 via.
3492 3753 3639 3809 Passi
3693 3755 3904 3810 siccita-

2325 3855 2490 3904 tatem
2513 3847 2794 3912 sermonis,
2819 3846 2946 3901 dum
2973 3846 3149 3901 nullus
3161 3845 3339 3911 docet,
3364 3846 3541 3900 nullus
3563 3846 3899 3910 exhortatur,

2324 3949 2416 3994 aut
2465 3939 2638 3994 nullus
2685 3946 2768 3993 est
2794 3937 2946 4007 cujus
2973 3938 3222 4009 exemplo
3251 3936 3710 4008 perfunderentur.
3743 3938 3894 3993 Passi

2322 4030 2615 4085 siccitatem
2658 4036 2995 4095 erraverunt,
3023 4036 3080 4084 et
3124 4028 3393 4083 civitatem
3419 4028 3766 4084 habitationis
3794 4044 3900 4085 non

2323 4120 2670 4185 invenerunt;
2695 4135 2802 4174 non
2823 4119 3142 4175 invenerunt
3158 4117 3311 4188 cujus
3328 4119 3576 4189 exemplo
3591 4119 3901 4189 spiritaliter

2321 4209 2584 4275 viverent,
2613 4209 2708 4265 sed
2735 4208 3005 4265 desertum
3032 4209 3191 4280 hujus
3220 4209 3404 4265 mundi
3429 4210 3574 4281 passi
3601 4210 3899 4266 esurientes

2321 4308 2377 4354 et
2404 4299 2647 4354 sitientes
2673 4300 2849 4354 anima
2899 4301 2952 4355 in
2980 4300 3109 4370 ipsis
3134 4299 3348 4356 deiecit.
3391 4299 3526 4367 Quia
3546 4300 3724 4356 cibum
3749 4301 3897 4356 verbi

2318 4388 2414 4444 Dei
2443 4396 2497 4444 et
2522 4389 2646 4444 boni
2676 4390 2906 4460 exempli
2935 4405 3042 4446 non
3070 4391 3273 4456 habuit,
3320 4399 3378 4446 et
3403 4391 3774 4448 clamaverunt
3827 4390 3895 4446 ad

2321 4481 2604 4536 Dominum
2631 4496 2754 4537 cum
2783 4481 3182 4550 tribularentur,
3210 4482 3263 4538 id
3285 4491 3387 4550 est,
3416 4482 3542 4538 dum
3563 4485 3893 4553 pteniteren-

2245 4552 2294 4613 Ι)
2317 4578 2423 4637 tur,
2447 4578 2502 4626 et
2529 4570 2596 4626 de
2619 4571 3026 4644 necessitatibus
3044 4587 3233 4628 eorum
3253 4573 3498 4628 liberavit
3515 4552 3630 4628 eos.
3662 4571 3894 4628 Reduxit

2316 4679 2412 4720 eos
2463 4665 2515 4719 in
2561 4666 2702 4720 viam
2739 4673 2958 4733 rectam,
2990 4681 3087 4737 per
3112 4668 3482 4738 paenitentiam
3510 4676 3636 4723 sunt
3655 4667 3892 4722 revocati

2314 4758 2383 4814 ad
2427 4757 2716 4823 Christum,
2748 4765 2806 4811 ut
2832 4772 2929 4827 per
2973 4758 3146 4827 ipsum
3168 4757 3482 4827 perveniant
3521 4757 3588 4812 ad
3617 4757 3889 4812 civitatem

2313 4849 2677 4911 habitationis,
2728 4856 2784 4902 et
2835 4847 3042 4920 possint
3094 4848 3242 4902 relici
3285 4846 3624 4902 sermonibus
3669 4845 3887 4900 sanctis.

2313 4937 2682 4994 Conﬁteantur
2707 4937 2937 4993 Domino
2958 4937 3338 4992 misericordia:
3364 4935 3498 5006 ejus,
3525 4944 3582 4991 et
3602 4975 3609 4984 ι
3626 4935 3890 5004 mirabilia

2311 5030 2427 5099 ejus
2457 5030 2576 5085 liliis
2596 5029 2890 5084 hominum.
2923 5027 3058 5095 Quia
3084 5028 3300 5083 satiavit
3327 5029 3556 5082 animam
3605 5042 3725 5096 qua:
3753 5025 3893 5080 l'ame

2311 5121 2538 5191 peribat,
2589 5130 2644 5173 et
2689 5118 2923 5173 animam
2951 5119 3297 5175 esurientem.
3346 5117 3486 5185 Quid
3533 5115 3892 5172 esurientem?

2311 5211 2460 5266 Bona
2483 5210 2664 5282 utique
2690 5225 2808 5279 quae
2829 5224 2936 5263 non
2957 5209 3190 5265 habebat
3215 5209 3556 5265 esurientem.
3587 5207 3729 5276 Ergo
3748 5207 3890 5262 bona

2311 5302 2570 5356 saturavit
2614 5301 2770 5356 bonis
2821 5301 3191 5370 pmnitentem,
3237 5309 3293 5356 et
3345 5300 3622 5356 sedentem
3668 5314 3776 5354 non
3835 5300 3887 5352 in

2315 5393 2676 5449 schematibus
2713 5392 2914 5458 mundi,
2949 5409 3054 5447 non
3085 5394 3137 5447 in
3166 5393 3382 5464 publico
3426 5392 3765 5461 gloriantem,
3795 5390 3887 5446 sed

2312 5485 2584 5539 sedentem
2616 5485 2666 5539 in
2693 5485 2924 5541 tenebris
2944 5485 3070 5539 etin
3099 5485 3342 5549 vinculis,
3378 5485 3428 5539 in
3469 5483 3809 5538 mendicitate
3836 5491 3905 5537 et-

2315 5578 2366 5630 in
2398 5578 2556 5631 ferro.
2610 5577 2785 5642 Quare
2829 5579 2948 5642 hoc,
2992 5578 3237 5646 inquiunt
3263 5577 3445 5632 mundi
3477 5577 3736 5638 homines,
3761 5573 3885 5644 quid

2311 5669 2411 5723 sibi
2443 5665 2626 5724 volunt
2652 5669 2736 5724 isti
2766 5670 2999 5739 religiosi
3029 5669 3260 5740 plorare,
3303 5668 3491 5724 sedere
3539 5669 3589 5722 in
3639 5667 3882 5729 vinculis,

2314 5761 2501 5820 sedere
2530 5763 2582 5818 in
2611 5763 2881 5819 tenebris?
2904 5759 3003 5818 Ubi
3033 5770 3114 5817 est
3133 5761 3426 5830 scriptum?
3455 5760 3594 5816 Ecce
3620 5760 3705 5816 hic
3750 5759 3881 5814 scri-
