4244 6258
292 351 402 408 489

1227 346 1697 408 COMMENTARII
1733 344 1801 401 ΙΝ
1838 342 2171 400 P5ALMOS.
2214 341 2402 398 l’SAL.
2447 335 2602 394 CVII.

3444 341 3570 410 .490

293 476 450 540 ptum
469 474 553 523 est
578 466 704 538 quia
726 466 872 522 illam
899 466 1130 522 animam
1157 466 1379 537 respicit
1396 465 1557 529 Deus,
1582 480 1701 534 qua:
1727 464 1878 519 sedet
1906 465 1957 526 Α
1985 469 2087 525 tur,
2117 469 2173 514 et
2191 461 2456 531 plorasset
2476 460 2828 524 amarissime,
2844 477 2950 518 non
2972 463 3040 519 de
3060 464 3144 521 his
3164 471 3574 529 necessitatibus

295 562 354 616 in
386 561 622 617 tenebris
650 569 706 616 et
730 560 780 615 in
809 559 1032 615 vinculis
1062 575 1159 630 pro
1196 573 1262 614 eo
1293 557 1438 628 quod
1479 554 1884 613 exacerbaverit

289 639 617 718 Dominum,
667 662 722 708 et
758 653 1036 709 consilium
1064 652 1321 707 Altissimi
1349 650 1632 722 spreverit.
1654 649 1755 716 Qui
1783 649 1883 703 hu-

301 747 512 802 miliant
537 745 588 801 in
618 745 801 800 labore
829 753 882 800 et
897 744 1118 820 jejuniis
1145 759 1240 800 cor
1266 759 1442 800 suum.
1475 741 1611 809 Quia
1641 754 1769 810 ergo
1788 755 1884 795 cor

299 837 593 895 contritum
631 852 695 891 ac
731 836 1064 891 humiliatum
1105 835 1249 890 Deus
1302 849 1410 888 non
1456 831 1736 902 despiciet,
1761 830 1887 886 audi

297 929 434 1000 quid
453 928 727 998 sequitur:
757 925 1160 992 Clamaverunt,
1188 926 1381 996 inquit,
1414 939 1522 980 non
1547 939 1667 979 cum
1695 921 1886 992 epula-

302 1027 510 1084 rentur,
557 1017 651 1074 sed
677 1033 798 1074 cum
827 1017 1235 1073 tribularentur.
1283 1015 1390 1086 Ipsi
1419 1015 1564 1070 enim
1584 1012 1686 1068 sibi
1716 1012 1889 1082 impo-

302 1117 440 1167 nunt
489 1109 846 1165 tribulationis
876 1109 1086 1179 jugum,
1136 1124 1205 1164 ne
1253 1107 1392 1163 forte
1439 1108 1566 1162 dum
1618 1104 1889 1176 pra:terita

300 1203 444 1258 facta
465 1201 532 1256 ad
557 1201 944 1270 indulgentiam
971 1199 1258 1271 pervenire
1291 1197 1585 1268 postulant.
1619 1196 1894 1252 incurrant

301 1293 602 1366 praesentia.
631 1290 808 1347 Lmtus
835 1292 981 1347 enim
1009 1291 1218 1347 animus
1244 1290 1400 1346 facile
1419 1289 1628 1359 lapsum
1647 1285 1890 1350 incurrit,

301 1384 446 1455 quod
476 1382 616 1438 tristi
645 1391 702 1438 et
719 1381 922 1438 afﬂicto
948 1382 1168 1438 dillicile
1191 1380 1390 1437 evenit.
1414 1377 1740 1434 Humilietur
1765 1389 1894 1444 ergo

305 1479 358 1532 in
386 1476 591 1541 labore,
618 1473 826 1544 jejunio
853 1489 950 1530 eor
994 1481 1259 1537 nostrum,
1303 1486 1414 1526 non
1458 1463 1582 1525 eum
1623 1465 1896 1522 latilicent

300 1569 448 1631 vina,
497 1575 556 1623 et
600 1565 950 1623 ostendentes
995 1565 1362 1620 inﬁmitatem
1400 1569 1640 1618 nostram
1684 1557 1895 1614 medico

303 1659 533 1724 cmlesti,
561 1658 856 1714 clamamus
879 1657 947 1711 ad
973 1671 1118 1712 eum.
1151 1655 1270 1726 Ipse
1297 1653 1442 1710 enim
1469 1651 1664 1708 educet
1690 1665 1792 1705 nos
1827 1648 1898 1705 de

307 1750 547 1806 tenebris
590 1755 647 1804 et
673 1749 742 1804 de
785 1745 972 1804 umbra
992 1747 1203 1803 mortis.
1235 1745 1305 1800 Et
1327 1743 1543 1800 vincula
1571 1750 1756 1797 nostra
1785 1740 1895 1797 dis-

1986 555 2276 620 evasisset;
2301 555 2448 609 llevit
2468 567 2598 622 ergo
2619 563 2674 610 et
2693 556 2880 610 statuit
2899 557 2948 611 ci
2971 559 3262 628 procellam
3288 562 3340 616 in
3364 579 3569 621 auram.

1988 646 2125 702 Audi
2155 645 2423 701 dicentem
2451 645 2736 702 Dominum
2764 666 2776 700 :
2817 646 2987 713 Petra,
3039 646 3135 716 ait,
3163 655 3290 723 petit
3344 655 3575 715 Satanas

1987 747 2044 791 ut
2070 739 2276 792 uentilet
2306 756 2394 793 vos
2414 741 2546 793 sicut
2568 741 2795 794 triticum
2819 742 2874 795 in
2897 759 3060 809 area;
3089 761 3182 816 ego
3211 757 3382 803 autem
3410 751 3576 805 inter-

1990 831 2121 884 cessi
2159 848 2254 901 pro
2283 838 2333 884 te
2379 829 2532 901 (Luc.
2563 834 2715 902 xxu),
2747 833 2900 903 quasi
2939 835 3030 906 qui
3076 835 3238 902 dicat,
3269 837 3443 895 Statui
3483 844 3578 899 tibi

1991 921 2283 992 procellam
2312 921 2364 975 in
2395 937 2545 986 aura,
2578 930 2634 978 et
2660 922 2762 978 feci
2792 931 2850 978 ut
2868 923 3062 980 sileant
3082 941 3113 980 a
3136 933 3191 983 te
3218 926 3412 985 ﬂuctus
3441 932 3576 1002 ejus.

1991 1013 2228 1070 Lanatus
2247 1023 2332 1070 est
2351 1013 2560 1081 Petrus,
2583 1016 2710 1084 quia
2737 1016 3019 1084 siluerunt,
3051 1025 3106 1073 et
3133 1018 3354 1076 deduxit
3381 1038 3504 1080 eum
3526 1027 3581 1083 in

1992 1116 2209 1179 portum
2236 1107 2528 1163 voluntatis
2554 1123 2683 1175 sine,
2726 1109 2781 1164 in
2820 1109 3060 1166 Ecclesia
3102 1112 3219 1169 sine
3261 1115 3446 1172 dubio.
3483 1116 3581 1175 Ubi

1995 1201 2237 1255 exaltent
2263 1215 2388 1254 eum
2437 1199 2492 1254 in
2519 1197 2758 1255 Ecclesia
2796 1202 3017 1272 populi?
3037 1201 3106 1257 Et
3133 1204 3186 1260 in
3215 1207 3470 1264 cathedra
3499 1225 3587 1266 se-

1996 1288 2207 1344 niorum
2237 1289 2458 1344 laudant
2485 1304 2630 1353 eum,
2657 1289 2782 1360 quia
2812 1292 2992 1362 posuit
3018 1293 3236 1350 ﬂumina
3265 1297 3318 1352 in
3347 1298 3580 1367 deserto,

1997 1381 2051 1436 id
2071 1390 2172 1446 est,
2206 1381 2259 1435 in
2278 1381 2496 1436 deserto
2516 1380 2676 1451 hujus
2693 1383 2872 1437 saeculi
2891 1386 3290 1455 perambulans,
3307 1405 3586 1463 quousque

1997 1470 2305 1541 perveniret
2333 1471 2400 1526 ad
2431 1470 2687 1538 Romam,
2735 1473 3048 1543 prta-dicavit
3092 1476 3417 1547 baptismum
3463 1482 3592 1542 Jesu

1997 1561 2217 1628 Christi,
2247 1563 2301 1618 in
2329 1579 2439 1633 quo
2459 1565 2708 1620 universa
2738 1563 2954 1622 ﬂumina
3002 1568 3390 1628 benedicuntur
3420 1591 3588 1646 usque

2000 1655 2160 1710 hodie
2189 1672 2220 1709 a
2249 1655 2429 1711 Petro.
2464 1656 2584 1726 Ipse
2629 1658 2811 1727 posuit
2837 1659 3013 1714 exitus
3041 1677 3298 1730 aquarum
3331 1665 3382 1719 in
3425 1667 3588 1735 sitim,

2003 1745 2078 1800 ita
2108 1754 2167 1800 ut
2204 1747 2295 1816 qui
2325 1747 2518 1802 exierit
2539 1747 2682 1803 foras
2703 1750 2770 1804 ab
2799 1748 3038 1806 Ecclesia
3070 1751 3236 1818 Petri,
3261 1756 3348 1810 siti
3385 1733 3590 1828 pereat.

307 1847 544 1911 rumpet,
592 1839 667 1894 ita
705 1847 764 1894 ut
790 1838 1145 1896 conliteamur
1171 1837 1222 1892 ei
1240 1835 1370 1906 quia
1397 1833 1716 1890 eontriverit
1740 1832 1899 1888 nobis
1925 1841 1976 1904 Β
2002 1833 2187 1891 Posuit
2211 1845 2412 1892 terram
2426 1835 2752 1892 fructiferam
2777 1839 2828 1894 in
2845 1841 3188 1910 salsuginem.
3205 1844 3354 1901 Sicut
3382 1851 3592 1921 salsugs

307 1939 494 2002 portas
512 1945 701 1985 aereas.
722 1928 896 1984 Porta:
907 1943 1062 1986 aereae
1080 1935 1206 1984 sunt
1232 1923 1653 1983 consuetudines
1671 1923 1902 1986 vitiosae,

309 2043 432 2096 qum
485 2027 567 2081 sic
611 2023 866 2080 claudunt
891 2039 1009 2089 nos,
1040 2031 1102 2078 ut
1139 2020 1529 2093 propemodum
1556 2019 1720 2074 etiam
1758 2016 1906 2072 arbi-

314 2118 483 2172 trium
530 2123 730 2171 nostrze
775 2114 1037 2170 libertatis
1067 2113 1359 2168 includant.
1392 2111 1636 2181 Namque
1657 2111 1751 2178 qui
1778 2123 1909 2164 eon-

317 2207 596 2262 suevimus
621 2205 770 2260 verbi
797 2220 958 2260 causa
999 2204 1204 2274 jurare.
1257 2203 1440 2272 jurare
1479 2202 1590 2272 jam
1635 2201 1904 2265 nolumus,

321 2297 420 2354 sed
447 2296 602 2367 quasi
621 2304 774 2367 porta
795 2295 976 2351 clausa
997 2295 1158 2365 hujus
1193 2294 1613 2358 consuetudinis,
1637 2291 1908 2346 volentem

320 2387 508 2456 egredi
529 2401 636 2442 non
664 2385 806 2442 sinit.
833 2383 924 2442 Sic
949 2386 1093 2441 enim
1116 2383 1175 2439 ﬁt
1195 2393 1253 2439 ut
1279 2386 1444 2440 etiam
1487 2399 1596 2438 non
1627 2382 1813 2437 volens
1839 2395 1909 2436 ex

319 2495 418 2535 ore
443 2494 564 2535 meo
591 2477 860 2550 proferam
895 2477 1282 2548 juramentum.
1331 2477 1422 2532 Sic
1449 2485 1506 2530 et
1532 2475 1600 2530 de
1646 2473 1911 2528 universis

317 2570 467 2625 vitiis
494 2570 696 2624 dictum
724 2579 874 2640 puta.
905 2568 1040 2636 Quia
1062 2570 1117 2623 in
1140 2569 1272 2640 ipsis
1297 2568 1460 2633 vitiis,
1491 2566 1640 2621 velut
1660 2565 1714 2620 in
1739 2563 1912 2635 portis

314 2663 475 2718 aereis
517 2661 880 2732 impingimus,
927 2661 1195 2730 fugientes
1239 2669 1296 2715 et
1323 2660 1567 2716 volentes
1591 2657 1773 2726 egredi
1801 2671 1910 2712 non

277 2743 283 2750 ’
315 2758 581 2813 valemus.
615 2757 684 2810 At
711 2756 802 2811 ubi
830 2756 1154 2811 tribulantes
1199 2753 1613 2809 elamaverimus
1649 2749 1716 2804 ad
1757 2747 1914 2804 Chri-

311 2859 480 2915 stum,
511 2848 812 2917 confringet
837 2856 1024 2919 portas
1042 2861 1231 2911 aereas,
1263 2853 1320 2900 et
1341 2851 1520 2901 vectes
1539 2843 1744 2899 ferreos
1764 2855 1914 2897 com-

317 2941 552 2996 minuet.
586 2939 784 2995 Vectes
810 2940 955 2994 enim
995 2937 1156 2992 ferrei
1195 2935 1451 2991 immundi
1505 2935 1726 3006 spiritus
1770 2942 1911 2999 sunt,

309 3030 414 3102 qui
467 3039 654 3101 portas
681 3030 836 3084 nobis
876 3029 1053 3098 impia:
1080 3026 1486 3083 consuetudinis
1511 3025 1787 3081 claudunt.
1818 3023 1917 3079 Hic

309 3124 356 3179 si
388 3136 519 3177 sese
563 3119 878 3176 subduxerit
921 3118 1200 3185 Dominus,
1235 3118 1456 3174 libertas
1480 3118 1596 3188 ipsa
1625 3116 1795 3171 nostri
1823 3131 1915 3170 ar-

2009 1938 2208 1984 terram
2263 1943 2294 1982 a
2339 1928 2514 1983 fructu
2561 1939 2801 1996 revocat,
2848 1931 2919 1986 ita
2949 1933 3126 1989 littera
3151 1938 3336 1993 mundi
3365 1955 3396 1994 a
3423 1941 3596 2000 fructu

2008 2020 2236 2092 spiritali
2265 2028 2486 2075 revocat
2513 2029 2739 2077 mentes.
2766 2021 2871 2078 Sed
2903 2039 3001 2094 per
3021 2024 3236 2082 Petrum
3257 2030 3311 2102 in
3332 2031 3600 2102 salsugine
3625 2033 3637 2046 '

2010 2113 2310 2168 litterarum
2327 2112 2557 2182 positam
2581 2111 2829 2180 Romam,
2856 2115 2982 2171 fecit
2997 2131 3115 2173 eam
3136 2112 3364 2176 fruetum
3387 2123 3598 2182 afferre.

2012 2202 2165 2258 Unde
2181 2210 2360 2258 autem
2395 2203 2508 2273 ipsa
2532 2212 2678 2259 terra
2709 2205 3033 2275 salsuginem
3054 2210 3279 2267 haberet
3300 2216 3597 2285 expressit:

2011 2297 2057 2351 Α
2085 2296 2309 2361 malitia,
2362 2297 2552 2365 inquit,
2584 2297 2866 2352 hominum
2895 2300 3311 2359 inhabitantium
3342 2305 3394 2360 in
3424 2322 3508 2362 ea.
3536 2307 3604 2364 Et

2012 2387 2210 2457 adjecit
2244 2407 2255 2442 :
2289 2387 2492 2453 Posuit,
2518 2389 2710 2459 inquit,
2739 2391 3012 2448 desertum
3041 2396 3109 2450 ab
3137 2397 3310 2466 aquis,
3336 2412 3456 2469 quae
3477 2417 3604 2472 pec-

2013 2487 2135 2536 cata
2187 2481 2386 2536 lavant.
2440 2479 2627 2536 Posuit
2674 2482 2728 2537 in
2777 2492 2970 2554 stagno
3022 2501 3301 2556 aquarum,
3332 2491 3608 2549 abundant

2014 2586 2167 2640 aqum
2212 2571 2570 2642 baptismatis,
2612 2581 2908 2645 martyrum
2949 2578 3279 2647 paenitentia:
3307 2581 3605 2655 eleemosy-

2016 2677 2205 2718 narum
2228 2663 2505 2734 abundant
2525 2664 2578 2718 in
2607 2664 2825 2721 deserto
2848 2665 2974 2732 isto,
2995 2668 3140 2736 quod
3169 2677 3296 2724 ante
3321 2671 3464 2726 Petri
3512 2673 3608 2728 ad-

2011 2764 2234 2810 ventum
2254 2755 2455 2810 siccum
2479 2741 2577 2810 fuit
2596 2763 2652 2810 et
2672 2756 2900 2823 aridum,
2925 2758 3029 2814 hoc
3055 2775 3193 2816 nunc
3213 2761 3481 2818 excultum
3503 2774 3606 2831 est,

2016 2862 2137 2902 cum
2166 2845 2587 2901 constitueretur
2626 2846 2681 2900 in
2721 2861 2788 2902 eo
2843 2847 3034 2903 civitas
3072 2847 3345 2916 Ecclesiae,
3401 2853 3453 2907 in
3501 2869 3608 2924 qua

2015 2938 2257 3008 quotidie
2276 2938 2611 2992 seminantur
2638 2939 2770 3006 agri,
2804 2946 2860 2993 et
2880 2938 3196 3009 plantantur
3218 2943 3408 3010 vincte,
3438 2953 3497 3000 ut
3518 2945 3612 3001 liat

2014 3026 2222 3084 fructus
2252 3028 2564 3092 nativitatis,
2597 3043 2738 3097 quos
2765 3029 3042 3084 benedixit
3088 3029 3249 3098 Deus,
3282 3042 3337 3089 et
3383 3035 3510 3091 fecit
3555 3049 3613 3093 ut

2016 3121 2461 3192 multiplicentur.
2494 3119 2602 3175 Sed
2641 3129 2764 3191 post
2793 3121 2908 3176 haec
2934 3125 3240 3194 persecutio
3269 3124 3408 3182 facta
3430 3137 3532 3196 est,
3556 3140 3614 3186 et

310 3211 465 3268 bitrii
515 3210 808 3266 evanescit.
865 3208 970 3278 Sed
998 3223 1106 3263 non
1146 3223 1205 3263 se
1232 3207 1479 3263 subducit
1505 3206 1782 3272 Dominus,
1809 3206 1911 3260 nisi
1936 3216 1984 3280 ο
2013 3211 2173 3282 pauci
2205 3209 2330 3266 facti
2359 3218 2501 3265 sunt.
2554 3208 2710 3264 Multi
2753 3212 2889 3266 enim
2932 3214 3118 3281 vocati,
3143 3217 3296 3286 pauci
3327 3235 3443 3273 vero
3465 3220 3614 3288 electi

315 3307 371 3360 in
393 3303 595 3375 spiritu
643 3300 918 3356 tribulanti
941 3311 987 3371 ,ιι
1016 3316 1138 3356 cum
1166 3300 1416 3372 lacrymis
1443 3307 1716 3354 exoretur.
1739 3297 1918 3354 Mittet

317 3395 465 3449 enim
507 3391 732 3447 verbum
779 3406 933 3446 suum
988 3391 1130 3446 sicut
1172 3391 1317 3445 misit
1361 3398 1487 3445 ante
1514 3389 1708 3444 Filium
1734 3405 1910 3444 suum.

321 3485 490 3541 Mittit
508 3500 631 3540 eum
660 3490 719 3539 et
738 3491 894 3538 sanat
913 3499 1032 3548 nos,
1059 3493 1114 3538 et
1140 3484 1279 3539 sicut
1300 3482 1526 3538 redemit
1547 3499 1646 3538 nos
1664 3483 1733 3538 de
1752 3497 1917 3538 manu

323 3577 548 3642 inimici,
581 3576 652 3630 ita
683 3590 826 3631 nunc
868 3575 1030 3646 eripit
1070 3589 1170 3630 nos
1191 3575 1258 3630 de
1287 3575 1506 3629 interitu
1533 3583 1742 3630 nostro.
1774 3573 1917 3629 Con-

326 3668 583 3723 liteantur
610 3681 740 3736 ergo
767 3666 999 3722 Domino
1027 3665 1306 3736 pluraliter
1359 3665 1741 3720 misericordiae
1779 3665 1915 3734 ejus,

324 3765 381 3809 et
409 3757 677 3812 mirabilia
704 3753 821 3826 ejus
845 3756 938 3810 lilii
962 3739 1263 3817 hominum,
1297 3764 1356 3809 ut
1383 3754 1691 3810 sacrilicent
1717 3753 1919 3810 sacrifi-

271 3908 282 3918 _
326 3848 470 3902 cium
484 3847 672 3902 laudis.
688 3846 814 3902 Ideo
829 3846 1322 3916 annuntientopera
1341 3845 1521 3914 ejusin
1537 3846 1916 3910 exsultatione,

327 3944 509 3993 etnon
527 3939 579 3991 in
599 3937 939 3992 tribulatione
963 3955 976 3989 :
1000 3936 1059 4002 li,
1080 3936 1269 4005 inquit,
1297 3936 1390 4005 qui
1410 3935 1744 3991 descendunt
1773 3952 1921 3992 mare

329 4031 387 4084 in
417 4029 661 4084 navibus.
681 4029 824 4085 Mare
837 4029 1167 4084 descendunt
1182 4029 1234 4083 in
1248 4029 1493 4092 navibus,
1523 4029 1616 4098 qui
1639 4029 1690 4082 in
1704 4044 1924 4084 conver-

332 4123 552 4178 satione
564 4131 750 4177 sancla
780 4123 831 4176 in
848 4123 949 4178 isto
967 4123 1166 4178 mundo
1187 4116 1410 4192 degunt.
1429 4121 1533 4192 ipsi
1562 4123 1704 4176 enim
1722 4121 1924 4176 faciunt

334 4214 712 4284 operationem
727 4215 778 4268 in
794 4215 944 4284 aquis
953 4215 1151 4280 multis,
1171 4214 1222 4269 id
1238 4223 1338 4278 est,
1355 4223 1412 4268 et
1426 4215 1590 4268 verbo
1605 4222 1660 4268 et
1673 4214 1922 4283 exemplo

332 4321 457 4370 suo,
490 4319 676 4361 eorum
703 4305 795 4375 qui
823 4321 916 4361 eos
935 4315 1027 4361 aut
1045 4307 1288 4371 audiunt,
1312 4313 1406 4360 aut
1426 4306 1705 4361 imitantur
1731 4322 1924 4377 opera-

334 4399 564 4464 tionem,
595 4397 648 4452 iu
671 4398 824 4467 aquis
850 4399 1032 4453 multis
1059 4397 1236 4454 facere
1255 4397 1580 4453 referuntur.
1614 4399 1717 4468 Ipsi
1743 4397 1926 4452 vident

335 4503 507 4558 opera
562 4487 772 4544 Domini
824 4489 1093 4558 quotidie,
1145 4489 1211 4544 ad
1258 4489 1362 4544 hoc
1399 4497 1594 4545 vacant
1622 4498 1681 4543 ut
1711 4489 1926 4543 videant

2021 3302 2201 3374 (Matt.
2234 3303 2349 3374 xx).
2382 3301 2547 3359 Pauci
2573 3319 2703 3360 vero
2732 3303 2800 3359 ad
2826 3307 3070 3378 martyrii
3089 3308 3321 3378 palmam
3349 3294 3612 3380 attingere

2019 3402 2350 3450 meruerunt.
2385 3391 2612 3462 Quando
2640 3395 2806 3452 ell‘usa
2850 3407 2933 3454 est
2972 3401 3248 3455 contentio
3269 3417 3432 3471 super
3459 3403 3608 3472 prin-

2021 3486 2168 3556 cipes
2186 3485 2390 3542 mundi.
2417 3485 2570 3543 Tunc
2597 3487 2927 3543 seduxerunt
2947 3506 3042 3545 eos
3071 3491 3120 3544 in
3146 3491 3310 3554 invio,
3343 3500 3398 3544 et
3427 3508 3534 3550 non
3556 3494 3608 3547 in

1939 3643 1946 3648 Ι
2020 3577 2128 3643 via,
2161 3577 2215 3632 id
2240 3586 2344 3644 est,
2369 3578 2423 3632 in
2454 3578 2610 3633 idolis
2637 3584 2692 3632 et
2723 3593 2828 3632 non
2878 3581 2930 3632 in
2973 3579 3206 3644 Christo,
3255 3581 3346 3649 qui
3375 3582 3459 3634 via
3504 3591 3605 3636 cst.

2022 3668 2130 3724 Sed
2157 3668 2431 3739 adjuvavit
2453 3667 2714 3723 DominUs
2741 3683 3030 3738 pauperem
3053 3668 3119 3722 de
3166 3668 3530 3731 mendicitate,
3557 3681 3614 3724 et

2025 3760 2282 3830 respexit,
2315 3758 2442 3828 quia
2492 3757 2819 3812 tentationes
2847 3755 2986 3811 ferre
3032 3758 3259 3826 populus
3299 3758 3524 3816 credens
3561 3762 3612 3816 ei
3660 3772 3673 3783 '

2025 3853 2246 3907 omnino
2268 3866 2376 3906 non
2405 3856 2636 3921 poterat.
2671 3847 2954 3916 Adjuvavit
2993 3863 3114 3901 eum
3145 3849 3213 3904 de
3250 3850 3612 3908 mendacitate

2026 3943 2240 4008 virium,
2273 3951 2330 3997 et
2367 3940 2545 4012 posuit
2587 3939 2726 3994 sicut
2771 3951 2901 3994 oves
2946 3937 3174 3994 familias
3215 3940 3266 3993 in
3309 3940 3613 3998 universam

2026 4036 2219 4090 faciem
2267 4043 2444 4099 terrae,
2475 4041 2719 4088 statuens
2746 4032 2825 4087 eis
2853 4035 3096 4101 paStorcs
3125 4039 3180 4086 et
3206 4047 3453 4102 pascuas,
3494 4049 3614 4104 qua-

2029 4123 2270 4178 videntes
2298 4124 2432 4179 recti
2455 4123 2796 4177 laetabuntur.
2829 4121 2945 4177 Non
2992 4123 3125 4176 recti
3156 4137 3284 4178 vero
3313 4138 3614 4180 murmura-

2027 4213 2180 4277 bunt,
2211 4217 2304 4266 sed
2336 4213 2588 4281 iniquitas
2608 4213 2783 4268 omnis
2803 4212 3058 4267 adversus
3086 4211 3380 4269 Ecclesiam
3419 4213 3534 4282 Dei,
3561 4226 3617 4271 ct

2029 4303 2285 4358 adversus
2311 4318 2440 4358 oves
2467 4310 2523 4359 ει
2542 4311 2789 4374 pastores
2801 4301 2914 4372 jam
2937 4302 3205 4358 obstruxit
3229 4319 3292 4358 os
3311 4320 3484 4359 suum.
3513 4306 3616 4374 Qui

2028 4395 2244 4464 sapiens
2288 4405 2372 4451 est
2413 4396 2664 4466 intelligit
2690 4397 2822 4462 haec,
2865 4403 2922 4451 et
2957 4411 3078 4452 cum
3105 4395 3452 4463 intellexerit,
3485 4400 3618 4456 nihil

2032 4485 2173 4542 aliud
2195 4486 2460 4556 intelligit,
2482 4487 2584 4542 nisi
2607 4485 3031 4542 misericordiam
3056 4485 3290 4554 Domini,
3317 4488 3408 4559 qui
3431 4499 3622 4561 regnat

335 4593 506 4650 opera
552 4577 781 4645 Domini,
822 4595 944 4650 quae
970 4580 1072 4634 iste
1099 4579 1331 4635 mundus
1351 4581 1428 4636 sic
1447 4579 1576 4635 dum
1602 4579 1797 4634 fruitur
1815 4595 1923 4635 non
1953 4575 2007 4638 D
2032 4579 2085 4634 in
2113 4577 2306 4633 saecula
2334 4577 2674 4633 seculorum.
2708 4577 2898 4632 Amen.

335 4669 505 4725 videt.
539 4667 580 4723 li
608 4677 786 4724 autem
808 4685 917 4725 non
943 4669 1117 4725 solum
1147 4684 1311 4740 opera
1339 4669 1552 4725 Domini
1599 4670 1802 4734 vident,
1831 4670 1925 4725 sed

337 4763 610 4818 mirabilia
661 4764 778 4832 ejus
807 4763 859 4818 in
889 4762 1153 4834 profundo
1180 4762 1544 4818 considerant.
1578 4762 1775 4816 Verum
1803 4763 1928 4830 quia

336 4854 516 4908 nullus
532 4853 719 4922 justus
739 4854 858 4908 sine
886 4853 1187 4908 tentatione
1208 4853 1436 4916 transiit,
1462 4853 1586 4907 audi
1614 4852 1743 4920 quid
1761 4851 1830 4907 de
1851 4853 1932 4907 eis

338 4944 588 5000 dicatur:
648 4943 975 5008 Aseendunt,
1025 4945 1216 5014 inquit,
1267 4959 1436 5014 usque
1485 4944 1553 4998 ad
1581 4945 1766 5000 caelos.
1793 4943 1932 5011 Quid

339 5044 440 5101 est,
465 5036 802 5092 ascendunt?
822 5036 979 5092 Disce
1009 5038 1062 5092 in
1092 5036 1274 5102 Petro,
1307 5033 1368 5092 ut
1393 5037 1538 5108 quod
1566 5037 1618 5092 in
1642 5037 1758 5108 ipso
1780 5038 1930 5095 inve-

337 5129 506 5196 neris,
543 5129 600 5183 in
628 5129 878 5185 omnibus
903 5144 1112 5185 cernas.
1153 5130 1406 5187 Ascendit
1443 5128 1632 5185 Petrus
1659 5145 1828 5200 usque
1865 5130 1933 5185 ad

338 5219 532 5285 caelos,
563 5219 750 5276 dicens
773 5219 1000 5277 Domino
1032 5239 1046 5275 :
1077 5221 1257 5276 Etiam
1297 5224 1343 5276 si
1369 5221 1650 5293 oportuerit
1670 5239 1750 5276 me
1770 5230 1933 5275 tecum

341 5312 495 5376 mori,
528 5327 636 5364 non
661 5318 710 5364 te
737 5311 936 5383 negabo
966 5311 1145 5384 (Matt.
1169 5313 1340 5382 xxvn).
1372 5311 1658 5367 Descendit
1679 5301 1847 5381 usque
1867 5312 1933 5366 ad

344 5400 592 5472 abyssos,
623 5417 746 5457 cum
773 5410 951 5472 negat.
977 5401 1108 5458 Post
1133 5404 1250 5459 haac
1277 5403 1350 5458 ita
1381 5403 1622 5458 turbatus
1643 5410 1726 5458 est
1754 5411 1808 5458 et
1827 5418 1936 5457 mo-

344 5498 435 5545 tus
473 5492 616 5547 sicut
652 5493 850 5548 ebrius.
882 5492 951 5548 Et
977 5495 1154 5549 omnis
1200 5494 1462 5565 sapientia
1489 5493 1607 5564 ejus
1635 5495 1707 5548 ita
1748 5493 1934 5562 deglu-

341 5582 443 5636 tita
469 5593 556 5639 est
585 5591 661 5651 ut,
687 5585 787 5640 nisi
810 5587 1096 5642 clamasset
1123 5587 1190 5642 ad
1211 5585 1493 5642 Dominum
1515 5603 1636 5642 cum
1659 5587 1938 5642 tribulare-

426 5767 450 5795 ⁸
483 5758 770 5816 Tribulanti
798 5762 994 5817 dicitur
1020 5762 1205 5819 Grazce
1231 5781 1327 5834 pro
1359 5783 1424 5819 eo
1459 5765 1548 5831 qui
1577 5764 1877 5819 tribulatur.

717 5855 990 5915 ΡΑτιιοι..
1027 5855 1187 5916 Llll.

2579 4665 2896 4724 PSALMUS
2932 4669 3085 4724 CVII.

2083 4824 2085 4826 η
2401 4759 2678 4814 Canticum
2710 4760 2899 4830 psalmi
2931 4760 3029 4830 ipsi
3061 4760 3246 4815 David.

2107 4854 2358 4907 Paratum
2400 4869 2489 4907 cor
2540 4870 2726 4919 meum,
2760 4853 2920 4918 Deus,
2969 4864 3207 4924 paratum
3246 4871 3334 4909 cor
3354 4872 3540 4920 meum,
3570 4865 3621 4908 et

2035 4945 2254 5000 cantabo
2300 4956 2349 4999 et
2377 4945 2596 5015 psallam
2635 4947 2688 4998 in
2711 4947 2877 5018 gloria
2903 4963 3034 5000 mea.
3062 4945 3297 5016 Exsurge
3322 4945 3620 5014 psalterium

2038 5047 2088 5092 at
2115 5038 2336 5103 cithara,
2366 5053 2637 5109 exsurgam
2668 5037 2912 5092 diluculo.
2946 5035 3239 5106 Conﬁtebor
3267 5033 3358 5087 tibi
3385 5050 3438 5085 ιη
3465 5049 3622 5102 popu-

2038 5131 2122 5196 lis,
2147 5129 2384 5194 Domine,
2416 5140 2466 5183 et
2484 5131 2704 5201 psallam
2726 5130 2816 5184 tibi
2845 5133 2897 5183 in
2919 5127 3230 5182 nationibus.
3265 5123 3400 5189 Quia
3430 5141 3624 5198 magna

2037 5231 2113 5275 est
2141 5238 2294 5294 super
2313 5222 2464 5277 caelos
2493 5221 2844 5276 misericordia
2883 5227 2988 5281 tua,
3011 5227 3058 5270 et
3085 5231 3242 5287 usque
3268 5213 3338 5268 ad
3357 5216 3516 5272 nubes
3535 5233 3622 5273 vc-

2040 5315 2170 5366 ritas
2194 5323 2300 5366 tua.
2330 5311 2581 5368 Exaltare
2599 5327 2752 5380 super
2771 5310 2942 5371 caelos,
2966 5306 3125 5372 Deus,
3156 5315 3204 5359 et
3243 5322 3396 5378 super
3421 5325 3624 5364 omnem

2043 5415 2233 5457 terram
2263 5405 2429 5474 gloria
2459 5415 2579 5467 tua;
2630 5401 2907 5456 liberentur
2953 5397 3125 5452 dilecti
3154 5399 3247 5452 tui.
3301 5398 3515 5455 Salvum
3539 5403 3624 5472 fac

2043 5494 2254 5548 dextera
2276 5505 2378 5558 tua,
2403 5504 2451 5547 et
2477 5491 2664 5548 exaudi
2703 5506 2815 5553 me;
2846 5489 2985 5542 Deus
3015 5488 3212 5544 locutus
3241 5499 3318 5545 est
3354 5492 3407 5545 in
3445 5499 3652 5544 sancto-

2042 5603 2152 5640 suo.
2187 5585 2472 5640 Ea‘sultalvo
2494 5593 2541 5636 et
2571 5579 2796 5634 dividam
2826 5579 3132 5646 Sichimam,
3165 5591 3212 5636 et
3241 5581 3524 5636 convallem
3545 5588 3625 5631 ta-

3155 5844 3228 5902 16
