4244 6258
298 447 402 505 493

1230 449 1700 509 COMMENTARII
1735 446 1803 506 1N
1841 449 2170 509 PSALMOS.
2213 446 2405 513 PSAL.
2446 432 2637 514 cvm.

3457 460 3561 516 491,

296 586 492 636 eorum,
525 546 619 641 pro
642 589 700 627 eo
729 574 865 645 quod
893 580 1092 626 nonest
1124 572 1423 625 recordatus
1454 573 1624 642 facere
1668 572 1873 645 miseri-
1903 570 1952 630 Α
1981 578 2270 626 camus‘eos
2284 572 2375 641 qui
2396 586 2497 627 nos
2513 569 2695 642 iniquo
2710 572 3253 645 odiopcrsequuntur.
3268 574 3380 631 ΙΙοε
3392 575 3565 633 Evan-
3594 636 3597 639 ς

296 662 552 716 cordiam.
579 663 645 716 Et
671 674 959 735 persecutus
1004 672 1081 719 est
1109 664 1363 719 hominem
1392 667 1595 737 inopem
1633 674 1685 718 et
1728 682 1877 720 men-

296 754 490 819 dicum,
514 765 563 808 et
591 767 940 826 compunctum
963 757 1112 811 corde
1125 758 1456 826 mortificare.
1478 756 1546 810 Et
1567 757 1748 812 dilexit
1767 776 1881 812 ma-

296 844 639 918 ledictionem,
671 856 719 900 et
747 848 906 901 veniet
934 847 1014 912 ei;
1055 856 1105 901 et
1144 847 1309 901 noluit
1346 846 1790 914 benedictionem,
1830 858 1881 904 et

296 936 621 1007 elongabitur
662 936 726 989 ab
776 955 853 993 eo.
887 936 953 991 Et
977 939 1145 992 induit
1173 938 1589 994 maledictionem
1627 941 1758 994 sicut
1789 957 1876 994 ve-

296 1029 614 1093 stimentum,
646 1038 694 1082 et
722 1031 932 1085 intravit
980 1032 1113 1084 sicut
1140 1048 1275 1103 aqua
1320 1033 1376 1085 in
1403 1033 1657 1086 interiora
1681 1032 1791 1102 ejus
1832 1040 1883 1086 et

297 1118 431 1170 sicut
468 1119 632 1172 oleum
660 1120 710 1171 in
752 1120 949 1175 ossibus
984 1121 1115 1192 ejus.
1142 1120 1267 1175 Fiat
1296 1122 1343 1175 ei
1367 1123 1500 1176 sicut
1528 1123 1880 1177 vestimentum

296 1221 395 1274 quo
433 1206 682 1274 operitur,
728 1216 778 1261 et
832 1210 964 1263 sicut
1010 1227 1141 1264 zona
1168 1228 1267 1283 qua
1295 1228 1499 1282 semper
1524 1213 1877 1285 praecingitur.

297 1294 414 1351 Hoc
437 1314 562 1368 opus
591 1315 770 1353 eorum
798 1301 884 1372 qui
916 1301 1194 1369 detrahunt
1214 1304 1340 1356 mihi
1364 1302 1503 1374 apud
1515 1302 1811 1368 Dominum,
1832 1314 1882 1358 et

297 1386 567 1461 loquuntur
586 1389 728 1443 mala
750 1390 992 1446 adversus
1012 1393 1237 1446 animum
1261 1410 1444 1448 meam.
1464 1394 1529 1446 Et
1548 1401 1620 1460 tu,
1641 1393 1876 1460 Domine,

298 1480 383 1549 fac
407 1496 601 1534 mecum
627 1490 837 1552 propter
864 1500 1051 1537 nomen
1081 1493 1242 1550 tuum,
1276 1484 1399 1557 quia
1425 1486 1596 1554 suavis
1625 1493 1701 1540 est
1721 1487 1877 1539 mise-

252 1624 261 1633 ,
299 1566 518 1622 ricordia
566 1576 671 1622 tua.
724 1569 913 1624 Libera
961 1588 1061 1635 me,
1089 1574 1209 1644 quia
1256 1590 1444 1646 egenus
1468 1582 1516 1627 et
1542 1591 1738 1645 pauper
1765 1591 1877 1629 sum

299 1672 413 1727 ego,
435 1664 484 1710 et
507 1674 596 1712 cor
622 1675 793 1714 meum
814 1663 1172 1716 conturbatum
1193 1672 1269 1717 est
1290 1665 1429 1717 intra
1461 1680 1563 1718 me.
1597 1664 1740 1719 Sicut
1760 1682 1876 1718 um-

300 1746 391 1803 bra
417 1766 528 1804 cum
558 1750 784 1805 declinat
810 1752 1010 1807 ablatus
1038 1771 1170 1818 sum,
1200 1765 1250 1809 et
1290 1772 1536 1811 excussus
1587 1774 1696 1811 sum
1745 1758 1879 1812 sicut
1904 1830 1911 1833 Α

300 1837 524 1894 locusttc.
571 1838 751 1895 Genua
794 1860 907 1897 mea
934 1844 1202 1915 infirmata
1230 1854 1348 1899 sunt
1380 1864 1411 1899 α
1425 1846 1650 1940 jejunio,
1681 1856 1730 1901 et
1755 1864 1876 1902 caro

1982 659 2185 728 gelicus
2197 662 2450 730 magister
2465 662 2686 719 omnino
2700 662 2989 734 prohibuit,
3009 664 3149 720 unde
3169 666 3237 721 ad
3258 665 3557 739 principem

1983 750 2200 815 malitia:
2224 753 2546 808 currendum
2557 761 2639 809 est
2652 755 2854 811 animo.
2868 754 2935 810 Et
2952 758 3376 827 quotiescunque
3386 760 3557 814 male-

1981 838 2244 897 dictiones
2262 842 2582 908 cantaveris,
2599 843 2700 915 ipsi
2712 859 2803 899 eas
2826 860 2985 915 quem
3003 845 3278 901 maledixit
3302 846 3576 923 Dominus

1980 928 2311 985 decantabis.
2351 930 2471 1002 Ipse
2498 932 2641 988 enim
2671 934 2824 1004 ponit
2856 932 3138 991 adversum
3167 932 3266 991 no‘s
3296 937 3433 992 mala
3458 954 3557 1009 pro

1979 1022 2170 1088 bonis,
2219 1023 2333 1078 sive
2379 1023 2505 1079 dum
2532 1026 2673 1081 bona
2717 1042 3025 1096 operamur,
3054 1027 3179 1097 quia
3225 1028 3365 1083 mala
3406 1030 3560 1085 nobis

1981 1129 2079 1185 per
2098 1115 2464 1171 suumexcitat
2487 1116 2678 1171 zelum.
2694 1116 2819 1173 Sive
2833 1118 2956 1173 dum
2980 1104 3119 1173 idola
3150 1120 3400 1185 ostendit,
3418 1121 3559 1176 mala
3606 1152 3616 1162 -

1981 1219 2081 1275 pro
2106 1204 2261 1261 bonis
2288 1206 2541 1262 ostendit.
2566 1205 2690 1262 Sive
2731 1206 2857 1262 dum
2897 1208 3358 1278 concupiscendus
3383 1212 3561 1265 carnis

1981 1294 2285 1363 exagitant,
2318 1311 2441 1352 eum
2474 1296 2581 1352 sint
2599 1298 2742 1352 mala
2770 1298 2951 1353 omnia
2980 1314 3145 1368 opera
3173 1302 3558 1371 concupiscen-

1980 1386 2100 1450 tire,
2132 1386 2220 1441 ille
2248 1386 2363 1457 ipsa
2399 1387 2541 1442 mala
2566 1403 2665 1458 pro
2692 1388 2850 1444 bonis
2873 1396 3147 1453 ostentat,
3175 1398 3228 1444 et
3256 1391 3434 1445 odium
3462 1408 3561 1461 pro

1979 1473 2265 1531 dilectione
2311 1476 2579 1544 immittit,
2623 1478 2698 1533 ita
2744 1485 2801 1533 ut
2840 1478 3084 1533 videatur
3109 1480 3261 1535 nobis
3290 1496 3471 1536 amare
3498 1496 3562 1536 ac
3596 1470 3609 1483 ’

1980 1565 2200 1635 diligere
2223 1606 2237 1632 ,
2270 1583 2394 1623 cum
2421 1568 2490 1624 ad
2518 1577 2800 1640 peccatum
2828 1571 3013 1626 tribuit
3041 1570 3367 1627 facultatem.
3418 1572 3562 1629 Con-

1980 1656 2143 1711 stitue
2184 1656 2466 1713 adversum
2505 1674 2628 1723 eum
2673 1668 3029 1730 peecatorem.
3089 1661 3371 1728 Quomodo
3411 1671 3559 1718 stare

1977 1753 2160 1816 potest
2179 1747 2282 1802 hoc
2303 1786 2319 1814 ,
2340 1748 2624 1819 diligenter
2642 1751 2902 1806 ausculta.
2927 1751 3222 1807 Adversum
3252 1768 3337 1809 me
3356 1755 3558 1810 consti-

1978 1835 2084 1890 tuit
2130 1836 2451 1907 discipulum
2497 1853 2675 1894 meum
2698 1878 2713 1903 ,
2744 1840 3001 1896 adversus
3041 1858 3163 1899 eum
3208 1843 3593 1903 constituatur.

298 1947 411 1985 mea
439 1932 713 1987 immutata
741 1943 819 1989 est
846 1945 1054 2005 propter
1081 1937 1266 1992 oleum.
1310 1937 1382 1992 Et
1410 1924 1507 2009 egd
1551 1941 1717 2008 factus
1765 1957 1878 1993 sum

1982 1924 2273 1996 discipulus
2301 1925 2434 1996 ejus.
2465 1925 2532 1981 Et
2558 1928 2629 1982 sit
2658 1938 2972 1997 persecutor
2998 1930 3218 1997 diaboli,
3250 1932 3341 2002 qui
3367 1948 3557 2004 perse:

296 2020 626 2094 opprobrium
661 2023 788 2091 illis,
831 2023 1065 2078 viderunt
1109 2043 1221 2090 me,
1266 2036 1314 2080 et
1367 2036 1630 2097 moverunt
1684 2028 1874 2100 capita.

296 2112 505 2183 Adjuva
533 2128 634 2177 me,
661 2111 878 2167 Domine
902 2114 1036 2168 Deus
1058 2131 1218 2181 meus,
1243 2117 1435 2170 salvum
1458 2133 1537 2170 me
1569 2120 1653 2187 fac
1672 2126 1881 2187 propter

296 2201 714 2256 misericordiam
741 2209 901 2257 tuam.
935 2203 1000 2256 Et
1028 2207 1188 2259 scient
1216 2208 1334 2277 quia
1363 2220 1544 2261 manus
1570 2206 1696 2273 haec,
1724 2218 1773 2262 et
1802 2214 1876 2272 tu,

298 2288 546 2355 Domine,
577 2293 745 2363 fecisti
779 2310 911 2347 eam.
941 2293 1253 2350 Haledicent
1284 2297 1382 2359 illi,
1432 2305 1483 2351 et
1508 2305 1561 2350 tu
1591 2297 1877 2364 benedices,

300 2381 386 2451 qui
420 2382 690 2453 insurgunt
716 2384 771 2435 in
799 2399 879 2436 me
903 2384 1304 2455 confundantur,
1344 2403 1518 2440 servus
1564 2396 1733 2441 autem
1764 2395 1879 2440 tuus

299 2466 576 2523 lwtabitur.
611 2468 903 2525 Induantur
929 2474 1015 2543 qui
1063 2472 1340 2528 detrahunt
1384 2475 1513 2529 milii
1566 2476 1780 2546 pudore,
1828 2485 1879 2530 et

297 2559 601 2629 aperiantur
636 2560 767 2613 sicut
818 2560 1043 2631 diploide
1099 2565 1399 2634 confusione
1437 2582 1551 2619 sua.
1584 2563 1880 2636 Confitebor

296 2647 520 2704 Domino
545 2650 696 2705 nimis
735 2653 791 2705 in
820 2670 909 2707 ore
936 2671 1070 2721 meo,
1103 2663 1152 2708 et
1185 2658 1238 2709 in
1266 2657 1438 2710 medio
1466 2657 1740 2711 multorum
1761 2657 1877 2711 lau-

297 2740 426 2799 dabo
453 2758 585 2795 eum.
638 2739 740 2807 Qui
793 2744 954 2797 astitit
989 2762 1023 2798 a
1077 2744 1274 2799 dextris
1315 2749 1576 2817 pauperis,
1600 2757 1655 2800 ut
1683 2748 1880 2801 salvam

296 2834 488 2905 faceret
508 2850 540 2886 a
564 2832 984 2906 persequentibus
1012 2836 1240 2889 animam
1264 2851 1453 2890 meum.

874 2936 1309 2978 COIIENTARIUI.
1796 2995 1810 3006 ο

367 3010 624 3065 Venimus
645 3010 713 3065 ad
739 3010 1004 3082 psalmum
1035 3012 1387 3068 eentesimum
1418 3022 1685 3079 octavum,
1719 3031 1879 3085 quem

297 3100 572 3171 apostolus
601 3098 794 3156 Petrus
823 3100 1210 3172 interpretatur
1238 3105 1289 3158 in
1327 3102 1518 3159 ludam
1548 3104 1872 3161 lscariotem.

298 3189 467 3262 Hujus
514 3207 613 3246 nos
638 3190 944 3262 pcdissequi
969 3193 1110 3247 viam
1138 3208 1297 3263 quam
1319 3194 1435 3265 ipse
1456 3196 1665 3265 aperuit
1687 3196 1876 3251 ambu-

1986 2022 2144 2071 eutor
2189 2016 2469 2070 exstiterat
2505 2014 2726 2082 Christi,
2755 2026 2810 2073 et
2846 2027 2953 2073 stet
2997 2020 3242 2077 diabolus
3286 2036 3317 2075 a
3359 2021 3565 2079 dextris

1984 2103 2101 2172 ejus
2127 2103 2195 2158 ad
2218 2103 2599 2160 confutandam
2629 2116 2684 2161 et
2708 2104 2775 2162 ad
2813 2108 3254 2164 convincendum.
3279 2110 3439 2167 Stetit
3457 2112 3565 2167 dia-

1982 2195 2140 2250 bolus
2167 2211 2199 2250 a
2227 2196 2429 2251 dextris
2458 2194 2648 2264 Pauli,
2676 2198 2750 2252 ita
2794 2207 2853 2253 ut
2882 2198 3131 2269 judicans
3185 2218 3307 2257 eum
3344 2201 3563 2272 Paulus,

1983 2288 2185 2344 faceret
2214 2304 2335 2344 eum
2357 2305 2388 2344 a
2417 2304 2479 2345 se
2513 2291 2662 2346 exire
2687 2291 3101 2348 condemnatum
3123 2333 3139 2359 ,
3169 2302 3223 2349 et
3245 2303 3413 2351 totam
3439 2311 3565 2352 ora-

1984 2379 2188 2435 tionem
2213 2387 2267 2433 et
2295 2380 2578 2435 consilium
2604 2380 2720 2451 ejus
2749 2390 3010 2439 statueret
3039 2385 3093 2438 in
3121 2394 3419 2455 peccatum.
3443 2385 3567 2459 Ipse

1983 2468 2111 2525 fecit
2138 2469 2251 2524 dies
2279 2469 2395 2539 ejus
2420 2486 2641 2541 paucos.
2690 2460 2858 2530 Paulo
2905 2475 3047 2530 enim
3087 2476 3335 2544 gentibus
3372 2477 3566 2548 przedi-

1983 2570 2141 2615 caute
2164 2600 2178 2625 ,
2232 2576 2338 2619 non
2390 2562 2558 2618 multo
2599 2570 2841 2634 tempore
2867 2565 3095 2620 obtinuit
3123 2566 3481 2639 principatum
3507 2568 3581 2629 in.

1982 2651 2214 2720 templis.
2248 2649 2375 2707 Post
2417 2652 2530 2707 haec
2558 2655 2785 2709 cessavit
2830 2655 3080 2725 princeps
3107 2672 3226 2713 esse
3248 2674 3407 2729 super
3432 2672 3563 2727 gen-

1984 2750 2097 2808 tes,
2154 2749 2209 2798 et
2242 2744 2608 2811 magisterium
2638 2744 2755 2815 ejus
2793 2746 3003 2817 accepit
3032 2748 3120 2803 ille
3165 2748 3258 2818 qui
3303 2750 3513 2806 dicebat
3544 2769 3561 2806 :

1983 2831 2098 2904 Ego
2117 2849 2229 2887 sum
2249 2834 2494 2905 magister
2518 2836 2766 2906 gentium,
2780 2837 2833 2890 in
2846 2836 2951 2907 ﬁde
2971 2846 3021 2891 et
3040 2839 3249 2893 veritate
3263 2839 3305 2912 (Ι
3328 2838 3459 2895 Tim.
3478 2841 3560 2913 ιι).

1982 2922 2076 2978 ille
2103 2924 2249 2979 enim
2295 2923 2473 2981 fuerat
2520 2926 2779 3001 magister
2806 2927 3045 2995 gentium
3089 2928 3142 2983 in
3169 2928 3482 2987 infidelitate
3509 2939 3565 2989 et

1981 3000 2211 3069 fallacia.
2264 3013 2414 3070 Tunc
2442 3015 2480 3070 ii
2507 3000 2699 3085 quibus
2745 3017 2948 3072 dietum
3000 3019 3176 3075 fuerat
3211 3037 3243 3075 a
3282 3021 3509 3079 Domino
3536 3042 3557 3078 ιε

1992 3102 2094 3159 Vos
2116 3103 2178 3159 de
2205 3113 2352 3176 patre
2379 3104 2585 3161 diabolo
2614 3107 2738 3161 estis
2765 3105 2955 3176 (Joan.
2987 3109 3121 3181 Vill),
3143 3109 3354 3181 dejecto
3383 3113 3563 3171 incre-

1981 3192 2220 3249 dulitatis
2247 3209 2374 3265 rege
2401 3193 2526 3250 facti
2555 3204 2678 3251 sunt
2718 3197 2975 3268 orphani,
3013 3196 3150 3255 facta
3190 3210 3274 3256 est
3320 3210 3377 3258 et
3420 3220 3559 3260 uxor

299 3280 486 3338 lemus.
517 3281 692 3339 Homo
720 3283 990 3354 perfectus
1017 3283 1326 3340 interiorem
1371 3302 1525 3342 suum
1568 3288 1874 3357 alloquitur,
1903 3301 1953 3367 α
1981 3286 2181 3357 diaboli
2199 3283 2375 3341 vidua.
2396 3284 2546 3342 Sicut
2582 3286 2725 3343 enim
2756 3291 2842 3343 uni
2866 3290 2980 3345 viro
3002 3290 3325 3363 desponsata
3350 3303 3434 3350 est
3458 3295 3563 3352 Eo-

302 3374 515 3430 dicens:
550 3374 709 3441 Deus,
750 3374 963 3431 laudem
1002 3380 1177 3431 ‘meam
1206 3390 1274 3433 ne
1320 3380 1572 3443 tacueris,
1605 3381 1757 3449 quasi
1785 3381 1893 3457 qui,

302 3464 442 3520 dicat
471 3483 483 3517 :
515 3463 772 3519 Homines
798 3466 1219 3536 vituperationes
1245 3468 1297 3522 in
1320 3482 1405 3523 me
1432 3470 1670 3525 excitant
1697 3470 1877 3537 falsas;

305 3564 361 3610 tu
404 3553 550 3611 Deus
598 3572 749 3612 meus
796 3557 1010 3612 laudem
1065 3573 1241 3615 meam
1294 3575 1400 3615 non
1432 3569 1627 3617 taceas.
1654 3562 1787 3618 Redi
1813 3563 1882 3617 ad

304 3646 680 3701 conscientiam
713 3655 876 3713 tuam,
906 3663 939 3703 ο
965 3647 1132 3703 homo
1162 3648 1277 3715 Dei,
1326 3651 1419 3719 qui
1471 3650 1742 3705 Christum
1791 3668 1881 3707 sea

298 3737 499 3806 'queris.
533 3737 600 3792 Et
625 3754 745 3794 eum
770 3754 831 3794 os
850 3742 1153 3810 peccatoris
1176 3748 1232 3795 et
1250 3740 1423 3796 dolosi
1453 3757 1616 3811 super
1643 3750 1697 3797 te
1722 3757 1881 3815 aper-

307 3838 418 3884 tum
464 3828 641 3892 fuerit,
672 3831 961 3900 gratulare,
1011 3846 1233 3888 securus
1280 3839 1418 3888 esto.
1451 3832 1589 3899 Quia
1610 3849 1671 3889 os
1690 3849 1883 3904 pecca-

308 3922 439 3975 toris
468 3921 533 3975 ad
552 3922 996 3993 vituperationem
1036 3931 1182 3978 tuam
1204 3925 1442 3995 aperitur
1463 3925 1517 3979 in
1540 3933 1701 3993 terra,
1730 3934 1785 3982 et
1812 3926 1883 3981 ad

204 3999 218 4017 ⁸
308 4011 520 4066 laudem
550 4019 692 4067 tuam
718 4028 778 4068 os
803 4000 900 4069 Dei
928 4015 1165 4085 aperitur
1192 4016 1245 4070 in
1267 4016 1423 4073 caelo.
1449 4017 1762 4087 Loquantur
1785 4019 1882 4072 ad-

308 4114 524 4157 versum
571 4109 641 4167 te,
680 4104 813 4158 sicut
864 4102 1114 4161 ΡΜτίεωί
1168 4116 1353 4162 contra
1395 4106 1678 4163 Dominum
1703 4110 1882 4179 lingua

306 4192 513 4257 dolosa,
556 4198 611 4245 et
656 4193 987 4249 sermonibus
1030 4194 1137 4250 odii
1163 4197 1492 4252 circumeant
1519 4205 1589 4264 te,
1636 4208 1882 4269 etexpu-

305 4284 472 4353 gnent
501 4290 552 4338 te
578 4285 760 4354 gratis.
792 4282 925 4342 Nd’ta
954 4286 1044 4341 tibi
1066 4288 1232 4356 gratis
1254 4304 1359 4343 non
1384 4290 1513 4344 vitio
1534 4298 1627 4345 tuo
1647 4291 1735 4357 sit,
1767 4306 1881 4345 non

305 4375 460 4446 culpa
490 4382 578 4430 tua
607 4375 694 4443 sit,
741 4376 833 4432 sed
880 4392 1067 4433 eorum
1122 4364 1458 4434 mendacium
1509 4381 1720 4435 veritati
1776 4388 1880 4435 tua:

303 4465 517 4519 serviat.
570 4464 749 4521 Scrvlt
791 4467 934 4521 enim
965 4467 1296 4523 mendacium
1348 4470 1581 4535 veritati,
1615 4471 1659 4525 si
1683 4470 1879 4525 famam

305 4568 419 4611 non
443 4556 633 4611 timeas
658 4557 955 4612 hominum.
989 4558 1128 4613 Nihil
1169 4561 1312 4615 enim
1358 4561 1468 4631 agit
1512 4561 1675 4617 falsus
1705 4562 1873 4629 testis,

1983 3377 2165 3455 clesia’
2198 3393 2297 3448 per
2341 3375 2529 3445 fidem,
2559 3378 2636 3434 sic
2659 3395 2759 3450 per
2787 3378 3175 3449 inﬁdelitatem,
3210 3400 3315 3439 non
3344 3401 3560 3456 sponsa,

1983 3467 2079 3522 sed
2103 3451 2242 3523 uxor
2270 3474 2353 3521 est
2371 3474 2617 3549 potestas
2646 3467 3057 3557 incredulitatis,
3090 3486 3208 3541 quae
3235 3451 3396 3526 dabat
3424 3451 3564 3542 pen?

1986 3554 2206 3613 tiﬁcium
2233 3554 2543 3611 dominandi
2572 3554 2941 3615 sacerdotibus
2969 3559 3309 3628 templorum,
3334 3561 3445 3614 sive
3464 3560 3562 3632 Sy-

1984 3659 2232 3716 nagogas,
2275 3660 2372 3701 seu
2415 3646 2789 3700 hazreticorum
2838 3647 3099 3701 ecclesiis.
3146 3646 3269 3701 Haec
3323 3657 3563 3716 potestas

1984 3731 2196 3805 dejecto
2220 3735 2435 3791 diabolo
2465 3732 2694 3790 efficitur
2722 3734 2899 3798 vidua,
2932 3736 3007 3790 ita
3049 3745 3105 3790 ut
3133 3738 3474 3793 anathemate
3497 3739 3563 3790 li-

1983 3827 2040 3880 lii
2069 3826 2185 3896 ejus
2205 3825 2487 3898 ejiciantur
2512 3832 2571 3879 ut
2598 3824 2922 3880 mendicent.
2948 3824 3317 3881 Perscrutatur
3347 3827 3559 3883 fenera-

1983 3930 2067 3974 tor
2093 3916 2351 3974 Dominus
2378 3925 2562 3972 noster
2589 3931 2802 3972 omnem
2848 3916 3201 3972 substantiam
3230 3918 3365 3988 ejus,
3390 3921 3558 3989 exigit

1984 4010 2051 4067 ab
2087 4027 2173 4077 ea,
2200 4010 2253 4066 id
2278 4017 2378 4078 est,
2409 4008 2477 4065 ab
2504 4009 2619 4081 ipsa
2642 4017 2912 4080 potestate
2940 4023 3129 4064 usuras
3155 4010 3302 4065 verbi
3326 4012 3561 4082 pruden-

1983 4101 2092 4168 tia),
2123 4102 2315 4171 quibus
2342 4100 2431 4155 illa
2459 4101 2599 4157 male
2626 4116 2720 4156 usa
2749 4107 2849 4155 est.
2894 4099 3159 4171 Diripiunt
3187 4101 3563 4160 alieni.omnes

1984 4182 2197 4246 labores
2243 4190 2391 4261 ejus,
2424 4191 2779 4247 ostenduntur
2815 4191 3011 4261 injuste
3038 4190 3284 4248 docuisse
3304 4235 3319 4261 ,
3367 4195 3564 4264 injuste

1984 4281 2292 4351 scripsisse,
2316 4282 2513 4351 injuste
2540 4281 2846 4338 fabricasse.
2878 4281 2945 4337 Et
2972 4283 3073 4337 ista
3100 4286 3280 4340 omnia
3309 4286 3564 4359 diripiunt

1986 4374 2145 4430 alieni
2173 4389 2204 4428 a
2247 4374 2507 4430 societate
2551 4373 2791 4445 ejusdem
2836 4377 3147 4446 potestatis,
3180 4393 3297 4448 qua:
3325 4388 3565 4451 potestas

1984 4464 2238 4525 deﬁciens
2278 4465 2332 4520 in
2380 4466 2496 4539 ipso
2544 4464 2759 4522 diabolo
2780 4506 2795 4531 ,
2827 4465 2995 4523 Deum
3024 4467 3322 4539 adjutorem
3350 4474 3566 4544 penitus

1985 4574 2091 4614 non
2122 4558 2304 4614 habet.
2335 4556 2445 4613 Nec
2473 4565 2556 4614 est
2581 4557 2672 4629 qui
2700 4559 3019 4616 misereatur
3059 4563 3283 4634 orphani
3314 4564 3430 4635 ejus
3464 4586 3475 4619 :
3510 4567 3566 4623 in

304 4649 405 4706 nisi
433 4656 494 4705 ut
520 4650 690 4721 ipsam
717 4652 1091 4707 commaculet.
1115 4651 1172 4708 Si
1202 4654 1357 4709 times
1386 4654 1506 4722 hoc,
1540 4670 1723 4710 servus
1751 4652 1880 4710 effe-
1906 4662 1962 4727 ι)
1983 4650 2329 4723 generatione
2377 4665 2513 4715 una,
2566 4649 2619 4704 id
2669 4657 2777 4717 est,
2805 4650 2857 4705 in
2887 4650 3004 4706 solo
3030 4654 3231 4724 populo
3259 4653 3563 4713 Christiano

303 4747 419 4796 ctus
462 4752 551 4807 es;
593 4741 640 4796 si
686 4757 792 4797 non
824 4743 1012 4807 times,
1057 4744 1193 4799 liber
1236 4759 1311 4800 es.
1362 4744 1512 4799 Time
1539 4758 1669 4813 ergo
1704 4745 1879 4801 solum

303 4832 491 4897 Deum,
520 4839 577 4888 et
604 4833 671 4887 de
692 4833 834 4888 bona
858 4834 1186 4890 conscientia
1204 4850 1548 4905 pnesumens,
1581 4836 1776 4890 sentiat
1820 4850 1880 4892 se

303 4910 561 4994 propositi
611 4923 689 4978 tui
733 4923 874 4979 fama
922 4939 1041 4980 esse
1085 4924 1351 4991 ancillam,
1384 4933 1438 4980 et
1466 4941 1586 4981 eam
1615 4926 1880 4996 compelle

300 5012 501 5067 servire
526 5014 697 5081 magis
720 5002 879 5084 quam
908 5015 1175 5084 imperare
1202 5016 1406 5070 virtuti.
1440 5015 1572 5069 Nam
1594 5016 1635 5069 si
1659 5031 1778 5070 eam
1808 5016 1878 5071 ti-

300 5103 517 5169 mueris,
544 5105 650 5160 eris
676 5106 914 5160 omnium
941 5107 1031 5175 qui
1062 5106 1367 5162 obtrectare
1393 5114 1643 5177 poterunt
1667 5123 1871 5164 servus.

299 5195 367 5250 Et
409 5196 625 5252 timebis
676 5210 862 5252 verum
902 5198 1115 5266 dicere,
1163 5189 1235 5254 ne
1280 5198 1347 5254 de
1404 5208 1455 5273 te
1501 5198 1631 5255 falsa
1660 5202 1875 5256 contin-

299 5294 446 5355 gant.
474 5286 630 5342 Dices
656 5286 878 5343 forsitan
912 5307 924 5342 :
956 5288 1026 5344 Et
1051 5290 1181 5359 quid
1222 5290 1412 5347 faciam
1456 5293 1500 5346 si
1550 5291 1881 5347 vulnerarint

301 5380 610 5449 opinionem
638 5381 847 5435 meam?
866 5379 982 5438 Hoc
1008 5381 1091 5438 fac
1116 5383 1260 5453 quod
1281 5384 1382 5438 iste
1406 5382 1548 5448 fecit,
1580 5384 1730 5455 cujus
1758 5400 1877 5441 car-

302 5482 427 5525 men
454 5471 679 5541 exponis
712 5490 723 5524 :
756 5471 861 5527 Pro
889 5488 987 5538 eo,
1022 5474 1228 5542 inquit,
1262 5481 1320 5529 ut
1362 5490 1448 5529 me
1476 5476 1759 5544 diligerent
1785 5476 1879 5529 de-

302 5564 587 5618 trahebant
638 5565 806 5630 mihi,
838 5579 939 5634 ego
964 5552 1143 5620 autem
1193 5566 1431 5620 orabam.
1489 5566 1731 5622 Ostendit
1781 5567 1875 5620 tibi

303 5652 432 5723 quid
456 5652 641 5706 facias.
670 5653 821 5708 Nunc
876 5654 941 5708 ad
991 5655 1392 5711 maledictiones
1423 5656 1754 5722 accedentes,
1787 5671 1878 5712 ca-

304 5754 525 5797 veamus
553 5744 751 5798 exitum
783 5758 979 5809 rerum,
999 5746 1065 5798 n'c
1095 5745 1158 5798 ad
1181 5745 1422 5799 homines
1447 5747 1541 5800 ista
1570 5746 1876 5814 dirigamus,

307 5842 634 5917 et‘putemus
664 5837 816 5890 nobis
847 5838 982 5892 hanc
1011 5838 1247 5907 regulam
1278 5838 1455 5892 datam
1475 5876 1488 5900 ,
1522 5852 1628 5892 uno
1655 5836 1881 5892 maledid

1078 6093 1178 6107 -..κο
1195 6093 1239 6104 .-ι

1983 4741 2192 4799 deletur
2211 4757 2408 4799 nomen
2438 4742 2570 4812 ejus.
2602 4740 2679 4797 Ibi
2708 4742 2761 4797 in
2790 4744 3104 4799 memoriam
3132 4745 3271 4801 redit
3310 4746 3563 4819 iniquitas

1982 4843 2195 4905 patrum
2224 4834 2355 4904 ejus.
2388 4832 2637 4901 Quotidie
2657 4833 2853 4904 legitur
2894 4834 2948 4888 in
2983 4831 3222 4892 Ecclesia
3250 4836 3303 4891 in
3331 4853 3557 4909 conspe-

1982 4935 2074 4984 ctu
2092 4928 2225 4983 Dei:
2258 4935 2458 4998 quanta
2486 4925 2627 4981 mala
2662 4925 2907 4984 fecerunt
2946 4926 3189 4994 Christo,
3221 4930 3477 4999 apostolis
3504 4941 3559 4984 et

1982 5017 2324 5089 martyribus,
2356 5024 2412 5072 et
2438 5024 2717 5088 peccatum
2744 5019 2931 5074 matris
2967 5019 3082 5089 ejus
3109 5018 3316 5089 populi,
3348 5020 3453 5072 hoc
3480 5027 3563 5073 est

1981 5117 2263 5178 peccatum
2287 5108 2573 5178 potestatis
2600 5107 2716 5178 ejus
2742 5124 2848 5163 non
2892 5108 3131 5171 deletur,
3162 5105 3256 5160 sed
3286 5104 3342 5157 fit
3370 5113 3557 5160 contra

1983 5200 2266 5256 Dominum
2321 5214 2553 5271 semper,
2598 5208 2654 5255 et
2695 5198 2883 5268 perdet
2922 5198 2988 5252 de
3035 5205 3175 5250 terra
3221 5196 3557 5252 memoriam.

1984 5290 2123 5345 Ecce
2167 5291 2327 5361 periit
2370 5298 2610 5362 potestas
2649 5294 3071 5361 persecutorum,
3101 5285 3226 5355 quia
3257 5285 3356 5356 ipsi
3378 5301 3567 5351 rerum

1984 5380 2191 5436 Domini
2219 5382 2359 5436 servi
2387 5389 2507 5437 sunt
2532 5378 2749 5434 Christi.
2775 5375 2938 5431 Periit
2983 5387 3112 5443 ergo
3144 5374 3211 5430 de
3240 5383 3381 5431 terra
3402 5387 3560 5449 pote-

1984 5478 2112 5525 stas.
2144 5469 2256 5537 Illa,
2280 5486 2399 5542 qua:
2429 5477 2535 5526 non
2566 5475 2649 5523 est
2676 5464 2987 5532 recordata,
3032 5472 3091 5518 ut
3118 5464 3320 5521 faceret
3347 5468 3559 5523 miseri-

1983 5562 2237 5626 cordiam,
2288 5562 2383 5616 sed
2433 5563 2713 5630 persecuta
2743 5563 2825 5611 est
2864 5555 3155 5618 hominem.
3189 5556 3358 5625 Quem
3383 5559 3559 5614 homi-

1984 5655 2138 5707 nem?
2191 5652 2521 5722 Pauperem,
2557 5648 2754 5718 inquit,
2809 5656 2863 5704 et
2912 5650 3235 5706 mendicum.
3290 5648 3559 5705 Christum

1984 5744 2183 5812 utique,
2216 5751 2270 5795 et
2299 5744 2349 5796 in
2379 5741 2630 5810 passione
2660 5747 2713 5795 et
2736 5742 2786 5795 in
2811 5758 3027 5798 suorum
3056 5742 3331 5813 martyrio.
3360 5736 3560 5792 Dilexit

1983 5833 2406 5889 melcdictiotiem
2448 5831 2574 5912 Apte
2622 5846 2739 5904 qua:
2785 5849 2883 5906 per
2925 5835 3194 5890 Christum
3222 5830 3477 5897 aufertur,
3504 5836 3561 5885 et
