  <div class='ocr_page' id='page_1' title='image "/cluster/home/n/w/nwhite01/storage/ocr_20150623/53/hvd.32044073505232/253.png"; bbox 0 0 4244 6258; ppageno 0'>
   <div class='ocr_carea' id='block_1_1' title="bbox 633 367 3897 449">
    <p class='ocr_par' dir='ltr' id='par_1_1' title="bbox 633 367 3897 449">
     <span class='ocr_line' id='line_1_1' title="bbox 633 367 3897 449; baseline -0.008 0"><span class='ocrx_word' id='word_1_1' title='bbox 633 395 739 449; x_wconf 71' lang='grc' dir='ltr'><strong>ιπ</strong></span> <span class='ocrx_word' id='word_1_2' title='bbox 1961 379 2229 449; x_wconf 58' lang='lat' dir='ltr'><strong>ARWBH</strong></span> <span class='ocrx_word' id='word_1_3' title='bbox 2265 377 2569 436; x_wconf 77' lang='lat' dir='ltr'><strong>JUNIORIS</strong></span> <span class='ocrx_word' id='word_1_4' title='bbox 2695 411 2707 417; x_wconf 60' lang='grc' dir='ltr'><em>η</em></span> <span class='ocrx_word' id='word_1_5' title='bbox 3788 367 3897 423; x_wconf 75' lang='grc'><strong>496</strong></span> 
     </span>
    </p>
   </div>
   <div class='ocr_carea' id='block_1_2' title="bbox 632 468 3901 568">
    <p class='ocr_par' dir='ltr' id='par_1_2' title="bbox 632 468 3901 568">
     <span class='ocr_line' id='line_1_2' title="bbox 632 468 3901 568; baseline -0.008 -5"><span class='ocrx_word' id='word_1_6' title='bbox 632 506 816 563; x_wconf 77' lang='lat' dir='ltr'><strong>veniet</strong></span> <span class='ocrx_word' id='word_1_7' title='bbox 839 504 891 561; x_wconf 90' lang='lat' dir='ltr'><strong>ei</strong></span> <span class='ocrx_word' id='word_1_8' title='bbox 923 521 938 558; x_wconf 92' lang='lat'><strong>:</strong></span> <span class='ocrx_word' id='word_1_9' title='bbox 966 503 1137 561; x_wconf 89' lang='lat' dir='ltr'><strong>noluit</strong></span> <span class='ocrx_word' id='word_1_10' title='bbox 1157 500 1590 560; x_wconf 75' lang='lat' dir='ltr'><strong>benedictionem</strong></span> <span class='ocrx_word' id='word_1_11' title='bbox 1635 511 1758 568; x_wconf 64' lang='lat' dir='ltr'><strong>quae</strong></span> <span class='ocrx_word' id='word_1_12' title='bbox 1790 509 1899 567; x_wconf 81' lang='lat' dir='ltr'><strong>per</strong></span> <span class='ocrx_word' id='word_1_13' title='bbox 1945 468 2214 549; x_wconf 88' lang='lat' dir='ltr'><strong>Christum</strong></span> <span class='ocrx_word' id='word_1_14' title='bbox 2245 504 2288 558; x_wconf 67' lang='grc' dir='ltr'><strong>Α</strong></span> <span class='ocrx_word' id='word_1_15' title='bbox 2317 495 2373 549; x_wconf 88' lang='lat' dir='ltr'><strong>in</strong></span> <span class='ocrx_word' id='word_1_16' title='bbox 2399 495 2482 550; x_wconf 84' lang='lat' dir='ltr'><strong>die</strong></span> <span class='ocrx_word' id='word_1_17' title='bbox 2502 496 2597 549; x_wconf 76' lang='lat' dir='ltr'><strong>ira:</strong></span> <span class='ocrx_word' id='word_1_18' title='bbox 2625 509 2730 549; x_wconf 73' lang='lat' dir='ltr'><strong>sua:</strong></span> <span class='ocrx_word' id='word_1_19' title='bbox 2749 508 2911 565; x_wconf 85' lang='lat' dir='ltr'><strong>reges.</strong></span> <span class='ocrx_word' id='word_1_20' title='bbox 2938 489 3202 545; x_wconf 83' lang='lat' dir='ltr'><strong>ludicabit</strong></span> <span class='ocrx_word' id='word_1_21' title='bbox 3236 490 3292 543; x_wconf 88' lang='lat' dir='ltr'><strong>in</strong></span> <span class='ocrx_word' id='word_1_22' title='bbox 3339 485 3635 542; x_wconf 72' lang='lat' dir='ltr'><strong>nationibus</strong></span> <span class='ocrx_word' id='word_1_23' title='bbox 3669 484 3901 556; x_wconf 89' lang='lat' dir='ltr'><strong>implebit</strong></span> 
     </span>
    </p>
   </div>
   <div class='ocr_carea' id='block_1_3' title="bbox 637 577 3901 663">
    <p class='ocr_par' dir='ltr' id='par_1_3' title="bbox 637 577 3901 663">
     <span class='ocr_line' id='line_1_3' title="bbox 637 577 3901 663; baseline -0.007 -11"><span class='ocrx_word' id='word_1_24' title='bbox 637 596 877 662; x_wconf 84' lang='lat' dir='ltr'><strong>aﬁ&#39;ertur,</strong></span> <span class='ocrx_word' id='word_1_25' title='bbox 892 602 949 651; x_wconf 90' lang='lat' dir='ltr'><strong>et</strong></span> <span class='ocrx_word' id='word_1_26' title='bbox 967 594 1153 663; x_wconf 92' lang='lat' dir='ltr'><strong>utique</strong></span> <span class='ocrx_word' id='word_1_27' title='bbox 1171 591 1510 661; x_wconf 87' lang='lat' dir='ltr'><strong>elongabitur</strong></span> <span class='ocrx_word' id='word_1_28' title='bbox 1535 589 1602 644; x_wconf 90' lang='lat' dir='ltr'><strong>ab</strong></span> <span class='ocrx_word' id='word_1_29' title='bbox 1628 603 1714 643; x_wconf 92' lang='lat' dir='ltr'><strong>eo.</strong></span> <span class='ocrx_word' id='word_1_30' title='bbox 1739 586 1877 642; x_wconf 82' lang='lat' dir='ltr'><strong>Nota</strong></span> <span class='ocrx_word' id='word_1_31' title='bbox 1902 600 1968 640; x_wconf 90' lang='lat' dir='ltr'><strong>ex</strong></span> <span class='ocrx_word' id='word_1_32' title='bbox 1998 583 2219 639; x_wconf 85' lang='lat' dir='ltr'><strong>arbitrio</strong></span> <span class='ocrx_word' id='word_1_33' title='bbox 2321 589 2520 653; x_wconf 84' lang='lat' dir='ltr'><strong>ruinas,</strong></span> <span class='ocrx_word' id='word_1_34' title='bbox 2550 582 2909 657; x_wconf 82' lang='lat' dir='ltr'><strong>conquassabit</strong></span> <span class='ocrx_word' id='word_1_35' title='bbox 2935 584 3108 661; x_wconf 85' lang='lat' dir='ltr'><strong>capita</strong></span> <span class='ocrx_word' id='word_1_36' title='bbox 3126 585 3182 636; x_wconf 91' lang='lat' dir='ltr'><strong>in</strong></span> <span class='ocrx_word' id='word_1_37' title='bbox 3206 589 3345 636; x_wconf 87' lang='lat' dir='ltr'><strong>terra</strong></span> <span class='ocrx_word' id='word_1_38' title='bbox 3370 579 3665 633; x_wconf 89' lang='lat' dir='ltr'><strong>multorum.</strong></span> <span class='ocrx_word' id='word_1_39' title='bbox 3700 577 3776 632; x_wconf 80' lang='lat' dir='ltr'><strong>De</strong></span> <span class='ocrx_word' id='word_1_40' title='bbox 3804 585 3901 632; x_wconf 87' lang='lat' dir='ltr'><strong>tor-</strong></span> 
     </span>
    </p>
   </div>
   <div class='ocr_carea' id='block_1_4' title="bbox 633 671 2221 752">
    <p class='ocr_par' dir='ltr' id='par_1_4' title="bbox 633 671 2221 752">
     <span class='ocr_line' id='line_1_4' title="bbox 633 671 2221 752; baseline -0.01 -12"><span class='ocrx_word' id='word_1_41' title='bbox 633 685 883 741; x_wconf 84' lang='lat' dir='ltr'><strong>evenisse</strong></span> <span class='ocrx_word' id='word_1_42' title='bbox 908 690 968 738; x_wconf 91' lang='lat' dir='ltr'><strong>ut</strong></span> <span class='ocrx_word' id='word_1_43' title='bbox 995 682 1181 745; x_wconf 90' lang='lat' dir='ltr'><strong>nollet,</strong></span> <span class='ocrx_word' id='word_1_44' title='bbox 1203 687 1425 752; x_wconf 81' lang='lat' dir='ltr'><strong>propter</strong></span> <span class='ocrx_word' id='word_1_45' title='bbox 1442 677 1708 740; x_wconf 67' lang='lat' dir='ltr'><strong>haeresim,</strong></span> <span class='ocrx_word' id='word_1_46' title='bbox 1735 689 1856 745; x_wconf 60' lang='lat' dir='ltr'><strong>quae</strong></span> <span class='ocrx_word' id='word_1_47' title='bbox 1878 672 2008 728; x_wconf 85' lang='lat' dir='ltr'><strong>dicit</strong></span> <span class='ocrx_word' id='word_1_48' title='bbox 2052 671 2221 726; x_wconf 90' lang='lat' dir='ltr'><strong>Deum</strong></span> 
     </span>
    </p>
   </div>
   <div class='ocr_carea' id='block_1_5' title="bbox 639 759 2226 845">
    <p class='ocr_par' dir='ltr' id='par_1_5' title="bbox 639 759 2226 845">
     <span class='ocr_line' id='line_1_5' title="bbox 639 759 2226 845; baseline -0.01 -15"><span class='ocrx_word' id='word_1_49' title='bbox 639 776 777 839; x_wconf 87' lang='lat' dir='ltr'><strong>alios</strong></span> <span class='ocrx_word' id='word_1_50' title='bbox 802 772 1210 845; x_wconf 73' lang='lat' dir='ltr'><strong>pmdestinasse</strong></span> <span class='ocrx_word' id='word_1_51' title='bbox 1236 771 1304 825; x_wconf 83' lang='lat' dir='ltr'><strong>ad</strong></span> <span class='ocrx_word' id='word_1_52' title='bbox 1330 767 1779 831; x_wconf 75' lang='lat' dir='ltr'><strong>benedictionem,</strong></span> <span class='ocrx_word' id='word_1_53' title='bbox 1804 764 1941 819; x_wconf 89' lang='lat' dir='ltr'><strong>alios</strong></span> <span class='ocrx_word' id='word_1_54' title='bbox 1968 761 2037 817; x_wconf 91' lang='lat' dir='ltr'><strong>ad</strong></span> <span class='ocrx_word' id='word_1_55' title='bbox 2063 759 2226 815; x_wconf 84' lang='lat' dir='ltr'><strong>male-</strong></span> 
     </span>
    </p>
   </div>
   <div class='ocr_carea' id='block_1_6' title="bbox 639 852 2223 924">
    <p class='ocr_par' dir='ltr' id='par_1_6' title="bbox 639 852 2223 924">
     <span class='ocr_line' id='line_1_6' title="bbox 639 852 2223 924; baseline -0.012 0"><span class='ocrx_word' id='word_1_56' title='bbox 639 868 950 924; x_wconf 89' lang='lat' dir='ltr'><strong>dictionem.</strong></span> <span class='ocrx_word' id='word_1_57' title='bbox 974 865 1075 922; x_wconf 82' lang='lat' dir='ltr'><strong>Hic</strong></span> <span class='ocrx_word' id='word_1_58' title='bbox 1093 864 1237 920; x_wconf 89' lang='lat' dir='ltr'><strong>enim</strong></span> <span class='ocrx_word' id='word_1_59' title='bbox 1260 877 1330 919; x_wconf 86' lang='lat' dir='ltr'><strong>ex</strong></span> <span class='ocrx_word' id='word_1_60' title='bbox 1355 860 1644 917; x_wconf 85' lang='lat' dir='ltr'><strong>dilectione</strong></span> <span class='ocrx_word' id='word_1_61' title='bbox 1670 873 1768 913; x_wconf 89' lang='lat' dir='ltr'><strong>sua</strong></span> <span class='ocrx_word' id='word_1_62' title='bbox 1795 852 2223 910; x_wconf 90' lang='lat' dir='ltr'><strong>maledictionem</strong></span> 
     </span>
    </p>
   </div>
   <div class='ocr_carea' id='block_1_7' title="bbox 643 945 2216 1028">
    <p class='ocr_par' dir='ltr' id='par_1_7' title="bbox 643 945 2216 1028">
     <span class='ocr_line' id='line_1_7' title="bbox 643 945 2216 1028; baseline -0.01 -15"><span class='ocrx_word' id='word_1_63' title='bbox 643 959 847 1014; x_wconf 89' lang='lat' dir='ltr'><strong>habere</strong></span> <span class='ocrx_word' id='word_1_64' title='bbox 870 957 1147 1028; x_wconf 83' lang='lat' dir='ltr'><strong>probatur,</strong></span> <span class='ocrx_word' id='word_1_65' title='bbox 1175 961 1233 1009; x_wconf 90' lang='lat' dir='ltr'><strong>et</strong></span> <span class='ocrx_word' id='word_1_66' title='bbox 1277 953 1420 1008; x_wconf 89' lang='lat' dir='ltr'><strong>nolle</strong></span> <span class='ocrx_word' id='word_1_67' title='bbox 1464 964 1622 1006; x_wconf 88' lang='lat' dir='ltr'><strong>suum</strong></span> <span class='ocrx_word' id='word_1_68' title='bbox 1669 945 2060 1004; x_wconf 85' lang='lat' dir='ltr'><strong>benedictionis</strong></span> <span class='ocrx_word' id='word_1_69' title='bbox 2084 957 2216 1014; x_wconf 73' lang='lat' dir='ltr'><strong>pra:-</strong></span> 
     </span>
    </p>
   </div>
   <div class='ocr_carea' id='block_1_8' title="bbox 642 1032 2228 1111">
    <p class='ocr_par' dir='ltr' id='par_1_8' title="bbox 642 1032 2228 1111">
     <span class='ocr_line' id='line_1_8' title="bbox 642 1032 2228 1111; baseline -0.011 -8"><span class='ocrx_word' id='word_1_70' title='bbox 642 1048 809 1103; x_wconf 88' lang='lat' dir='ltr'><strong>mium</strong></span> <span class='ocrx_word' id='word_1_71' title='bbox 834 1064 940 1102; x_wconf 90' lang='lat' dir='ltr'><strong>non</strong></span> <span class='ocrx_word' id='word_1_72' title='bbox 958 1046 1178 1101; x_wconf 82' lang='lat' dir='ltr'><strong>habere.</strong></span> <span class='ocrx_word' id='word_1_73' title='bbox 1202 1042 1354 1098; x_wconf 84' lang='lat' dir='ltr'><strong>Unde</strong></span> <span class='ocrx_word' id='word_1_74' title='bbox 1374 1049 1430 1098; x_wconf 91' lang='lat' dir='ltr'><strong>et</strong></span> <span class='ocrx_word' id='word_1_75' title='bbox 1448 1039 1646 1111; x_wconf 82' lang='lat' dir='ltr'><strong>adjecit</strong></span> <span class='ocrx_word' id='word_1_76' title='bbox 1663 1036 1807 1107; x_wconf 90' lang='lat' dir='ltr'><strong>quod</strong></span> <span class='ocrx_word' id='word_1_77' title='bbox 1828 1036 1943 1107; x_wconf 90' lang='lat' dir='ltr'><strong>ipse</strong></span> <span class='ocrx_word' id='word_1_78' title='bbox 1960 1049 2020 1091; x_wconf 90' lang='lat' dir='ltr'><strong>se</strong></span> <span class='ocrx_word' id='word_1_79' title='bbox 2041 1032 2228 1088; x_wconf 86' lang='lat' dir='ltr'><strong>indue-</strong></span> 
     </span>
    </p>
   </div>
   <div class='ocr_carea' id='block_1_9' title="bbox 625 1125 2229 1197">
    <p class='ocr_par' dir='ltr' id='par_1_9' title="bbox 625 1125 2229 1197">
     <span class='ocr_line' id='line_1_9' title="bbox 625 1125 2229 1197; baseline -0.011 -2"><span class='ocrx_word' id='word_1_80' title='bbox 625 1137 717 1195; x_wconf 72' lang='grc' dir='ltr'><strong>’ῆι</strong></span> <span class='ocrx_word' id='word_1_81' title='bbox 742 1136 1195 1197; x_wconf 88' lang='lat' dir='ltr'><strong>maledictionem,</strong></span> <span class='ocrx_word' id='word_1_82' title='bbox 1218 1133 1359 1189; x_wconf 88' lang='lat' dir='ltr'><strong>sicut</strong></span> <span class='ocrx_word' id='word_1_83' title='bbox 1382 1131 1783 1187; x_wconf 82' lang='lat' dir='ltr'><strong>vestimentum.</strong></span> <span class='ocrx_word' id='word_1_84' title='bbox 1806 1126 1957 1182; x_wconf 87' lang='lat' dir='ltr'><strong>Sicut</strong></span> <span class='ocrx_word' id='word_1_85' title='bbox 1974 1125 2117 1180; x_wconf 90' lang='lat' dir='ltr'><strong>enim</strong></span> <span class='ocrx_word' id='word_1_86' title='bbox 2137 1140 2229 1194; x_wconf 84' lang='lat' dir='ltr'><strong>per</strong></span> 
     </span>
    </p>
   </div>
   <div class='ocr_carea' id='block_1_10' title="bbox 644 1214 2228 1302">
    <p class='ocr_par' dir='ltr' id='par_1_10' title="bbox 644 1214 2228 1302">
     <span class='ocr_line' id='line_1_10' title="bbox 644 1214 2228 1302; baseline -0.011 -17"><span class='ocrx_word' id='word_1_87' title='bbox 644 1230 822 1302; x_wconf 77' lang='lat' dir='ltr'><strong>ﬁdem,</strong></span> <span class='ocrx_word' id='word_1_88' title='bbox 852 1228 1047 1283; x_wconf 90' lang='lat' dir='ltr'><strong>dicitur</strong></span> <span class='ocrx_word' id='word_1_89' title='bbox 1073 1225 1257 1290; x_wconf 90' lang='lat' dir='ltr'><strong>nobis,</strong></span> <span class='ocrx_word' id='word_1_90' title='bbox 1289 1221 1550 1277; x_wconf 72' lang='lat' dir='ltr'><strong>Christum</strong></span> <span class='ocrx_word' id='word_1_91' title='bbox 1568 1220 1812 1275; x_wconf 81' lang='lat' dir='ltr'><strong>induistis</strong></span> <span class='ocrx_word' id='word_1_92' title='bbox 1842 1215 1986 1289; x_wconf 88' lang='lat' dir='ltr'><strong>(Gal.</strong></span> <span class='ocrx_word' id='word_1_93' title='bbox 2011 1215 2123 1285; x_wconf 87' lang='grc' dir='ltr'><strong>ιιι);</strong></span> <span class='ocrx_word' id='word_1_94' title='bbox 2154 1214 2228 1268; x_wconf 87' lang='lat' dir='ltr'><strong>ita</strong></span> 
     </span>
    </p>
   </div>
   <div class='ocr_carea' id='block_1_11' title="bbox 645 1306 2226 1391">
    <p class='ocr_par' dir='ltr' id='par_1_11' title="bbox 645 1306 2226 1391">
     <span class='ocr_line' id='line_1_11' title="bbox 645 1306 2226 1391; baseline -0.01 -16"><span class='ocrx_word' id='word_1_95' title='bbox 645 1337 745 1391; x_wconf 87' lang='lat' dir='ltr'><strong>per</strong></span> <span class='ocrx_word' id='word_1_96' title='bbox 770 1318 1138 1375; x_wconf 88' lang='lat' dir='ltr'><strong>inﬁdelitatem</strong></span> <span class='ocrx_word' id='word_1_97' title='bbox 1160 1314 1331 1370; x_wconf 90' lang='lat' dir='ltr'><strong>induit</strong></span> <span class='ocrx_word' id='word_1_98' title='bbox 1357 1329 1417 1369; x_wconf 88' lang='lat' dir='ltr'><strong>se</strong></span> <span class='ocrx_word' id='word_1_99' title='bbox 1453 1313 1615 1368; x_wconf 91' lang='lat' dir='ltr'><strong>homo</strong></span> <span class='ocrx_word' id='word_1_100' title='bbox 1637 1308 2004 1373; x_wconf 85' lang='lat' dir='ltr'><strong>maledictum,</strong></span> <span class='ocrx_word' id='word_1_101' title='bbox 2036 1306 2092 1361; x_wconf 91' lang='lat' dir='ltr'><strong>id</strong></span> <span class='ocrx_word' id='word_1_102' title='bbox 2120 1313 2226 1371; x_wconf 88' lang='lat' dir='ltr'><strong>est,</strong></span> 
     </span>
    </p>
   </div>
   <div class='ocr_carea' id='block_1_12' title="bbox 645 1394 2227 1476">
    <p class='ocr_par' dir='ltr' id='par_1_12' title="bbox 645 1394 2227 1476">
     <span class='ocr_line' id='line_1_12' title="bbox 645 1394 2227 1476; baseline -0.01 -13"><span class='ocrx_word' id='word_1_103' title='bbox 645 1409 938 1472; x_wconf 87' lang='lat' dir='ltr'><strong>diabolum,</strong></span> <span class='ocrx_word' id='word_1_104' title='bbox 960 1407 1052 1476; x_wconf 87' lang='lat' dir='ltr'><strong>qui</strong></span> <span class='ocrx_word' id='word_1_105' title='bbox 1072 1406 1237 1459; x_wconf 83' lang='lat' dir='ltr'><strong>intrat</strong></span> <span class='ocrx_word' id='word_1_106' title='bbox 1256 1404 1395 1459; x_wconf 86' lang='lat' dir='ltr'><strong>sicut</strong></span> <span class='ocrx_word' id='word_1_107' title='bbox 1414 1416 1552 1470; x_wconf 89' lang='lat' dir='ltr'><strong>aqua</strong></span> <span class='ocrx_word' id='word_1_108' title='bbox 1573 1399 1774 1455; x_wconf 83' lang='lat' dir='ltr'><strong>sanctis</strong></span> <span class='ocrx_word' id='word_1_109' title='bbox 1788 1398 1855 1451; x_wconf 87' lang='lat' dir='ltr'><strong>ad</strong></span> <span class='ocrx_word' id='word_1_110' title='bbox 1876 1394 2227 1459; x_wconf 88' lang='lat' dir='ltr'><strong>liberandum,</strong></span> 
     </span>
    </p>
   </div>
   <div class='ocr_carea' id='block_1_13' title="bbox 648 1484 2234 1553">
    <p class='ocr_par' dir='ltr' id='par_1_13' title="bbox 648 1484 2234 1553">
     <span class='ocr_line' id='line_1_13' title="bbox 648 1484 2234 1553; baseline -0.009 0"><span class='ocrx_word' id='word_1_111' title='bbox 648 1498 722 1553; x_wconf 89' lang='lat' dir='ltr'><strong>ita</strong></span> <span class='ocrx_word' id='word_1_112' title='bbox 748 1497 867 1553; x_wconf 88' lang='lat' dir='ltr'><strong>istis</strong></span> <span class='ocrx_word' id='word_1_113' title='bbox 892 1497 957 1551; x_wconf 91' lang='lat' dir='ltr'><strong>ad</strong></span> <span class='ocrx_word' id='word_1_114' title='bbox 983 1494 1301 1551; x_wconf 90' lang='lat' dir='ltr'><strong>necandum.</strong></span> <span class='ocrx_word' id='word_1_115' title='bbox 1332 1491 1401 1546; x_wconf 84' lang='lat' dir='ltr'><strong>Et</strong></span> <span class='ocrx_word' id='word_1_116' title='bbox 1437 1492 1577 1547; x_wconf 89' lang='lat' dir='ltr'><strong>sicut</strong></span> <span class='ocrx_word' id='word_1_117' title='bbox 1602 1490 1784 1547; x_wconf 87' lang='lat' dir='ltr'><strong>oleum</strong></span> <span class='ocrx_word' id='word_1_118' title='bbox 1812 1487 2014 1543; x_wconf 83' lang='lat' dir='ltr'><strong>sanctis</strong></span> <span class='ocrx_word' id='word_1_119' title='bbox 2040 1484 2108 1539; x_wconf 89' lang='lat' dir='ltr'><strong>ad</strong></span> <span class='ocrx_word' id='word_1_120' title='bbox 2138 1500 2234 1540; x_wconf 89' lang='lat' dir='ltr'><strong>ex-</strong></span> 
     </span>
    </p>
   </div>
   <div class='ocr_carea' id='block_1_14' title="bbox 648 1575 2232 1655">
    <p class='ocr_par' dir='ltr' id='par_1_14' title="bbox 648 1575 2232 1655">
     <span class='ocr_line' id='line_1_14' title="bbox 648 1575 2232 1655; baseline -0.011 -10"><span class='ocrx_word' id='word_1_121' title='bbox 648 1588 1004 1653; x_wconf 89' lang='lat' dir='ltr'><strong>hilarandum,</strong></span> <span class='ocrx_word' id='word_1_122' title='bbox 1028 1587 1100 1641; x_wconf 87' lang='lat' dir='ltr'><strong>ita</strong></span> <span class='ocrx_word' id='word_1_123' title='bbox 1122 1584 1300 1655; x_wconf 84' lang='lat' dir='ltr'><strong>impiis</strong></span> <span class='ocrx_word' id='word_1_124' title='bbox 1323 1583 1391 1639; x_wconf 91' lang='lat' dir='ltr'><strong>ad</strong></span> <span class='ocrx_word' id='word_1_125' title='bbox 1421 1579 1799 1645; x_wconf 86' lang='lat' dir='ltr'><strong>tribulandum,</strong></span> <span class='ocrx_word' id='word_1_126' title='bbox 1824 1576 1990 1649; x_wconf 86' lang='lat' dir='ltr'><strong>ﬁtque</strong></span> <span class='ocrx_word' id='word_1_127' title='bbox 2016 1576 2096 1633; x_wconf 89' lang='lat' dir='ltr'><strong>eis</strong></span> <span class='ocrx_word' id='word_1_128' title='bbox 2118 1575 2232 1645; x_wconf 88' lang='lat' dir='ltr'><strong>ipsa</strong></span> 
     </span>
    </p>
   </div>
   <div class='ocr_carea' id='block_1_15' title="bbox 648 1664 2232 1741">
    <p class='ocr_par' dir='ltr' id='par_1_15' title="bbox 648 1664 2232 1741">
     <span class='ocr_line' id='line_1_15' title="bbox 648 1664 2232 1741; baseline -0.012 -5"><span class='ocrx_word' id='word_1_129' title='bbox 648 1678 956 1736; x_wconf 87' lang='lat' dir='ltr'><strong>maledictio</strong></span> <span class='ocrx_word' id='word_1_130' title='bbox 977 1677 1115 1731; x_wconf 91' lang='lat' dir='ltr'><strong>sicut</strong></span> <span class='ocrx_word' id='word_1_131' title='bbox 1140 1674 1518 1730; x_wconf 80' lang='lat' dir='ltr'><strong>vestimentum</strong></span> <span class='ocrx_word' id='word_1_132' title='bbox 1542 1685 1652 1741; x_wconf 92' lang='lat' dir='ltr'><strong>quo</strong></span> <span class='ocrx_word' id='word_1_133' title='bbox 1679 1667 1851 1724; x_wconf 90' lang='lat' dir='ltr'><strong>induti</strong></span> <span class='ocrx_word' id='word_1_134' title='bbox 1872 1674 2016 1731; x_wconf 89' lang='lat' dir='ltr'><strong>sunt,</strong></span> <span class='ocrx_word' id='word_1_135' title='bbox 2046 1673 2103 1720; x_wconf 91' lang='lat' dir='ltr'><strong>et</strong></span> <span class='ocrx_word' id='word_1_136' title='bbox 2127 1664 2232 1719; x_wconf 90' lang='lat' dir='ltr'><strong>sic-</strong></span> 
     </span>
    </p>
   </div>
   <div class='ocr_carea' id='block_1_16' title="bbox 649 1753 2235 1837">
    <p class='ocr_par' dir='ltr' id='par_1_16' title="bbox 649 1753 2235 1837">
     <span class='ocr_line' id='line_1_16' title="bbox 649 1753 2235 1837; baseline -0.011 -11"><span class='ocrx_word' id='word_1_137' title='bbox 649 1779 711 1826; x_wconf 88' lang='lat' dir='ltr'><strong>ut</strong></span> <span class='ocrx_word' id='word_1_138' title='bbox 743 1783 878 1825; x_wconf 81' lang='lat' dir='ltr'><strong>zona</strong></span> <span class='ocrx_word' id='word_1_139' title='bbox 906 1783 1011 1837; x_wconf 88' lang='lat' dir='ltr'><strong>qua</strong></span> <span class='ocrx_word' id='word_1_140' title='bbox 1032 1765 1456 1837; x_wconf 66' lang='lat' dir='ltr'><strong>praecinguntur.</strong></span> <span class='ocrx_word' id='word_1_141' title='bbox 1499 1760 1615 1817; x_wconf 82' lang='lat' dir='ltr'><strong>Hoc</strong></span> <span class='ocrx_word' id='word_1_142' title='bbox 1639 1776 1775 1830; x_wconf 87' lang='lat' dir='ltr'><strong>opus</strong></span> <span class='ocrx_word' id='word_1_143' title='bbox 1799 1773 1986 1814; x_wconf 92' lang='lat' dir='ltr'><strong>eorum</strong></span> <span class='ocrx_word' id='word_1_144' title='bbox 2014 1755 2109 1826; x_wconf 90' lang='lat' dir='ltr'><strong>qui</strong></span> <span class='ocrx_word' id='word_1_145' title='bbox 2136 1753 2235 1810; x_wconf 88' lang='lat' dir='ltr'><strong>de-</strong></span> 
     </span>
    </p>
   </div>
   <div class='ocr_carea' id='block_1_17' title="bbox 2322 668 3589 746">
    <p class='ocr_par' dir='ltr' id='par_1_17' title="bbox 2322 668 3589 746">
     <span class='ocr_line' id='line_1_17' title="bbox 2322 668 3589 746; baseline -0.009 -13"><span class='ocrx_word' id='word_1_146' title='bbox 2322 686 2465 733; x_wconf 86' lang='lat' dir='ltr'><strong>rente</strong></span> <span class='ocrx_word' id='word_1_147' title='bbox 2481 678 2537 731; x_wconf 88' lang='lat' dir='ltr'><strong>in</strong></span> <span class='ocrx_word' id='word_1_148' title='bbox 2564 676 2646 729; x_wconf 82' lang='lat' dir='ltr'><strong>ria</strong></span> <span class='ocrx_word' id='word_1_149' title='bbox 2667 675 2817 739; x_wconf 88' lang='lat' dir='ltr'><strong>bibet,</strong></span> <span class='ocrx_word' id='word_1_150' title='bbox 2847 680 3115 746; x_wconf 83' lang='lat' dir='ltr'><strong>propterea</strong></span> <span class='ocrx_word' id='word_1_151' title='bbox 3143 668 3395 726; x_wconf 74' lang='lat' dir='ltr'><strong>exaltabit</strong></span> <span class='ocrx_word' id='word_1_152' title='bbox 3417 679 3589 739; x_wconf 85' lang='lat' dir='ltr'><strong>caput.</strong></span> 
     </span>
    </p>
   </div>
   <div class='ocr_carea' id='block_1_18' title="bbox 2656 777 3331 826">
    <p class='ocr_par' dir='ltr' id='par_1_18' title="bbox 2656 777 3331 826">
     <span class='ocr_line' id='line_1_18' title="bbox 2656 777 3331 826; baseline -0.016 0"><span class='ocrx_word' id='word_1_153' title='bbox 2656 819 2664 826; x_wconf 93' lang='lat'><strong>.</strong></span> <span class='ocrx_word' id='word_1_154' title='bbox 2892 777 3331 820; x_wconf 73' lang='lat' dir='ltr'><strong>COIIENTARIUI.</strong></span> 
     </span>
    </p>
   </div>
   <div class='ocr_carea' id='block_1_19' title="bbox 2393 846 3901 927">
    <p class='ocr_par' dir='ltr' id='par_1_19' title="bbox 2393 846 3901 927">
     <span class='ocr_line' id='line_1_19' title="bbox 2393 846 3901 927; baseline -0.01 -12"><span class='ocrx_word' id='word_1_155' title='bbox 2393 858 2687 914; x_wconf 86' lang='lat' dir='ltr'><strong>Centesimi</strong></span> <span class='ocrx_word' id='word_1_156' title='bbox 2718 856 2843 913; x_wconf 93' lang='lat' dir='ltr'><strong>noni</strong></span> <span class='ocrx_word' id='word_1_157' title='bbox 2872 854 3062 927; x_wconf 89' lang='lat' dir='ltr'><strong>psalmi</strong></span> <span class='ocrx_word' id='word_1_158' title='bbox 3088 860 3250 924; x_wconf 86' lang='lat' dir='ltr'><strong>caput</strong></span> <span class='ocrx_word' id='word_1_159' title='bbox 3283 860 3340 907; x_wconf 88' lang='lat' dir='ltr'><strong>et</strong></span> <span class='ocrx_word' id='word_1_160' title='bbox 3376 867 3408 906; x_wconf 91' lang='lat' dir='ltr'><strong>a</strong></span> <span class='ocrx_word' id='word_1_161' title='bbox 3437 849 3719 906; x_wconf 68' lang='lat' dir='ltr'><strong>Pharismis</strong></span> <span class='ocrx_word' id='word_1_162' title='bbox 3745 846 3901 904; x_wconf 87' lang='lat' dir='ltr'><strong>Chri-</strong></span> 
     </span>
    </p>
   </div>
   <div class='ocr_carea' id='block_1_20' title="bbox 2325 937 3907 1019">
    <p class='ocr_par' dir='ltr' id='par_1_20' title="bbox 2325 937 3907 1019">
     <span class='ocr_line' id='line_1_20' title="bbox 2325 937 3907 1019; baseline -0.01 -12"><span class='ocrx_word' id='word_1_163' title='bbox 2325 957 2442 1007; x_wconf 82' lang='lat' dir='ltr'><strong>stus</strong></span> <span class='ocrx_word' id='word_1_164' title='bbox 2464 949 2704 1019; x_wconf 85' lang='lat' dir='ltr'><strong>inquirit,</strong></span> <span class='ocrx_word' id='word_1_165' title='bbox 2742 947 2927 1003; x_wconf 87' lang='lat' dir='ltr'><strong>dicens</strong></span> <span class='ocrx_word' id='word_1_166' title='bbox 2959 963 2972 998; x_wconf 91' lang='lat'><strong>:</strong></span> <span class='ocrx_word' id='word_1_167' title='bbox 3005 945 3067 1001; x_wconf 87' lang='lat' dir='ltr'><strong>Si</strong></span> <span class='ocrx_word' id='word_1_168' title='bbox 3089 943 3258 998; x_wconf 84' lang='lat' dir='ltr'><strong>David</strong></span> <span class='ocrx_word' id='word_1_169' title='bbox 3289 945 3344 998; x_wconf 88' lang='lat' dir='ltr'><strong>in</strong></span> <span class='ocrx_word' id='word_1_170' title='bbox 3366 943 3553 1013; x_wconf 78' lang='lat' dir='ltr'><strong>spiritu</strong></span> <span class='ocrx_word' id='word_1_171' title='bbox 3580 947 3725 995; x_wconf 85' lang='lat' dir='ltr'><strong>rocat</strong></span> <span class='ocrx_word' id='word_1_172' title='bbox 3753 937 3907 992; x_wconf 85' lang='lat' dir='ltr'><strong>Chri-</strong></span> 
     </span>
    </p>
   </div>
   <div class='ocr_carea' id='block_1_21' title="bbox 2328 1031 3905 1104">
    <p class='ocr_par' dir='ltr' id='par_1_21' title="bbox 2328 1031 3905 1104">
     <span class='ocr_line' id='line_1_21' title="bbox 2328 1031 3905 1104; baseline -0.009 -7"><span class='ocrx_word' id='word_1_173' title='bbox 2328 1051 2464 1098; x_wconf 89' lang='lat' dir='ltr'><strong>stum</strong></span> <span class='ocrx_word' id='word_1_174' title='bbox 2488 1040 2797 1104; x_wconf 85' lang='lat' dir='ltr'><strong>Dominum,</strong></span> <span class='ocrx_word' id='word_1_175' title='bbox 2828 1039 3022 1101; x_wconf 86' lang='lat' dir='ltr'><strong>dicens,</strong></span> <span class='ocrx_word' id='word_1_176' title='bbox 3066 1034 3215 1090; x_wconf 76' lang='lat' dir='ltr'><strong>Dixit</strong></span> <span class='ocrx_word' id='word_1_177' title='bbox 3250 1033 3503 1089; x_wconf 82' lang='lat' dir='ltr'><strong>Dominus</strong></span> <span class='ocrx_word' id='word_1_178' title='bbox 3529 1031 3751 1086; x_wconf 82' lang='lat' dir='ltr'><strong>Domino</strong></span> <span class='ocrx_word' id='word_1_179' title='bbox 3773 1046 3905 1091; x_wconf 85' lang='lat' dir='ltr'><strong>meo,</strong></span> 
     </span>
    </p>
   </div>
   <div class='ocr_carea' id='block_1_22' title="bbox 2330 1119 3910 1198">
    <p class='ocr_par' dir='ltr' id='par_1_22' title="bbox 2330 1119 3910 1198">
     <span class='ocr_line' id='line_1_22' title="bbox 2330 1119 3910 1198; baseline -0.011 -9"><span class='ocrx_word' id='word_1_180' title='bbox 2330 1133 2467 1190; x_wconf 87' lang='lat' dir='ltr'><strong>Sede</strong></span> <span class='ocrx_word' id='word_1_181' title='bbox 2493 1151 2525 1186; x_wconf 88' lang='lat' dir='ltr'><strong>a</strong></span> <span class='ocrx_word' id='word_1_182' title='bbox 2554 1132 2752 1186; x_wconf 69' lang='lat' dir='ltr'><strong>dextris</strong></span> <span class='ocrx_word' id='word_1_183' title='bbox 2769 1130 2915 1184; x_wconf 87' lang='lat' dir='ltr'><strong>meis.</strong></span> <span class='ocrx_word' id='word_1_184' title='bbox 2942 1129 3002 1183; x_wconf 85' lang='lat' dir='ltr'><strong>Si</strong></span> <span class='ocrx_word' id='word_1_185' title='bbox 3026 1144 3170 1198; x_wconf 83' lang='lat' dir='ltr'><strong>ergo,</strong></span> <span class='ocrx_word' id='word_1_186' title='bbox 3195 1124 3386 1194; x_wconf 88' lang='lat' dir='ltr'><strong>inquit,</strong></span> <span class='ocrx_word' id='word_1_187' title='bbox 3408 1130 3555 1179; x_wconf 84' lang='lat' dir='ltr'><strong>vocat</strong></span> <span class='ocrx_word' id='word_1_188' title='bbox 3583 1138 3698 1176; x_wconf 81' lang='lat' dir='ltr'><strong>eum</strong></span> <span class='ocrx_word' id='word_1_189' title='bbox 3726 1119 3910 1176; x_wconf 83' lang='lat' dir='ltr'><strong>Domi-</strong></span> 
     </span>
    </p>
   </div>
   <div class='ocr_carea' id='block_1_23' title="bbox 2330 1210 3910 1295">
    <p class='ocr_par' dir='ltr' id='par_1_23' title="bbox 2330 1210 3910 1295">
     <span class='ocr_line' id='line_1_23' title="bbox 2330 1210 3910 1295; baseline -0.011 -12"><span class='ocrx_word' id='word_1_190' title='bbox 2330 1245 2451 1283; x_wconf 87' lang='lat' dir='ltr'><strong>num</strong></span> <span class='ocrx_word' id='word_1_191' title='bbox 2490 1224 2683 1289; x_wconf 76' lang='lat' dir='ltr'><strong>David,</strong></span> <span class='ocrx_word' id='word_1_192' title='bbox 2724 1221 2976 1295; x_wconf 85' lang='lat' dir='ltr'><strong>quomodo</strong></span> <span class='ocrx_word' id='word_1_193' title='bbox 3003 1222 3115 1293; x_wconf 85' lang='lat' dir='ltr'><strong>ejus</strong></span> <span class='ocrx_word' id='word_1_194' title='bbox 3141 1224 3218 1273; x_wconf 85' lang='lat' dir='ltr'><strong>est</strong></span> <span class='ocrx_word' id='word_1_195' title='bbox 3240 1217 3381 1288; x_wconf 75' lang='lat' dir='ltr'><strong>ﬁlius</strong></span> <span class='ocrx_word' id='word_1_196' title='bbox 3410 1214 3591 1288; x_wconf 71' lang='lat' dir='ltr'><strong>(Matt.</strong></span> <span class='ocrx_word' id='word_1_197' title='bbox 3622 1211 3793 1282; x_wconf 85' lang='lat' dir='ltr'><strong>xxu)?</strong></span> <span class='ocrx_word' id='word_1_198' title='bbox 3823 1210 3910 1266; x_wconf 85' lang='lat' dir='ltr'><strong>ln-</strong></span> 
     </span>
    </p>
   </div>
   <div class='ocr_carea' id='block_1_24' title="bbox 2331 1301 3910 1387">
    <p class='ocr_par' dir='ltr' id='par_1_24' title="bbox 2331 1301 3910 1387">
     <span class='ocr_line' id='line_1_24' title="bbox 2331 1301 3910 1387; baseline -0.013 -13"><span class='ocrx_word' id='word_1_199' title='bbox 2331 1315 2654 1387; x_wconf 84' lang='lat' dir='ltr'><strong>terrogantis</strong></span> <span class='ocrx_word' id='word_1_200' title='bbox 2678 1322 2762 1370; x_wconf 87' lang='lat' dir='ltr'><strong>est</strong></span> <span class='ocrx_word' id='word_1_201' title='bbox 2781 1313 2881 1369; x_wconf 90' lang='lat' dir='ltr'><strong>ista</strong></span> <span class='ocrx_word' id='word_1_202' title='bbox 2911 1309 3199 1381; x_wconf 86' lang='lat' dir='ltr'><strong>oppositio,</strong></span> <span class='ocrx_word' id='word_1_203' title='bbox 3215 1323 3324 1362; x_wconf 89' lang='lat' dir='ltr'><strong>non</strong></span> <span class='ocrx_word' id='word_1_204' title='bbox 3347 1306 3606 1376; x_wconf 89' lang='lat' dir='ltr'><strong>negantis.</strong></span> <span class='ocrx_word' id='word_1_205' title='bbox 3638 1303 3748 1359; x_wconf 81' lang='lat' dir='ltr'><strong>Nos</strong></span> <span class='ocrx_word' id='word_1_206' title='bbox 3767 1301 3910 1358; x_wconf 90' lang='lat' dir='ltr'><strong>enim</strong></span> 
     </span>
    </p>
   </div>
   <div class='ocr_carea' id='block_1_25' title="bbox 2331 1391 3914 1467">
    <p class='ocr_par' dir='ltr' id='par_1_25' title="bbox 2331 1391 3914 1467">
     <span class='ocr_line' id='line_1_25' title="bbox 2331 1391 3914 1467; baseline -0.013 -1"><span class='ocrx_word' id='word_1_207' title='bbox 2331 1427 2454 1467; x_wconf 90' lang='lat' dir='ltr'><strong>eum</strong></span> <span class='ocrx_word' id='word_1_208' title='bbox 2482 1418 2538 1464; x_wconf 90' lang='lat' dir='ltr'><strong>et</strong></span> <span class='ocrx_word' id='word_1_209' title='bbox 2567 1408 2662 1462; x_wconf 90' lang='lat' dir='ltr'><strong>Dei</strong></span> <span class='ocrx_word' id='word_1_210' title='bbox 2682 1406 2874 1460; x_wconf 84' lang='lat' dir='ltr'><strong>Filium</strong></span> <span class='ocrx_word' id='word_1_211' title='bbox 2895 1411 3019 1457; x_wconf 83' lang='lat' dir='ltr'><strong>ante</strong></span> <span class='ocrx_word' id='word_1_212' title='bbox 3049 1399 3328 1456; x_wconf 89' lang='lat' dir='ltr'><strong>luciferum</strong></span> <span class='ocrx_word' id='word_1_213' title='bbox 3346 1412 3417 1453; x_wconf 88' lang='lat' dir='ltr'><strong>ex</strong></span> <span class='ocrx_word' id='word_1_214' title='bbox 3436 1396 3548 1451; x_wconf 91' lang='lat' dir='ltr'><strong>Deo</strong></span> <span class='ocrx_word' id='word_1_215' title='bbox 3564 1394 3733 1449; x_wconf 89' lang='lat' dir='ltr'><strong>Deum</strong></span> <span class='ocrx_word' id='word_1_216' title='bbox 3762 1391 3914 1462; x_wconf 84' lang='lat' dir='ltr'><strong>geni-</strong></span> 
     </span>
    </p>
   </div>
   <div class='ocr_carea' id='block_1_26' title="bbox 2332 1482 3911 1558">
    <p class='ocr_par' dir='ltr' id='par_1_26' title="bbox 2332 1482 3911 1558">
     <span class='ocr_line' id='line_1_26' title="bbox 2332 1482 3911 1558; baseline -0.013 -2"><span class='ocrx_word' id='word_1_217' title='bbox 2332 1510 2447 1556; x_wconf 89' lang='lat' dir='ltr'><strong>tum</strong></span> <span class='ocrx_word' id='word_1_218' title='bbox 2474 1498 2743 1555; x_wconf 87' lang='lat' dir='ltr'><strong>credimus</strong></span> <span class='ocrx_word' id='word_1_219' title='bbox 2768 1514 2781 1548; x_wconf 88' lang='lat'><strong>:</strong></span> <span class='ocrx_word' id='word_1_220' title='bbox 2811 1502 2867 1551; x_wconf 88' lang='lat' dir='ltr'><strong>et</strong></span> <span class='ocrx_word' id='word_1_221' title='bbox 2904 1491 3070 1548; x_wconf 86' lang='lat' dir='ltr'><strong>David</strong></span> <span class='ocrx_word' id='word_1_222' title='bbox 3096 1506 3221 1546; x_wconf 91' lang='lat' dir='ltr'><strong>eum</strong></span> <span class='ocrx_word' id='word_1_223' title='bbox 3251 1487 3414 1543; x_wconf 87' lang='lat' dir='ltr'><strong>ﬁlium</strong></span> <span class='ocrx_word' id='word_1_224' title='bbox 3442 1502 3538 1558; x_wconf 90' lang='lat' dir='ltr'><strong>per</strong></span> <span class='ocrx_word' id='word_1_225' title='bbox 3566 1493 3778 1556; x_wconf 85' lang='lat' dir='ltr'><strong>partum</strong></span> <span class='ocrx_word' id='word_1_226' title='bbox 3800 1482 3911 1537; x_wconf 84' lang='lat' dir='ltr'><strong>vir-</strong></span> 
     </span>
    </p>
   </div>
   <div class='ocr_carea' id='block_1_27' title="bbox 2332 1570 3915 1660">
    <p class='ocr_par' dir='ltr' id='par_1_27' title="bbox 2332 1570 3915 1660">
     <span class='ocr_line' id='line_1_27' title="bbox 2332 1570 3915 1660; baseline -0.012 -15"><span class='ocrx_word' id='word_1_227' title='bbox 2332 1591 2470 1660; x_wconf 89' lang='lat' dir='ltr'><strong>ginis</strong></span> <span class='ocrx_word' id='word_1_228' title='bbox 2498 1588 2678 1643; x_wconf 74' lang='lat' dir='ltr'><strong>Maria:</strong></span> <span class='ocrx_word' id='word_1_229' title='bbox 2696 1586 3029 1658; x_wconf 82' lang='lat' dir='ltr'><strong>proﬁtemur,</strong></span> <span class='ocrx_word' id='word_1_230' title='bbox 3047 1581 3140 1652; x_wconf 90' lang='lat' dir='ltr'><strong>qui</strong></span> <span class='ocrx_word' id='word_1_231' title='bbox 3159 1578 3449 1660; x_wconf 83' lang='lat' dir='ltr'><strong>ascendens</strong></span> <span class='ocrx_word' id='word_1_232' title='bbox 3476 1576 3527 1631; x_wconf 91' lang='lat' dir='ltr'><strong>in</strong></span> <span class='ocrx_word' id='word_1_233' title='bbox 3551 1575 3739 1639; x_wconf 72' lang='lat' dir='ltr'><strong>ctelos,</strong></span> <span class='ocrx_word' id='word_1_234' title='bbox 3759 1570 3915 1627; x_wconf 87' lang='lat' dir='ltr'><strong>sedet</strong></span> 
     </span>
    </p>
   </div>
   <div class='ocr_carea' id='block_1_28' title="bbox 2338 1656 3914 1741">
    <p class='ocr_par' dir='ltr' id='par_1_28' title="bbox 2338 1656 3914 1741">
     <span class='ocr_line' id='line_1_28' title="bbox 2338 1656 3914 1741; baseline -0.015 -3"><span class='ocrx_word' id='word_1_235' title='bbox 2338 1656 2406 1738; x_wconf 69' lang='lat' dir='ltr'><strong>ad</strong></span> <span class='ocrx_word' id='word_1_236' title='bbox 2436 1656 2717 1736; x_wconf 79' lang='lat' dir='ltr'><strong>dexteram</strong></span> <span class='ocrx_word' id='word_1_237' title='bbox 2743 1674 2936 1741; x_wconf 87' lang='lat' dir='ltr'><strong>Patris,</strong></span> <span class='ocrx_word' id='word_1_238' title='bbox 2969 1672 3110 1727; x_wconf 89' lang='lat' dir='ltr'><strong>unde</strong></span> <span class='ocrx_word' id='word_1_239' title='bbox 3136 1656 3393 1726; x_wconf 78' lang='lat' dir='ltr'><strong>venturus</strong></span> <span class='ocrx_word' id='word_1_240' title='bbox 3418 1674 3502 1722; x_wconf 91' lang='lat' dir='ltr'><strong>est</strong></span> <span class='ocrx_word' id='word_1_241' title='bbox 3523 1663 3709 1734; x_wconf 89' lang='lat' dir='ltr'><strong>judex.</strong></span> <span class='ocrx_word' id='word_1_242' title='bbox 3731 1661 3914 1717; x_wconf 76' lang='lat' dir='ltr'><strong>Habe-</strong></span> 
     </span>
    </p>
   </div>
   <div class='ocr_carea' id='block_1_29' title="bbox 2334 1758 3917 1831">
    <p class='ocr_par' dir='ltr' id='par_1_29' title="bbox 2334 1758 3917 1831">
     <span class='ocr_line' id='line_1_29' title="bbox 2334 1758 3917 1831; baseline -0.015 -3"><span class='ocrx_word' id='word_1_243' title='bbox 2334 1772 2415 1828; x_wconf 85' lang='lat' dir='ltr'><strong>bit</strong></span> <span class='ocrx_word' id='word_1_244' title='bbox 2436 1770 2683 1825; x_wconf 88' lang='lat' dir='ltr'><strong>inimicos</strong></span> <span class='ocrx_word' id='word_1_245' title='bbox 2718 1781 2845 1823; x_wconf 92' lang='lat' dir='ltr'><strong>suos</strong></span> <span class='ocrx_word' id='word_1_246' title='bbox 2889 1761 3183 1820; x_wconf 85' lang='lat' dir='ltr'><strong>scabellum</strong></span> <span class='ocrx_word' id='word_1_247' title='bbox 3210 1758 3405 1831; x_wconf 87' lang='lat' dir='ltr'><strong>pedum</strong></span> <span class='ocrx_word' id='word_1_248' title='bbox 3430 1769 3683 1818; x_wconf 88' lang='lat' dir='ltr'><strong>suorum,</strong></span> <span class='ocrx_word' id='word_1_249' title='bbox 3723 1767 3917 1807; x_wconf 88' lang='lat' dir='ltr'><strong>secun-</strong></span> 
     </span>
    </p>
   </div>
   <div class='ocr_carea' id='block_1_30' title="bbox 649 1844 3918 1934">
    <p class='ocr_par' dir='ltr' id='par_1_30' title="bbox 649 1844 3918 1934">
     <span class='ocr_line' id='line_1_30' title="bbox 649 1844 3918 1934; baseline -0.008 -19"><span class='ocrx_word' id='word_1_250' title='bbox 649 1860 873 1915; x_wconf 88' lang='lat' dir='ltr'><strong>trahunt</strong></span> <span class='ocrx_word' id='word_1_251' title='bbox 899 1857 1020 1912; x_wconf 86' lang='lat' dir='ltr'><strong>ﬁdei</strong></span> <span class='ocrx_word' id='word_1_252' title='bbox 1055 1846 1335 1912; x_wconf 70' lang='lat' dir='ltr'><strong>catholica:</strong></span> <span class='ocrx_word' id='word_1_253' title='bbox 1351 1894 1366 1919; x_wconf 93' lang='lat'><strong>,</strong></span> <span class='ocrx_word' id='word_1_254' title='bbox 1397 1860 1454 1909; x_wconf 91' lang='lat' dir='ltr'><strong>et</strong></span> <span class='ocrx_word' id='word_1_255' title='bbox 1478 1851 1571 1922; x_wconf 87' lang='lat' dir='ltr'><strong>qui</strong></span> <span class='ocrx_word' id='word_1_256' title='bbox 1597 1857 1843 1920; x_wconf 62' lang='lat' dir='ltr'><strong>quaerunt</strong></span> <span class='ocrx_word' id='word_1_257' title='bbox 1870 1847 2010 1902; x_wconf 90' lang='lat' dir='ltr'><strong>mala</strong></span> <span class='ocrx_word' id='word_1_258' title='bbox 2037 1845 2237 1902; x_wconf 86' lang='lat' dir='ltr'><strong>sanctis</strong></span> <span class='ocrx_word' id='word_1_259' title='bbox 2267 1872 2313 1934; x_wconf 70' lang='grc' dir='ltr'><em>Β</em></span> <span class='ocrx_word' id='word_1_260' title='bbox 2336 1862 2465 1918; x_wconf 75' lang='lat' dir='ltr'><strong>dum</strong></span> <span class='ocrx_word' id='word_1_261' title='bbox 2492 1858 2637 1931; x_wconf 71' lang='lat' dir='ltr'><strong>quod</strong></span> <span class='ocrx_word' id='word_1_262' title='bbox 2658 1865 2715 1913; x_wconf 68' lang='grc' dir='ltr'><strong>ει</strong></span> <span class='ocrx_word' id='word_1_263' title='bbox 2731 1853 3026 1927; x_wconf 48' lang='lat' dir='ltr'><strong>“manus</strong></span> <span class='ocrx_word' id='word_1_264' title='bbox 3052 1850 3182 1906; x_wconf 56' lang='lat' dir='ltr'><strong>dicit</strong></span> <span class='ocrx_word' id='word_1_265' title='bbox 3207 1866 3219 1901; x_wconf 76' lang='grc' dir='ltr'>ε</span> <span class='ocrx_word' id='word_1_266' title='bbox 3243 1847 3371 1903; x_wconf 68' lang='lat' dir='ltr'><strong>cum</strong></span> <span class='ocrx_word' id='word_1_267' title='bbox 3384 1844 3698 1901; x_wconf 54' lang='lat' dir='ltr'><strong>emanarit</strong></span> <span class='ocrx_word' id='word_1_268' title='bbox 3718 1857 3918 1897; x_wconf 71' lang='lat' dir='ltr'><strong>omnem</strong></span> 
     </span>
    </p>
   </div>
   <div class='ocr_carea' id='block_1_31' title="bbox 651 1936 2239 2014">
    <p class='ocr_par' dir='ltr' id='par_1_31' title="bbox 651 1936 2239 2014">
     <span class='ocr_line' id='line_1_31' title="bbox 651 1936 2239 2014; baseline -0.011 -7"><span class='ocrx_word' id='word_1_269' title='bbox 651 1960 709 2007; x_wconf 91' lang='lat' dir='ltr'><strong>et</strong></span> <span class='ocrx_word' id='word_1_270' title='bbox 757 1945 1538 2014; x_wconf 65' lang='lat' dir='ltr'><strong>orthodoxis,deﬁnitionibus,</strong></span> <span class='ocrx_word' id='word_1_271' title='bbox 1586 1942 1780 2013; x_wconf 84' lang='lat' dir='ltr'><strong>quibus</strong></span> <span class='ocrx_word' id='word_1_272' title='bbox 1829 1938 2086 1995; x_wconf 85' lang='lat' dir='ltr'><strong>Dominus</strong></span> <span class='ocrx_word' id='word_1_273' title='bbox 2113 1936 2239 1991; x_wconf 84' lang='lat' dir='ltr'><strong>facit</strong></span> 
     </span>
    </p>
   </div>
   <div class='ocr_carea' id='block_1_32' title="bbox 652 2030 2237 2111">
    <p class='ocr_par' dir='ltr' id='par_1_32' title="bbox 652 2030 2237 2111">
     <span class='ocr_line' id='line_1_32' title="bbox 652 2030 2237 2111; baseline -0.011 -11"><span class='ocrx_word' id='word_1_274' title='bbox 652 2041 1074 2100; x_wconf 90' lang='lat' dir='ltr'><strong>misericordiam</strong></span> <span class='ocrx_word' id='word_1_275' title='bbox 1092 2047 1314 2111; x_wconf 84' lang='lat' dir='ltr'><strong>propter</strong></span> <span class='ocrx_word' id='word_1_276' title='bbox 1336 2052 1530 2093; x_wconf 90' lang='lat' dir='ltr'><strong>nomen</strong></span> <span class='ocrx_word' id='word_1_277' title='bbox 1558 2049 1732 2090; x_wconf 88' lang='lat' dir='ltr'><strong>suum.</strong></span> <span class='ocrx_word' id='word_1_278' title='bbox 1760 2032 1893 2100; x_wconf 87' lang='lat' dir='ltr'><strong>Quia</strong></span> <span class='ocrx_word' id='word_1_279' title='bbox 1914 2030 2015 2086; x_wconf 89' lang='lat' dir='ltr'><strong>etsi</strong></span> <span class='ocrx_word' id='word_1_280' title='bbox 2043 2043 2237 2100; x_wconf 89' lang='lat' dir='ltr'><strong>pecca-</strong></span> 
     </span>
    </p>
   </div>
   <div class='ocr_carea' id='block_1_33' title="bbox 653 2117 2240 2205">
    <p class='ocr_par' dir='ltr' id='par_1_33' title="bbox 653 2117 2240 2205">
     <span class='ocr_line' id='line_1_33' title="bbox 653 2117 2240 2205; baseline -0.011 -15"><span class='ocrx_word' id='word_1_281' title='bbox 653 2146 743 2192; x_wconf 89' lang='lat' dir='ltr'><strong>tor</strong></span> <span class='ocrx_word' id='word_1_282' title='bbox 761 2136 857 2199; x_wconf 88' lang='lat' dir='ltr'><strong>sit,</strong></span> <span class='ocrx_word' id='word_1_283' title='bbox 889 2134 1193 2205; x_wconf 80' lang='lat' dir='ltr'><strong>quictmque</strong></span> <span class='ocrx_word' id='word_1_284' title='bbox 1223 2139 1402 2186; x_wconf 90' lang='lat' dir='ltr'><strong>tamen</strong></span> <span class='ocrx_word' id='word_1_285' title='bbox 1431 2135 1654 2199; x_wconf 87' lang='lat' dir='ltr'><strong>propter</strong></span> <span class='ocrx_word' id='word_1_286' title='bbox 1682 2126 1788 2181; x_wconf 89' lang='lat' dir='ltr'><strong>hoc</strong></span> <span class='ocrx_word' id='word_1_287' title='bbox 1814 2123 1960 2193; x_wconf 90' lang='lat' dir='ltr'><strong>quod</strong></span> <span class='ocrx_word' id='word_1_288' title='bbox 1988 2129 2151 2181; x_wconf 78' lang='lat' dir='ltr'><strong>recta:</strong></span> <span class='ocrx_word' id='word_1_289' title='bbox 2179 2117 2240 2170; x_wconf 85' lang='lat' dir='ltr'><strong>li-</strong></span> 
     </span>
    </p>
   </div>
   <div class='ocr_carea' id='block_1_34' title="bbox 655 2211 2239 2291">
    <p class='ocr_par' dir='ltr' id='par_1_34' title="bbox 655 2211 2239 2291">
     <span class='ocr_line' id='line_1_34' title="bbox 655 2211 2239 2291; baseline -0.013 -8"><span class='ocrx_word' id='word_1_290' title='bbox 655 2226 744 2283; x_wconf 87' lang='lat' dir='ltr'><strong>dei</strong></span> <span class='ocrx_word' id='word_1_291' title='bbox 780 2233 883 2291; x_wconf 89' lang='lat' dir='ltr'><strong>est,</strong></span> <span class='ocrx_word' id='word_1_292' title='bbox 906 2221 1329 2279; x_wconf 89' lang='lat' dir='ltr'><strong>misericordiam</strong></span> <span class='ocrx_word' id='word_1_293' title='bbox 1360 2217 1725 2288; x_wconf 89' lang='lat' dir='ltr'><strong>consequitur.</strong></span> <span class='ocrx_word' id='word_1_294' title='bbox 1756 2214 1813 2270; x_wconf 88' lang='lat' dir='ltr'><strong>Si</strong></span> <span class='ocrx_word' id='word_1_295' title='bbox 1841 2229 1937 2268; x_wconf 93' lang='lat' dir='ltr'><strong>cor</strong></span> <span class='ocrx_word' id='word_1_296' title='bbox 1961 2211 2079 2281; x_wconf 87' lang='lat' dir='ltr'><strong>ejus</strong></span> <span class='ocrx_word' id='word_1_297' title='bbox 2105 2226 2239 2265; x_wconf 90' lang='lat' dir='ltr'><strong>con-</strong></span> 
     </span>
    </p>
   </div>
   <div class='ocr_carea' id='block_1_35' title="bbox 656 2300 2243 2379">
    <p class='ocr_par' dir='ltr' id='par_1_35' title="bbox 656 2300 2243 2379">
     <span class='ocr_line' id='line_1_35' title="bbox 656 2300 2243 2379; baseline -0.013 -5"><span class='ocrx_word' id='word_1_298' title='bbox 656 2319 927 2374; x_wconf 87' lang='lat' dir='ltr'><strong>turbatum</strong></span> <span class='ocrx_word' id='word_1_299' title='bbox 956 2314 1116 2370; x_wconf 90' lang='lat' dir='ltr'><strong>fuerit</strong></span> <span class='ocrx_word' id='word_1_300' title='bbox 1151 2313 1220 2368; x_wconf 92' lang='lat' dir='ltr'><strong>de</strong></span> <span class='ocrx_word' id='word_1_301' title='bbox 1252 2312 1445 2366; x_wconf 89' lang='lat' dir='ltr'><strong>timore</strong></span> <span class='ocrx_word' id='word_1_302' title='bbox 1478 2307 1686 2379; x_wconf 91' lang='lat' dir='ltr'><strong>judicii,</strong></span> <span class='ocrx_word' id='word_1_303' title='bbox 1715 2313 1771 2361; x_wconf 89' lang='lat' dir='ltr'><strong>et</strong></span> <span class='ocrx_word' id='word_1_304' title='bbox 1797 2318 2055 2360; x_wconf 80' lang='lat' dir='ltr'><strong>excussus</strong></span> <span class='ocrx_word' id='word_1_305' title='bbox 2083 2300 2243 2355; x_wconf 82' lang='lat' dir='ltr'><strong>fuerit</strong></span> 
     </span>
    </p>
   </div>
   <div class='ocr_carea' id='block_1_36' title="bbox 655 2391 2242 2478">
    <p class='ocr_par' dir='ltr' id='par_1_36' title="bbox 655 2391 2242 2478">
     <span class='ocr_line' id='line_1_36' title="bbox 655 2391 2242 2478; baseline -0.013 -12"><span class='ocrx_word' id='word_1_306' title='bbox 655 2410 725 2466; x_wconf 90' lang='lat' dir='ltr'><strong>de</strong></span> <span class='ocrx_word' id='word_1_307' title='bbox 761 2424 925 2464; x_wconf 90' lang='lat' dir='ltr'><strong>manu</strong></span> <span class='ocrx_word' id='word_1_308' title='bbox 970 2405 1176 2478; x_wconf 84' lang='lat' dir='ltr'><strong>peccati</strong></span> <span class='ocrx_word' id='word_1_309' title='bbox 1204 2404 1344 2459; x_wconf 91' lang='lat' dir='ltr'><strong>sicut</strong></span> <span class='ocrx_word' id='word_1_310' title='bbox 1371 2403 1605 2464; x_wconf 88' lang='lat' dir='ltr'><strong>locusta,</strong></span> <span class='ocrx_word' id='word_1_311' title='bbox 1656 2406 1714 2453; x_wconf 92' lang='lat' dir='ltr'><strong>et</strong></span> <span class='ocrx_word' id='word_1_312' title='bbox 1737 2411 1912 2467; x_wconf 88' lang='lat' dir='ltr'><strong>genua</strong></span> <span class='ocrx_word' id='word_1_313' title='bbox 1947 2393 2065 2463; x_wconf 89' lang='lat' dir='ltr'><strong>ejus</strong></span> <span class='ocrx_word' id='word_1_314' title='bbox 2093 2391 2242 2447; x_wconf 88' lang='lat' dir='ltr'><strong>inﬁr-</strong></span> 
     </span>
    </p>
   </div>
   <div class='ocr_carea' id='block_1_37' title="bbox 657 2483 2240 2567">
    <p class='ocr_par' dir='ltr' id='par_1_37' title="bbox 657 2483 2240 2567">
     <span class='ocr_line' id='line_1_37' title="bbox 657 2483 2240 2567; baseline -0.013 -10"><span class='ocrx_word' id='word_1_315' title='bbox 657 2510 875 2557; x_wconf 87' lang='lat' dir='ltr'><strong>mentur</strong></span> <span class='ocrx_word' id='word_1_316' title='bbox 916 2500 972 2555; x_wconf 90' lang='lat' dir='ltr'><strong>in</strong></span> <span class='ocrx_word' id='word_1_317' title='bbox 1015 2496 1245 2567; x_wconf 74' lang='lat' dir='ltr'><strong>jejunio,</strong></span> <span class='ocrx_word' id='word_1_318' title='bbox 1285 2502 1342 2549; x_wconf 92' lang='lat' dir='ltr'><strong>et</strong></span> <span class='ocrx_word' id='word_1_319' title='bbox 1391 2507 1519 2548; x_wconf 86' lang='lat' dir='ltr'><strong>caro</strong></span> <span class='ocrx_word' id='word_1_320' title='bbox 1547 2490 1664 2560; x_wconf 90' lang='lat' dir='ltr'><strong>ejus</strong></span> <span class='ocrx_word' id='word_1_321' title='bbox 1693 2489 1971 2544; x_wconf 89' lang='lat' dir='ltr'><strong>innnutata</strong></span> <span class='ocrx_word' id='word_1_322' title='bbox 2012 2483 2174 2539; x_wconf 87' lang='lat' dir='ltr'><strong>fuerit</strong></span> <span class='ocrx_word' id='word_1_323' title='bbox 2209 2498 2240 2537; x_wconf 88' lang='lat' dir='ltr'><strong>a</strong></span> 
     </span>
    </p>
   </div>
   <div class='ocr_carea' id='block_1_38' title="bbox 657 2574 2239 2663">
    <p class='ocr_par' dir='ltr' id='par_1_38' title="bbox 657 2574 2239 2663">
     <span class='ocr_line' id='line_1_38' title="bbox 657 2574 2239 2663; baseline -0.013 -17"><span class='ocrx_word' id='word_1_324' title='bbox 657 2589 982 2663; x_wconf 77' lang='lat' dir='ltr'><strong>pinguedine</strong></span> <span class='ocrx_word' id='word_1_325' title='bbox 1009 2586 1262 2643; x_wconf 86' lang='lat' dir='ltr'><strong>destituta</strong></span> <span class='ocrx_word' id='word_1_326' title='bbox 1281 2625 1296 2650; x_wconf 93' lang='lat'><strong>,</strong></span> <span class='ocrx_word' id='word_1_327' title='bbox 1345 2591 1476 2639; x_wconf 91' lang='lat' dir='ltr'><strong>tunc</strong></span> <span class='ocrx_word' id='word_1_328' title='bbox 1512 2579 1746 2636; x_wconf 86' lang='lat' dir='ltr'><strong>inveniet</strong></span> <span class='ocrx_word' id='word_1_329' title='bbox 1772 2574 2192 2631; x_wconf 89' lang='lat' dir='ltr'><strong>misericordiam</strong></span> <span class='ocrx_word' id='word_1_330' title='bbox 2225 2590 2239 2626; x_wconf 90' lang='lat'><strong>:</strong></span> 
     </span>
    </p>
   </div>
   <div class='ocr_carea' id='block_1_39' title="bbox 640 2670 2244 2755">
    <p class='ocr_par' dir='ltr' id='par_1_39' title="bbox 640 2670 2244 2755">
     <span class='ocr_line' id='line_1_39' title="bbox 640 2670 2244 2755; baseline -0.014 -14"><span class='ocrx_word' id='word_1_331' title='bbox 640 2682 753 2754; x_wconf 90' lang='lat' dir='ltr'><strong>.qui</strong></span> <span class='ocrx_word' id='word_1_332' title='bbox 780 2680 908 2736; x_wconf 91' lang='lat' dir='ltr'><strong>licet</strong></span> <span class='ocrx_word' id='word_1_333' title='bbox 932 2678 1116 2743; x_wconf 89' lang='lat' dir='ltr'><strong>dicat,</strong></span> <span class='ocrx_word' id='word_1_334' title='bbox 1147 2684 1205 2733; x_wconf 89' lang='lat' dir='ltr'><strong>et</strong></span> <span class='ocrx_word' id='word_1_335' title='bbox 1230 2690 1358 2731; x_wconf 88' lang='lat' dir='ltr'><strong>vere</strong></span> <span class='ocrx_word' id='word_1_336' title='bbox 1382 2673 1527 2729; x_wconf 90' lang='lat' dir='ltr'><strong>dicat</strong></span> <span class='ocrx_word' id='word_1_337' title='bbox 1552 2690 1567 2725; x_wconf 89' lang='lat'><strong>:</strong></span> <span class='ocrx_word' id='word_1_338' title='bbox 1599 2670 1872 2755; x_wconf 60' lang='lat' dir='ltr'><strong>Viderunt</strong></span> <span class='ocrx_word' id='word_1_339' title='bbox 1895 2683 2013 2732; x_wconf 88' lang='lat' dir='ltr'><strong>me,</strong></span> <span class='ocrx_word' id='word_1_340' title='bbox 2044 2675 2101 2720; x_wconf 91' lang='lat' dir='ltr'><strong>et</strong></span> <span class='ocrx_word' id='word_1_341' title='bbox 2127 2680 2244 2720; x_wconf 87' lang='lat' dir='ltr'><strong>mo-</strong></span> 
     </span>
    </p>
   </div>
   <div class='ocr_carea' id='block_1_40' title="bbox 659 2757 2246 2840">
    <p class='ocr_par' dir='ltr' id='par_1_40' title="bbox 659 2757 2246 2840">
     <span class='ocr_line' id='line_1_40' title="bbox 659 2757 2246 2840; baseline -0.01 -13"><span class='ocrx_word' id='word_1_342' title='bbox 659 2778 854 2827; x_wconf 89' lang='lat' dir='ltr'><strong>verunt</strong></span> <span class='ocrx_word' id='word_1_343' title='bbox 880 2768 1059 2840; x_wconf 84' lang='lat' dir='ltr'><strong>capita</strong></span> <span class='ocrx_word' id='word_1_344' title='bbox 1088 2783 1203 2830; x_wconf 86' lang='lat' dir='ltr'><strong>sua,</strong></span> <span class='ocrx_word' id='word_1_345' title='bbox 1228 2764 1366 2822; x_wconf 89' lang='lat' dir='ltr'><strong>sicut</strong></span> <span class='ocrx_word' id='word_1_346' title='bbox 1392 2762 1645 2819; x_wconf 68' lang='lat' dir='ltr'><strong>Pharisaei</strong></span> <span class='ocrx_word' id='word_1_347' title='bbox 1669 2760 1914 2822; x_wconf 86' lang='lat' dir='ltr'><strong>Christo,</strong></span> <span class='ocrx_word' id='word_1_348' title='bbox 1946 2759 2023 2813; x_wconf 86' lang='lat' dir='ltr'><strong>ita</strong></span> <span class='ocrx_word' id='word_1_349' title='bbox 2044 2757 2246 2811; x_wconf 56' lang='lat' dir='ltr'><strong>daemo-</strong></span> 
     </span>
    </p>
   </div>
   <div class='ocr_carea' id='block_1_41' title="bbox 659 2846 2245 2926">
    <p class='ocr_par' dir='ltr' id='par_1_41' title="bbox 659 2846 2245 2926">
     <span class='ocr_line' id='line_1_41' title="bbox 659 2846 2245 2926; baseline -0.009 -10"><span class='ocrx_word' id='word_1_350' title='bbox 659 2861 750 2916; x_wconf 89' lang='lat' dir='ltr'><strong>nia</strong></span> <span class='ocrx_word' id='word_1_351' title='bbox 766 2861 821 2915; x_wconf 90' lang='lat' dir='ltr'><strong>in</strong></span> <span class='ocrx_word' id='word_1_352' title='bbox 843 2858 1166 2914; x_wconf 86' lang='lat' dir='ltr'><strong>Christiano.</strong></span> <span class='ocrx_word' id='word_1_353' title='bbox 1187 2857 1321 2911; x_wconf 90' lang='lat' dir='ltr'><strong>Dum</strong></span> <span class='ocrx_word' id='word_1_354' title='bbox 1336 2862 1613 2926; x_wconf 89' lang='lat' dir='ltr'><strong>pateretur</strong></span> <span class='ocrx_word' id='word_1_355' title='bbox 1628 2852 1771 2908; x_wconf 91' lang='lat' dir='ltr'><strong>enim</strong></span> <span class='ocrx_word' id='word_1_356' title='bbox 1788 2850 2051 2915; x_wconf 86' lang='lat' dir='ltr'><strong>Christus,</strong></span> <span class='ocrx_word' id='word_1_357' title='bbox 2065 2846 2245 2902; x_wconf 86' lang='lat' dir='ltr'><strong>Phari-</strong></span> 
     </span>
    </p>
   </div>
   <div class='ocr_carea' id='block_1_42' title="bbox 660 2939 2243 3019">
    <p class='ocr_par' dir='ltr' id='par_1_42' title="bbox 660 2939 2243 3019">
     <span class='ocr_line' id='line_1_42' title="bbox 660 2939 2243 3019; baseline -0.008 -13"><span class='ocrx_word' id='word_1_358' title='bbox 660 2952 751 3007; x_wconf 65' lang='grc' dir='ltr'><strong>διτί</strong></span> <span class='ocrx_word' id='word_1_359' title='bbox 780 2957 1066 3005; x_wconf 86' lang='lat' dir='ltr'><strong>moverunt</strong></span> <span class='ocrx_word' id='word_1_360' title='bbox 1091 2948 1271 3019; x_wconf 88' lang='lat' dir='ltr'><strong>capita</strong></span> <span class='ocrx_word' id='word_1_361' title='bbox 1300 2963 1396 3002; x_wconf 89' lang='lat' dir='ltr'><strong>sua</strong></span> <span class='ocrx_word' id='word_1_362' title='bbox 1427 2945 1765 3009; x_wconf 90' lang='lat' dir='ltr'><strong>insultantes,</strong></span> <span class='ocrx_word' id='word_1_363' title='bbox 1797 2951 1852 2998; x_wconf 90' lang='lat' dir='ltr'><strong>et</strong></span> <span class='ocrx_word' id='word_1_364' title='bbox 1879 2942 2004 2997; x_wconf 90' lang='lat' dir='ltr'><strong>dum</strong></span> <span class='ocrx_word' id='word_1_365' title='bbox 2033 2939 2243 3011; x_wconf 87' lang='lat' dir='ltr'><strong>passio-</strong></span> 
     </span>
    </p>
   </div>
   <div class='ocr_carea' id='block_1_43' title="bbox 662 3033 2247 3110">
    <p class='ocr_par' dir='ltr' id='par_1_43' title="bbox 662 3033 2247 3110">
     <span class='ocr_line' id='line_1_43' title="bbox 662 3033 2247 3110; baseline -0.007 -14"><span class='ocrx_word' id='word_1_366' title='bbox 662 3042 823 3096; x_wconf 86' lang='lat' dir='ltr'><strong>nibus</strong></span> <span class='ocrx_word' id='word_1_367' title='bbox 868 3040 1131 3110; x_wconf 85' lang='lat' dir='ltr'><strong>premitur</strong></span> <span class='ocrx_word' id='word_1_368' title='bbox 1174 3038 1550 3100; x_wconf 87' lang='lat' dir='ltr'><strong>Christianus,</strong></span> <span class='ocrx_word' id='word_1_369' title='bbox 1608 3036 1792 3090; x_wconf 87' lang='lat' dir='ltr'><strong>vident</strong></span> <span class='ocrx_word' id='word_1_370' title='bbox 1825 3051 1947 3091; x_wconf 83' lang='lat' dir='ltr'><strong>eum</strong></span> <span class='ocrx_word' id='word_1_371' title='bbox 1976 3033 2247 3088; x_wconf 74' lang='lat' dir='ltr'><strong>dzemones</strong></span> 
     </span>
    </p>
   </div>
   <div class='ocr_carea' id='block_1_44' title="bbox 664 3123 2246 3195">
    <p class='ocr_par' dir='ltr' id='par_1_44' title="bbox 664 3123 2246 3195">
     <span class='ocr_line' id='line_1_44' title="bbox 664 3123 2246 3195; baseline -0.006 -8"><span class='ocrx_word' id='word_1_372' title='bbox 664 3130 1089 3191; x_wconf 80' lang='lat' dir='ltr'><strong>consentientem</strong></span> <span class='ocrx_word' id='word_1_373' title='bbox 1124 3138 1181 3184; x_wconf 90' lang='lat' dir='ltr'><strong>et</strong></span> <span class='ocrx_word' id='word_1_374' title='bbox 1208 3129 1464 3184; x_wconf 89' lang='lat' dir='ltr'><strong>insultant</strong></span> <span class='ocrx_word' id='word_1_375' title='bbox 1484 3128 1554 3183; x_wconf 92' lang='lat' dir='ltr'><strong>ei.</strong></span> <span class='ocrx_word' id='word_1_376' title='bbox 1575 3126 1681 3181; x_wconf 87' lang='lat' dir='ltr'><strong>Sed</strong></span> <span class='ocrx_word' id='word_1_377' title='bbox 1703 3134 1923 3195; x_wconf 89' lang='lat' dir='ltr'><strong>argutus</strong></span> <span class='ocrx_word' id='word_1_378' title='bbox 1939 3123 2037 3179; x_wconf 90' lang='lat' dir='ltr'><strong>Dei</strong></span> <span class='ocrx_word' id='word_1_379' title='bbox 2060 3138 2246 3179; x_wconf 86' lang='lat' dir='ltr'><strong>servus</strong></span> 
     </span>
    </p>
   </div>
   <div class='ocr_carea' id='block_1_45' title="bbox 2339 1932 3919 2027">
    <p class='ocr_par' dir='ltr' id='par_1_45' title="bbox 2339 1932 3919 2027">
     <span class='ocr_line' id='line_1_45' title="bbox 2339 1932 3919 2027; baseline -0.016 -17"><span class='ocrx_word' id='word_1_380' title='bbox 2339 1955 2707 2027; x_wconf 82' lang='lat' dir='ltr'><strong>principatum,</strong></span> <span class='ocrx_word' id='word_1_381' title='bbox 2729 1953 3034 2021; x_wconf 85' lang='lat' dir='ltr'><strong>potestatem</strong></span> <span class='ocrx_word' id='word_1_382' title='bbox 3054 1950 3105 1997; x_wconf 87' lang='lat' dir='ltr'><strong>et</strong></span> <span class='ocrx_word' id='word_1_383' title='bbox 3128 1942 3383 2006; x_wconf 72' lang='lat' dir='ltr'><strong>virtutem,</strong></span> <span class='ocrx_word' id='word_1_384' title='bbox 3400 1945 3530 1992; x_wconf 88' lang='lat' dir='ltr'><strong>tunc</strong></span> <span class='ocrx_word' id='word_1_385' title='bbox 3554 1941 3753 2005; x_wconf 84' lang='lat' dir='ltr'><strong>oportet</strong></span> <span class='ocrx_word' id='word_1_386' title='bbox 3773 1932 3919 1987; x_wconf 84' lang='lat' dir='ltr'><strong>illum</strong></span> 
     </span>
    </p>
   </div>
   <div class='ocr_carea' id='block_1_46' title="bbox 2340 2022 3919 2117">
    <p class='ocr_par' dir='ltr' id='par_1_46' title="bbox 2340 2022 3919 2117">
     <span class='ocr_line' id='line_1_46' title="bbox 2340 2022 3919 2117; baseline -0.014 -17"><span class='ocrx_word' id='word_1_387' title='bbox 2340 2022 2555 2117; x_wconf 71' lang='lat' dir='ltr'><strong>regnare</strong></span> <span class='ocrx_word' id='word_1_388' title='bbox 2581 2046 2742 2097; x_wconf 86' lang='lat' dir='ltr'><strong>donec</strong></span> <span class='ocrx_word' id='word_1_389' title='bbox 2769 2045 2927 2111; x_wconf 88' lang='lat' dir='ltr'><strong>ponat</strong></span> <span class='ocrx_word' id='word_1_390' title='bbox 2953 2051 3131 2092; x_wconf 90' lang='lat' dir='ltr'><strong>omnes</strong></span> <span class='ocrx_word' id='word_1_391' title='bbox 3151 2033 3383 2087; x_wconf 85' lang='lat' dir='ltr'><strong>inimicos</strong></span> <span class='ocrx_word' id='word_1_392' title='bbox 3424 2045 3545 2083; x_wconf 82' lang='lat' dir='ltr'><strong>suos</strong></span> <span class='ocrx_word' id='word_1_393' title='bbox 3589 2025 3683 2082; x_wconf 89' lang='lat' dir='ltr'><strong>sub</strong></span> <span class='ocrx_word' id='word_1_394' title='bbox 3710 2022 3919 2096; x_wconf 75' lang='lat' dir='ltr'><strong>pedibus</strong></span> 
     </span>
    </p>
   </div>
   <div class='ocr_carea' id='block_1_47' title="bbox 2338 2124 3945 2210">
    <p class='ocr_par' dir='ltr' id='par_1_47' title="bbox 2338 2124 3945 2210">
     <span class='ocr_line' id='line_1_47' title="bbox 2338 2124 3945 2210; baseline -0.012 -18"><span class='ocrx_word' id='word_1_395' title='bbox 2338 2139 2452 2210; x_wconf 85' lang='lat' dir='ltr'><strong>ejus</strong></span> <span class='ocrx_word' id='word_1_396' title='bbox 2481 2136 2524 2208; x_wconf 86' lang='grc' dir='ltr'><strong>(Ι</strong></span> <span class='ocrx_word' id='word_1_397' title='bbox 2545 2134 2664 2190; x_wconf 90' lang='lat' dir='ltr'><strong>Cor.</strong></span> <span class='ocrx_word' id='word_1_398' title='bbox 2695 2132 2806 2204; x_wconf 91' lang='lat' dir='ltr'><strong>xv).</strong></span> <span class='ocrx_word' id='word_1_399' title='bbox 2830 2125 2997 2200; x_wconf 88' lang='lat' dir='ltr'><strong>Cujus</strong></span> <span class='ocrx_word' id='word_1_400' title='bbox 3018 2127 3261 2183; x_wconf 90' lang='lat' dir='ltr'><strong>inimicos</strong></span> <span class='ocrx_word' id='word_1_401' title='bbox 3288 2125 3334 2180; x_wconf 88' lang='lat' dir='ltr'><strong>si</strong></span> <span class='ocrx_word' id='word_1_402' title='bbox 3364 2124 3684 2190; x_wconf 78' lang='lat' dir='ltr'><strong>interrogas,</strong></span> <span class='ocrx_word' id='word_1_403' title='bbox 3706 2124 3945 2191; x_wconf 54' lang='lat' dir='ltr'><strong>respon.‘</strong></span> 
     </span>
    </p>
   </div>
   <div class='ocr_carea' id='block_1_48' title="bbox 2341 2208 3920 2293">
    <p class='ocr_par' dir='ltr' id='par_1_48' title="bbox 2341 2208 3920 2293">
     <span class='ocr_line' id='line_1_48' title="bbox 2341 2208 3920 2293; baseline -0.013 -10"><span class='ocrx_word' id='word_1_404' title='bbox 2341 2208 2490 2283; x_wconf 88' lang='lat' dir='ltr'><strong>debit</strong></span> <span class='ocrx_word' id='word_1_405' title='bbox 2520 2225 2633 2291; x_wconf 87' lang='lat' dir='ltr'><strong>tibi,</strong></span> <span class='ocrx_word' id='word_1_406' title='bbox 2665 2224 2783 2293; x_wconf 90' lang='lat' dir='ltr'><strong>ejus</strong></span> <span class='ocrx_word' id='word_1_407' title='bbox 2810 2222 2927 2277; x_wconf 90' lang='lat' dir='ltr'><strong>sine</strong></span> <span class='ocrx_word' id='word_1_408' title='bbox 2946 2218 3109 2275; x_wconf 91' lang='lat' dir='ltr'><strong>dubio</strong></span> <span class='ocrx_word' id='word_1_409' title='bbox 3130 2216 3284 2286; x_wconf 90' lang='lat' dir='ltr'><strong>cujus</strong></span> <span class='ocrx_word' id='word_1_410' title='bbox 3303 2214 3509 2284; x_wconf 78' lang='lat' dir='ltr'><strong>virgam</strong></span> <span class='ocrx_word' id='word_1_411' title='bbox 3538 2210 3753 2267; x_wconf 90' lang='lat' dir='ltr'><strong>virtutis</strong></span> <span class='ocrx_word' id='word_1_412' title='bbox 3779 2208 3920 2263; x_wconf 87' lang='lat' dir='ltr'><strong>misit</strong></span> 
     </span>
    </p>
   </div>
   <div class='ocr_carea' id='block_1_49' title="bbox 2343 2305 3922 2380">
    <p class='ocr_par' dir='ltr' id='par_1_49' title="bbox 2343 2305 3922 2380">
     <span class='ocr_line' id='line_1_49' title="bbox 2343 2305 3922 2380; baseline -0.013 -4"><span class='ocrx_word' id='word_1_413' title='bbox 2343 2319 2598 2376; x_wconf 89' lang='lat' dir='ltr'><strong>Dominus</strong></span> <span class='ocrx_word' id='word_1_414' title='bbox 2624 2333 2690 2372; x_wconf 88' lang='lat' dir='ltr'><strong>ex</strong></span> <span class='ocrx_word' id='word_1_415' title='bbox 2715 2315 2865 2370; x_wconf 91' lang='lat' dir='ltr'><strong>Sion.</strong></span> <span class='ocrx_word' id='word_1_416' title='bbox 2903 2312 3062 2380; x_wconf 85' lang='lat' dir='ltr'><strong>Virga</strong></span> <span class='ocrx_word' id='word_1_417' title='bbox 3094 2309 3326 2374; x_wconf 88' lang='lat' dir='ltr'><strong>virtutis,</strong></span> <span class='ocrx_word' id='word_1_418' title='bbox 3358 2305 3590 2362; x_wconf 84' lang='lat' dir='ltr'><strong>hominis</strong></span> <span class='ocrx_word' id='word_1_419' title='bbox 3617 2317 3816 2374; x_wconf 91' lang='lat' dir='ltr'><strong>corpus</strong></span> <span class='ocrx_word' id='word_1_420' title='bbox 3842 2306 3922 2356; x_wconf 85' lang='lat' dir='ltr'><strong>est</strong></span> 
     </span>
    </p>
   </div>
   <div class='ocr_carea' id='block_1_50' title="bbox 2342 2396 3921 2480">
    <p class='ocr_par' dir='ltr' id='par_1_50' title="bbox 2342 2396 3921 2480">
     <span class='ocr_line' id='line_1_50' title="bbox 2342 2396 3921 2480; baseline -0.011 -13"><span class='ocrx_word' id='word_1_421' title='bbox 2342 2429 2410 2467; x_wconf 91' lang='lat' dir='ltr'><strong>ex</strong></span> <span class='ocrx_word' id='word_1_422' title='bbox 2424 2411 2643 2480; x_wconf 79' lang='lat' dir='ltr'><strong>Virgine</strong></span> <span class='ocrx_word' id='word_1_423' title='bbox 2673 2410 2803 2473; x_wconf 90' lang='lat' dir='ltr'><strong>nati,</strong></span> <span class='ocrx_word' id='word_1_424' title='bbox 2826 2422 2987 2477; x_wconf 88' lang='lat' dir='ltr'><strong>quam</strong></span> <span class='ocrx_word' id='word_1_425' title='bbox 3010 2405 3213 2474; x_wconf 82' lang='lat' dir='ltr'><strong>virgam</strong></span> <span class='ocrx_word' id='word_1_426' title='bbox 3242 2418 3310 2458; x_wconf 87' lang='lat' dir='ltr'><strong>ex</strong></span> <span class='ocrx_word' id='word_1_427' title='bbox 3325 2400 3457 2457; x_wconf 89' lang='lat' dir='ltr'><strong>Sion</strong></span> <span class='ocrx_word' id='word_1_428' title='bbox 3485 2399 3629 2455; x_wconf 89' lang='lat' dir='ltr'><strong>misit</strong></span> <span class='ocrx_word' id='word_1_429' title='bbox 3649 2396 3921 2461; x_wconf 87' lang='lat' dir='ltr'><strong>Dominus,</strong></span> 
     </span>
    </p>
   </div>
   <div class='ocr_carea' id='block_1_51' title="bbox 2343 2491 3924 2559">
    <p class='ocr_par' dir='ltr' id='par_1_51' title="bbox 2343 2491 3924 2559">
     <span class='ocr_line' id='line_1_51' title="bbox 2343 2491 3924 2559; baseline -0.009 0"><span class='ocrx_word' id='word_1_430' title='bbox 2343 2512 2402 2559; x_wconf 90' lang='lat' dir='ltr'><strong>ut</strong></span> <span class='ocrx_word' id='word_1_431' title='bbox 2426 2503 2732 2559; x_wconf 88' lang='lat' dir='ltr'><strong>dominetur</strong></span> <span class='ocrx_word' id='word_1_432' title='bbox 2751 2502 2803 2556; x_wconf 93' lang='lat' dir='ltr'><strong>in</strong></span> <span class='ocrx_word' id='word_1_433' title='bbox 2826 2499 3003 2555; x_wconf 90' lang='lat' dir='ltr'><strong>medio</strong></span> <span class='ocrx_word' id='word_1_434' title='bbox 3024 2498 3360 2553; x_wconf 82' lang='lat' dir='ltr'><strong>inimicorum</strong></span> <span class='ocrx_word' id='word_1_435' title='bbox 3385 2509 3626 2551; x_wconf 91' lang='lat' dir='ltr'><strong>suorum.</strong></span> <span class='ocrx_word' id='word_1_436' title='bbox 3649 2491 3768 2547; x_wconf 83' lang='lat' dir='ltr'><strong>Non</strong></span> <span class='ocrx_word' id='word_1_437' title='bbox 3797 2504 3924 2559; x_wconf 90' lang='lat' dir='ltr'><strong>ergo</strong></span> 
     </span>
    </p>
   </div>
   <div class='ocr_carea' id='block_1_52' title="bbox 2343 2584 3925 2654">
    <p class='ocr_par' dir='ltr' id='par_1_52' title="bbox 2343 2584 3925 2654">
     <span class='ocr_line' id='line_1_52' title="bbox 2343 2584 3925 2654; baseline -0.009 -1"><span class='ocrx_word' id='word_1_438' title='bbox 2343 2599 2481 2653; x_wconf 90' lang='lat' dir='ltr'><strong>sicut</strong></span> <span class='ocrx_word' id='word_1_439' title='bbox 2532 2593 2851 2649; x_wconf 82' lang='lat' dir='ltr'><strong>damnabilis</strong></span> <span class='ocrx_word' id='word_1_440' title='bbox 2891 2591 3151 2646; x_wconf 86' lang='lat' dir='ltr'><strong>Photinus</strong></span> <span class='ocrx_word' id='word_1_441' title='bbox 3197 2588 3389 2654; x_wconf 90' lang='lat' dir='ltr'><strong>credit,</strong></span> <span class='ocrx_word' id='word_1_442' title='bbox 3438 2603 3507 2643; x_wconf 89' lang='lat' dir='ltr'><strong>ex</strong></span> <span class='ocrx_word' id='word_1_443' title='bbox 3554 2584 3734 2640; x_wconf 80' lang='lat' dir='ltr'><strong>Maria:</strong></span> <span class='ocrx_word' id='word_1_444' title='bbox 3772 2591 3925 2654; x_wconf 89' lang='lat' dir='ltr'><strong>partu</strong></span> 
     </span>
    </p>
   </div>
   <div class='ocr_carea' id='block_1_53' title="bbox 2344 2676 3926 2758">
    <p class='ocr_par' dir='ltr' id='par_1_53' title="bbox 2344 2676 3926 2758">
     <span class='ocr_line' id='line_1_53' title="bbox 2344 2676 3926 2758; baseline -0.007 -15"><span class='ocrx_word' id='word_1_445' title='bbox 2344 2686 2574 2758; x_wconf 83' lang='lat' dir='ltr'><strong>sumpsit</strong></span> <span class='ocrx_word' id='word_1_446' title='bbox 2612 2684 2912 2748; x_wconf 80' lang='lat' dir='ltr'><strong>exordium,</strong></span> <span class='ocrx_word' id='word_1_447' title='bbox 2962 2681 3056 2737; x_wconf 90' lang='lat' dir='ltr'><strong>sed</strong></span> <span class='ocrx_word' id='word_1_448' title='bbox 3102 2688 3227 2735; x_wconf 91' lang='lat' dir='ltr'><strong>ante</strong></span> <span class='ocrx_word' id='word_1_449' title='bbox 3255 2679 3537 2734; x_wconf 90' lang='lat' dir='ltr'><strong>luciferum</strong></span> <span class='ocrx_word' id='word_1_450' title='bbox 3561 2684 3645 2733; x_wconf 90' lang='lat' dir='ltr'><strong>est</strong></span> <span class='ocrx_word' id='word_1_451' title='bbox 3663 2691 3730 2733; x_wconf 87' lang='lat' dir='ltr'><strong>ex</strong></span> <span class='ocrx_word' id='word_1_452' title='bbox 3750 2676 3926 2732; x_wconf 85' lang='lat' dir='ltr'><strong>Patris</strong></span> 
     </span>
    </p>
   </div>
   <div class='ocr_carea' id='block_1_54' title="bbox 2346 2769 3926 2847">
    <p class='ocr_par' dir='ltr' id='par_1_54' title="bbox 2346 2769 3926 2847">
     <span class='ocr_line' id='line_1_54' title="bbox 2346 2769 3926 2847; baseline -0.004 -13"><span class='ocrx_word' id='word_1_453' title='bbox 2346 2794 2441 2835; x_wconf 89' lang='lat' dir='ltr'><strong>ore</strong></span> <span class='ocrx_word' id='word_1_454' title='bbox 2471 2775 2812 2847; x_wconf 87' lang='lat' dir='ltr'><strong>progenitus;</strong></span> <span class='ocrx_word' id='word_1_455' title='bbox 2840 2774 2928 2829; x_wconf 90' lang='lat' dir='ltr'><strong>hic</strong></span> <span class='ocrx_word' id='word_1_456' title='bbox 2946 2773 3036 2842; x_wconf 83' lang='lat' dir='ltr'><strong>qui</strong></span> <span class='ocrx_word' id='word_1_457' title='bbox 3060 2788 3157 2843; x_wconf 87' lang='lat' dir='ltr'><strong>per</strong></span> <span class='ocrx_word' id='word_1_458' title='bbox 3183 2771 3497 2844; x_wconf 89' lang='lat' dir='ltr'><strong>mysterium</strong></span> <span class='ocrx_word' id='word_1_459' title='bbox 3534 2771 3689 2842; x_wconf 89' lang='lat' dir='ltr'><strong>panis</strong></span> <span class='ocrx_word' id='word_1_460' title='bbox 3727 2786 3792 2826; x_wconf 88' lang='lat' dir='ltr'><strong>ac</strong></span> <span class='ocrx_word' id='word_1_461' title='bbox 3817 2769 3926 2827; x_wconf 89' lang='lat' dir='ltr'><strong>vini</strong></span> 
     </span>
    </p>
   </div>
   <div class='ocr_carea' id='block_1_55' title="bbox 2345 2859 3926 2927">
    <p class='ocr_par' dir='ltr' id='par_1_55' title="bbox 2345 2859 3926 2927">
     <span class='ocr_line' id='line_1_55' title="bbox 2345 2859 3926 2927; baseline -0.004 -4"><span class='ocrx_word' id='word_1_462' title='bbox 2345 2866 2597 2923; x_wconf 87' lang='lat' dir='ltr'><strong>sacerdos</strong></span> <span class='ocrx_word' id='word_1_463' title='bbox 2642 2865 2813 2927; x_wconf 86' lang='lat' dir='ltr'><strong>factus</strong></span> <span class='ocrx_word' id='word_1_464' title='bbox 2858 2872 2937 2920; x_wconf 91' lang='lat' dir='ltr'><strong>est</strong></span> <span class='ocrx_word' id='word_1_465' title='bbox 2969 2863 3021 2918; x_wconf 92' lang='lat' dir='ltr'><strong>in</strong></span> <span class='ocrx_word' id='word_1_466' title='bbox 3051 2869 3331 2926; x_wconf 67' lang='lat' dir='ltr'><strong>atternum,</strong></span> <span class='ocrx_word' id='word_1_467' title='bbox 3362 2860 3657 2917; x_wconf 87' lang='lat' dir='ltr'><strong>secundum</strong></span> <span class='ocrx_word' id='word_1_468' title='bbox 3684 2859 3926 2917; x_wconf 84' lang='lat' dir='ltr'><strong>ordinem</strong></span> 
     </span>
    </p>
   </div>
   <div class='ocr_carea' id='block_1_56' title="bbox 2347 2951 3925 3024">
    <p class='ocr_par' dir='ltr' id='par_1_56' title="bbox 2347 2951 3925 3024">
     <span class='ocr_line' id='line_1_56' title="bbox 2347 2951 3925 3024; baseline -0.003 -12"><span class='ocrx_word' id='word_1_469' title='bbox 2347 2955 2736 3013; x_wconf 80' lang='lat' dir='ltr'><strong>Melchisedech</strong></span> <span class='ocrx_word' id='word_1_470' title='bbox 2762 2995 2776 3020; x_wconf 91' lang='lat'><strong>,</strong></span> <span class='ocrx_word' id='word_1_471' title='bbox 2821 2954 2912 3023; x_wconf 88' lang='lat' dir='ltr'><strong>qui</strong></span> <span class='ocrx_word' id='word_1_472' title='bbox 2961 2969 3154 3024; x_wconf 90' lang='lat' dir='ltr'><strong>panem</strong></span> <span class='ocrx_word' id='word_1_473' title='bbox 3192 2961 3248 3007; x_wconf 85' lang='lat' dir='ltr'><strong>et</strong></span> <span class='ocrx_word' id='word_1_474' title='bbox 3290 2952 3469 3007; x_wconf 90' lang='lat' dir='ltr'><strong>vinum</strong></span> <span class='ocrx_word' id='word_1_475' title='bbox 3492 2952 3640 3007; x_wconf 88' lang='lat' dir='ltr'><strong>solus</strong></span> <span class='ocrx_word' id='word_1_476' title='bbox 3658 2951 3853 3007; x_wconf 90' lang='lat' dir='ltr'><strong>obtulit</strong></span> <span class='ocrx_word' id='word_1_477' title='bbox 3873 2952 3925 3008; x_wconf 92' lang='lat' dir='ltr'><strong>in</strong></span> 
     </span>
    </p>
   </div>
   <div class='ocr_carea' id='block_1_57' title="bbox 2346 3043 3927 3117">
    <p class='ocr_par' dir='ltr' id='par_1_57' title="bbox 2346 3043 3927 3117">
     <span class='ocr_line' id='line_1_57' title="bbox 2346 3043 3927 3117; baseline -0.002 -14"><span class='ocrx_word' id='word_1_478' title='bbox 2346 3047 2748 3112; x_wconf 83' lang='lat' dir='ltr'><strong>sacerdotibus,</strong></span> <span class='ocrx_word' id='word_1_479' title='bbox 2780 3045 2908 3100; x_wconf 86' lang='lat' dir='ltr'><strong>dum</strong></span> <span class='ocrx_word' id='word_1_480' title='bbox 2956 3044 3224 3100; x_wconf 75' lang='lat' dir='ltr'><strong>Abraham</strong></span> <span class='ocrx_word' id='word_1_481' title='bbox 3272 3044 3445 3099; x_wconf 79' lang='lat' dir='ltr'><strong>victor</strong></span> <span class='ocrx_word' id='word_1_482' title='bbox 3473 3051 3834 3117; x_wconf 88' lang='lat' dir='ltr'><strong>reverteretur</strong></span> <span class='ocrx_word' id='word_1_483' title='bbox 3858 3043 3927 3100; x_wconf 91' lang='lat' dir='ltr'><strong>de</strong></span> 
     </span>
    </p>
   </div>
   <div class='ocr_carea' id='block_1_58' title="bbox 2348 3134 3925 3209">
    <p class='ocr_par' dir='ltr' id='par_1_58' title="bbox 2348 3134 3925 3209">
     <span class='ocr_line' id='line_1_58' title="bbox 2348 3134 3925 3209; baseline -0.001 -17"><span class='ocrx_word' id='word_1_484' title='bbox 2348 3140 2555 3209; x_wconf 73' lang='lat' dir='ltr'><strong>pnelio.</strong></span> <span class='ocrx_word' id='word_1_485' title='bbox 2578 3137 2866 3194; x_wconf 83' lang='lat' dir='ltr'><strong>Videamus</strong></span> <span class='ocrx_word' id='word_1_486' title='bbox 2894 3153 3037 3192; x_wconf 89' lang='lat' dir='ltr'><strong>nunc</strong></span> <span class='ocrx_word' id='word_1_487' title='bbox 3062 3135 3333 3207; x_wconf 85' lang='lat' dir='ltr'><strong>quomodo</strong></span> <span class='ocrx_word' id='word_1_488' title='bbox 3362 3151 3393 3190; x_wconf 92' lang='lat' dir='ltr'><strong>a</strong></span> <span class='ocrx_word' id='word_1_489' title='bbox 3420 3135 3623 3191; x_wconf 77' lang='lat' dir='ltr'><strong>dextris</strong></span> <span class='ocrx_word' id='word_1_490' title='bbox 3648 3134 3765 3205; x_wconf 87' lang='lat' dir='ltr'><strong>ejus</strong></span> <span class='ocrx_word' id='word_1_491' title='bbox 3792 3152 3925 3191; x_wconf 88' lang='lat' dir='ltr'><strong>con-</strong></span> 
     </span>
    </p>
   </div>
   <div class='ocr_carea' id='block_1_59' title="bbox 664 3216 2260 3306">
    <p class='ocr_par' dir='ltr' id='par_1_59' title="bbox 664 3216 2245 3290">
     <span class='ocr_line' id='line_1_59' title="bbox 664 3216 2245 3290; baseline -0.006 -13"><span class='ocrx_word' id='word_1_492' title='bbox 664 3223 864 3279; x_wconf 85' lang='lat' dir='ltr'><strong>clamat</strong></span> <span class='ocrx_word' id='word_1_493' title='bbox 894 3240 906 3274; x_wconf 92' lang='lat'>:</span> <span class='ocrx_word' id='word_1_494' title='bbox 940 3220 1145 3290; x_wconf 82' lang='lat' dir='ltr'><strong>Adjuva</strong></span> <span class='ocrx_word' id='word_1_495' title='bbox 1187 3236 1302 3286; x_wconf 89' lang='lat' dir='ltr'><strong>me,</strong></span> <span class='ocrx_word' id='word_1_496' title='bbox 1333 3219 1590 3283; x_wconf 86' lang='lat' dir='ltr'><strong>Domine,</strong></span> <span class='ocrx_word' id='word_1_497' title='bbox 1622 3226 1682 3271; x_wconf 91' lang='lat' dir='ltr'><strong>ut</strong></span> <span class='ocrx_word' id='word_1_498' title='bbox 1707 3217 1879 3271; x_wconf 84' lang='lat' dir='ltr'><strong>sciant</strong></span> <span class='ocrx_word' id='word_1_499' title='bbox 1903 3216 2027 3285; x_wconf 86' lang='lat' dir='ltr'><strong>quia</strong></span> <span class='ocrx_word' id='word_1_500' title='bbox 2058 3230 2245 3269; x_wconf 89' lang='lat' dir='ltr'><strong>manus</strong></span> 
     </span>
    </p>
   </div>
   <div class='ocr_carea' id='block_1_60' title="bbox 2317 3216 3929 3306">
    <p class='ocr_par' dir='ltr' id='par_1_60' title="bbox 2317 3226 3929 3301">
     <span class='ocr_line' id='line_1_60' title="bbox 2317 3226 3929 3301; baseline 0 -18"><span class='ocrx_word' id='word_1_501' title='bbox 2317 3247 2318 3301; x_wconf 62' lang='lat'>;</span> <span class='ocrx_word' id='word_1_502' title='bbox 2350 3228 2505 3284; x_wconf 87' lang='lat' dir='ltr'><strong>fracti</strong></span> <span class='ocrx_word' id='word_1_503' title='bbox 2549 3236 2674 3285; x_wconf 89' lang='lat' dir='ltr'><strong>sunt</strong></span> <span class='ocrx_word' id='word_1_504' title='bbox 2715 3230 2767 3283; x_wconf 91' lang='lat' dir='ltr'><strong>in</strong></span> <span class='ocrx_word' id='word_1_505' title='bbox 2813 3228 2900 3284; x_wconf 92' lang='lat' dir='ltr'><strong>die</strong></span> <span class='ocrx_word' id='word_1_506' title='bbox 2939 3228 3031 3283; x_wconf 70' lang='lat' dir='ltr'><strong>irm</strong></span> <span class='ocrx_word' id='word_1_507' title='bbox 3068 3227 3186 3296; x_wconf 89' lang='lat' dir='ltr'><strong>cjus</strong></span> <span class='ocrx_word' id='word_1_508' title='bbox 3213 3239 3388 3296; x_wconf 84' lang='lat' dir='ltr'><strong>reges.</strong></span> <span class='ocrx_word' id='word_1_509' title='bbox 3425 3226 3470 3281; x_wconf 83' lang='lat' dir='ltr'><strong>A</strong></span> <span class='ocrx_word' id='word_1_510' title='bbox 3496 3226 3699 3282; x_wconf 75' lang='lat' dir='ltr'><strong>dextris</strong></span> <span class='ocrx_word' id='word_1_511' title='bbox 3717 3227 3929 3283; x_wconf 88' lang='lat' dir='ltr'><strong>Domini</strong></span> 
     </span>
    </p>
   </div>
   <div class='ocr_carea' id='block_1_61' title="bbox 652 3305 2247 3376">
    <p class='ocr_par' dir='ltr' id='par_1_61' title="bbox 652 3305 2247 3376">
     <span class='ocr_line' id='line_1_61' title="bbox 652 3305 2247 3376; baseline -0.006 -5"><span class='ocrx_word' id='word_1_512' title='bbox 652 3323 760 3373; x_wconf 80' lang='lat' dir='ltr'><strong>tua</strong></span> <span class='ocrx_word' id='word_1_513' title='bbox 809 3326 1039 3375; x_wconf 89' lang='lat' dir='ltr'><strong>mecum,</strong></span> <span class='ocrx_word' id='word_1_514' title='bbox 1093 3319 1149 3365; x_wconf 89' lang='lat' dir='ltr'><strong>et</strong></span> <span class='ocrx_word' id='word_1_515' title='bbox 1201 3319 1276 3376; x_wconf 87' lang='lat' dir='ltr'><strong>tu,</strong></span> <span class='ocrx_word' id='word_1_516' title='bbox 1320 3307 1576 3374; x_wconf 89' lang='lat' dir='ltr'><strong>Domine,</strong></span> <span class='ocrx_word' id='word_1_517' title='bbox 1601 3307 1770 3361; x_wconf 90' lang='lat' dir='ltr'><strong>fecisti</strong></span> <span class='ocrx_word' id='word_1_518' title='bbox 1798 3322 1881 3361; x_wconf 89' lang='lat' dir='ltr'><strong>ea.</strong></span> <span class='ocrx_word' id='word_1_519' title='bbox 1907 3305 1982 3359; x_wconf 87' lang='lat' dir='ltr'><strong>Ea</strong></span> <span class='ocrx_word' id='word_1_520' title='bbox 2000 3305 2104 3360; x_wconf 87' lang='lat' dir='ltr'><strong>isto</strong></span> <span class='ocrx_word' id='word_1_521' title='bbox 2124 3305 2247 3361; x_wconf 90' lang='lat' dir='ltr'><strong>loco</strong></span> 
     </span>
    </p>
   </div>
   <div class='ocr_carea' id='block_1_62' title="bbox 665 3394 2248 3473">
    <p class='ocr_par' dir='ltr' id='par_1_62' title="bbox 665 3394 2248 3473">
     <span class='ocr_line' id='line_1_62' title="bbox 665 3394 2248 3473; baseline -0.005 -13"><span class='ocrx_word' id='word_1_522' title='bbox 665 3405 747 3460; x_wconf 82' lang='lat' dir='ltr'><strong>sic</strong></span> <span class='ocrx_word' id='word_1_523' title='bbox 772 3402 987 3473; x_wconf 85' lang='lat' dir='ltr'><strong>accipe,</strong></span> <span class='ocrx_word' id='word_1_524' title='bbox 1018 3401 1155 3455; x_wconf 89' lang='lat' dir='ltr'><strong>sicut</strong></span> <span class='ocrx_word' id='word_1_525' title='bbox 1185 3400 1319 3454; x_wconf 87' lang='lat' dir='ltr'><strong>dixit</strong></span> <span class='ocrx_word' id='word_1_526' title='bbox 1356 3394 1529 3452; x_wconf 86' lang='lat' dir='ltr'><strong>Pilato</strong></span> <span class='ocrx_word' id='word_1_527' title='bbox 1554 3397 1811 3452; x_wconf 89' lang='lat' dir='ltr'><strong>Dominus</strong></span> <span class='ocrx_word' id='word_1_528' title='bbox 1835 3415 1848 3450; x_wconf 88' lang='lat'><strong>:</strong></span> <span class='ocrx_word' id='word_1_529' title='bbox 1883 3395 2008 3451; x_wconf 88' lang='lat' dir='ltr'><strong>Non</strong></span> <span class='ocrx_word' id='word_1_530' title='bbox 2036 3395 2248 3452; x_wconf 84' lang='lat' dir='ltr'><strong>haberes</strong></span> 
     </span>
    </p>
   </div>
   <div class='ocr_carea' id='block_1_63' title="bbox 668 3485 2267 3567">
    <p class='ocr_par' dir='ltr' id='par_1_63' title="bbox 668 3485 2267 3567">
     <span class='ocr_line' id='line_1_63' title="bbox 668 3485 2267 3567; baseline -0.021 -16"><span class='ocrx_word' id='word_1_531' title='bbox 668 3502 987 3567; x_wconf 83' lang='lat' dir='ltr'><strong>potestatem,</strong></span> <span class='ocrx_word' id='word_1_532' title='bbox 1019 3492 1120 3545; x_wconf 84' lang='lat' dir='ltr'><strong>nisi</strong></span> <span class='ocrx_word' id='word_1_533' title='bbox 1141 3490 1264 3544; x_wconf 88' lang='lat' dir='ltr'><strong>data</strong></span> <span class='ocrx_word' id='word_1_534' title='bbox 1294 3487 1381 3542; x_wconf 88' lang='lat' dir='ltr'><strong>tibi</strong></span> <span class='ocrx_word' id='word_1_535' title='bbox 1403 3497 1534 3542; x_wconf 88' lang='lat' dir='ltr'><strong>esset</strong></span> <span class='ocrx_word' id='word_1_536' title='bbox 1552 3487 1778 3558; x_wconf 75' lang='lat' dir='ltr'><strong>desuper</strong></span> <span class='ocrx_word' id='word_1_537' title='bbox 1806 3486 1988 3559; x_wconf 85' lang='lat' dir='ltr'><strong>(Joan.</strong></span> <span class='ocrx_word' id='word_1_538' title='bbox 2018 3485 2151 3563; x_wconf 61' lang='lat' dir='ltr'><strong>xix),</strong></span> <span class='ocrx_word' id='word_1_539' title='bbox 2175 3486 2267 3541; x_wconf 56' lang='lat' dir='ltr'><strong>ita.</strong></span> 
     </span>
    </p>
   </div>
   <div class='ocr_carea' id='block_1_64' title="bbox 666 3576 2245 3661">
    <p class='ocr_par' dir='ltr' id='par_1_64' title="bbox 666 3576 2245 3661">
     <span class='ocr_line' id='line_1_64' title="bbox 666 3576 2245 3661; baseline -0.006 -18"><span class='ocrx_word' id='word_1_540' title='bbox 666 3603 847 3661; x_wconf 70' lang='lat' dir='ltr'><strong>parva:</strong></span> <span class='ocrx_word' id='word_1_541' title='bbox 870 3596 924 3642; x_wconf 90' lang='lat' dir='ltr'><strong>et</strong></span> <span class='ocrx_word' id='word_1_542' title='bbox 952 3601 1053 3641; x_wconf 90' lang='lat' dir='ltr'><strong>nos</strong></span> <span class='ocrx_word' id='word_1_543' title='bbox 1077 3582 1428 3653; x_wconf 87' lang='lat' dir='ltr'><strong>relinquimur</strong></span> <span class='ocrx_word' id='word_1_544' title='bbox 1450 3580 1751 3635; x_wconf 88' lang='lat' dir='ltr'><strong>tentationi.</strong></span> <span class='ocrx_word' id='word_1_545' title='bbox 1778 3578 1845 3633; x_wconf 88' lang='lat' dir='ltr'><strong>Et</strong></span> <span class='ocrx_word' id='word_1_546' title='bbox 1865 3578 1986 3634; x_wconf 91' lang='lat' dir='ltr'><strong>ideo</strong></span> <span class='ocrx_word' id='word_1_547' title='bbox 2000 3577 2075 3632; x_wconf 89' lang='lat' dir='ltr'><strong>ait</strong></span> <span class='ocrx_word' id='word_1_548' title='bbox 2105 3596 2118 3631; x_wconf 91' lang='lat'>:</span> <span class='ocrx_word' id='word_1_549' title='bbox 2143 3576 2245 3644; x_wconf 87' lang='lat' dir='ltr'><strong>Tu,</strong></span> 
     </span>
    </p>
   </div>
   <div class='ocr_carea' id='block_1_65' title="bbox 666 3670 2244 3743">
    <p class='ocr_par' dir='ltr' id='par_1_65' title="bbox 666 3670 2244 3743">
     <span class='ocr_line' id='line_1_65' title="bbox 666 3670 2244 3743; baseline -0.008 -6"><span class='ocrx_word' id='word_1_550' title='bbox 666 3680 914 3742; x_wconf 91' lang='lat' dir='ltr'><strong>Domine,</strong></span> <span class='ocrx_word' id='word_1_551' title='bbox 948 3676 1119 3734; x_wconf 87' lang='lat' dir='ltr'><strong>fecisti</strong></span> <span class='ocrx_word' id='word_1_552' title='bbox 1147 3691 1232 3739; x_wconf 91' lang='lat' dir='ltr'><strong>ea,</strong></span> <span class='ocrx_word' id='word_1_553' title='bbox 1266 3682 1323 3729; x_wconf 90' lang='lat' dir='ltr'><strong>ut</strong></span> <span class='ocrx_word' id='word_1_554' title='bbox 1343 3680 1597 3728; x_wconf 86' lang='lat' dir='ltr'><strong>moveant</strong></span> <span class='ocrx_word' id='word_1_555' title='bbox 1622 3686 1785 3743; x_wconf 90' lang='lat' dir='ltr'><strong>super</strong></span> <span class='ocrx_word' id='word_1_556' title='bbox 1810 3686 1897 3726; x_wconf 91' lang='lat' dir='ltr'><strong>me</strong></span> <span class='ocrx_word' id='word_1_557' title='bbox 1924 3670 2100 3742; x_wconf 82' lang='lat' dir='ltr'><strong>capita</strong></span> <span class='ocrx_word' id='word_1_558' title='bbox 2127 3685 2244 3725; x_wconf 90' lang='lat' dir='ltr'><strong>sua.</strong></span> 
     </span>
    </p>
   </div>
   <div class='ocr_carea' id='block_1_66' title="bbox 666 3762 2249 3840">
    <p class='ocr_par' dir='ltr' id='par_1_66' title="bbox 666 3762 2249 3840">
     <span class='ocr_line' id='line_1_66' title="bbox 666 3762 2249 3840; baseline -0.008 -12"><span class='ocrx_word' id='word_1_559' title='bbox 666 3772 773 3828; x_wconf 84' lang='lat' dir='ltr'><strong>Sed</strong></span> <span class='ocrx_word' id='word_1_560' title='bbox 811 3770 934 3840; x_wconf 90' lang='lat' dir='ltr'><strong>quia</strong></span> <span class='ocrx_word' id='word_1_561' title='bbox 980 3768 1149 3823; x_wconf 68' lang='lat' dir='ltr'><strong>ﬁdelis</strong></span> <span class='ocrx_word' id='word_1_562' title='bbox 1175 3782 1254 3831; x_wconf 91' lang='lat' dir='ltr'><strong>es,</strong></span> <span class='ocrx_word' id='word_1_563' title='bbox 1284 3774 1339 3820; x_wconf 90' lang='lat' dir='ltr'><strong>et</strong></span> <span class='ocrx_word' id='word_1_564' title='bbox 1367 3779 1474 3819; x_wconf 91' lang='lat' dir='ltr'><strong>non</strong></span> <span class='ocrx_word' id='word_1_565' title='bbox 1506 3762 1707 3835; x_wconf 89' lang='lat' dir='ltr'><strong>pateris</strong></span> <span class='ocrx_word' id='word_1_566' title='bbox 1734 3778 1834 3818; x_wconf 92' lang='lat' dir='ltr'><strong>nos</strong></span> <span class='ocrx_word' id='word_1_567' title='bbox 1869 3762 2064 3817; x_wconf 85' lang='lat' dir='ltr'><strong>tentari</strong></span> <span class='ocrx_word' id='word_1_568' title='bbox 2087 3775 2249 3832; x_wconf 86' lang='lat' dir='ltr'><strong>supra</strong></span> 
     </span>
    </p>
   </div>
   <div class='ocr_carea' id='block_1_67' title="bbox 643 3854 2250 3933">
    <p class='ocr_par' dir='ltr' id='par_1_67' title="bbox 643 3854 2250 3933">
     <span class='ocr_line' id='line_1_67' title="bbox 643 3854 2250 3933; baseline -0.007 -15"><span class='ocrx_word' id='word_1_569' title='bbox 643 3878 827 3933; x_wconf 74' lang='lat' dir='ltr'><strong>quam</strong></span> <span class='ocrx_word' id='word_1_570' title='bbox 855 3874 1139 3932; x_wconf 88' lang='lat' dir='ltr'><strong>possumus</strong></span> <span class='ocrx_word' id='word_1_571' title='bbox 1160 3898 1174 3923; x_wconf 95' lang='lat'><strong>,</strong></span> <span class='ocrx_word' id='word_1_572' title='bbox 1207 3858 1291 3912; x_wconf 89' lang='lat' dir='ltr'><strong>fac</strong></span> <span class='ocrx_word' id='word_1_573' title='bbox 1326 3865 1387 3911; x_wconf 91' lang='lat' dir='ltr'><strong>ut</strong></span> <span class='ocrx_word' id='word_1_574' title='bbox 1441 3855 1729 3910; x_wconf 89' lang='lat' dir='ltr'><strong>induantur</strong></span> <span class='ocrx_word' id='word_1_575' title='bbox 1778 3855 1917 3910; x_wconf 90' lang='lat' dir='ltr'><strong>sicut</strong></span> <span class='ocrx_word' id='word_1_576' title='bbox 1960 3854 2250 3924; x_wconf 90' lang='lat' dir='ltr'><strong>diploidem</strong></span> 
     </span>
    </p>
   </div>
   <div class='ocr_carea' id='block_1_68' title="bbox 667 3944 2248 4019">
    <p class='ocr_par' dir='ltr' id='par_1_68' title="bbox 667 3944 2248 4019">
     <span class='ocr_line' id='line_1_68' title="bbox 667 3944 2248 4019; baseline -0.005 -13"><span class='ocrx_word' id='word_1_577' title='bbox 667 3951 1057 4007; x_wconf 83' lang='lat' dir='ltr'><strong>confusionem.</strong></span> <span class='ocrx_word' id='word_1_578' title='bbox 1091 3947 1350 4019; x_wconf 88' lang='lat' dir='ltr'><strong>Diploidis</strong></span> <span class='ocrx_word' id='word_1_579' title='bbox 1377 3954 1461 4001; x_wconf 90' lang='lat' dir='ltr'><strong>est</strong></span> <span class='ocrx_word' id='word_1_580' title='bbox 1487 3947 1602 4001; x_wconf 86' lang='lat' dir='ltr'><strong>sive</strong></span> <span class='ocrx_word' id='word_1_581' title='bbox 1627 3945 1908 4000; x_wconf 90' lang='lat' dir='ltr'><strong>chlamidis</strong></span> <span class='ocrx_word' id='word_1_582' title='bbox 1936 3946 1990 3998; x_wconf 90' lang='lat' dir='ltr'><strong>in</strong></span> <span class='ocrx_word' id='word_1_583' title='bbox 2010 3944 2248 4012; x_wconf 85' lang='lat' dir='ltr'><strong>quadru-</strong></span> 
     </span>
    </p>
   </div>
   <div class='ocr_carea' id='block_1_69' title="bbox 666 4034 2247 4114">
    <p class='ocr_par' dir='ltr' id='par_1_69' title="bbox 666 4034 2247 4114">
     <span class='ocr_line' id='line_1_69' title="bbox 666 4034 2247 4114; baseline -0.005 -17"><span class='ocrx_word' id='word_1_584' title='bbox 666 4042 790 4114; x_wconf 87' lang='lat' dir='ltr'><strong>plici</strong></span> <span class='ocrx_word' id='word_1_585' title='bbox 818 4041 1050 4105; x_wconf 88' lang='lat' dir='ltr'><strong>amictu,</strong></span> <span class='ocrx_word' id='word_1_586' title='bbox 1081 4040 1195 4094; x_wconf 83' lang='lat' dir='ltr'><strong>sive</strong></span> <span class='ocrx_word' id='word_1_587' title='bbox 1238 4051 1569 4107; x_wconf 62' lang='lat' dir='ltr'><strong>quaecunque</strong></span> <span class='ocrx_word' id='word_1_588' title='bbox 1622 4035 1727 4088; x_wconf 88' lang='lat' dir='ltr'><strong>alia</strong></span> <span class='ocrx_word' id='word_1_589' title='bbox 1773 4035 1981 4103; x_wconf 88' lang='lat' dir='ltr'><strong>species</strong></span> <span class='ocrx_word' id='word_1_590' title='bbox 2002 4075 2017 4099; x_wconf 91' lang='lat'><strong>,</strong></span> <span class='ocrx_word' id='word_1_591' title='bbox 2049 4049 2168 4103; x_wconf 65' lang='lat' dir='ltr'><strong>quae</strong></span> <span class='ocrx_word' id='word_1_592' title='bbox 2194 4034 2247 4089; x_wconf 92' lang='lat' dir='ltr'><strong>in</strong></span> 
     </span>
    </p>
   </div>
   <div class='ocr_carea' id='block_1_70' title="bbox 668 4123 2250 4203">
    <p class='ocr_par' dir='ltr' id='par_1_70' title="bbox 668 4123 2250 4203">
     <span class='ocr_line' id='line_1_70' title="bbox 668 4123 2250 4203; baseline -0.006 -13"><span class='ocrx_word' id='word_1_593' title='bbox 668 4142 795 4189; x_wconf 90' lang='lat' dir='ltr'><strong>ante</strong></span> <span class='ocrx_word' id='word_1_594' title='bbox 827 4123 1023 4203; x_wconf 71' lang='lat' dir='ltr'><strong>duplex</strong></span> <span class='ocrx_word' id='word_1_595' title='bbox 1053 4137 1136 4185; x_wconf 92' lang='lat' dir='ltr'><strong>est</strong></span> <span class='ocrx_word' id='word_1_596' title='bbox 1159 4170 1173 4195; x_wconf 93' lang='lat'><strong>,</strong></span> <span class='ocrx_word' id='word_1_597' title='bbox 1206 4136 1260 4184; x_wconf 86' lang='lat' dir='ltr'><strong>et</strong></span> <span class='ocrx_word' id='word_1_598' title='bbox 1303 4143 1334 4181; x_wconf 89' lang='lat' dir='ltr'><strong>a</strong></span> <span class='ocrx_word' id='word_1_599' title='bbox 1364 4135 1517 4195; x_wconf 91' lang='lat' dir='ltr'><strong>tergo</strong></span> <span class='ocrx_word' id='word_1_600' title='bbox 1545 4126 1760 4196; x_wconf 92' lang='lat' dir='ltr'><strong>duplex.</strong></span> <span class='ocrx_word' id='word_1_601' title='bbox 1793 4123 1933 4193; x_wconf 88' lang='lat' dir='ltr'><strong>Ergo</strong></span> <span class='ocrx_word' id='word_1_602' title='bbox 1979 4124 2250 4195; x_wconf 85' lang='lat' dir='ltr'><strong>quadrifa-</strong></span> 
     </span>
    </p>
   </div>
   <div class='ocr_carea' id='block_1_71' title="bbox 668 4218 2251 4289">
    <p class='ocr_par' dir='ltr' id='par_1_71' title="bbox 668 4218 2251 4289">
     <span class='ocr_line' id='line_1_71' title="bbox 668 4218 2251 4289; baseline -0.003 -8"><span class='ocrx_word' id='word_1_603' title='bbox 668 4226 802 4281; x_wconf 89' lang='lat' dir='ltr'><strong>riam</strong></span> <span class='ocrx_word' id='word_1_604' title='bbox 843 4223 1210 4280; x_wconf 91' lang='lat' dir='ltr'><strong>confusioncm</strong></span> <span class='ocrx_word' id='word_1_605' title='bbox 1260 4219 1553 4274; x_wconf 90' lang='lat' dir='ltr'><strong>induuntur</strong></span> <span class='ocrx_word' id='word_1_606' title='bbox 1589 4219 1878 4285; x_wconf 70' lang='lat' dir='ltr'><strong>daemones,</strong></span> <span class='ocrx_word' id='word_1_607' title='bbox 1906 4218 2123 4289; x_wconf 90' lang='lat' dir='ltr'><strong>quando</strong></span> <span class='ocrx_word' id='word_1_608' title='bbox 2152 4237 2251 4278; x_wconf 87' lang='lat' dir='ltr'><strong>nos</strong></span> 
     </span>
    </p>
   </div>
   <div class='ocr_carea' id='block_1_72' title="bbox 668 4310 2247 4385">
    <p class='ocr_par' dir='ltr' id='par_1_72' title="bbox 668 4310 2247 4385">
     <span class='ocr_line' id='line_1_72' title="bbox 668 4310 2247 4385; baseline -0.001 -16"><span class='ocrx_word' id='word_1_609' title='bbox 668 4313 1050 4385; x_wconf 89' lang='lat' dir='ltr'><strong>quadrifariam</strong></span> <span class='ocrx_word' id='word_1_610' title='bbox 1086 4310 1495 4380; x_wconf 85' lang='lat' dir='ltr'><strong>Evangelierum</strong></span> <span class='ocrx_word' id='word_1_611' title='bbox 1544 4310 1915 4371; x_wconf 85' lang='lat' dir='ltr'><strong>liberationem</strong></span> <span class='ocrx_word' id='word_1_612' title='bbox 1944 4310 2247 4382; x_wconf 88' lang='lat' dir='ltr'><strong>arripimus,</strong></span> 
     </span>
    </p>
   </div>
   <div class='ocr_carea' id='block_1_73' title="bbox 668 4400 2249 4474">
    <p class='ocr_par' dir='ltr' id='par_1_73' title="bbox 668 4400 2249 4474">
     <span class='ocr_line' id='line_1_73' title="bbox 668 4400 2249 4474; baseline -0.002 -14"><span class='ocrx_word' id='word_1_613' title='bbox 668 4406 723 4461; x_wconf 90' lang='lat' dir='ltr'><strong>in</strong></span> <span class='ocrx_word' id='word_1_614' title='bbox 753 4419 857 4474; x_wconf 88' lang='lat' dir='ltr'><strong>qua</strong></span> <span class='ocrx_word' id='word_1_615' title='bbox 885 4402 1203 4459; x_wconf 90' lang='lat' dir='ltr'><strong>conﬁtemur</strong></span> <span class='ocrx_word' id='word_1_616' title='bbox 1230 4401 1458 4457; x_wconf 89' lang='lat' dir='ltr'><strong>Domino</strong></span> <span class='ocrx_word' id='word_1_617' title='bbox 1485 4400 1644 4454; x_wconf 90' lang='lat' dir='ltr'><strong>nimis</strong></span> <span class='ocrx_word' id='word_1_618' title='bbox 1667 4400 1719 4454; x_wconf 89' lang='lat' dir='ltr'><strong>in</strong></span> <span class='ocrx_word' id='word_1_619' title='bbox 1750 4416 1845 4456; x_wconf 90' lang='lat' dir='ltr'><strong>ore</strong></span> <span class='ocrx_word' id='word_1_620' title='bbox 1874 4410 2090 4469; x_wconf 90' lang='lat' dir='ltr'><strong>nostro,</strong></span> <span class='ocrx_word' id='word_1_621' title='bbox 2115 4410 2172 4457; x_wconf 92' lang='lat' dir='ltr'><strong>et</strong></span> <span class='ocrx_word' id='word_1_622' title='bbox 2195 4403 2249 4458; x_wconf 91' lang='lat' dir='ltr'><strong>in</strong></span> 
     </span>
    </p>
   </div>
   <div class='ocr_carea' id='block_1_74' title="bbox 670 4492 2250 4564">
    <p class='ocr_par' dir='ltr' id='par_1_74' title="bbox 670 4492 2250 4564">
     <span class='ocr_line' id='line_1_74' title="bbox 670 4492 2250 4564; baseline -0.002 -11"><span class='ocrx_word' id='word_1_623' title='bbox 670 4495 849 4553; x_wconf 80' lang='lat' dir='ltr'><strong>medio</strong></span> <span class='ocrx_word' id='word_1_624' title='bbox 876 4496 1164 4550; x_wconf 89' lang='lat' dir='ltr'><strong>multorum</strong></span> <span class='ocrx_word' id='word_1_625' title='bbox 1204 4492 1481 4547; x_wconf 87' lang='lat' dir='ltr'><strong>laudamus</strong></span> <span class='ocrx_word' id='word_1_626' title='bbox 1504 4506 1626 4547; x_wconf 88' lang='lat' dir='ltr'><strong>eum</strong></span> <span class='ocrx_word' id='word_1_627' title='bbox 1654 4493 1989 4549; x_wconf 89' lang='lat' dir='ltr'><strong>conﬁtentes.</strong></span> <span class='ocrx_word' id='word_1_628' title='bbox 2021 4494 2089 4549; x_wconf 88' lang='lat' dir='ltr'><strong>Et</strong></span> <span class='ocrx_word' id='word_1_629' title='bbox 2123 4496 2250 4564; x_wconf 88' lang='lat' dir='ltr'><strong>quia</strong></span> 
     </span>
    </p>
   </div>
   <div class='ocr_carea' id='block_1_75' title="bbox 671 4582 2327 4679">
    <p class='ocr_par' dir='ltr' id='par_1_75' title="bbox 671 4582 2327 4679">
     <span class='ocr_line' id='line_1_75' title="bbox 671 4582 2327 4679; baseline -0.001 -38"><span class='ocrx_word' id='word_1_630' title='bbox 671 4587 786 4657; x_wconf 89' lang='lat' dir='ltr'><strong>ipse</strong></span> <span class='ocrx_word' id='word_1_631' title='bbox 812 4593 895 4640; x_wconf 85' lang='lat' dir='ltr'><strong>est.</strong></span> <span class='ocrx_word' id='word_1_632' title='bbox 920 4585 1011 4653; x_wconf 88' lang='lat' dir='ltr'><strong>qui</strong></span> <span class='ocrx_word' id='word_1_633' title='bbox 1040 4591 1147 4638; x_wconf 84' lang='lat' dir='ltr'><strong>stat</strong></span> <span class='ocrx_word' id='word_1_634' title='bbox 1181 4598 1212 4637; x_wconf 90' lang='lat' dir='ltr'><strong>a</strong></span> <span class='ocrx_word' id='word_1_635' title='bbox 1239 4582 1442 4638; x_wconf 88' lang='lat' dir='ltr'><strong>dextris</strong></span> <span class='ocrx_word' id='word_1_636' title='bbox 1467 4584 1719 4653; x_wconf 90' lang='lat' dir='ltr'><strong>pauperis</strong></span> <span class='ocrx_word' id='word_1_637' title='bbox 1740 4624 1755 4648; x_wconf 91' lang='lat'><strong>,</strong></span> <span class='ocrx_word' id='word_1_638' title='bbox 1788 4592 1848 4638; x_wconf 91' lang='lat' dir='ltr'><strong>ut</strong></span> <span class='ocrx_word' id='word_1_639' title='bbox 1873 4583 2044 4639; x_wconf 90' lang='lat' dir='ltr'><strong>salvet</strong></span> <span class='ocrx_word' id='word_1_640' title='bbox 2071 4601 2101 4639; x_wconf 88' lang='lat' dir='ltr'><strong>a</strong></span> <span class='ocrx_word' id='word_1_641' title='bbox 2126 4601 2251 4656; x_wconf 90' lang='lat' dir='ltr'><strong>per-</strong></span> <span class='ocrx_word' id='word_1_642' title='bbox 2279 4618 2327 4679; x_wconf 63' lang='grc' dir='ltr'><strong>η</strong></span> 
     </span>
    </p>
   </div>
   <div class='ocr_carea' id='block_1_76' title="bbox 670 4674 2250 4749">
    <p class='ocr_par' dir='ltr' id='par_1_76' title="bbox 670 4674 2250 4749">
     <span class='ocr_line' id='line_1_76' title="bbox 670 4674 2250 4749; baseline -0.001 -15"><span class='ocrx_word' id='word_1_643' title='bbox 670 4678 1016 4746; x_wconf 83' lang='lat' dir='ltr'><strong>sequentibus</strong></span> <span class='ocrx_word' id='word_1_644' title='bbox 1059 4676 1266 4730; x_wconf 87' lang='lat' dir='ltr'><strong>animas</strong></span> <span class='ocrx_word' id='word_1_645' title='bbox 1304 4683 1517 4730; x_wconf 89' lang='lat' dir='ltr'><strong>nostras</strong></span> <span class='ocrx_word' id='word_1_646' title='bbox 1541 4674 1784 4731; x_wconf 87' lang='lat' dir='ltr'><strong>Christus</strong></span> <span class='ocrx_word' id='word_1_647' title='bbox 1810 4676 1977 4732; x_wconf 84' lang='lat' dir='ltr'><strong>Filius</strong></span> <span class='ocrx_word' id='word_1_648' title='bbox 2011 4678 2127 4742; x_wconf 91' lang='lat' dir='ltr'><strong>Dei,</strong></span> <span class='ocrx_word' id='word_1_649' title='bbox 2155 4678 2250 4749; x_wconf 92' lang='lat' dir='ltr'><strong>qui</strong></span> 
     </span>
    </p>
   </div>
   <div class='ocr_carea' id='block_1_77' title="bbox 670 4767 2247 4839">
    <p class='ocr_par' dir='ltr' id='par_1_77' title="bbox 670 4767 2247 4839">
     <span class='ocr_line' id='line_1_77' title="bbox 670 4767 2247 4839; baseline 0.001 -15"><span class='ocrx_word' id='word_1_650' title='bbox 670 4778 861 4838; x_wconf 82' lang='lat' dir='ltr'><strong>regnat</strong></span> <span class='ocrx_word' id='word_1_651' title='bbox 886 4785 1006 4824; x_wconf 87' lang='lat' dir='ltr'><strong>cum</strong></span> <span class='ocrx_word' id='word_1_652' title='bbox 1034 4768 1192 4832; x_wconf 83' lang='lat' dir='ltr'><strong>Patre</strong></span> <span class='ocrx_word' id='word_1_653' title='bbox 1212 4776 1269 4824; x_wconf 90' lang='lat' dir='ltr'><strong>et</strong></span> <span class='ocrx_word' id='word_1_654' title='bbox 1295 4767 1495 4839; x_wconf 91' lang='lat' dir='ltr'><strong>Spiritu</strong></span> <span class='ocrx_word' id='word_1_655' title='bbox 1519 4777 1706 4824; x_wconf 87' lang='lat' dir='ltr'><strong>sancto</strong></span> <span class='ocrx_word' id='word_1_656' title='bbox 1733 4770 1784 4824; x_wconf 91' lang='lat' dir='ltr'><strong>in</strong></span> <span class='ocrx_word' id='word_1_657' title='bbox 1806 4770 1997 4826; x_wconf 72' lang='lat' dir='ltr'><strong>smcula</strong></span> <span class='ocrx_word' id='word_1_658' title='bbox 2020 4771 2247 4826; x_wconf 74' lang='lat' dir='ltr'><strong>szeculo-</strong></span> 
     </span>
    </p>
   </div>
   <div class='ocr_carea' id='block_1_78' title="bbox 670 4860 1035 4917">
    <p class='ocr_par' dir='ltr' id='par_1_78' title="bbox 670 4860 1035 4917">
     <span class='ocr_line' id='line_1_78' title="bbox 670 4860 1035 4917; baseline -0.005 0"><span class='ocrx_word' id='word_1_659' title='bbox 670 4878 811 4917; x_wconf 81' lang='lat' dir='ltr'><strong>rum.</strong></span> <span class='ocrx_word' id='word_1_660' title='bbox 845 4860 1035 4915; x_wconf 73' lang='lat' dir='ltr'><strong>Amen.</strong></span> 
     </span>
    </p>
   </div>
   <div class='ocr_carea' id='block_1_79' title="bbox 1236 4928 1705 5005">
    <p class='ocr_par' dir='ltr' id='par_1_79' title="bbox 1236 4928 1705 5005">
     <span class='ocr_line' id='line_1_79' title="bbox 1236 4928 1705 5005; baseline 0.004 -22"><span class='ocrx_word' id='word_1_661' title='bbox 1236 4928 1548 5005; x_wconf 73' lang='lat' dir='ltr'><strong>PSALMps</strong></span> <span class='ocrx_word' id='word_1_662' title='bbox 1573 4928 1705 4985; x_wconf 69' lang='lat' dir='ltr'><strong>cxx.</strong></span> 
     </span>
    </p>
   </div>
   <div class='ocr_carea' id='block_1_80' title="bbox 1160 5019 1768 5093">
    <p class='ocr_par' dir='ltr' id='par_1_80' title="bbox 1160 5019 1768 5093">
     <span class='ocr_line' id='line_1_80' title="bbox 1160 5019 1768 5093; baseline 0.002 -19"><span class='ocrx_word' id='word_1_663' title='bbox 1160 5019 1400 5076; x_wconf 81' lang='lat' dir='ltr'><strong>Psalmus</strong></span> <span class='ocrx_word' id='word_1_664' title='bbox 1440 5022 1539 5093; x_wconf 87' lang='lat' dir='ltr'><strong>ipsi</strong></span> <span class='ocrx_word' id='word_1_665' title='bbox 1586 5022 1768 5078; x_wconf 84' lang='lat' dir='ltr'><strong>David.</strong></span> 
     </span>
    </p>
   </div>
   <div class='ocr_carea' id='block_1_81' title="bbox 745 5139 2250 5205">
    <p class='ocr_par' dir='ltr' id='par_1_81' title="bbox 745 5139 2250 5205">
     <span class='ocr_line' id='line_1_81' title="bbox 745 5139 2250 5205; baseline 0 -8"><span class='ocrx_word' id='word_1_666' title='bbox 745 5143 894 5199; x_wconf 74' lang='lat' dir='ltr'><strong>Dixit</strong></span> <span class='ocrx_word' id='word_1_667' title='bbox 913 5142 1167 5198; x_wconf 84' lang='lat' dir='ltr'><strong>Dominus</strong></span> <span class='ocrx_word' id='word_1_668' title='bbox 1196 5139 1421 5195; x_wconf 87' lang='lat' dir='ltr'><strong>Domino</strong></span> <span class='ocrx_word' id='word_1_669' title='bbox 1457 5157 1588 5205; x_wconf 88' lang='lat' dir='ltr'><strong>meo,</strong></span> <span class='ocrx_word' id='word_1_670' title='bbox 1619 5140 1753 5196; x_wconf 86' lang='lat' dir='ltr'><strong>Sede</strong></span> <span class='ocrx_word' id='word_1_671' title='bbox 1803 5157 1836 5194; x_wconf 91' lang='lat' dir='ltr'><strong>a</strong></span> <span class='ocrx_word' id='word_1_672' title='bbox 1883 5141 2075 5195; x_wconf 67' lang='lat' dir='ltr'><strong>dextris</strong></span> <span class='ocrx_word' id='word_1_673' title='bbox 2104 5142 2250 5197; x_wconf 87' lang='lat' dir='ltr'><strong>meis.</strong></span> 
     </span>
    </p>
   </div>
   <div class='ocr_carea' id='block_1_82' title="bbox 671 5234 2248 5305">
    <p class='ocr_par' dir='ltr' id='par_1_82' title="bbox 671 5234 2248 5305">
     <span class='ocr_line' id='line_1_82' title="bbox 671 5234 2248 5305; baseline 0 -15"><span class='ocrx_word' id='word_1_674' title='bbox 671 5237 849 5291; x_wconf 85' lang='lat' dir='ltr'><strong>Donec</strong></span> <span class='ocrx_word' id='word_1_675' title='bbox 875 5254 1063 5304; x_wconf 85' lang='lat' dir='ltr'><strong>ponam</strong></span> <span class='ocrx_word' id='word_1_676' title='bbox 1091 5236 1325 5291; x_wconf 85' lang='lat' dir='ltr'><strong>inimicos</strong></span> <span class='ocrx_word' id='word_1_677' title='bbox 1354 5243 1487 5298; x_wconf 83' lang='lat' dir='ltr'><strong>tuos,</strong></span> <span class='ocrx_word' id='word_1_678' title='bbox 1518 5234 1793 5289; x_wconf 86' lang='lat' dir='ltr'><strong>scabellum</strong></span> <span class='ocrx_word' id='word_1_679' title='bbox 1821 5234 2005 5305; x_wconf 85' lang='lat' dir='ltr'><strong>pedum</strong></span> <span class='ocrx_word' id='word_1_680' title='bbox 2027 5243 2248 5290; x_wconf 87' lang='lat' dir='ltr'><strong>tuorum.</strong></span> 
     </span>
    </p>
   </div>
   <div class='ocr_carea' id='block_1_83' title="bbox 682 5324 2257 5396">
    <p class='ocr_par' dir='ltr' id='par_1_83' title="bbox 682 5324 2257 5396">
     <span class='ocr_line' id='line_1_83' title="bbox 682 5324 2257 5396; baseline 0.003 -18"><span class='ocrx_word' id='word_1_681' title='bbox 682 5324 897 5396; x_wconf 83' lang='lat' dir='ltr'><strong>Virgam</strong></span> <span class='ocrx_word' id='word_1_682' title='bbox 924 5328 1121 5379; x_wconf 86' lang='lat' dir='ltr'><strong>virtutis</strong></span> <span class='ocrx_word' id='word_1_683' title='bbox 1162 5335 1264 5380; x_wconf 81' lang='lat' dir='ltr'><strong>tua:</strong></span> <span class='ocrx_word' id='word_1_684' title='bbox 1302 5328 1504 5380; x_wconf 79' lang='lat' dir='ltr'><strong>emittet</strong></span> <span class='ocrx_word' id='word_1_685' title='bbox 1545 5325 1799 5380; x_wconf 84' lang='lat' dir='ltr'><strong>Dominus</strong></span> <span class='ocrx_word' id='word_1_686' title='bbox 1828 5342 1893 5379; x_wconf 65' lang='lat' dir='ltr'><strong>ex</strong></span> <span class='ocrx_word' id='word_1_687' title='bbox 1923 5325 2071 5392; x_wconf 86' lang='lat' dir='ltr'><strong>Sion,</strong></span> <span class='ocrx_word' id='word_1_688' title='bbox 2096 5328 2257 5382; x_wconf 86' lang='lat' dir='ltr'><strong>domi-</strong></span> 
     </span>
    </p>
   </div>
   <div class='ocr_carea' id='block_1_84' title="bbox 676 5416 2251 5489">
    <p class='ocr_par' dir='ltr' id='par_1_84' title="bbox 676 5416 2251 5489">
     <span class='ocr_line' id='line_1_84' title="bbox 676 5416 2251 5489; baseline 0.003 -20"><span class='ocrx_word' id='word_1_689' title='bbox 676 5432 805 5470; x_wconf 77' lang='lat' dir='ltr'><strong>nare</strong></span> <span class='ocrx_word' id='word_1_690' title='bbox 834 5417 887 5467; x_wconf 87' lang='lat' dir='ltr'><strong>in</strong></span> <span class='ocrx_word' id='word_1_691' title='bbox 918 5418 1082 5469; x_wconf 82' lang='lat' dir='ltr'><strong>medio</strong></span> <span class='ocrx_word' id='word_1_692' title='bbox 1102 5418 1424 5489; x_wconf 74' lang='lat' dir='ltr'><strong>inimicorum</strong></span> <span class='ocrx_word' id='word_1_693' title='bbox 1452 5427 1668 5470; x_wconf 83' lang='lat' dir='ltr'><strong>morum.</strong></span> <span class='ocrx_word' id='word_1_694' title='bbox 1724 5416 1907 5470; x_wconf 78' lang='lat' dir='ltr'><strong>Tecum</strong></span> <span class='ocrx_word' id='word_1_695' title='bbox 1946 5419 2251 5488; x_wconf 81' lang='lat' dir='ltr'><strong>principium</strong></span> 
     </span>
    </p>
   </div>
   <div class='ocr_carea' id='block_1_85' title="bbox 678 5507 2250 5580">
    <p class='ocr_par' dir='ltr' id='par_1_85' title="bbox 678 5507 2250 5580">
     <span class='ocr_line' id='line_1_85' title="bbox 678 5507 2250 5580; baseline 0.002 -19"><span class='ocrx_word' id='word_1_696' title='bbox 678 5510 732 5561; x_wconf 86' lang='lat' dir='ltr'><strong>in</strong></span> <span class='ocrx_word' id='word_1_697' title='bbox 761 5508 844 5560; x_wconf 79' lang='lat' dir='ltr'><strong>die</strong></span> <span class='ocrx_word' id='word_1_698' title='bbox 872 5507 1066 5561; x_wconf 69' lang='lat' dir='ltr'><strong>uirtutis</strong></span> <span class='ocrx_word' id='word_1_699' title='bbox 1096 5517 1194 5561; x_wconf 73' lang='lat' dir='ltr'><strong>tum</strong></span> <span class='ocrx_word' id='word_1_700' title='bbox 1212 5546 1224 5570; x_wconf 88' lang='lat'><strong>,</strong></span> <span class='ocrx_word' id='word_1_701' title='bbox 1249 5510 1300 5562; x_wconf 89' lang='lat' dir='ltr'><strong>in</strong></span> <span class='ocrx_word' id='word_1_702' title='bbox 1324 5507 1676 5580; x_wconf 81' lang='lat' dir='ltr'><strong>splendoribns</strong></span> <span class='ocrx_word' id='word_1_703' title='bbox 1705 5517 1997 5562; x_wconf 74' lang='lat' dir='ltr'><strong>srmrtomm</strong></span> <span class='ocrx_word' id='word_1_704' title='bbox 2023 5524 2088 5561; x_wconf 74' lang='lat' dir='ltr'><strong>ex</strong></span> <span class='ocrx_word' id='word_1_705' title='bbox 2108 5517 2250 5564; x_wconf 83' lang='lat' dir='ltr'><strong>utero</strong></span> 
     </span>
    </p>
   </div>
   <div class='ocr_carea' id='block_1_86' title="bbox 680 5589 2249 5669">
    <p class='ocr_par' dir='ltr' id='par_1_86' title="bbox 680 5589 2249 5669">
     <span class='ocr_line' id='line_1_86' title="bbox 680 5589 2249 5669; baseline 0.001 -18"><span class='ocrx_word' id='word_1_706' title='bbox 680 5607 798 5652; x_wconf 76' lang='lat' dir='ltr'><strong>ante</strong></span> <span class='ocrx_word' id='word_1_707' title='bbox 825 5597 1093 5666; x_wconf 66' lang='lat' dir='ltr'><strong>luciferum</strong></span> <span class='ocrx_word' id='word_1_708' title='bbox 1122 5600 1270 5666; x_wconf 83' lang='lat' dir='ltr'><strong>genui</strong></span> <span class='ocrx_word' id='word_1_709' title='bbox 1293 5589 1582 5653; x_wconf 37' lang='lat' dir='ltr'><strong>terlurarit</strong></span> <span class='ocrx_word' id='word_1_710' title='bbox 1603 5598 1874 5663; x_wconf 82' lang='lat' dir='ltr'><strong>Dominus,</strong></span> <span class='ocrx_word' id='word_1_711' title='bbox 1894 5607 1941 5651; x_wconf 69' lang='lat' dir='ltr'><strong>et</strong></span> <span class='ocrx_word' id='word_1_712' title='bbox 1962 5601 2249 5669; x_wconf 77' lang='lat' dir='ltr'><strong>non&#39;pwni-</strong></span> 
     </span>
    </p>
   </div>
   <div class='ocr_carea' id='block_1_87' title="bbox 681 5686 2252 5752">
    <p class='ocr_par' dir='ltr' id='par_1_87' title="bbox 681 5686 2252 5752">
     <span class='ocr_line' id='line_1_87' title="bbox 681 5686 2252 5752; baseline -0.001 -8"><span class='ocrx_word' id='word_1_713' title='bbox 681 5688 803 5745; x_wconf 87' lang='lat' dir='ltr'><strong>tebit</strong></span> <span class='ocrx_word' id='word_1_714' title='bbox 830 5704 961 5752; x_wconf 86' lang='lat' dir='ltr'><strong>eum,</strong></span> <span class='ocrx_word' id='word_1_715' title='bbox 991 5686 1063 5741; x_wconf 84' lang='lat' dir='ltr'><strong>Tu</strong></span> <span class='ocrx_word' id='word_1_716' title='bbox 1092 5704 1145 5739; x_wconf 78' lang='lat' dir='ltr'><strong>es</strong></span> <span class='ocrx_word' id='word_1_717' title='bbox 1177 5688 1413 5743; x_wconf 76' lang='lat' dir='ltr'><strong>sacerdos</strong></span> <span class='ocrx_word' id='word_1_718' title='bbox 1443 5692 1494 5743; x_wconf 92' lang='lat' dir='ltr'><strong>in</strong></span> <span class='ocrx_word' id='word_1_719' title='bbox 1517 5699 1759 5744; x_wconf 60' lang='lat' dir='ltr'><strong>veternum</strong></span> <span class='ocrx_word' id='word_1_720' title='bbox 1788 5689 2062 5743; x_wconf 75' lang='lat' dir='ltr'><strong>srnmdnm</strong></span> <span class='ocrx_word' id='word_1_721' title='bbox 2108 5690 2252 5744; x_wconf 81' lang='lat' dir='ltr'><strong>ordi-</strong></span> 
     </span>
    </p>
   </div>
   <div class='ocr_carea' id='block_1_88' title="bbox 667 5777 2253 5854">
    <p class='ocr_par' dir='ltr' id='par_1_88' title="bbox 667 5777 2253 5854">
     <span class='ocr_line' id='line_1_88' title="bbox 667 5777 2253 5854; baseline 0.001 -20"><span class='ocrx_word' id='word_1_722' title='bbox 667 5796 793 5837; x_wconf 74' lang='lat' dir='ltr'><strong>nem</strong></span> <span class='ocrx_word' id='word_1_723' title='bbox 822 5777 1213 5839; x_wconf 71' lang='lat' dir='ltr'><strong>Melchisedech.</strong></span> <span class='ocrx_word' id='word_1_724' title='bbox 1247 5777 1499 5837; x_wconf 65' lang='lat' dir='ltr'><strong>Dominus</strong></span> <span class='ocrx_word' id='word_1_725' title='bbox 1530 5798 1559 5833; x_wconf 81' lang='grc' dir='ltr'><strong><em>α</em></strong></span> <span class='ocrx_word' id='word_1_726' title='bbox 1590 5780 1781 5837; x_wconf 67' lang='lat' dir='ltr'><strong>dextris</strong></span> <span class='ocrx_word' id='word_1_727' title='bbox 1831 5781 1956 5846; x_wconf 82' lang='lat' dir='ltr'><strong>tuis,</strong></span> <span class='ocrx_word' id='word_1_728' title='bbox 1999 5782 2253 5854; x_wconf 78' lang='lat' dir='ltr'><strong>confregit</strong></span> 
     </span>
    </p>
   </div>
   <div class='ocr_carea' id='block_1_89' title="bbox 2349 3316 3931 3390">
    <p class='ocr_par' dir='ltr' id='par_1_89' title="bbox 2349 3316 3931 3390">
     <span class='ocr_line' id='line_1_89' title="bbox 2349 3316 3931 3390; baseline -0.001 -16"><span class='ocrx_word' id='word_1_729' title='bbox 2349 3320 2402 3374; x_wconf 89' lang='lat' dir='ltr'><strong>in</strong></span> <span class='ocrx_word' id='word_1_730' title='bbox 2432 3335 2589 3376; x_wconf 87' lang='lat' dir='ltr'><strong>cruce</strong></span> <span class='ocrx_word' id='word_1_731' title='bbox 2609 3319 2770 3390; x_wconf 89' lang='lat' dir='ltr'><strong>positi</strong></span> <span class='ocrx_word' id='word_1_732' title='bbox 2802 3318 2938 3374; x_wconf 86' lang='lat' dir='ltr'><strong>ﬁxus</strong></span> <span class='ocrx_word' id='word_1_733' title='bbox 2961 3326 3077 3374; x_wconf 86' lang='lat' dir='ltr'><strong>erat</strong></span> <span class='ocrx_word' id='word_1_734' title='bbox 3102 3316 3258 3383; x_wconf 88' lang='lat' dir='ltr'><strong>latro,</strong></span> <span class='ocrx_word' id='word_1_735' title='bbox 3281 3332 3440 3387; x_wconf 74' lang='lat' dir='ltr'><strong>Quem</strong></span> <span class='ocrx_word' id='word_1_736' title='bbox 3468 3317 3569 3373; x_wconf 84' lang='lat' dir='ltr'><strong>sibi</strong></span> <span class='ocrx_word' id='word_1_737' title='bbox 3588 3316 3931 3373; x_wconf 88' lang='lat' dir='ltr'><strong>vindicabant</strong></span> 
     </span>
    </p>
   </div>
   <div class='ocr_carea' id='block_1_90' title="bbox 2347 3407 3932 3481">
    <p class='ocr_par' dir='ltr' id='par_1_90' title="bbox 2347 3407 3932 3481">
     <span class='ocr_line' id='line_1_90' title="bbox 2347 3407 3932 3481; baseline -0.001 -15"><span class='ocrx_word' id='word_1_738' title='bbox 2347 3425 2505 3481; x_wconf 85' lang='lat' dir='ltr'><strong>reges</strong></span> <span class='ocrx_word' id='word_1_739' title='bbox 2536 3419 2590 3466; x_wconf 90' lang='lat' dir='ltr'><strong>et</strong></span> <span class='ocrx_word' id='word_1_740' title='bbox 2624 3409 2892 3481; x_wconf 85' lang='lat' dir='ltr'><strong>principes</strong></span> <span class='ocrx_word' id='word_1_741' title='bbox 2920 3410 3286 3465; x_wconf 88' lang='lat' dir='ltr'><strong>tenebrarum.</strong></span> <span class='ocrx_word' id='word_1_742' title='bbox 3317 3408 3426 3465; x_wconf 86' lang='lat' dir='ltr'><strong>Hos</strong></span> <span class='ocrx_word' id='word_1_743' title='bbox 3454 3407 3716 3477; x_wconf 81' lang='lat' dir='ltr'><strong>confregit</strong></span> <span class='ocrx_word' id='word_1_744' title='bbox 3754 3408 3807 3463; x_wconf 91' lang='lat' dir='ltr'><strong>in</strong></span> <span class='ocrx_word' id='word_1_745' title='bbox 3844 3408 3932 3464; x_wconf 86' lang='lat' dir='ltr'><strong>die</strong></span> 
     </span>
    </p>
   </div>
   <div class='ocr_carea' id='block_1_91' title="bbox 2349 3500 3934 3574">
    <p class='ocr_par' dir='ltr' id='par_1_91' title="bbox 2349 3500 3934 3574">
     <span class='ocr_line' id='line_1_91' title="bbox 2349 3500 3934 3574; baseline -0.002 -15"><span class='ocrx_word' id='word_1_746' title='bbox 2349 3503 2443 3559; x_wconf 66' lang='lat' dir='ltr'><strong>ira:</strong></span> <span class='ocrx_word' id='word_1_747' title='bbox 2465 3518 2594 3560; x_wconf 71' lang='lat' dir='ltr'><strong>sum.</strong></span> <span class='ocrx_word' id='word_1_748' title='bbox 2626 3502 2683 3556; x_wconf 88' lang='lat' dir='ltr'><strong>In</strong></span> <span class='ocrx_word' id='word_1_749' title='bbox 2713 3502 2800 3557; x_wconf 86' lang='lat' dir='ltr'><strong>die</strong></span> <span class='ocrx_word' id='word_1_750' title='bbox 2838 3503 3023 3574; x_wconf 90' lang='lat' dir='ltr'><strong>utique</strong></span> <span class='ocrx_word' id='word_1_751' title='bbox 3062 3501 3173 3568; x_wconf 72' lang='lat' dir='ltr'><strong>inc,</strong></span> <span class='ocrx_word' id='word_1_752' title='bbox 3205 3516 3364 3573; x_wconf 91' lang='lat' dir='ltr'><strong>quam</strong></span> <span class='ocrx_word' id='word_1_753' title='bbox 3400 3500 3704 3571; x_wconf 88' lang='lat' dir='ltr'><strong>patiebatur</strong></span> <span class='ocrx_word' id='word_1_754' title='bbox 3742 3516 3934 3556; x_wconf 88' lang='lat' dir='ltr'><strong>eorum</strong></span> 
     </span>
    </p>
   </div>
   <div class='ocr_carea' id='block_1_92' title="bbox 2349 3582 3934 3664">
    <p class='ocr_par' dir='ltr' id='par_1_92' title="bbox 2349 3582 3934 3664">
     <span class='ocr_line' id='line_1_92' title="bbox 2349 3582 3934 3664; baseline 0.001 -16"><span class='ocrx_word' id='word_1_755' title='bbox 2349 3594 2442 3664; x_wconf 90' lang='lat' dir='ltr'><strong>qui</strong></span> <span class='ocrx_word' id='word_1_756' title='bbox 2470 3608 2592 3648; x_wconf 90' lang='lat' dir='ltr'><strong>eum</strong></span> <span class='ocrx_word' id='word_1_757' title='bbox 2621 3582 3019 3663; x_wconf 84' lang='lat' dir='ltr'><strong>cruciﬁgebant.</strong></span> <span class='ocrx_word' id='word_1_758' title='bbox 3064 3591 3131 3647; x_wconf 88' lang='lat' dir='ltr'><strong>Et</strong></span> <span class='ocrx_word' id='word_1_759' title='bbox 3169 3593 3457 3649; x_wconf 89' lang='lat' dir='ltr'><strong>confractis</strong></span> <span class='ocrx_word' id='word_1_760' title='bbox 3483 3593 3565 3648; x_wconf 89' lang='lat' dir='ltr'><strong>his</strong></span> <span class='ocrx_word' id='word_1_761' title='bbox 3604 3593 3934 3664; x_wconf 88' lang='lat' dir='ltr'><strong>principibus</strong></span> 
     </span>
    </p>
   </div>
   <div class='ocr_carea' id='block_1_93' title="bbox 2349 3683 3934 3755">
    <p class='ocr_par' dir='ltr' id='par_1_93' title="bbox 2349 3683 3934 3755">
     <span class='ocr_line' id='line_1_93' title="bbox 2349 3683 3934 3755; baseline -0.001 -14"><span class='ocrx_word' id='word_1_762' title='bbox 2349 3685 2726 3754; x_wconf 76' lang='lat' dir='ltr'><strong>Oanuassavit</strong></span> <span class='ocrx_word' id='word_1_763' title='bbox 2748 3684 2924 3755; x_wconf 90' lang='lat' dir='ltr'><strong>capita</strong></span> <span class='ocrx_word' id='word_1_764' title='bbox 2954 3685 3118 3743; x_wconf 89' lang='lat' dir='ltr'><strong>multa</strong></span> <span class='ocrx_word' id='word_1_765' title='bbox 3140 3724 3156 3750; x_wconf 96' lang='lat'><strong>,</strong></span> <span class='ocrx_word' id='word_1_766' title='bbox 3189 3684 3261 3738; x_wconf 89' lang='lat' dir='ltr'><strong>ita</strong></span> <span class='ocrx_word' id='word_1_767' title='bbox 3289 3690 3350 3738; x_wconf 92' lang='lat' dir='ltr'><strong>ut</strong></span> <span class='ocrx_word' id='word_1_768' title='bbox 3375 3683 3631 3755; x_wconf 90' lang='lat' dir='ltr'><strong>capitales</strong></span> <span class='ocrx_word' id='word_1_769' title='bbox 3657 3683 3934 3740; x_wconf 86' lang='lat' dir='ltr'><strong>criminosi</strong></span> 
     </span>
    </p>
   </div>
   <div class='ocr_carea' id='block_1_94' title="bbox 2350 3758 3929 3845">
    <p class='ocr_par' dir='ltr' id='par_1_94' title="bbox 2350 3758 3929 3845">
     <span class='ocr_line' id='line_1_94' title="bbox 2350 3758 3929 3845; baseline -0.001 -15"><span class='ocrx_word' id='word_1_770' title='bbox 2350 3774 2609 3841; x_wconf 88' lang='lat' dir='ltr'><strong>dicerent,</strong></span> <span class='ocrx_word' id='word_1_771' title='bbox 2637 3774 2913 3831; x_wconf 80' lang='lat' dir='ltr'><strong>Homicida</strong></span> <span class='ocrx_word' id='word_1_772' title='bbox 2942 3790 3040 3845; x_wconf 88' lang='lat' dir='ltr'><strong>per</strong></span> <span class='ocrx_word' id='word_1_773' title='bbox 3068 3774 3225 3829; x_wconf 85' lang='lat' dir='ltr'><strong>ﬁdem</strong></span> <span class='ocrx_word' id='word_1_774' title='bbox 3248 3789 3355 3829; x_wconf 92' lang='lat' dir='ltr'><strong>uno</strong></span> <span class='ocrx_word' id='word_1_775' title='bbox 3374 3775 3541 3829; x_wconf 90' lang='lat' dir='ltr'><strong>verbo</strong></span> <span class='ocrx_word' id='word_1_776' title='bbox 3565 3758 3803 3830; x_wconf 87' lang='lat' dir='ltr'><strong>salvatus</strong></span> <span class='ocrx_word' id='word_1_777' title='bbox 3822 3782 3929 3831; x_wconf 88' lang='lat' dir='ltr'><strong>est.</strong></span> 
     </span>
    </p>
   </div>
   <div class='ocr_carea' id='block_1_95' title="bbox 2350 3860 3935 3938">
    <p class='ocr_par' dir='ltr' id='par_1_95' title="bbox 2350 3860 3935 3938">
     <span class='ocr_line' id='line_1_95' title="bbox 2350 3860 3935 3938; baseline 0.001 -18"><span class='ocrx_word' id='word_1_778' title='bbox 2350 3865 2529 3932; x_wconf 83' lang='lat' dir='ltr'><strong>Quare</strong></span> <span class='ocrx_word' id='word_1_779' title='bbox 2555 3882 2663 3921; x_wconf 89' lang='lat' dir='ltr'><strong>non</strong></span> <span class='ocrx_word' id='word_1_780' title='bbox 2692 3874 2749 3921; x_wconf 90' lang='lat' dir='ltr'><strong>et</strong></span> <span class='ocrx_word' id='word_1_781' title='bbox 2767 3882 2866 3922; x_wconf 92' lang='lat' dir='ltr'><strong>nos</strong></span> <span class='ocrx_word' id='word_1_782' title='bbox 2911 3866 3230 3922; x_wconf 88' lang='lat' dir='ltr'><strong>credamus?</strong></span> <span class='ocrx_word' id='word_1_783' title='bbox 3267 3865 3325 3920; x_wconf 90' lang='lat' dir='ltr'><strong>in</strong></span> <span class='ocrx_word' id='word_1_784' title='bbox 3366 3881 3582 3922; x_wconf 89' lang='lat' dir='ltr'><strong>crucem</strong></span> <span class='ocrx_word' id='word_1_785' title='bbox 3607 3866 3815 3938; x_wconf 88' lang='lat' dir='ltr'><strong>positus</strong></span> <span class='ocrx_word' id='word_1_786' title='bbox 3843 3860 3935 3922; x_wconf 80' lang='lat' dir='ltr'><strong>ille</strong></span> 
     </span>
    </p>
   </div>
   <div class='ocr_carea' id='block_1_96' title="bbox 2352 3957 3927 4028">
    <p class='ocr_par' dir='ltr' id='par_1_96' title="bbox 2352 3957 3927 4028">
     <span class='ocr_line' id='line_1_96' title="bbox 2352 3957 3927 4028; baseline 0.002 -18"><span class='ocrx_word' id='word_1_787' title='bbox 2352 3971 2508 4023; x_wconf 87' lang='lat' dir='ltr'><strong>unus,</strong></span> <span class='ocrx_word' id='word_1_788' title='bbox 2534 3958 2733 4013; x_wconf 89' lang='lat' dir='ltr'><strong>multos</strong></span> <span class='ocrx_word' id='word_1_789' title='bbox 2762 3962 2861 4013; x_wconf 88' lang='lat' dir='ltr'><strong>nos‘</strong></span> <span class='ocrx_word' id='word_1_790' title='bbox 2890 3958 2944 4012; x_wconf 92' lang='lat' dir='ltr'><strong>in</strong></span> <span class='ocrx_word' id='word_1_791' title='bbox 2966 3965 3110 4013; x_wconf 92' lang='lat' dir='ltr'><strong>terra</strong></span> <span class='ocrx_word' id='word_1_792' title='bbox 3139 3973 3364 4013; x_wconf 88' lang='lat' dir='ltr'><strong>numero</strong></span> <span class='ocrx_word' id='word_1_793' title='bbox 3389 3957 3612 4028; x_wconf 89' lang='lat' dir='ltr'><strong>copioso</strong></span> <span class='ocrx_word' id='word_1_794' title='bbox 3641 3958 3927 4014; x_wconf 87' lang='lat' dir='ltr'><strong>convertit.</strong></span> 
     </span>
    </p>
   </div>
   <div class='ocr_carea' id='block_1_97' title="bbox 2351 4043 3934 4115">
    <p class='ocr_par' dir='ltr' id='par_1_97' title="bbox 2351 4043 3934 4115">
     <span class='ocr_line' id='line_1_97' title="bbox 2351 4043 3934 4115; baseline 0.004 -17"><span class='ocrx_word' id='word_1_795' title='bbox 2351 4043 2455 4101; x_wconf 87' lang='lat' dir='ltr'><strong>Per</strong></span> <span class='ocrx_word' id='word_1_796' title='bbox 2505 4046 2653 4100; x_wconf 90' lang='lat' dir='ltr'><strong>illum</strong></span> <span class='ocrx_word' id='word_1_797' title='bbox 2697 4047 2789 4115; x_wconf 92' lang='lat' dir='ltr'><strong>qui</strong></span> <span class='ocrx_word' id='word_1_798' title='bbox 2833 4046 2900 4101; x_wconf 89' lang='lat' dir='ltr'><strong>de</strong></span> <span class='ocrx_word' id='word_1_799' title='bbox 2931 4054 3170 4103; x_wconf 90' lang='lat' dir='ltr'><strong>torrente</strong></span> <span class='ocrx_word' id='word_1_800' title='bbox 3209 4046 3262 4102; x_wconf 92' lang='lat' dir='ltr'><strong>in</strong></span> <span class='ocrx_word' id='word_1_801' title='bbox 3290 4047 3376 4102; x_wconf 91' lang='lat' dir='ltr'><strong>via</strong></span> <span class='ocrx_word' id='word_1_802' title='bbox 3405 4047 3556 4102; x_wconf 89' lang='lat' dir='ltr'><strong>bibit.</strong></span> <span class='ocrx_word' id='word_1_803' title='bbox 3586 4045 3664 4102; x_wconf 92' lang='lat' dir='ltr'><strong>De</strong></span> <span class='ocrx_word' id='word_1_804' title='bbox 3692 4053 3934 4104; x_wconf 86' lang='lat' dir='ltr'><strong>torrente</strong></span> 
     </span>
    </p>
   </div>
   <div class='ocr_carea' id='block_1_98' title="bbox 2351 4134 3970 4208">
    <p class='ocr_par' dir='ltr' id='par_1_98' title="bbox 2351 4134 3970 4208">
     <span class='ocr_line' id='line_1_98' title="bbox 2351 4134 3970 4208; baseline 0.002 -19"><span class='ocrx_word' id='word_1_805' title='bbox 2351 4134 2638 4190; x_wconf 71' lang='lat' dir='ltr'><strong>iracundim</strong></span> <span class='ocrx_word' id='word_1_806' title='bbox 2657 4134 2961 4191; x_wconf 74' lang='lat' dir='ltr'><strong>Judzcorum</strong></span> <span class='ocrx_word' id='word_1_807' title='bbox 2984 4137 3036 4191; x_wconf 91' lang='lat' dir='ltr'><strong>in</strong></span> <span class='ocrx_word' id='word_1_808' title='bbox 3061 4136 3143 4191; x_wconf 88' lang='lat' dir='ltr'><strong>via</strong></span> <span class='ocrx_word' id='word_1_809' title='bbox 3167 4134 3303 4191; x_wconf 87' lang='lat' dir='ltr'><strong>bibit</strong></span> <span class='ocrx_word' id='word_1_810' title='bbox 3322 4137 3543 4192; x_wconf 91' lang='lat' dir='ltr'><strong>calicem</strong></span> <span class='ocrx_word' id='word_1_811' title='bbox 3571 4137 3855 4208; x_wconf 88' lang='lat' dir='ltr'><strong>passionis.</strong></span> <span class='ocrx_word' id='word_1_812' title='bbox 3874 4136 3932 4193; x_wconf 85' lang='lat' dir='ltr'><strong>In</strong></span> <span class='ocrx_word' id='word_1_813' title='bbox 3965 4189 3970 4193; x_wconf 85' lang='lat'><strong>.</strong></span> 
     </span>
    </p>
   </div>
   <div class='ocr_carea' id='block_1_99' title="bbox 2350 4225 3931 4299">
    <p class='ocr_par' dir='ltr' id='par_1_99' title="bbox 2350 4225 3931 4299">
     <span class='ocr_line' id='line_1_99' title="bbox 2350 4225 3931 4299; baseline 0.003 -19"><span class='ocrx_word' id='word_1_814' title='bbox 2350 4225 2436 4280; x_wconf 86' lang='lat' dir='ltr'><strong>via</strong></span> <span class='ocrx_word' id='word_1_815' title='bbox 2466 4225 2806 4281; x_wconf 88' lang='lat' dir='ltr'><strong>immaculata</strong></span> <span class='ocrx_word' id='word_1_816' title='bbox 2840 4227 3118 4283; x_wconf 89' lang='lat' dir='ltr'><strong>ambulans</strong></span> <span class='ocrx_word' id='word_1_817' title='bbox 3140 4266 3154 4292; x_wconf 96' lang='lat'><strong>,</strong></span> <span class='ocrx_word' id='word_1_818' title='bbox 3207 4229 3587 4297; x_wconf 89' lang='lat' dir='ltr'><strong>conquassavit</strong></span> <span class='ocrx_word' id='word_1_819' title='bbox 3612 4229 3792 4299; x_wconf 87' lang='lat' dir='ltr'><strong>capita</strong></span> <span class='ocrx_word' id='word_1_820' title='bbox 3819 4229 3931 4285; x_wconf 66' lang='grc' dir='ltr'><strong>ἀω-</strong></span> 
     </span>
    </p>
   </div>
   <div class='ocr_carea' id='block_1_100' title="bbox 2350 4319 3934 4390">
    <p class='ocr_par' dir='ltr' id='par_1_100' title="bbox 2350 4319 3934 4390">
     <span class='ocr_line' id='line_1_100' title="bbox 2350 4319 3934 4390; baseline 0.003 -18"><span class='ocrx_word' id='word_1_821' title='bbox 2350 4333 2572 4373; x_wconf 92' lang='lat' dir='ltr'><strong>monum</strong></span> <span class='ocrx_word' id='word_1_822' title='bbox 2594 4319 2647 4374; x_wconf 92' lang='lat' dir='ltr'><strong>in</strong></span> <span class='ocrx_word' id='word_1_823' title='bbox 2677 4326 2819 4374; x_wconf 87' lang='lat' dir='ltr'><strong>terra</strong></span> <span class='ocrx_word' id='word_1_824' title='bbox 2857 4319 2911 4374; x_wconf 90' lang='lat' dir='ltr'><strong>in</strong></span> <span class='ocrx_word' id='word_1_825' title='bbox 2957 4335 3186 4390; x_wconf 92' lang='lat' dir='ltr'><strong>corpore</strong></span> <span class='ocrx_word' id='word_1_826' title='bbox 3223 4321 3565 4376; x_wconf 91' lang='lat' dir='ltr'><strong>constitutus.</strong></span> <span class='ocrx_word' id='word_1_827' title='bbox 3591 4319 3659 4374; x_wconf 83' lang='lat' dir='ltr'><strong>Et</strong></span> <span class='ocrx_word' id='word_1_828' title='bbox 3676 4321 3934 4377; x_wconf 85' lang='lat' dir='ltr'><strong>exaltavit</strong></span> 
     </span>
    </p>
   </div>
   <div class='ocr_carea' id='block_1_101' title="bbox 2351 4411 3934 4483">
    <p class='ocr_par' dir='ltr' id='par_1_101' title="bbox 2351 4411 3934 4483">
     <span class='ocr_line' id='line_1_101' title="bbox 2351 4411 3934 4483; baseline 0.002 -17"><span class='ocrx_word' id='word_1_829' title='bbox 2351 4411 2526 4481; x_wconf 89' lang='lat' dir='ltr'><strong>capita</strong></span> <span class='ocrx_word' id='word_1_830' title='bbox 2555 4411 2788 4467; x_wconf 88' lang='lat' dir='ltr'><strong>hominis</strong></span> <span class='ocrx_word' id='word_1_831' title='bbox 2816 4411 2940 4468; x_wconf 91' lang='lat' dir='ltr'><strong>dum</strong></span> <span class='ocrx_word' id='word_1_832' title='bbox 2969 4428 3000 4467; x_wconf 90' lang='lat' dir='ltr'><strong>a</strong></span> <span class='ocrx_word' id='word_1_833' title='bbox 3025 4412 3343 4469; x_wconf 89' lang='lat' dir='ltr'><strong>confusione</strong></span> <span class='ocrx_word' id='word_1_834' title='bbox 3363 4413 3539 4483; x_wconf 88' lang='lat' dir='ltr'><strong>erigit,</strong></span> <span class='ocrx_word' id='word_1_835' title='bbox 3567 4429 3597 4468; x_wconf 88' lang='lat' dir='ltr'><strong>a</strong></span> <span class='ocrx_word' id='word_1_836' title='bbox 3618 4413 3934 4470; x_wconf 86' lang='lat' dir='ltr'><strong>confusione</strong></span> 
     </span>
    </p>
   </div>
   <div class='ocr_carea' id='block_1_102' title="bbox 2352 4504 3931 4575">
    <p class='ocr_par' dir='ltr' id='par_1_102' title="bbox 2352 4504 3931 4575">
     <span class='ocr_line' id='line_1_102' title="bbox 2352 4504 3931 4575; baseline 0.003 -18"><span class='ocrx_word' id='word_1_837' title='bbox 2352 4504 2536 4574; x_wconf 90' lang='lat' dir='ltr'><strong>utique</strong></span> <span class='ocrx_word' id='word_1_838' title='bbox 2556 4505 2740 4575; x_wconf 73' lang='lat' dir='ltr'><strong>prima:</strong></span> <span class='ocrx_word' id='word_1_839' title='bbox 2777 4505 3251 4575; x_wconf 63' lang='lat' dir='ltr'><strong>praevaricationis.</strong></span> <span class='ocrx_word' id='word_1_840' title='bbox 3283 4504 3351 4560; x_wconf 87' lang='lat' dir='ltr'><strong>Et</strong></span> <span class='ocrx_word' id='word_1_841' title='bbox 3388 4505 3490 4561; x_wconf 89' lang='lat' dir='ltr'><strong>nisi</strong></span> <span class='ocrx_word' id='word_1_842' title='bbox 3538 4505 3704 4561; x_wconf 89' lang='lat' dir='ltr'><strong>Filius</strong></span> <span class='ocrx_word' id='word_1_843' title='bbox 3745 4506 3843 4562; x_wconf 90' lang='lat' dir='ltr'><strong>Dei</strong></span> <span class='ocrx_word' id='word_1_844' title='bbox 3877 4505 3931 4561; x_wconf 90' lang='lat' dir='ltr'><strong>in</strong></span> 
     </span>
    </p>
   </div>
   <div class='ocr_carea' id='block_1_103' title="bbox 2351 4596 3930 4668">
    <p class='ocr_par' dir='ltr' id='par_1_103' title="bbox 2351 4596 3930 4668">
     <span class='ocr_line' id='line_1_103' title="bbox 2351 4596 3930 4668; baseline 0.002 -19"><span class='ocrx_word' id='word_1_845' title='bbox 2351 4596 2439 4650; x_wconf 86' lang='lat' dir='ltr'><strong>via</strong></span> <span class='ocrx_word' id='word_1_846' title='bbox 2466 4596 2718 4659; x_wconf 89' lang='lat' dir='ltr'><strong>bibisset,</strong></span> <span class='ocrx_word' id='word_1_847' title='bbox 2752 4613 2859 4652; x_wconf 90' lang='lat' dir='ltr'><strong>non</strong></span> <span class='ocrx_word' id='word_1_848' title='bbox 2904 4597 3195 4653; x_wconf 88' lang='lat' dir='ltr'><strong>exaltasset</strong></span> <span class='ocrx_word' id='word_1_849' title='bbox 3220 4606 3383 4668; x_wconf 89' lang='lat' dir='ltr'><strong>caput</strong></span> <span class='ocrx_word' id='word_1_850' title='bbox 3411 4597 3643 4653; x_wconf 89' lang='lat' dir='ltr'><strong>hominis</strong></span> <span class='ocrx_word' id='word_1_851' title='bbox 3662 4596 3930 4666; x_wconf 88' lang='lat' dir='ltr'><strong>dejectum</strong></span> 
     </span>
    </p>
   </div>
   <div class='ocr_carea' id='block_1_104' title="bbox 2351 4684 3930 4758">
    <p class='ocr_par' dir='ltr' id='par_1_104' title="bbox 2351 4684 3930 4758">
     <span class='ocr_line' id='line_1_104' title="bbox 2351 4684 3930 4758; baseline 0.002 -17"><span class='ocrx_word' id='word_1_852' title='bbox 2351 4684 2417 4741; x_wconf 89' lang='lat' dir='ltr'><strong>ad</strong></span> <span class='ocrx_word' id='word_1_853' title='bbox 2448 4695 2634 4741; x_wconf 89' lang='lat' dir='ltr'><strong>terras.</strong></span> <span class='ocrx_word' id='word_1_854' title='bbox 2675 4685 2790 4742; x_wconf 86' lang='lat' dir='ltr'><strong>Non</strong></span> <span class='ocrx_word' id='word_1_855' title='bbox 2821 4701 2951 4756; x_wconf 88' lang='lat' dir='ltr'><strong>ergo</strong></span> <span class='ocrx_word' id='word_1_856' title='bbox 2979 4686 3148 4753; x_wconf 89' lang='lat' dir='ltr'><strong>dicas,</strong></span> <span class='ocrx_word' id='word_1_857' title='bbox 3189 4687 3314 4757; x_wconf 89' lang='lat' dir='ltr'><strong>quia</strong></span> <span class='ocrx_word' id='word_1_858' title='bbox 3352 4689 3730 4758; x_wconf 87' lang='lat' dir='ltr'><strong>conquassavit</strong></span> <span class='ocrx_word' id='word_1_859' title='bbox 3755 4688 3930 4758; x_wconf 86' lang='lat' dir='ltr'><strong>capita</strong></span> 
     </span>
    </p>
   </div>
   <div class='ocr_carea' id='block_1_105' title="bbox 2351 4775 3930 4849">
    <p class='ocr_par' dir='ltr' id='par_1_105' title="bbox 2351 4775 3930 4849">
     <span class='ocr_line' id='line_1_105' title="bbox 2351 4775 3930 4849; baseline 0.003 -19"><span class='ocrx_word' id='word_1_860' title='bbox 2351 4777 2665 4847; x_wconf 89' lang='lat' dir='ltr'><strong>criminum,</strong></span> <span class='ocrx_word' id='word_1_861' title='bbox 2697 4775 2942 4835; x_wconf 90' lang='lat' dir='ltr'><strong>Christus</strong></span> <span class='ocrx_word' id='word_1_862' title='bbox 2980 4778 3094 4848; x_wconf 89' lang='lat' dir='ltr'><strong>ipse</strong></span> <span class='ocrx_word' id='word_1_863' title='bbox 3120 4778 3376 4834; x_wconf 81' lang='lat' dir='ltr'><strong>exultavit</strong></span> <span class='ocrx_word' id='word_1_864' title='bbox 3400 4788 3584 4849; x_wconf 89' lang='lat' dir='ltr'><strong>caput.</strong></span> <span class='ocrx_word' id='word_1_865' title='bbox 3622 4779 3739 4835; x_wconf 82' lang='lat' dir='ltr'><strong>Non</strong></span> <span class='ocrx_word' id='word_1_866' title='bbox 3784 4780 3930 4835; x_wconf 90' lang='lat' dir='ltr'><strong>enim</strong></span> 
     </span>
    </p>
   </div>
   <div class='ocr_carea' id='block_1_106' title="bbox 2351 4866 3931 4940">
    <p class='ocr_par' dir='ltr' id='par_1_106' title="bbox 2351 4866 3931 4940">
     <span class='ocr_line' id='line_1_106' title="bbox 2351 4866 3931 4940; baseline 0.003 -18"><span class='ocrx_word' id='word_1_867' title='bbox 2351 4866 2507 4933; x_wconf 83' lang='lat' dir='ltr'><strong>dixit,</strong></span> <span class='ocrx_word' id='word_1_868' title='bbox 2537 4866 2806 4923; x_wconf 87' lang='lat' dir='ltr'><strong>Exaltavit</strong></span> <span class='ocrx_word' id='word_1_869' title='bbox 2830 4877 2989 4939; x_wconf 87' lang='lat' dir='ltr'><strong>caput</strong></span> <span class='ocrx_word' id='word_1_870' title='bbox 3009 4885 3184 4934; x_wconf 89' lang='lat' dir='ltr'><strong>suum,</strong></span> <span class='ocrx_word' id='word_1_871' title='bbox 3210 4869 3305 4924; x_wconf 90' lang='lat' dir='ltr'><strong>sed</strong></span> <span class='ocrx_word' id='word_1_872' title='bbox 3325 4869 3638 4940; x_wconf 88' lang='lat' dir='ltr'><strong>simpliciter</strong></span> <span class='ocrx_word' id='word_1_873' title='bbox 3661 4870 3774 4924; x_wconf 86' lang='lat' dir='ltr'><strong>ait:</strong></span> <span class='ocrx_word' id='word_1_874' title='bbox 3799 4867 3931 4927; x_wconf 84' lang='lat' dir='ltr'><strong>Pro-</strong></span> 
     </span>
    </p>
   </div>
   <div class='ocr_carea' id='block_1_107' title="bbox 2264 4960 3926 5031">
    <p class='ocr_par' dir='ltr' id='par_1_107' title="bbox 2264 4960 3926 5031">
     <span class='ocr_line' id='line_1_107' title="bbox 2264 4960 3926 5031; baseline 0.004 -18"><span class='ocrx_word' id='word_1_875' title='bbox 2264 5022 2269 5031; x_wconf 35' lang='lat' dir='ltr'><strong><em>I</em></strong></span> <span class='ocrx_word' id='word_1_876' title='bbox 2354 4970 2560 5030; x_wconf 88' lang='lat' dir='ltr'><strong>pterea,</strong></span> <span class='ocrx_word' id='word_1_877' title='bbox 2592 4961 2782 5030; x_wconf 91' lang='lat' dir='ltr'><strong>inquit,</strong></span> <span class='ocrx_word' id='word_1_878' title='bbox 2813 4961 2956 5031; x_wconf 89' lang='lat' dir='ltr'><strong>quod</strong></span> <span class='ocrx_word' id='word_1_879' title='bbox 2974 4960 3288 5031; x_wconf 76' lang='lat' dir='ltr'><strong>dijudicavit</strong></span> <span class='ocrx_word' id='word_1_880' title='bbox 3314 4962 3457 5017; x_wconf 91' lang='lat' dir='ltr'><strong>Deus</strong></span> <span class='ocrx_word' id='word_1_881' title='bbox 3491 4962 3545 5017; x_wconf 90' lang='lat' dir='ltr'><strong>in</strong></span> <span class='ocrx_word' id='word_1_882' title='bbox 3584 4962 3890 5018; x_wconf 87' lang='lat' dir='ltr'><strong>nationibus</strong></span> <span class='ocrx_word' id='word_1_883' title='bbox 3911 5002 3926 5027; x_wconf 91' lang='lat'><strong>,</strong></span> 
     </span>
    </p>
   </div>
   <div class='ocr_carea' id='block_1_108' title="bbox 2356 5049 3932 5127">
    <p class='ocr_par' dir='ltr' id='par_1_108' title="bbox 2356 5049 3932 5127">
     <span class='ocr_line' id='line_1_108' title="bbox 2356 5049 3932 5127; baseline 0.004 -23"><span class='ocrx_word' id='word_1_884' title='bbox 2356 5057 2413 5105; x_wconf 91' lang='lat' dir='ltr'><strong>et</strong></span> <span class='ocrx_word' id='word_1_885' title='bbox 2441 5049 2678 5120; x_wconf 87' lang='lat' dir='ltr'><strong>implevit</strong></span> <span class='ocrx_word' id='word_1_886' title='bbox 2706 5053 2885 5107; x_wconf 88' lang='lat' dir='ltr'><strong>ruinas</strong></span> <span class='ocrx_word' id='word_1_887' title='bbox 2905 5051 3228 5118; x_wconf 67' lang='lat' dir='ltr'><strong>daemonum,</strong></span> <span class='ocrx_word' id='word_1_888' title='bbox 3261 5060 3319 5108; x_wconf 93' lang='lat' dir='ltr'><strong>ut</strong></span> <span class='ocrx_word' id='word_1_889' title='bbox 3338 5053 3423 5108; x_wconf 87' lang='lat' dir='ltr'><strong>ubi</strong></span> <span class='ocrx_word' id='word_1_890' title='bbox 3456 5053 3733 5109; x_wconf 78' lang='lat' dir='ltr'><strong>abundavit</strong></span> <span class='ocrx_word' id='word_1_891' title='bbox 3750 5056 3932 5127; x_wconf 79' lang='lat' dir='ltr'><strong>iniqui-</strong></span> 
     </span>
    </p>
   </div>
   <div class='ocr_carea' id='block_1_109' title="bbox 2357 5144 3934 5219">
    <p class='ocr_par' dir='ltr' id='par_1_109' title="bbox 2357 5144 3934 5219">
     <span class='ocr_line' id='line_1_109' title="bbox 2357 5144 3934 5219; baseline 0.005 -23"><span class='ocrx_word' id='word_1_892' title='bbox 2357 5152 2437 5197; x_wconf 85' lang='lat' dir='ltr'><strong>tas</strong></span> <span class='ocrx_word' id='word_1_893' title='bbox 2457 5158 2666 5208; x_wconf 88' lang='lat' dir='ltr'><strong>eorum,</strong></span> <span class='ocrx_word' id='word_1_894' title='bbox 2684 5144 3121 5214; x_wconf 84' lang='lat' dir='ltr'><strong>superabundaret</strong></span> <span class='ocrx_word' id='word_1_895' title='bbox 3139 5144 3338 5201; x_wconf 89' lang='lat' dir='ltr'><strong>Christi</strong></span> <span class='ocrx_word' id='word_1_896' title='bbox 3359 5149 3531 5218; x_wconf 85' lang='lat' dir='ltr'><strong>gratia</strong></span> <span class='ocrx_word' id='word_1_897' title='bbox 3555 5146 3734 5219; x_wconf 85' lang='lat' dir='ltr'><strong>(Rom.</strong></span> <span class='ocrx_word' id='word_1_898' title='bbox 3755 5154 3835 5217; x_wconf 72' lang='grc' dir='ltr'><strong>ν).</strong></span> <span class='ocrx_word' id='word_1_899' title='bbox 3864 5146 3934 5203; x_wconf 85' lang='lat' dir='ltr'><strong>Et</strong></span> 
     </span>
    </p>
   </div>
   <div class='ocr_carea' id='block_1_110' title="bbox 2353 5227 3932 5306">
    <p class='ocr_par' dir='ltr' id='par_1_110' title="bbox 2353 5227 3932 5306">
     <span class='ocr_line' id='line_1_110' title="bbox 2353 5227 3932 5306; baseline 0.003 -16"><span class='ocrx_word' id='word_1_900' title='bbox 2353 5236 2481 5305; x_wconf 88' lang='lat' dir='ltr'><strong>quia</strong></span> <span class='ocrx_word' id='word_1_901' title='bbox 2508 5236 2643 5290; x_wconf 85' lang='lat' dir='ltr'><strong>bibit</strong></span> <span class='ocrx_word' id='word_1_902' title='bbox 2665 5236 2885 5292; x_wconf 85' lang='lat' dir='ltr'><strong>calicem</strong></span> <span class='ocrx_word' id='word_1_903' title='bbox 2913 5237 3179 5306; x_wconf 85' lang='lat' dir='ltr'><strong>passionis</strong></span> <span class='ocrx_word' id='word_1_904' title='bbox 3205 5227 3273 5293; x_wconf 82' lang='lat' dir='ltr'><strong>de</strong></span> <span class='ocrx_word' id='word_1_905' title='bbox 3294 5246 3535 5295; x_wconf 89' lang='lat' dir='ltr'><strong>torrente</strong></span> <span class='ocrx_word' id='word_1_906' title='bbox 3555 5238 3854 5305; x_wconf 87' lang='lat' dir='ltr'><strong>seditionis,</strong></span> <span class='ocrx_word' id='word_1_907' title='bbox 3877 5240 3932 5295; x_wconf 91' lang='lat' dir='ltr'><strong>in</strong></span> 
     </span>
    </p>
   </div>
   <div class='ocr_carea' id='block_1_111' title="bbox 2353 5325 3930 5401">
    <p class='ocr_par' dir='ltr' id='par_1_111' title="bbox 2353 5325 3930 5401">
     <span class='ocr_line' id='line_1_111' title="bbox 2353 5325 3930 5401; baseline 0.003 -20"><span class='ocrx_word' id='word_1_908' title='bbox 2353 5327 2441 5381; x_wconf 88' lang='lat' dir='ltr'><strong>illa</strong></span> <span class='ocrx_word' id='word_1_909' title='bbox 2470 5327 2557 5381; x_wconf 82' lang='lat' dir='ltr'><strong>via‘</strong></span> <span class='ocrx_word' id='word_1_910' title='bbox 2581 5341 2685 5395; x_wconf 88' lang='lat' dir='ltr'><strong>qua</strong></span> <span class='ocrx_word' id='word_1_911' title='bbox 2707 5326 2866 5391; x_wconf 89' lang='lat' dir='ltr'><strong>dicit,</strong></span> <span class='ocrx_word' id='word_1_912' title='bbox 2890 5325 3001 5399; x_wconf 85' lang='lat' dir='ltr'><strong>Ego</strong></span> <span class='ocrx_word' id='word_1_913' title='bbox 3023 5344 3134 5382; x_wconf 85' lang='lat' dir='ltr'><strong>sum</strong></span> <span class='ocrx_word' id='word_1_914' title='bbox 3157 5330 3237 5383; x_wconf 82' lang='lat' dir='ltr'><strong>ria</strong></span> <span class='ocrx_word' id='word_1_915' title='bbox 3280 5328 3457 5401; x_wconf 82' lang='lat' dir='ltr'><strong>(Joan.</strong></span> <span class='ocrx_word' id='word_1_916' title='bbox 3482 5328 3613 5401; x_wconf 76' lang='lat' dir='ltr'><strong>xiv),</strong></span> <span class='ocrx_word' id='word_1_917' title='bbox 3645 5338 3930 5400; x_wconf 88' lang='lat' dir='ltr'><strong>propterea</strong></span> 
     </span>
    </p>
   </div>
   <div class='ocr_carea' id='block_1_112' title="bbox 2355 5417 3932 5489">
    <p class='ocr_par' dir='ltr' id='par_1_112' title="bbox 2355 5417 3932 5489">
     <span class='ocr_line' id='line_1_112' title="bbox 2355 5417 3932 5489; baseline 0.002 -18"><span class='ocrx_word' id='word_1_918' title='bbox 2355 5417 2612 5472; x_wconf 79' lang='lat' dir='ltr'><strong>exaltavit</strong></span> <span class='ocrx_word' id='word_1_919' title='bbox 2638 5425 2800 5488; x_wconf 87' lang='lat' dir='ltr'><strong>caput</strong></span> <span class='ocrx_word' id='word_1_920' title='bbox 2830 5418 2881 5472; x_wconf 91' lang='lat' dir='ltr'><strong>in</strong></span> <span class='ocrx_word' id='word_1_921' title='bbox 2905 5417 3151 5473; x_wconf 88' lang='lat' dir='ltr'><strong>libertate</strong></span> <span class='ocrx_word' id='word_1_922' title='bbox 3189 5417 3313 5486; x_wconf 89' lang='lat' dir='ltr'><strong>ligni</strong></span> <span class='ocrx_word' id='word_1_923' title='bbox 3356 5419 3566 5482; x_wconf 88' lang='lat' dir='ltr'><strong>crucis,</strong></span> <span class='ocrx_word' id='word_1_924' title='bbox 3597 5418 3740 5489; x_wconf 89' lang='lat' dir='ltr'><strong>quod</strong></span> <span class='ocrx_word' id='word_1_925' title='bbox 3763 5420 3932 5475; x_wconf 89' lang='lat' dir='ltr'><strong>fuerat</strong></span> 
     </span>
    </p>
   </div>
   <div class='ocr_carea' id='block_1_113' title="bbox 2356 5508 3927 5581">
    <p class='ocr_par' dir='ltr' id='par_1_113' title="bbox 2356 5508 3927 5581">
     <span class='ocr_line' id='line_1_113' title="bbox 2356 5508 3927 5581; baseline 0.002 -18"><span class='ocrx_word' id='word_1_926' title='bbox 2356 5509 2622 5578; x_wconf 87' lang='lat' dir='ltr'><strong>dejectum</strong></span> <span class='ocrx_word' id='word_1_927' title='bbox 2670 5509 2723 5564; x_wconf 93' lang='lat' dir='ltr'><strong>in</strong></span> <span class='ocrx_word' id='word_1_928' title='bbox 2779 5508 3218 5579; x_wconf 55' lang='lat' dir='ltr'><strong>praevaricatione</strong></span> <span class='ocrx_word' id='word_1_929' title='bbox 3262 5508 3392 5578; x_wconf 88' lang='lat' dir='ltr'><strong>ligni</strong></span> <span class='ocrx_word' id='word_1_930' title='bbox 3456 5510 3927 5581; x_wconf 65' lang='lat' dir='ltr'><strong>concupiscentiae.</strong></span> 
     </span>
    </p>
   </div>
   <div class='ocr_carea' id='block_1_114' title="bbox 2356 5588 3931 5670">
    <p class='ocr_par' dir='ltr' id='par_1_114' title="bbox 2356 5588 3931 5670">
     <span class='ocr_line' id='line_1_114' title="bbox 2356 5588 3931 5670; baseline 0.002 -18"><span class='ocrx_word' id='word_1_931' title='bbox 2356 5599 2587 5668; x_wconf 84' lang='lat' dir='ltr'><strong>Agamus</strong></span> <span class='ocrx_word' id='word_1_932' title='bbox 2637 5615 2762 5669; x_wconf 84' lang='lat' dir='ltr'><strong>ergo</strong></span> <span class='ocrx_word' id='word_1_933' title='bbox 2801 5600 2907 5670; x_wconf 87' lang='lat' dir='ltr'><strong>ipsi</strong></span> <span class='ocrx_word' id='word_1_934' title='bbox 2943 5599 3175 5668; x_wconf 83' lang='lat' dir='ltr'><strong>gratias,</strong></span> <span class='ocrx_word' id='word_1_935' title='bbox 3227 5599 3319 5668; x_wconf 88' lang='lat' dir='ltr'><strong>qui</strong></span> <span class='ocrx_word' id='word_1_936' title='bbox 3366 5607 3557 5669; x_wconf 88' lang='lat' dir='ltr'><strong>regnat</strong></span> <span class='ocrx_word' id='word_1_937' title='bbox 3605 5588 3729 5656; x_wconf 77' lang='lat' dir='ltr'><strong>cuni</strong></span> <span class='ocrx_word' id='word_1_938' title='bbox 3774 5598 3931 5659; x_wconf 82' lang='lat' dir='ltr'><strong>Patre</strong></span> 
     </span>
    </p>
   </div>
   <div class='ocr_carea' id='block_1_115' title="bbox 2354 5690 3924 5760">
    <p class='ocr_par' dir='ltr' id='par_1_115' title="bbox 2354 5690 3924 5760">
     <span class='ocr_line' id='line_1_115' title="bbox 2354 5690 3924 5760; baseline 0.001 -17"><span class='ocrx_word' id='word_1_939' title='bbox 2354 5706 2491 5746; x_wconf 88' lang='lat' dir='ltr'><strong>unus</strong></span> <span class='ocrx_word' id='word_1_940' title='bbox 2520 5690 2659 5746; x_wconf 86' lang='lat' dir='ltr'><strong>Dens</strong></span> <span class='ocrx_word' id='word_1_941' title='bbox 2687 5706 2806 5746; x_wconf 86' lang='lat' dir='ltr'><strong>cum</strong></span> <span class='ocrx_word' id='word_1_942' title='bbox 2836 5690 3037 5760; x_wconf 78' lang='lat' dir='ltr'><strong>Spiritu</strong></span> <span class='ocrx_word' id='word_1_943' title='bbox 3067 5700 3255 5747; x_wconf 85' lang='lat' dir='ltr'><strong>sancto</strong></span> <span class='ocrx_word' id='word_1_944' title='bbox 3278 5691 3330 5746; x_wconf 91' lang='lat' dir='ltr'><strong>in</strong></span> <span class='ocrx_word' id='word_1_945' title='bbox 3352 5692 3550 5746; x_wconf 74' lang='lat' dir='ltr'><strong>saecula</strong></span> <span class='ocrx_word' id='word_1_946' title='bbox 3582 5692 3924 5749; x_wconf 70' lang='lat' dir='ltr'><strong>szcculorum.</strong></span> 
     </span>
    </p>
   </div>
   <div class='ocr_carea' id='block_1_116' title="bbox 2354 5784 2542 5839">
    <p class='ocr_par' dir='ltr' id='par_1_116' title="bbox 2354 5784 2542 5839">
     <span class='ocr_line' id='line_1_116' title="bbox 2354 5784 2542 5839; baseline -0.011 -2"><span class='ocrx_word' id='word_1_947' title='bbox 2354 5784 2542 5839; x_wconf 84' lang='lat' dir='ltr'><strong>Amen.</strong></span> 
     </span>
    </p>
   </div>
  </div>
