4244 6258
345 399 450 452 497

920 505 1228 561 PSALMUS
1254 504 1362 558 CX.

1015 597 1238 652 Alleluia
1249 637 1262 650 .

422 711 716 783 Confitebor
738 709 844 777 tibi,
865 708 1100 773 Domine,
1121 710 1175 763 in
1194 717 1298 762 toto
1317 706 1473 762 corde
1492 721 1604 760 meo
1626 705 1681 758 in
1702 701 1920 759 concilio

352 805 606 876 justorum
630 811 680 856 et
707 801 1112 872 congregatione.
1163 797 1358 870 Magna
1377 813 1531 868 opera
1563 793 1796 856 Domini,
1825 807 1918 846 ea:-

349 896 542 966 quisita
561 895 613 947 in
643 908 814 946 omnes
841 891 1121 945 voluntates
1146 889 1276 961 ejus.
1305 885 1572 958 Confessio
1597 894 1648 938 et
1673 881 1920 968 magnifi-

351 988 521 1041 centia
548 1001 672 1055 Opus
699 984 830 1054 ejus,
852 992 901 1036 et
921 983 1126 1053 justitia
1155 982 1265 1052 ejus
1285 988 1459 1034 manet
1480 979 1533 1030 in
1555 975 1798 1031 saeculum
1824 989 1923 1028 ste-

351 1079 472 1134 culi.
498 1063 798 1131 Memoriam
837 1076 955 1147 fecit
977 1072 1290 1128 mirabilium
1327 1087 1535 1126 suorum
1559 1068 1847 1123 misericors
1875 1071 1926 1118 et

350 1171 622 1223 miserat0r
649 1165 921 1231 Dominus,
954 1181 1125 1218 escam
1147 1162 1285 1217 dedit
1313 1161 1606 1216 timentibus
1627 1175 1700 1213 se.
1725 1155 1926 1210 Memor

348 1263 444 1316 erit
462 1262 514 1315 in
535 1261 778 1315 saeculum
802 1259 1086 1314 testamenti
1104 1259 1204 1322 sui,
1225 1259 1462 1311 virtutem
1479 1270 1688 1326 operum
1715 1265 1924 1306 suorum

350 1349 676 1404 annuntiabit
695 1350 884 1422 populo
914 1365 1026 1403 suo.
1065 1347 1132 1402 Ut
1163 1347 1248 1400 det
1283 1347 1386 1400 illis
1426 1344 1769 1399 Itwreditatem
1797 1357 1924 1411 gen-

352 1445 494 1508 tium,
524 1459 681 1513 opera
711 1457 958 1495 manuum
985 1441 1096 1510 ejus
1129 1440 1317 1493 veritas
1344 1446 1393 1491 et
1413 1435 1686 1508 judicium.
1716 1430 1924 1484 Fidelia

353 1535 523 1590 omnia
566 1531 816 1586 mandata
847 1533 982 1600 ejus,
1010 1530 1319 1599 confirmata
1345 1529 1400 1580 in
1439 1524 1680 1580 saeculum
1725 1520 1922 1584 swculi,

355 1625 492 1694 facta
518 1624 571 1676 in
594 1623 804 1676 veritate
825 1629 875 1674 et
901 1621 1140 1690 (equitate
1157 1659 1170 1671 .
1205 1617 1621 1686 Redemptionem
1649 1614 1788 1666 misit
1814 1611 1924 1665 Do-

353 1717 520 1771 minus
547 1713 734 1785 populo
762 1728 853 1765 suo
876 1750 891 1774 ,
920 1710 1182 1764 mandavit
1211 1709 1263 1762 in
1294 1717 1542 1762 veternum
1570 1711 1924 1758 testamentum

352 1823 513 1859 suum.
545 1805 792 1859 Sanctum
818 1810 867 1856 et
897 1800 1118 1855 terribile
1137 1816 1318 1854 nomen
1340 1801 1470 1871 ejus,
1496 1797 1695 1850 initium
1718 1797 1924 1865 sapien-

1298 391 1758 450 εοΜΜΕΝΤΑιυι
1797 390 1861 444 IN
1902 386 2224 442 PSALMOS.
2269 387 2458 443 PSAL.
2501 385 2633 442 CXI.

3495 389 3596 445 498

1956 505 1998 560 Λ
2029 510 2280 553 rectorum
2307 500 2647 553 benedicetur.
2679 499 2859 553 Gloria
2887 509 2935 553 et
2956 500 3148 556 divitia:
3172 502 3225 554 in
3267 499 3416 555 domo
3455 504 3594 571 ejus,

2022 602 2072 646 et
2091 593 2299 663 justitia
2319 595 2431 662 ejus
2452 601 2625 646 manet
2650 594 2705 645 in
2730 592 2973 647 naculum
3011 593 3206 648 sceculi.
3239 591 3493 646 Exortum
3523 602 3600 647 est

2021 686 2075 738 in
2108 682 2325 738 tenebris
2345 687 2514 739 lumen
2542 685 2714 749 rectis,
2738 685 3028 740 misericors
3054 693 3102 739 et
3128 686 3399 740 miserator
3429 696 3480 739 et
3510 687 3600 757 jn-

2021 787 2148 832 stus.
2171 775 2436 831 Iucundus
2457 777 2607 832 homo
2629 779 2714 849 qui
2736 779 3000 832 miseretur
3017 785 3067 831 et
3085 777 3394 843 commodat,
3425 776 3600 849 dispo-

2023 869 2100 922 nit
2149 885 2406 923 sermones
2452 885 2570 922 suos
2615 871 2671 922 in
2723 869 2948 936 judicio,
2991 870 3112 940 quia
3137 869 3194 923 in
3221 878 3466 924 ceternum
3492 886 3598 925 non

2023 959 2432 1013 commovebitur.
2467 957 2533 1012 In
2561 961 2806 1013 memoria
2835 969 3030 1015 (eterna
3055 961 3153 1014 erit
3166 960 3361 1031 justus,
3393 958 3458 1013 ab
3497 977 3595 1014 au-

2023 1051 2214 1104 ditione
2237 1050 2376 1104 mala
2404 1067 2507 1105 non
2535 1050 2743 1104 timebit.
2777 1049 3029 1105 Paratum
3050 1067 3139 1104 cor
3173 1051 3283 1122 ejus
3317 1067 3525 1122 sperare
3541 1051 3598 1104 in

2022 1141 2269 1208 Domino,
2306 1143 2669 1212 conﬁrmatum
2693 1152 2768 1196 est
2795 1159 2882 1197 cor
2911 1144 3042 1213 ejus,
3066 1159 3170 1197 non
3208 1143 3600 1198 commovebitur
3681 1189 3688 1195 .

2023 1233 2183 1287 donec
2212 1233 2458 1304 despiciat
2494 1233 2729 1287 inimicos
2757 1249 2892 1286 suos.
2925 1232 3212 1305 Dispersit,
3243 1233 3382 1287 dedit
3406 1250 3600 1304 paupe-

2022 1323 2161 1378 ribus
2186 1363 2202 1387 ,
2223 1325 2428 1394 justitia
2456 1324 2567 1394 ejus
2607 1333 2780 1378 manet
2825 1325 2878 1377 in
2924 1323 3169 1378 steculum
3195 1325 3403 1390 saeculi,
3439 1341 3600 1379 cornu

2021 1415 2133 1484 ejus
2160 1413 2470 1467 exaltabitur
2495 1414 2550 1467 in
2572 1413 2756 1484 gloria.
2783 1412 3033 1468 Peccator
3052 1413 3237 1468 videbit
3259 1423 3308 1467 et
3326 1415 3594 1476 irascetur,

2023 1505 2256 1559 dentibus
2283 1506 2387 1560 suis
2412 1507 2592 1577 fremet
2613 1513 2662 1559 et
2688 1506 2928 1570 tabescet,
2947 1506 3258 1562 desiderium
3277 1513 3598 1578 peccatorum

2023 1594 2225 1666 peribit.
2589 1631 2604 1638 -

2600 1682 3032 1722 COIIENTARIUI.

2101 1777 2191 1831 Vir
2211 1777 2305 1832 Dei
2328 1776 2524 1832 Esdras
2545 1780 2806 1848 propheta
2833 1796 2954 1834 cum
2983 1779 3360 1849 recapitularet
3385 1795 3599 1836 omnem

320 1899 322 1901 ’
355 1899 437 1952 tia:
465 1898 619 1950 timor
640 1894 867 1948 Domini.
897 1893 1193 1948 Intellectus
1232 1859 1392 1946 bonus
1421 1889 1655 1945 omnibus
1685 1889 1924 1960 facienti-
1955 1859 2001 1920 Β

1989 1862 2001 1917 ι
2028 1871 2230 1938 legem,
2262 1870 2357 1926 Dei
2408 1879 2539 1926 nutu
2563 1873 2806 1942 qumdam
2836 1873 3097 1942 adjunxit.
3129 1873 3470 1949 Undgetiam
3496 1873 3598 1943 Ag-

353 1988 442 2039 bns
471 2003 604 2052 eum,
637 1985 866 2039 laudatio
894 1984 1001 2054 ejus
1027 1977 1199 2036 manet
1217 1984 1271 2036 in
1304 1983 1544 2036 saxulum
1572 1980 1766 2034 sa'culi.

928 2111 1358 2151 εοιιιιειιτλιιιυιι.

428 2212 770 2268 Centesimus
808 2211 1044 2266 decimus
1071 2209 1306 2280 psalmus
1353 2208 1405 2263 in
1438 2207 1667 2264 concilio
1707 2215 1926 2262 sancto-

359 2319 478 2359 rixn
498 2301 781 2359 conﬁtetur
806 2318 998 2373 magna
1026 2317 1188 2374 opera
1213 2300 1423 2356 Domini
1451 2300 1773 2364 nativitatis,
1806 2315 1929 2369 pas-

354 2384 546 2465 sionis,
572 2397 976 2452 resurrectionis
1006 2403 1060 2451 et
1095 2395 1150 2449 in
1179 2395 1346 2450 caelos
1374 2392 1928 2460 ascensionis.Magna

358 2490 471 2543 hmc
499 2503 662 2559 opera
707 2486 944 2551 Domini,
977 2501 1168 2556 magna
1199 2499 1254 2542 et
1280 2487 1544 2558 exquisita
1576 2487 1630 2540 in
1677 2485 1926 2540 omnibus

359 2580 716 2635 voluntatibus
743 2579 880 2649 ejus.
908 2577 1099 2648 Magna
1128 2588 1254 2635 sunt
1292 2578 1508 2648 quidem
1539 2578 1718 2634 omnia
1763 2593 1927 2649 opera

355 2671 470 2741 ejus
498 2671 564 2725 ab
591 2670 744 2725 initio
771 2670 951 2724 surculi
975 2686 989 2732 ;
1020 2668 1115 2724 sed
1144 2669 1244 2723 ista
1270 2684 1376 2723 non
1395 2668 1569 2723 solum
1598 2682 1810 2736 magna,
1833 2665 1930 2722 sed

357 2769 412 2816 et
439 2760 701 2830 exquisita
730 2760 1064 2814 in‘omnibus
1090 2774 1210 2828 quae
1239 2758 1306 2813 ab
1334 2758 1486 2812 initio
1513 2757 1683 2812 voluit
1701 2765 1755 2811 et
1783 2756 1926 2828 fecit.

357 2850 633 2908 Cunfessio
677 2851 958 2907 Trinitatis
995 2859 1050 2905 et
1097 2849 1490 2918 magniﬁcentia
1511 2850 1763 2915 Deitatis,
1797 2864 1933 2920 opus

355 2953 471 3009 est;
489 2943 697 3013 justitia
719 2942 837 3012 ejus
855 2940 1200 2996 immutabilis
1219 2949 1525 3011 perseverat
1547 2941 1600 2995 in
1629 2940 1820 2995 saecula
1839 2955 1934 2996 sa:-

358 3035 627 3100 culorum,
658 3033 712 3087 in
732 3048 837 3104 qua
860 3031 1066 3101 justitia
1099 3032 1414 3088 memoriam
1451 3031 1576 3088 fecit
1610 3032 1930 3088 mirabilium

356 3140 608 3188 suorum,
641 3123 826 3179 dieens
856 3141 868 3176 :
898 3121 1028 3178 Hinc
1066 3124 1454 3196 quotiescunque
1479 3125 1720 3194 feceritis,
1749 3124 1802 3178 in
1831 3125 1928 3180 mei

2025 1977 2140 2032 garo
2164 1972 2218 2018 et
2241 1965 2508 2019 Zacharim
2538 1966 2697 2021 istum
2726 1967 2934 2021 titulum
2963 1968 3313 2023 consecravit.
3335 1965 3602 2022 Canamus

2026 2069 2155 2121 ergo
2200 2056 2559 2110 centesimum
2591 2055 2929 2111 undecimum
2976 2057 3259 2126 psalmum,
3310 2066 3365 2112 et
3416 2057 3602 2112 demus

2027 2145 2237 2200 laudem
2264 2145 2380 2214 ejus
2407 2146 2560 2216 quasi
2589 2146 2641 2201 in
2671 2163 2779 2202 uno
2808 2147 2922 2201 viro
2946 2146 3186 2218 perfecto
3215 2147 3463 2202 omnibus
3489 2162 3603 2202 san-

2027 2237 2145 2301 clis,
2174 2245 2231 2290 ut
2250 2237 2394 2306 quod
2407 2236 2476 2292 de
2495 2253 2602 2291 uno
2621 2237 2912 2292 dixerimus
2930 2238 3001 2293 sit
3019 2227 3086 2292 de
3106 2238 3354 2294 omnibus
3372 2237 3602 2303 dictum;

2029 2327 2255 2396 etquod
2301 2327 2642 2395 Singulariter
2670 2328 2830 2401 fuerit
2875 2329 3248 2400 explanatum,
3291 2328 3605 2384 universalis

2028 2420 2285 2474 sanctitas
2312 2421 2505 2490 capiat.
2552 2418 2750 2475 Beatus
2775 2421 2857 2475 vir
2883 2422 2974 2490 qui
2997 2422 3149 2477 timet
3185 2422 3486 2477 Dominum.
3510 2419 3602 2476 Fi—

2031 2524 2152 2564 nem
2181 2509 2438 2579 przeteriti
2479 2510 2670 2580 psalmi
2698 2511 2976 2582 praesentis
3001 2512 3264 2584 principio
3290 2511 3602 2574 collocavit,

2032 2608 2090 2655 ut
2116 2600 2220 2656 hoc
2248 2600 2390 2671 quod
2416 2600 2551 2656 dixit
2577 2601 2718 2656 illius
2743 2599 2866 2667 ﬁne,
2899 2601 3110 2656 laudem
3138 2601 3391 2667 timentis,
3423 2601 3604 2655 Domi-

2032 2708 2158 2747 num
2187 2707 2404 2748 manere
2425 2693 2477 2747 in
2507 2693 2761 2748 saeculum
2789 2694 2986 2758 saeculi,
3018 2694 3104 2748 hic
3131 2693 3183 2748 iu
3214 2693 3476 2764 principio
3503 2692 3606 2762 ipsi

2029 2785 2121 2853 qui
2149 2784 2302 2840 timet
2347 2784 2630 2840 Dominum
2679 2785 3063 2840 beatitudinem
3104 2784 3424 2856 applicaret,
3453 2783 3606 2853 cujus

2032 2875 2372 2932 beatitudinis
2396 2885 2450 2931 et
2477 2876 2685 2946 species
2720 2875 3018 2932 declararet
3045 2885 3100 2931 et
3128 2875 3284 2932 facta.
3309 2874 3440 2942 Quis
3475 2887 3607 2943 ergo

2031 2968 2123 3037 qui
2152 2968 2304 3023 timet
2331 2967 2656 3022 Dominum?
2679 2965 2808 3022 Sine
2835 2966 3031 3033 dubio,
3071 2969 3162 3037 qui
3211 2967 3461 3022 mandata
3490 2967 3608 3036 ejus

2031 3060 2177 3128 cupit
2204 3059 2379 3125 nimis,
2411 3067 2604 3130 potens
2643 3058 2746 3112 erit
2772 3073 2958 3113 semen
2988 3057 3105 3128 ejus
3128 3059 3182 3113 in
3211 3066 3384 3122 terra,
3414 3072 3522 3112 non
3553 3059 3608 3113 in

2029 3157 2266 3218 petrosa,
2290 3164 2390 3204 nec
2417 3164 2560 3204 secus
2589 3150 2744 3215 viam,
2768 3164 2868 3204 nec
2894 3150 3030 3205 inter
3047 3151 3246 3220 spinas,
3275 3148 3370 3204 sed
3390 3151 3445 3204 in
3468 3157 3606 3205 terra

353 3217 658 3270 memoriam
697 3215 915 3287 facietis.
966 3213 1190 3281 Quando
1231 3215 1334 3270 hoc
1359 3214 1493 3270 dixit
1530 3216 1832 3272 misericors
1871 3224 2000 3290 etc

1989 3229 2000 3289 Ξ
2031 3213 2164 3295 bona
2187 3239 2364 3311 (Matt.
2394 3240 2531 3311 xm).
2563 3213 2764 3296 Potens
2803 3247 2886 3295 est
2923 3213 3200 3309 generatio
3227 3254 3346 3310 qua:
3383 3255 3451 3295 ex
3491 3240 3609 3311 ipso

357 3307 642 3361 miserator
660 3305 952 3360 Daminus?
981 3313 1106 3360 tunc
1133 3305 1248 3360 sine
1275 3305 1437 3361 dubio
1454 3345 1468 3370 ,
1511 3305 1723 3376 quando
1750 3321 1927 3360 escam

357 3399 500 3456 dedit
543 3399 785 3470 corporis
836 3399 916 3454 sui
959 3398 1265 3453 timentibus
1299 3413 1379 3453 se.
1409 3397 1477 3452 Et
1503 3399 1608 3453 hoc
1634 3406 1929 3452 testamen-

359 3499 470 3545 tum
499 3505 704 3545 memor
730 3490 833 3545 erit
855 3485 1109 3544 Dominus
1137 3489 1190 3543 in
1217 3497 1494 3552 aeternum,
1525 3503 1623 3558 per
1648 3487 1790 3557 quod
1819 3488 1927 3542 vir-

359 3588 524 3635 tutem
571 3595 793 3650 Operam
825 3595 1054 3637 suorum
1083 3579 1415 3633 annuntiavit
1451 3579 1649 3648 populo
1676 3594 1802 3643 suo;
1834 3594 1932 3648 per

360 3671 498 3740 quod
527 3670 673 3725 dedit
700 3671 778 3724 eis
806 3657 1174 3724 hereditatem
1211 3669 1484 3738 gentium;
1516 3684 1614 3738 per
1651 3668 1794 3738 quod
1823 3684 1930 3722 non

363 3761 412 3814 in
442 3760 811 3830 phantasmate
834 3798 850 3825 ,
890 3765 949 3812 ut
993 3757 1402 3812 anathemabilis
1429 3757 1751 3812 Manichmus
1779 3773 1926 3812 som-

361 3853 532 3907 nialus
557 3860 658 3916 est,
687 3851 780 3906 sed
808 3858 863 3906 et
889 3852 943 3905 in
971 3851 1214 3915 veritate,
1249 3851 1302 3906 in
1333 3849 1572 3919 judicio;
1604 3859 1659 3904 et
1682 3864 1932 3919 qumcun-

359 3957 461 4011 que
516 3942 760 4008 leguntur
814 3939 1060 3995 mandata
1107 3939 1221 4009 ejus
1266 3939 1442 3994 ﬁdelia
1479 3948 1534 3994 et
1573 3949 1755 3995 sancta
1784 3948 1926 4005 sunt,

360 4031 672 4086 conﬁrmata
711 4033 762 4086 in
791 4032 1001 4087 Christo
1020 4072 1035 4094 ,
1065 4032 1336 4087 manentia
1364 4032 1417 4086 in
1438 4032 1684 4087 sacculum
1715 4032 1893 4088 szeculi
1911 4073 1928 4098 ,

361 4125 486 4194 quia
537 4123 673 4178 facta
720 4134 844 4178 sunt
889 4126 941 4179 in
980 4126 1224 4181 veritate.
1262 4124 1321 4180 In
1362 4125 1479 4196 ipso
1502 4125 1683 4196 utique
1705 4125 1930 4181 Domino

361 4223 549 4268 nostro
596 4214 720 4269 Jesu
764 4213 972 4271 Christo
1022 4216 1308 4287 completa,
1357 4224 1408 4270 et
1450 4217 1502 4271 in
1540 4216 1654 4284 ejus
1680 4217 1931 4285 :equitate

358 4316 481 4361 sunt
509 4307 773 4362 custodita
792 4349 806 4373 ,
845 4309 1056 4376 quando
1082 4308 1503 4378 redemptionem
1534 4324 1632 4379 per
1655 4309 1932 4379 apostolos

358 4400 502 4454 misit
527 4399 724 4469 populo
751 4416 850 4455 suo
877 4399 1058 4455 dicens
1089 4419 1101 4452 :
1138 4399 1235 4464 Ite,
1272 4400 1529 4471 baptizate
1555 4417 1727 4454 omnes
1756 4409 1930 4472 gentes

359 4495 409 4545 in
453 4494 657 4546 nomine
685 4491 881 4556 Patris,
904 4502 953 4546 et
981 4492 1126 4558 Filii,
1155 4503 1203 4547 et
1223 4491 1448 4564 Spiritus
1477 4493 1664 4558 sancti,
1695 4491 1930 4546 docentes

357 4600 444 4637 eos
468 4584 721 4637 custodire
748 4587 919 4638 omnia
959 4601 1071 4656 qua:
1097 4584 1336 4638 mandavi
1364 4583 1502 4639 vobis
1524 4582 1701 4654 (Matt.
1722 4580 1926 4650 xxvm).
1960 4583 2007 4643 D

358 4669 489 4738 Quia
520 4672 694 4727 lidelia
716 4674 893 4728 omnia
914 4674 1160 4728 mandata
1186 4683 1326 4739 sunt,
1349 4675 1401 4728 in
1443 4674 1634 4742 quibus
1661 4673 1927 4727 mandatis

359 4763 430 4816 ita
459 4771 723 4825 sanctum,
773 4773 828 4818 et
875 4765 949 4829 jta
984 4766 1220 4820 terribile
1248 4781 1442 4821 nomen
1472 4765 1587 4834 ejus
1633 4773 1691 4819 ut
1719 4765 1929 4819 initium

359 4854 630 4926 sapientia:
670 4853 829 4922 hujus
877 4856 1034 4910 timor
1070 4857 1139 4910 sit
1184 4856 1410 4910 Domini.
1444 4855 1573 4910 Nam
1602 4856 1691 4926 qui
1720 4856 1834 4909 sine
1857 4855 1928 4908 ti-

360 4961 508 5000 more
543 4955 625 5000 est
654 4946 836 5002 incidit
863 4947 919 5003 in
957 4948 1173 5015 malum,
1205 4949 1295 5017 qui
1321 4957 1500 5003 autem
1539 4949 1788 5003 timorem
1833 4948 1929 5003 Dei

358 5037 520 5092 habet
568 5046 730 5108 caput
764 5040 1039 5109 sapientia:
1080 5041 1240 5095 habet
1265 5081 1279 5107 ,
1310 5054 1408 5110 per
1425 5056 1582 5111 quem
1605 5040 1930 5096 intellectum

359 5127 575 5182 habebit
600 5129 828 5196 bonum,
863 5131 933 5184 ita
963 5139 1020 5184 ut
1048 5131 1162 5184 laus
1190 5131 1304 5200 ejus
1339 5141 1552 5186 maneat
1581 5132 1632 5184 in
1678 5133 1931 5188 seculum

359 5220 556 5274 smculi.
589 5219 826 5286 Manens,
860 5223 1022 5278 immo
1052 5238 1369 5293 permanens
1390 5223 1442 5277 in
1473 5223 1663 5278 timore
1703 5224 1795 5278 Dei
1832 5225 1929 5278 ha-

359 5311 504 5365 bebit
526 5311 578 5364 in
606 5309 818 5368 Christo
849 5313 1076 5379 laudem,
1098 5323 1153 5369 et
1181 5315 1293 5383 ipsa
1319 5315 1433 5369 laus
1453 5323 1631 5370 manet
1661 5315 1712 5368 in
1741 5315 1931 5369 szecula

360 5401 695 5457 seculorum.
723 5403 912 5459 Amen.

895 5493 1207 5551 PSALMUS
1263 5493 1396 5552 CXI.

565 5582 789 5640 Alleluia
814 5587 1134 5642 reversionis
1155 5587 1332 5657 Aggmi
1360 5595 1416 5643 et
1440 5587 1726 5643 Zachariae.

435 5692 625 5749 Beatus
650 5700 726 5753 vir
753 5701 841 5770 qui
871 5701 1011 5754 timet
1054 5699 1331 5756 Dominum
1355 5741 1370 5767 ,
1409 5704 1464 5756 in
1515 5701 1777 5755 mandatis
1819 5699 1931 5770 ejus

361 5787 494 5843 volet
520 5790 693 5845 nimis.
724 5791 916 5847 Potens
940 5794 994 5848 in
1022 5802 1159 5849 terra
1179 5795 1276 5848 erit
1316 5810 1485 5848 semen
1512 5793 1642 5863 ejus,
1666 5791 1928 5863 generatio

2031 3331 2234 3384 semine
2254 3332 2524 3399 nascitur,
2547 3345 2762 3402 semper
2797 3331 2850 3386 in
2878 3331 3248 3387 benedictione
3275 3331 3396 3387 erit.
3426 3329 3607 3386 Gloria

2031 3428 2088 3474 et
2114 3419 2310 3475 divitize
2353 3423 2407 3476 in
2453 3421 2619 3478 domo
2657 3421 2792 3490 ejus.
2832 3421 3123 3477 Audiamus
3159 3421 3254 3476 Dei
3289 3421 3610 3492 sapientiam

2033 3511 2394 3580 alloquentem
2423 3530 2436 3566 :
2470 3511 2538 3566 Et
2564 3513 2609 3567 si
2637 3512 2855 3578 divitiae,
2891 3513 3080 3581 inquit,
3111 3511 3395 3580 diligantur
3421 3511 3475 3564 in
3502 3511 3609 3567 hac

2031 3603 2139 3657 vita
2163 3643 2178 3667 ,
2207 3602 2334 3672 quid
2357 3604 2620 3674 sapientia
2640 3603 2957 3674 locupletius
2981 3618 3100 3671 qua:
3119 3602 3298 3656 omnia
3327 3600 3607 3670 possidet?

2032 3693 2132 3761 Qui
2162 3709 2290 3764 ergo
2315 3694 2635 3764 sapientiam
2686 3694 2824 3748 intra
2874 3693 3089 3746 domum
3133 3692 3376 3761 corporis
3401 3691 3483 3745 sui
3512 3691 3608 3744 ha-

2032 3784 2160 3840 bere
2182 3784 2462 3850 meruerit,
2495 3782 2655 3837 habet
2683 3782 2827 3836 intus
2852 3780 3096 3849 gloriam.
3121 3778 3292 3834 liabet
3315 3788 3371 3835 et
3395 3779 3608 3834 divitias

2034 3892 2139 3930 non
2169 3877 2396 3932 caducas
2419 3912 2434 3939 ,
2468 3889 2574 3930 non
2596 3889 2730 3943 quas
2756 3873 2899 3927 tinea
2929 3872 3285 3936 exterminat,
3321 3887 3428 3926 non
3471 3886 3608 3940 quas

2031 3967 2176 4022 fures
2203 3969 2443 4038 rapiunt,
2467 3966 2564 4022 sed
2589 3965 2705 4020 illas
2737 3964 2946 4019 divitias
2973 3978 3106 4033 quas
3132 3971 3394 4018 memorat
3432 3964 3486 4018 in
3507 3979 3607 4018 sae-

1989 4109 1991 4111 .
2031 4060 2210 4114 culum
2238 4059 2417 4115 saeculi
2447 4064 2781 4129 permanere,
2804 4071 2900 4127 per
2923 4069 3058 4124 quas
3076 4054 3279 4110 orietur
3298 4054 3350 4108 in
3373 4054 3609 4108 tenebris

2033 4151 2190 4220 hujus
2237 4150 2439 4218 mundi
2470 4149 2648 4204 lumen
2677 4147 2839 4202 rectis
2866 4145 3028 4202 corde
3049 4187 3064 4212 ,
3095 4160 3321 4215 quorum
3369 4143 3609 4201 videntes

2031 4240 2278 4294 homines
2317 4254 2500 4310 opera,
2541 4235 2841 4307 gloriﬁcent
2886 4235 3098 4290 Patrem
3128 4235 3219 4305 qui
3244 4242 3328 4290 est
3355 4236 3407 4289 in
3435 4234 3606 4298 caelis,

2031 4331 2100 4384 sit
2129 4337 2336 4384 tantum
2356 4330 2662 4384 misericors
2688 4337 2743 4383 et
2769 4328 3050 4382 miserator
3077 4326 3302 4382 homini.
3331 4325 3482 4382 Sicut
3505 4324 3609 4382 sibi

2034 4420 2147 4473 vult
2192 4420 2355 4474 homo
2407 4419 2546 4474 el'llci
2592 4418 2874 4474 Dominum
2897 4459 2912 4483 ,
2943 4418 3014 4472 sit
3037 4418 3189 4489 pius,
3220 4417 3290 4472 sit
3312 4415 3606 4487 jucundus,

2034 4513 2351 4567 misereatur
2363 4517 2419 4566 et
2446 4511 2767 4576 commodet,
2799 4519 2854 4565 et
2881 4511 2935 4564 in
2959 4509 3162 4579 judicio
3191 4525 3296 4565 non
3324 4523 3612 4580 personam

2034 4603 2211 4673 inopis
2239 4602 2554 4668 confundat,
2586 4611 2640 4655 et
2667 4603 2902 4671 potentis
2927 4602 3184 4672 accipiat;
3219 4602 3364 4672 quod
3412 4602 3458 4658 si
3501 4617 3610 4658 non

2033 4693 2235 4760 fecerit,
2260 4695 2312 4748 in
2341 4701 2599 4748 :etemum
2628 4709 2736 4749 non
2764 4692 3206 4749 commovebitur.
3237 4692 3494 4750 Memoria
3514 4709 3612 4749 au-

2034 4791 2142 4838 tem
2171 4783 2287 4853 ejus
2313 4792 2512 4838 :eterna
2538 4784 2676 4849 erit,-
2691 4792 2747 4839 et
2772 4784 2900 4839 dum
2923 4784 3148 4854 cmperit
3176 4785 3302 4839 tuba
3320 4799 3514 4840 sonare
3541 4783 3611 4838 de

2036 4875 2203 4940 ccelo,
2242 4875 2368 4929 dum
2397 4875 2620 4944 cmperit
2647 4875 2783 4944 ignis
2808 4875 3035 4946 strepitu
3061 4875 3316 4945 gehennae
3360 4874 3608 4931 frenden-

2037 4967 2177 5020 tihus
2195 4966 2368 5035 globis
2395 4963 2636 5022 ﬂammas
2661 4981 2931 5032 evomere,
2962 4966 3051 5023 hic
3072 4967 3284 5036 penitus
3312 4979 3420 5019 non
3449 4963 3608 5016 time-

2035 5058 2132 5112 bit.
2157 5057 2377 5122 Quare?
2405 5054 2539 5122 Quia
2568 5067 2811 5126 paratum
2837 5070 3053 5126 semper
3079 5054 3177 5109 fuit
3211 5068 3306 5107 cor
3331 5051 3448 5120 ejus
3480 5064 3605 5120 spe-

2033 5163 2154 5202 rare
2206 5149 2258 5203 in
2314 5146 2558 5202 Domino.
2610 5147 2843 5217 Ideoque
2895 5144 3212 5200 conﬁrmato
3273 5139 3436 5195 corde
3497 5155 3606 5195 non

2033 5238 2456 5294 commovebitur
2477 5279 2492 5304 ,
2525 5237 2698 5294 donec
2724 5236 2902 5292 videat
2921 5233 3169 5288 inimicos
3196 5245 3324 5286 suos
3350 5231 3406 5286 in
3433 5231 3608 5303 ipsum

2033 5330 2174 5383 mitti
2229 5328 2552 5384 incendium.
2584 5325 2781 5382 Omnes
2807 5325 3012 5379 scilicet
3038 5321 3340 5378 immundos
3366 5323 3605 5394 spiritus,

2032 5421 2124 5490 qui
2169 5421 2238 5475 ab
2277 5419 2601 5490 inimicitiis,
2632 5414 2867 5486 quandiu
2887 5429 3072 5469 sumus
3120 5413 3173 5468 in
3207 5414 3309 5469 isto
3355 5431 3606 5488 corpore,

2037 5487 2257 5568 omnino
2286 5529 2394 5567 non
2420 5487 2649 5566 cessant.
2675 5505 2872 5559 Verum
2899 5505 3045 5574 quia,
3079 5513 3137 5560 ut
3164 5505 3306 5573 dixi,
3358 5507 3405 5561 si
3445 5487 3608 5561 unum

2038 5605 2270 5675 aliquem
2291 5605 2503 5659 beatum
2525 5600 2684 5654 istum
2722 5599 2891 5652 virum
2923 5599 2976 5653 in
3013 5600 3114 5655 isto
3159 5616 3324 5671 opere
3344 5601 3604 5661 nominat,

2038 5701 2284 5754 omnibus
2321 5694 2676 5767 applicabitur
2714 5695 2806 5764 qui
2854 5695 3090 5766 ejusdem
3135 5695 3261 5751 facti
3301 5693 3606 5750 similitudi-

2038 5804 2160 5844 nem
2188 5793 2530 5859 perpetrant;
2558 5785 2636 5840 sic
2655 5784 2829 5842 dicam
2858 5786 2912 5842 in
2957 5787 3118 5843 beato
3159 5784 3446 5840 Laurentio
3491 5784 3626 5856 hac,
