4244 6258
664 309 768 367 499

2026 298 2295 355 ARNOBII
2333 297 2631 355 JUNIORIS

3816 304 3919 373 .500

663 426 874 490 omnia,
916 432 970 478 et
1019 421 1337 497 prophetata
1366 426 1418 475 et
1457 419 1613 484 facta.
1650 414 1910 485 Dispersit
1940 416 2079 469 cnim
2124 431 2241 469 om-
2270 415 2323 473 Α
2348 428 2464 467 eam
2503 422 2729 467 matrem
2773 412 2825 465 in
2866 409 2986 479 ﬁliis
3028 412 3403 466 exsultantem.
3453 413 3706 468 Sanctam
3736 418 3919 485 utique

662 517 780 580 nia,
824 502 879 570 et
930 504 1075 568 dedit
1119 509 1472 582 pauperibus;
1515 523 1621 563 non
1668 507 1926 578 reposuit,
1985 521 2092 561 non
2140 521 2231 561 oc-

659 608 900 670 cultavit,
917 601 1165 674 dispersit
1204 610 1258 657 et
1294 601 1441 671 dedit
1483 597 1826 671 pauperibus.
1871 595 1996 651 Ideo
2030 596 2231 665 justitia

660 698 779 767 ejus
819 694 1126 766 temporalis
1154 706 1261 748 non
1292 701 1376 748 est
1397 733 1410 756 ,
1443 691 1538 747 sed
1567 697 1846 761 permanet
1872 689 1925 743 in
1953 696 2260 753 mternum,.

659 796 713 843 et
736 802 905 844 cornu
926 786 1062 854 ejus,
1076 783 1128 839 id
1149 791 1248 850 est,
1272 782 1516 838 Christus
1531 781 1665 850 ejus,
1688 780 1779 849 qui
1800 780 1853 833 in
1884 780 2001 849 ipso
2023 787 2229 847 regnat,

658 878 923 932 exaltatur
952 876 1004 930 in
1034 874 1201 944 gloria
1225 882 1271 927 η.
1304 872 1418 928 Hoc
1441 880 1695 942 peccator
1716 869 1846 925 vidit
1886 885 1982 925 rex
2010 870 2232 924 amaris-

657 969 852 1032 simus,
894 966 1028 1021 vidit
1065 964 1319 1034 quoniam
1346 962 1597 1033 dispersit
1631 970 1684 1017 et
1716 960 1861 1016 dedit
1887 960 2228 1031 pauperibus,

656 1057 904 1111 dentibus
931 1056 1093 1125 cmpit
1121 1052 1349 1109 fremere
1381 1060 1436 1108 et
1467 1053 1758 1118 tabescere,
1790 1051 1884 1106 sed
1907 1050 2228 1107 desiderium

570 1172 575 1175 ·
653 1149 954 1220 peccatoris
1003 1148 1178 1217 periit.
1232 1145 1563 1201 Desiderium
1602 1152 1782 1199 autem
1816 1143 1945 1213 justi
1980 1142 2229 1215 martyris

652 1245 834 1295 manet
863 1241 915 1293 in
943 1238 1136 1294 smcula
1166 1237 1503 1294 smculorum.
1536 1235 1727 1292 Amen.

1186 1346 1503 1404 PSALMUS
1540 1345 1698 1402 CXII.

1188 1438 1433 1505 Alleluia,
1465 1437 1698 1492 alleluia.

723 1553 976 1617 Laudate,
1005 1553 1166 1623 pueri,
1203 1550 1512 1614 Dominum,
1546 1547 1755 1613 laudate
1781 1562 1962 1600 nomen
1992 1545 2220 1601 Domini.

652 1646 735 1700 Sit
756 1661 941 1699 nomen
967 1642 1177 1698 Domini
1208 1640 1542 1704 benedictum,
1573 1656 1638 1694 ea:
1656 1638 1750 1692 hoc
1770 1654 1903 1690 nunc
1927 1646 1977 1691 et
1994 1654 2152 1708 usque
2171 1638 2225 1691 in

2337 504 2668 571 Ecclesiam,
2702 505 2755 558 in
2800 519 2905 574 qua
2944 503 3178 589 Trinitas
3205 513 3398 573 regnat
3437 503 3613 560 Patris
3637 515 3693 560 et
3720 506 3837 561 Filii
3868 518 3923 563 et

2336 598 2564 668 Spiritus
2593 597 2795 663 sancti,
2830 597 2883 651 in
2906 597 3114 652 unitate
3141 596 3394 661 Deitatis,
3433 614 3578 653 nunc
3606 606 3661 652 et
3687 615 3915 670 semper,

2336 698 2388 743 et
2409 690 2461 743 in
2488 690 2681 745 saecula
2710 688 3047 743 saeculorum.
3074 687 3263 745 Amen.

2866 798 3179 854 PSALMUS
3213 798 3393 854 CXIII.

2860 890 3089 945 Alleluia
3102 931 3117 956 ,
3151 891 3391 945 alleluia.

2408 1003 2471 1056 In
2489 1005 2627 1057 exitu
2651 1002 2817 1057 Israel
2837 1003 2898 1057 de
2926 1001 3180 1075 (Egyplo,
3223 1002 3401 1057 domus
3439 1000 3604 1057 Jacob
3640 1001 3705 1056 de
3732 1006 3922 1074 papula

2334 1093 2572 1156 barbaro.
2616 1093 2782 1148 Facta
2809 1103 2885 1148 est
2904 1092 3089 1149 Indica
3108 1094 3454 1164 sanctiﬁcatio
3482 1095 3613 1164 ejus,
3646 1090 3817 1149 Israel
3837 1115 3924 1166 po-

2335 1192 2488 1237 testas
2517 1185 2644 1255 ejus.
2680 1183 2829 1238 Mare
2857 1184 2979 1239 vidit
3007 1193 3057 1237 et
3084 1185 3248 1255 fugit,
3275 1183 3525 1237 Iordanis
3553 1200 3823 1239 conuersus
3846 1195 3921 1239 est

2286 1338 2291 1341 χ
2331 1284 2627 1348 retrorsum.
2672 1273 2876 1329 Montes
2923 1275 3301 1329 exsultaverunt
3334 1283 3389 1328 ut
3430 1277 3646 1343 arietes,
3687 1286 3737 1330 et
3764 1278 3919 1331 colles

2331 1368 2463 1421 sicut
2488 1368 2612 1439 agni
2642 1368 2826 1420 ovium.
2864 1364 2999 1430 Quid
3026 1376 3104 1420 est
3126 1364 3213 1419 tibi
3235 1383 3376 1419 mare
3393 1366 3529 1438 quod
3556 1368 3753 1439 fugisti,
3785 1378 3838 1422 et
3864 1377 3918 1427 tu

2329 1457 2578 1512 Jordanis
2606 1459 2725 1530 quia
2753 1474 3019 1512 conversas
3056 1475 3109 1512 es
3149 1458 3466 1512 retrorsum?
3503 1457 3704 1512 Montes
3736 1459 3917 1514 exsul-

2333 1552 2481 1603 tastis
2502 1551 2632 1603 sicut
2655 1551 2861 1615 arietes,
2886 1560 2934 1604 et
2961 1552 3115 1604 colles
3154 1552 3285 1604 sicut
3319 1551 3443 1621 agni
3473 1551 3675 1605 ovium?
3701 1553 3743 1617 Α
3775 1553 3915 1623 {acie

2331 1638 2540 1701 Domini
2562 1652 2699 1696 mota
2721 1651 2797 1694 est
2816 1652 2952 1695 terra
2971 1681 2985 1704 ,
3016 1659 3047 1695 a
3077 1643 3210 1713 {acie
3234 1640 3330 1695 Dei
3349 1640 3529 1695 Iacob.
3574 1640 3673 1719 Qui
3695 1658 3914 1697 conver-

648 1733 907 1811 swculum.
930 1733 976 1786 Α
996 1732 1119 1788 solis
1140 1741 1253 1787 ortu
1280 1747 1437 1802 usque
1472 1729 1541 1783 ad
1578 1745 1814 1785 occasum
1847 1727 2107 1783 laudabile
2133 1744 2229 1799 no-
2258 1755 2308 1815 Β
2335 1732 2394 1783 tit
2421 1742 2619 1803 petram
2638 1734 2691 1786 in
2714 1742 2902 1802 stagna
2926 1749 3194 1803 aquarum,
3219 1743 3268 1786 et
3292 1749 3469 1804 rupem
3489 1733 3542 1786 in
3564 1734 3730 1804 fontes
3751 1749 3915 1806 aqua-

647 1842 762 1892 men
793 1823 1021 1896 Domini.
1063 1821 1314 1877 Excelsus
1341 1837 1492 1896 super
1524 1836 1698 1875 omnes
1733 1827 1908 1889 gentes
1949 1816 2222 1885 Dominus,

647 1890 694 1969 et
723 1898 875 1986 super
911 1890 1061 1968 cados
1090 1898 1255 1986 gloria
1283 1890 1415 1982 ejus.
1437 1890 1443 1896 ”
1465 1908 1590 1974 Quis
1638 1909 1769 1965 sicut
1804 1908 2057 1964 Dominus
2084 1907 2225 1963 Deus

645 1984 929 2083 noster‘qui
956 2005 1017 2083 in
1049 1984 1170 2059 altis
1195 2003 1423 2064 habitat.
1465 2011 1516 2057 et
1543 2002 1757 2065 humilia
1789 2002 1996 2072 respicit
2022 2002 2076 2056 in
2102 2001 2226 2055 ccelo

645 2086 709 2163 et.
732 2100 786 2152 in
828 2081 985 2161 terra.
1012 2081 1309 2152 'Suscitans'
1338 2114 1369 2150 a
1408 2106 1545 2153 terra
1583 2098 1806 2165 inopem,
1836 2105 1885 2150 et
1913 2095 1976 2150 de
2002 2106 2226 2151 stercore

644 2192 847 2262 erigens
887 2206 1179 2261 pauperem.
1238 2188 1305 2243 Ut
1333 2190 1545 2245 collocet
1582 2206 1697 2243 eum
1736 2203 1847 2242 cum
1880 2189 2222 2259 principibus,
2254 2238 2259 2241 _

643 2299 759 2360 cum
781 2281 1095 2359 principibus
1117 2281 1291 2354 pepuli
1312 2283 1411 2336 sui.
1457 2279 1558 2344 Qui
1584 2279 1819 2337 habitare
1851 2280 1977 2351 facit
2000 2281 2223 2359 sterilem

643 2373 695 2426 in
722 2372 892 2450 domo,
923 2381 1136 2427 matrem
1158 2372 1386 2442 ﬁliorum
1413 2372 1694 2428 lwtantem.

1213 2501 1648 2541 οοκιιεΝτΑιιιωι.

711 2597 905 2656 Venite
929 2638 944 2663 ,
993 2599 1180 2670 pueri,
1231 2599 1398 2655 nolite
1439 2605 1773 2670 exspectare,
1803 2598 1969 2655 nolite
1995 2598 2215 2654 dicere:

640 2687 889 2745 Nondum
918 2705 1074 2746 senes
1100 2704 1301 2746 sumus.
1351 2689 1495 2746 Ordo
1521 2689 1776 2746 nascendi
1804 2698 1905 2757 est,
1930 2689 2062 2745 ordo
2093 2705 2219 2745 vero

640 2781 903 2837 moriendi
934 2798 1042 2837 non
1070 2790 1171 2837 est.
1208 2782 1395 2838 Venite
1419 2797 1577 2852 ergo,
1619 2782 1802 2853 pueri,
1834 2797 1941 2837 non
1971 2781 2038 2837 ad
2064 2781 2218 2836 labo-

641 2880 753 2927 rem
783 2873 1014 2942 aliquem
1038 2911 1053 2937 ,
1101 2871 1196 2928 sed
1224 2872 1290 2927 ad
1312 2873 1541 2928 laudem.
1579 2872 1848 2934 Laudate,
1891 2871 2073 2942 pueri,
2114 2870 2221 2925 Do-

641 2965 874 3031 minum,
914 2964 1129 3019 laudate
1166 2980 1359 3035 nomen
1402 2965 1612 3021 Domini
1642 2966 1693 3019 in
1725 2963 1958 3019 Christo.
2016 2962 2073 3017 ln
2103 2963 2219 3032 ipso

641 3053 783 3108 enim
828 3067 1024 3111 nomen
1069 3048 1279 3111 Domini
1324 3056 1681 3121 bcnedicitur,
1728 3071 1796 3111 ex
1843 3055 1948 3110 hoc
1995 3068 2136 3109 nunc
2164 3062 2220 3109 et

641 3156 809 3212 usque
850 3146 903 3199 in
941 3146 1151 3201 saacula.
1203 3146 1320 3202 Non
1351 3147 1404 3200 in
1433 3145 1611 3201 Judtna
1638 3146 1772 3211 sola,
1800 3146 1893 3201 sed
1923 3146 1975 3199 in
2002 3160 2221 3199 omnem

641 3239 840 3288 lci-ram
885 3249 916 3288 a
960 3234 1089 3290 solis
1132 3244 1252 3289 ortu
1283 3244 1451 3305 uSque
1479 3234 1544 3289 ad
1573 3248 1821 3289 occasum
1844 3233 2108 3289 laudabile
2135 3242 2221 3288 est

639 3324 839 3379 lhctum
864 3327 915 3378 in
945 3321 1159 3379 Christo
1195 3333 1392 3380 nomen
1429 3324 1661 3380 Domini.
1714 3325 1885 3380 Antea
1915 3326 2058 3380 enim
2086 3335 2220 3396 quot

606 3490 609 3491 ν
640 3423 826 3484 gentes
847 3457 861 3481 ,
892 3422 973 3470 tot
1002 3421 1057 3469 et
1085 3421 1273 3481 sectas,
1305 3422 1389 3470 tot
1416 3415 1573 3471 et‘dii
1592 3456 1606 3479 ,
1635 3415 1729 3471 sed
1759 3415 1825 3470 ab
1853 3415 2085 3470 adventu
2110 3415 2220 3471 Do-

640 3505 769 3559 mini
797 3504 963 3559 nostri
997 3501 1123 3560 Jesu
1159 3501 1383 3571 Christi,
1419 3506 1492 3559 ita
1521 3505 1604 3559 lue
1652 3520 1840 3560 omnes
1881 3506 2219 3576 superstitio-

640 3610 737 3649 nes
778 3611 808 3649 a
855 3595 1103 3663 gentibus
1151 3596 1469 3652 renuntiatic
1509 3603 1672 3663 sunt,
1715 3603 1770 3651 et
1805 3611 1971 3651 unum
2000 3596 2220 3651 laudant

640 3684 805 3740 Deum
833 3694 888 3740 et
915 3685 1242 3742 confitentur
1268 3687 1319 3741 in
1348 3685 1584 3743 Christo.
1617 3687 1734 3758 Ipse
1760 3696 1844 3743 est
1866 3687 2009 3743 enim
2038 3688 2217 3743 excel-

640 3791 728 3833 sus
746 3784 911 3846 super
934 3790 1121 3831 omnes
1148 3785 1335 3846 gentes
1355 3779 1638 3843 Dominus,
1670 3779 1823 3849 cujus
1851 3780 1903 3833 in
1926 3788 2068 3835 terra
2097 3780 2209 3849 qui-

640 3869 771 3921 deni
808 3883 998 3937 magna
1046 3870 1319 3925 humilitas
1346 3872 1583 3937 exstitit,
1615 3871 1709 3926 sed
1736 3887 1898 3940 super
1922 3871 2087 3925 cados
2109 3884 2218 3923 ma-

639 3972 741 4026 gna
773 3966 854 4013 est
890 3960 1059 4027 gloria
1090 3960 1225 4029 ejus.
1273 3960 1403 4025 Quis
1431 3961 1572 4014 enim
1613 3961 1750 4013 sicut
1792 3958 2050 4012 Dominus
2076 3959 2216 4011 Deus

640 4057 824 4103 noster
849 4049 940 4118 qui
970 4050 1023 4103 in
1049 4050 1172 4103 altis
1196 4049 1463 4113 habitans,
1491 4057 1547 4103 et
1573 4048 1793 4101 humilia
1824 4047 2076 4116 respicit,
2104 4062 2211 4102 non

637 4140 776 4194 sicut
803 4139 1040 4195 de'tecto
1069 4139 1297 4193 attendit
1333 4139 1401 4192 ad
1443 4148 1640 4193 terram
1660 4178 1675 4203 ,
1707 4136 1800 4192 sed
1829 4154 1941 4191 cum
1968 4141 2021 4191 in
2045 4140 2213 4209 forma

638 4229 735 4285 Dei
758 4238 916 4295 esset,
946 4247 1047 4285 non
1082 4232 1319 4300 rapinam
1342 4230 1622 4284 arbitratus
1647 4240 1723 4282 est
1747 4245 1857 4283 esse
1884 4246 1940 4283 se
1967 4230 2212 4302 aqualem

637 4319 767 4385 Deo,
783 4319 873 4373 sed
885 4321 1209 4389 semetipsum
1224 4319 1767 4388 exinanivit,lformam
1788 4319 1915 4372 senii
1927 4320 2211 4390 suscipiens

639 4411 857 4482 (Philip.
890 4412 991 4480 ιι),
1023 4421 1081 4464 ut
1114 4411 1397 4465 suscitaret
1437 4409 1504 4464 de
1532 4418 1675 4465 terra
1706 4412 1919 4480 inopem
1946 4412 2093 4466 illum
2122 4413 2209 4467 cui

2332 1839 2463 1875 rum.
2518 1821 2641 1877 Non
2683 1824 2850 1888 nobis,
2881 1822 3133 1887 Domine,
3164 1840 3267 1878 non
3298 1824 3461 1890 nobis,
3483 1823 3576 1878 sed
3603 1825 3798 1878 nomini
3826 1833 3914 1880 tuo

2330 1913 2400 1966 da
2438 1912 2676 1983 gloriam.
2730 1911 2899 1985 Super
2919 1912 3273 1967 misericordia
3302 1923 3391 1966 tua
3415 1923 3464 1966 et
3482 1914 3695 1966 veritate
3718 1923 3826 1978 tua,
3851 1930 3915 1966 ne

2329 2003 2535 2075 quando
2565 2003 2739 2057 dicant
2771 2011 2966 2074 gentes,
3001 2003 3099 2058 Ubi
3133 2014 3208 2058 est
3235 2003 3372 2057 Deus
3406 2004 3620 2058 eorum?
3646 1999 3784 2059 Deus
3820 2020 3915 2056 au-

2330 2100 2430 2146 tem
2450 2102 2623 2146 noster
2648 2094 2702 2146 in
2724 2092 2869 2158 ctelo,
2905 2093 3079 2146 omnia
3112 2107 3422 2164 quacunque
3442 2093 3601 2146 coluit
3629 2093 3769 2163 fecit.
3825 2091 3915 2146 Si-

2327 2184 2560 2237 mulacra
2589 2184 2814 2253 gentium
2844 2191 3116 2254 argentum
3140 2192 3191 2246 et
3228 2198 3409 2236 aurum
3427 2221 3442 2246 ,
3485 2198 3642 2252 opera
3669 2174 3915 2235 insitiuum

2328 2276 2610 2330 hominum.
2654 2274 2728 2330 0s
2767 2273 2954 2329 habent
2992 2285 3045 2329 et
3076 2292 3179 2330 non
3220 2276 3511 2347 loquentur,
3533 2274 3705 2328 oculos
3724 2272 3917 2328 habent

2327 2376 2507 2421 etnon
2546 2365 2798 2420 uidebunt.
2846 2367 3009 2420 Aures
3045 2366 3231 2421 habent
3270 2374 3450 2419 etnon
3488 2363 3728 2427 audient,
3760 2379 3917 2418 nares

2327 2459 2515 2513 habent
2542 2468 2591 2513 et
2612 2475 2717 2513 non
2737 2458 3048 2513 odorabunt.
3083 2457 3272 2512 Manus
3301 2455 3492 2511 habent
3517 2465 3566 2509 et
3594 2471 3699 2509 non
3720 2454 3916 2525 palpa-

2326 2552 2469 2618 bunt,
2502 2550 2655 2623 pedes
2681 2551 2872 2605 habent
2897 2560 2948 2605 et
2964 2568 3071 2606 non
3100 2550 3465 2611 ambulabunt,
3494 2565 3599 2604 non
3619 2546 3917 2602 clamabunt

2324 2644 2381 2698 iu
2410 2652 2614 2715 gutture
2638 2659 2750 2697 suo.
2802 2642 3012 2697 Similes
3055 2642 3161 2696 illis
3203 2642 3337 2711 ﬁant
3373 2641 3461 2711 qui
3505 2639 3705 2710 faciunt
3740 2654 3825 2702 ea,
3866 2646 3918 2701 et
4004 2714 4015 2723 .

2326 2750 2502 2789 omnes
2522 2736 2608 2805 qui
2635 2732 2903 2804 conﬁdunt
2933 2734 3026 2786 eis.
3056 2731 3253 2786 Domus
3277 2729 3449 2784 Israel
3473 2729 3693 2801 sperauit
3719 2728 3776 2783 iu
3808 2728 3918 2783 Do-

2325 2828 2487 2892 mino,
2517 2826 2728 2897 adjutor
2765 2840 2942 2879 eorum
2988 2833 3038 2878 et
3080 2832 3338 2893 protector
3361 2837 3538 2875 eorum
3568 2828 3664 2874 est.
3713 2816 3916 2876 Domit:

2325 2910 2501 2973 Aaron
2556 2919 2778 2988 sperauit
2816 2918 2872 2970 in
2918 2915 3172 2980 Domino,
3200 2916 3411 2985 adjutor
3448 2929 3623 2968 eorum
3648 2921 3699 2966 et
3736 2920 3915 2982 prote-

2326 3019 2438 3065 ctor
2472 3025 2651 3065 eorum
2691 3016 2786 3063 est.
2835 3005 2935 3072 Qui
2972 3009 3151 3062 timent
3188 3005 3468 3065 Dominum
3495 3011 3831 3075 speraverant
3856 3003 3911 3059 in

2248 3122 2297 3186 ρ
2326 3099 2572 3167 Domino,
2602 3101 2812 3171 adjutor
2838 3115 3014 3163 eorum
3037 3138 3052 3163 ,
3077 3110 3129 3153 et
3155 3106 3416 3169 protector
3448 3112 3624 3151 eorum
3649 3104 3745 3151 est.
3799 3092 3913 3148 Be-

2324 3197 2494 3249 minus
2521 3211 2714 3248 memor
2742 3193 2841 3264 fuit
2859 3194 3043 3259 nostri,
3075 3200 3124 3246 et
3152 3190 3412 3247 benedixit
3429 3191 3593 3245 nobis.
3631 3187 3933 3243 Benedixit'

2323 3283 2497 3339 domui
2527 3281 2711 3347 Israel,
2740 3281 3000 3337 benedixit
3018 3281 3191 3336 domui
3210 3280 3408 3334 Aaron.
3440 3277 3711 3333 Beuedizit
3737 3279 3911 3332 amni-

2324 3371 2414 3426 bus
2438 3373 2523 3443 qui
2542 3373 2722 3425 timent
2742 3370 3040 3437 Dominum,
3057 3370 3257 3441 pusillis
3275 3385 3391 3424 cum
3416 3368 3720 3440 majoribus.
3752 3367 3907 3438 Adji-

2322 3464 2426 3517 ciat
2453 3461 2706 3517 Dominus
2752 3478 2903 3532 super
2945 3478 3051 3527 vos,
3089 3477 3242 3532 super
3278 3474 3366 3514 uos
3409 3467 3459 3513 et
3485 3475 3638 3530 super
3660 3457 3799 3528 ﬁlios
3820 3474 3904 3514 ve-

2321 3565 2474 3610 stros.
2514 3553 2774 3608 Benedicti
2803 3569 2889 3608 vos
2930 3569 2963 3606 a
2998 3551 3225 3606 Domino
3256 3552 3344 3623 qui
3371 3551 3492 3622 fecit
3518 3549 3698 3604 ctelum
3723 3556 3772 3602 et
3800 3557 3900 3601 ter-

2321 3660 2455 3699 ram.
2498 3643 2688 3699 Galam
2725 3644 2837 3698 caeli
2873 3642 3130 3708 Domino,
3176 3652 3368 3697 terram
3405 3649 3575 3695 autem
3612 3639 3752 3695 dedit
3776 3638 3903 3708 ﬁliis

2321 3737 2605 3792 hominum.
2658 3733 2783 3790 Non
2820 3736 3009 3789 mortui
3049 3732 3334 3789 laudabunt
3361 3744 3437 3799 te,
3478 3731 3718 3799 Domine,
3741 3747 3903 3803 neque

2310 3832 2499 3883 omnes
2513 3830 2598 3900 qui
2620 3826 2929 3882 descendunt
2950 3828 3002 3880 in
3030 3828 3307 3897 infernum.
3328 3824 3435 3880 Sed
3460 3841 3553 3879 nos
3580 3825 3666 3896 qui
3688 3824 3900 3878 uiuimus

2321 3917 2662 3973 benedicimus
2682 3915 2927 3978 Domino,
2949 3933 3013 3970 ea:
3028 3916 3123 3971 hoc
3141 3932 3278 3969 nunc
3303 3922 3355 3970 et
3374 3931 3532 3986 usque
3554 3915 3611 3969 in
3630 3913 3892 3969 siccatum.

2883 4041 3319 4082 COIIENTARIUI.

2391 4139 2678 4194 Videamus
2722 4156 2776 4194 in
2824 4140 2970 4194 exitu
3012 4140 3174 4194 Israel
3214 4140 3281 4194 de
3332 4137 3595 4210 Egypto,
3623 4135 3895 4207 quomodo

2318 4228 2560 4300 profecta
2607 4231 2676 4284 sit
2719 4230 2909 4285 domus
2947 4229 3112 4285 Jacob
3152 4230 3220 4284 de
3247 4229 3447 4301 populo
3471 4227 3722 4283 barbaro.
3744 4210 3896 4293 ’ρηο-

2319 4321 2480 4376 modo
2510 4320 2649 4376 facta
2679 4322 2749 4376 sit
2775 4320 2954 4376 Jud.ca
2986 4319 3335 4376 sanctiﬁcatio
3360 4319 3495 4389 ejus.
3534 4317 3593 4372 In
3622 4317 3895 4373 Bethleem

2316 4411 2514 4468 Judzcm
2542 4415 2782 4468 nascitur
2816 4412 3091 4476 Christus,
3121 4410 3213 4481 qui
3236 4410 3532 4466 sanctiﬁcat
3565 4423 3661 4463 eos
3686 4408 3778 4479 qui
3807 4405 3892 4462 fu-

635 4499 841 4553 dixerat
870 4500 1034 4553 iratus
1059 4518 1071 4551 :
1105 4500 1264 4553 Terra
1284 4516 1354 4567 es,
1383 4509 1433 4553 et
1459 4502 1513 4554 in
1548 4508 1737 4555 terram
1758 4499 1871 4555 ibis.
1907 4500 2059 4556 Hunc
2086 4519 2209 4557 sus-
2235 4488 2293 4548 Ῑ)
2316 4505 2469 4575 giunt
2495 4503 2846 4569 Pharaonem,
2878 4512 2933 4559 et
2952 4511 3235 4575 sequentes
3256 4502 3494 4573 Moysen,
3515 4500 3567 4555 id
3588 4507 3689 4564 est,
3722 4500 3892 4569 legem

635 4587 819 4643 citavit
863 4586 931 4641 de
983 4596 1123 4641 terra
1170 4589 1419 4657 inopem,
1474 4590 1600 4658 quia
1644 4590 1950 4660 perdiderat
1995 4591 2211 4647 divitias

632 4679 759 4733 vitae
786 4686 998 4733 aeternae
1026 4687 1081 4733 et
1102 4680 1355 4750 paradisi.
1409 4680 1562 4737 Hunc
1596 4682 1665 4737 de
1704 4690 1943 4738 stercore
1968 4684 2124 4752 erigit
2152 4685 2206 4739 in

633 4767 847 4824 Christo
870 4807 885 4833 ,
920 4775 998 4825 .et-
1016 4770 1298 4825 collocavit
1330 4785 1453 4826 eum
1480 4787 1602 4827 cum
1631 4774 1987 4844 principibus,
2018 4774 2072 4829 id
2098 4783 2203 4839 est,

631 4874 767 4917 cum
784 4862 1060 4932 apostolis,
1091 4865 1183 4933 qui
1211 4865 1621 4935 sunt-principes
1640 4868 1821 4937 populi
1844 4868 1958 4923 Dei.
1986 4867 2055 4923 Et
2082 4870 2207 4939 quis

628 4961 713 5009 est
736 4953 826 5025 qui
856 4953 1137 5010 collocavit
1167 4955 1464 5011 eumirllle
1484 4957 1607 5027 .sine
1643 4957 1805 5013 dubio
1840 4960 1932 5028 qui
1961 4974 2085 5014 eum
2111 4975 2200 5017 as-

626 5045 870 5114 sumpsit,
903 5044 1068 5100 Filius
1088 5046 1273 5114 utique
1294 5044 1390 5101 Dei
1411 5046 1601 5101 Filium
1622 5047 1874 5103 hominis.
1911 5048 2010 5104 Ubi
2030 5050 2201 5105 collo-

626 5134 768 5187 cavit
808 5148 928 5189 eum
968 5148 1087 5191 cum
1125 5135 1456 5207 principibus
1484 5138 1719 5207 populi?
1748 5138 1877 5194 Siue
1915 5139 2077 5194 dubio
2107 5140 2199 5195 ubi

624 5222 749 5276 fecit
775 5224 1018 5280 habitare
1045 5227 1097 5281 in
1126 5228 1287 5282 domo
1310 5243 1428 5282 eam
1449 5242 1567 5297 qua:
1591 5229 1789 5284 sterilis
1807 5229 1980 5284 fuerat
2001 5247 2015 5295 ;
2043 5231 2198 5285 habi-

622 5319 740 5367 tare
765 5313 817 5365 in
844 5314 1024 5382 domo,
1055 5317 1109 5371 id
1136 5326 1235 5382 est,
1267 5319 1436 5388 ipsam
1466 5317 1683 5371 domum
1708 5319 1838 5383 lieri,
1870 5325 1925 5372 et
1951 5318 2084 5373 dixit
2111 5321 2191 5375 ei:

622 5401 826 5457 luctare
850 5407 1038 5460 sterilis
1065 5423 1177 5477 qua:
1212 5423 1315 5462 non
1342 5410 1503 5479 paris,
1535 5409 1656 5480 quia
1674 5407 1821 5489 multi
1861 5407 1958 5479 filii
1979 5409 2194 5465 deserta:

618 5497 784 5566 magis
816 5511 973 5567 quam
1000 5497 1113 5567 ejus
1142 5512 1253 5568 qua:
1276 5498 1795 5570 habet-uirum-(Isai.
1826 5500 1955 5569 Liv),
1983 5508 2040 5556 et
2064 5500 2191 5557 fecit

687 5694 713 5722 ι
751 5680 956 5738 Patitur
1004 5680 1063 5734 Β.
1100 5678 1413 5737 Laurentius
1456 5683 1555 5738 sub
1602 5682 1829 5739 Galieno
1870 5698 2012 5740 anno
2059 5681 2185 5742 S61.

2318 4596 2434 4661 Dei,
2459 4598 2679 4651 veniunt
2704 4596 2770 4669 ad
2791 4609 3005 4664 aquam,
3031 4610 3128 4665 per
3148 4595 3317 4665 ipsam
3337 4600 3674 4649 transeuntes
3698 4597 3892 4647 exeunt

2315 4688 2391 4741 ad
2415 4687 2591 4745 locum
2638 4666 2831 4755 quietis
2871 4694 2926 4740 et
2970 4685 3197 4751 silentii,
3242 4684 3333 4755 qui
3362 4684 3468 4739 alio
3498 4683 3715 4739 nomine
3745 4682 3892 4736 locus
3944 4666 3954 4676 ’

2312 4779 2559 4834 desertus
2578 4778 2789 4832 dicitur.
2822 4776 3079 4835 Desertus
3099 4776 3282 4847 utique
3308 4790 3339 4830 a
3367 4774 3661 4830 sceleribus
3686 4770 3890 4836 mundi,

2312 4869 2386 4925 ibi
2416 4869 2692 4933 inveniunt
2718 4883 2915 4921 manna
2944 4868 3249 4922 venientem
3282 4866 3350 4921 de
3376 4866 3545 4921 caelis.
3602 4865 3743 4923 Sane
3771 4878 3890 4919 cum

2311 4959 2585 5014 venissent
2613 4957 2681 5011 ad
2708 4972 2856 5013 mare
2875 4956 3176 5021 credentes,
3209 4971 3359 5011 mare
3387 4969 3483 5011 eos
3505 4954 3638 5011 vidit
3659 4962 3715 5009 et
3738 4952 3890 5022 fugit.

2308 5049 2467 5117 Fugit
2494 5055 2553 5103 ut
2572 5048 2835 5117 praeberet
2862 5046 3205 5102 credentibus
3234 5047 3547 5113 transitum,
3577 5052 3633 5098 et
3662 5043 3894 5097 inimicis

2306 5155 2494 5195 eorum
2524 5146 2731 5210 aptaret
2771 5138 3084 5193 interitum;
3117 5137 3374 5193 Similiter
3400 5146 3457 5192 et
3482 5135 3731 5191 Iordanis
3758 5151 3892 5190 con-

2306 5245 2493 5285 versus
2532 5236 2657 5299 post
2702 5243 2792 5294 se,
2842 5236 2897 5284 et
2940 5228 3085 5299 ipse,
3137 5238 3197 5284 ut
3244 5228 3526 5284 transitum
3565 5228 3659 5282 Dei
3690 5226 3893 5297 popqu

2303 5328 2649 5392 praepararet.
2691 5317 2820 5374 Sine
2850 5334 2988 5388 aqua
3016 5320 3160 5374 enim
3191 5335 3291 5376 nec
3325 5328 3468 5376 terra
3499 5317 3720 5389 Egypti
3748 5317 3889 5384 iugi-

2300 5421 2409 5479 tur,
2459 5426 2559 5467 nec
2598 5418 2741 5465 terra
2781 5411 3216 5483 repromissionis
3256 5412 3525 5466 intratur:
3558 5418 3614 5464 ut
3649 5409 3778 5480 quid
3809 5416 3891 5462 ta-

2299 5519 2425 5560 men
2472 5516 2621 5557 mare
2659 5500 2854 5572 fugerit
2900 5502 3164 5585 diximus,
3196 5510 3253 5560 et
3288 5502 3538 5569 Iordanis
3565 5515 3737 5591 quare
3755 5515 3890 5557 con-

2300 5684 2520 5751 Euseb.,
2536 5646 2643 5752 ‘vn,
2673 5701 2721 5741 c.
2757 5685 2843 5739 l3.
