4252 6264
614 412 731 476 '505

1947 395 2214 481 annos"
2253 392 2546 450 JUNIORIS

3772 381 3878 437 501

625 534 801 602 populi
821 548 950 602 ejus,
982 532 1033 582 in
1060 528 1206 579 atriis
1231 524 1406 575 domus
1435 519 1641 574 Domini
1663 521 1714 571 in
1743 514 1905 570 medio
1929 515 2022 576 tui,
2047 512 2199 564 Jeru—
2227 513 2278 570 Α
2307 523 2485 571 nonus,
2519 505 2757 575 quoniam
2795 516 2846 555 tn
2883 500 3122 556 sa'culum
3153 496 3507 552 misericordia
3534 497 3664 566 ejus.
3727 493 3880 550 Dicat

627 625 804 681 salem.

1192 697 1628 742 COMMENTARIUH.

695 800 996 868 Antequam
1025 795 1167 851 dicat
1194 795 1322 865 quid
1359 796 1568 850 locutus
1594 794 1695 856 sit,
1740 790 1895 846 ﬁdem
1924 803 2076 844 suam
2103 802 2206 842 ex-

625 893 815 964 ponit:
863 888 1105 954 Credidi,
1157 888 1346 957 inquit.
1388 886 1526 954 Quid
1563 883 1882 940 credidisti}!
1922 880 2116 934 Natum
2145 885 2200 932 et

627 1001 842 1057 passum
870 1003 881 1037 :
914 993 970 1038 et
995 983 1122 1052 quia
1151 980 1372 1044 credidi,
1406 979 1525 1033 ideo
1554 976 1861 1032 humiliatus
1878 989 1996 1028 sum
2020 971 2195 1026 nimis.

630 1077 765 1134 Cum
786 1084 968 1130 autem
994 1073 1214 1137 credidi,
1235 1073 1339 1127 hoc
1353 1072 1560 1125 locutus
1579 1083 1726 1124 sum:
1754 1067 1810 1121 Si
1833 1065 2088 1118 Dominus
2115 1076 2202 1116 re-

627 1186 745 1227 rum
792 1168 1084 1224 exinanivit
1123 1167 1359 1236 seipsum
1381 1205 1396 1230 ,
1447 1173 1501 1218 et
1545 1178 1644 1233 pro
1683 1175 1769 1215 me
1809 1155 2200 1214 formamservi

626 1262 864 1332 suscepit
885 1302 899 1328 ,
945 1258 1072 1330 quid
1114 1271 1214 1326 ego
1259 1256 1423 1311 miser
1463 1253 1688 1308 faciam?
1735 1249 1872 1317 Quid
1912 1248 2201 1304 retribuam

626 1353 855 1410 Domino
881 1366 981 1423 pro
1011 1350 1259 1406 omnibus
1285 1363 1407 1417 qua:
1432 1346 1680 1402 retribuit
1705 1343 1873 1398 mihi?
1901 1339 2202 1407 Quantum-

625 1445 709 1502 vis
735 1445 881 1500 dicat
920 1459 980 1499 se
1025 1443 1188 1498 homo
1234 1441 1438 1497 servire
1465 1438 1534 1494 ad
1555 1434 1975 1492 vicissitudinem
2001 1428 2204 1486 beneﬁ-

627 1537 833 1590 ciorum
849 1533 983 1604 ejus,
1009 1534 1184 1589 omnis
1203 1533 1367 1588 homo
1382 1530 1629 1586 mendax.
1656 1526 1795 1595 Quid
1818 1526 1963 1581 enim
1985 1523 2202 1592 dignum

628 1626 887 1681 retribuet
915 1626 1078 1679 homo
1106 1623 1337 1679 Domino
1360 1663 1375 1688 ,
1428 1621 1532 1677 nisi
1577 1619 1718 1675 forte
1744 1617 2050 1689 passionem
2088 1627 2208 1684 pas-

627 1715 780 1771 sione
825 1716 1220 1785 compensans?
1274 1713 1508 1769 Calicem
1555 1711 1806 1767 salutaris
1857 1707 2114 1779 accipiam
2151 1713 2206 1760 et

628 1821 826 1861 nomen
854 1806 1067 1861 Domini
1113 1805 1394 1861 invocabo.
1443 1802 1686 1860 Pretiosa
1714 1809 1796 1855 est
1824 1799 1966 1854 enim
1995 1797 2048 1851 in
2077 1811 2203 1850 con-

628 1905 816 1966 spectu
860 1896 1072 1953 Domini
1105 1911 1252 1951 mors
1298 1903 1608 1951 sanctorum
1653 1890 1768 1960 ejus
1804 1909 1817 1943 :
1869 1891 1915 1944 si
1944 1899 2122 1944 tamen
2153 1887 2208 1941 in

629 1987 746 2058 ipsa
775 1997 950 2043 morte
996 1987 1187 2043 doceat
1232 2003 1290 2042 se
1335 2002 1549 2042 servum
1576 1985 1703 2050 Dei,
1732 1991 1788 2038 et
1815 1982 1979 2036 lilium
2004 1979 2208 2036 ancilla:

630 2079 766 2148 ejus.
805 2079 1011 2134 Ancilla
1057 2079 1153 2133 Dei
1193 2087 1276 2134 est
1300 2077 1580 2148 disciplina
1605 2085 1807 2131 sancta.
1849 2073 1951 2141 Qui
1983 2072 2124 2126 enim
2155 2071 2207 2125 in

633 2170 740 2225 ﬁne
785 2171 1026 2241 corporis
1069 2169 1263 2224 dixerit
1290 2168 1520 2223 Domino
1549 2166 1814 2223 veraciter
1845 2184 1856 2218 :
1889 2164 1933 2218 Ο
1960 2162 2205 2226 Domine,

631 2275 733 2330 ego
761 2276 949 2316 servus
977 2270 1127 2326 tuus,
1177 2259 1232 2314 id
1259 2268 1372 2326 est,
1420 2275 1528 2314 non
1555 2266 1609 2312 te
1635 2255 1956 2326 contempsi,
1989 2263 2044 2310 et
2073 2253 2211 2307 ﬁlius

633 2367 752 2408 sum
777 2352 982 2406 ancilla:
1006 2360 1110 2406 tua:
1135 2391 1151 2416 ,
1193 2350 1246 2405 id
1273 2358 1393 2418 est,
1443 2349 1734 2420 disciplinae
1762 2355 1867 2402 tua:
1891 2346 2036 2401 velut
2074 2343 2212 2399 ﬁlius

633 2443 1030 2513 obtemperavi;
1081 2441 1377 2512 disrumpet
1417 2441 1674 2496 Dominus
1712 2436 2066 2506 vinculaejus
2093 2439 2214 2506 qui-

634 2533 734 2589 bus
758 2550 789 2588 a
817 2534 1032 2590 diabolo
1075 2534 1394 2604 implicatur,
1441 2544 1496 2588 et
1542 2531 1807 2588 sacrificat
1847 2529 1958 2584 Deo
1982 2529 2213 2586 hostiam

635 2627 809 2682 laudis
831 2669 844 2693 ,
889 2629 963 2682 ita
1002 2637 1061 2681 ut
1086 2635 1212 2682 vota
1238 2643 1336 2683 sua
1363 2626 1590 2681 Domino
1619 2624 1805 2680 reddat
1829 2625 1887 2679 in
1916 2623 2069 2678 atriis
2114 2622 2213 2677 do-

634 2736 754 2776 mus
781 2721 1012 2784 Domini,
1046 2722 1100 2776 in
1129 2728 1420 2790 conspectu
1449 2719 1624 2774 omnis
1653 2718 1837 2789 populi
1865 2717 1998 2786 ejus,
2032 2715 2084 2770 id
2111 2723 2212 2780 est,

636 2813 690 2867 in
720 2829 906 2869 eorum
947 2823 1240 2884 conspectu
1264 2854 1279 2880 ,
1320 2815 1412 2885 qui
1440 2812 1671 2885 populus
1698 2812 1794 2867 Dei
1822 2820 1941 2867 est:
1975 2826 2086 2866 non
2112 2825 2212 2880 po-

637 2902 792 2970 pulus
816 2903 977 2972 hujus
1004 2903 1187 2958 mundi
1211 2945 1225 2968 ,
1269 2911 1326 2958 ut
1350 2903 1534 2958 videar
1563 2905 1630 2959 ab
1659 2902 1965 2957 hominibus
1991 2901 2059 2955 ad
2086 2916 2213 2970 per-

637 2991 897 3046 ditionem
926 2993 1127 3048 laboris
1153 2994 1345 3059 sancti,
1371 3009 1553 3050 coram
1573 2995 1770 3049 sanctis
1801 2994 1893 3064 qui
1921 2993 2218 3060 gloriantur

638 3083 693 3138 in
720 3084 897 3139 medio
926 3086 1023 3150 tui,
1050 3084 1363 3152 Jerusalem,
1397 3087 1450 3141 in
1478 3102 1583 3156 qua
1621 3087 1915 3154 imperator
1954 3093 2037 3139 est
2062 3082 2217 3138 Chri-

639 3182 752 3228 stus
776 3214 792 3238 ,
833 3176 926 3243 qui
969 3185 1158 3245 regnat
1203 3192 1326 3232 cum
1373 3175 1534 3232 Patre
1560 3184 1617 3232 et
1641 3175 1842 3247 Spiritu
1871 3184 2088 3243 sancto,
2120 3189 2218 3246 per

545 3281 548 3284 ί
640 3263 818 3318 omnia
847 3265 1038 3322 saecula
1064 3266 1400 3322 saeculorum.
1433 3268 1622 3324 Amen.

1161 3375 1475 3434 PSALMUS
1520 3377 1697 3433 CXVI.

1171 3468 1418 3535 Alleluia,
1450 3469 1683 3526 alleluia.

712 3579 946 3635 Laudate
972 3580 1268 3648 Dominum,
1293 3600 1466 3639 omnes
1486 3591 1693 3654 gentes;
1716 3583 1926 3638 laudate
1951 3601 2085 3652 eum,
2107 3601 2218 3639 om-

643 3689 732 3726 nes
755 3673 946 3743 populi.
977 3670 1234 3737 Quoniam
1272 3675 1580 3744 conﬁrmata
1617 3681 1694 3729 est
1720 3691 1874 3746 super
1900 3691 1992 3730 nos
2015 3675 2217 3730 miseri-

642 3763 821 3818 cordia
840 3765 971 3834 ejus,
999 3773 1048 3819 et
1070 3768 1256 3822 veritas
1279 3763 1489 3822 Domini
1514 3773 1688 3822 manet
1715 3767 1771 3821 in
1793 3774 2056 3822 aeternum.

1207 3895 1644 3938 COIIEN'I‘AKIUI.

717 3988 952 4046 Laudate
981 3991 1302 4059 Dominum,
1347 4007 1537 4048 omnes
1582 4000 1785 4060 gentes.
1836 3989 2052 4050 Exclusi
2095 3999 2222 4045 sunt

644 4079 828 4146 Judmi,
854 4081 947 4150 qui
974 4081 1213 4136 tulerunt
1240 4080 1445 4136 clavem
1474 4081 1625 4149 regni
1654 4079 1915 4141 caelorum
1939 4119 1954 4144 ,
1988 4094 2090 4135 nec
2119 4080 2222 4150 ipsi

645 4171 1098 4240 ingrediebantur,
1141 4187 1241 4228 nec
1277 4187 1374 4227 vos
1402 4171 1607 4241 ingredi
1638 4171 2038 4242 permittebant.
2096 4169 2222 4226 0m-

644 4275 759 4328 nes,
791 4260 1003 4316 laudate
1031 4261 1311 4316 Dominum
1335 4301 1350 4328 ,
1399 4263 1491 4332 qui
1533 4262 1734 4332 absque
1761 4278 2114 4333 personarum
2141 4279 2224 4321 ac-

645 4352 892 4420 ceptione
943 4367 1117 4406 omnes
1159 4352 1391 4408 homines
1430 4353 1536 4407 vult
1574 4353 1741 4407 salvos
1767 4354 1885 4424 ﬁeri
1913 4353 1954 4425 (I
1974 4352 2104 4409 Tim.
2138 4353 2219 4428 ιι).

645 4437 844 4495 Omnes
871 4449 1090 4509 gentes,
1122 4441 1336 4497 laudate
1357 4483 1373 4508 ,
1405 4443 1660 4513 quoniam
1691 4444 2006 4501 conﬁrmata
2032 4455 2114 4502 est
2140 4464 2237 4522 su-_

647 4545 744 4599 per
771 4545 870 4584 nos
897 4531 1260 4586 misericordia
1282 4533 1417 4602 ejus.
1467 4532 1706 4590 Exclusit
1732 4537 1874 4592 enim
1902 4538 2093 4592 merita
2117 4554 2220 4594 no-

2298 615 2432 652 nunc
2455 597 2631 651 domus
2670 596 2846 649 Aaron
2885 594 3122 665 quoniam
3159 590 3351 654 bonus,
3381 592 3621 662 quoniam
3643 591 3698 643 in
3720 605 3881 670 siccu-

2284 692 2401 744 -lum
2438 687 2795 754 misericordia
2833 688 2962 756 ejus.
2996 683 3189 737 Dicant
3217 699 3352 738 nunc
3389 683 3476 754 qui
3499 683 3680 735 timent
3699 679 3880 735 Domi-

2297 797 2441 847 nutri,
2470 779 2712 852 quoniam
2738 778 2795 831 in
2828 775 3069 831 saeculum
3099 771 3460 827 misericordia
3485 773 3618 843 ejus.
3673 769 3751 826 De
3782 772 3879 826 tri-

2286 871 2559 924 'bulatione
2579 868 2810 923 invocavi
2839 865 3138 929 Dominum,
3161 874 3209 918 et
3228 864 3485 918 exaudivit
3513 880 3594 917 me
3617 864 3672 916 in
3702 863 3881 917 latitu-

2275 964 2420 1017 dine
2459 962 2732 1017 Dominus.
2799 959 3053 1014 Dominus
3101 959 3227 1012 mihi
3271 957 3506 1029 adjutor,
3548 973 3650 1011 non
3697 956 3882 1012 timebo

2301 1053 2426 1124 quid
2455 1055 2617 1124 faciat
2643 1051 2770 1105 mihi
2798 1050 2968 1105 homo.
2999 1049 3256 1104 Dominus
3281 1049 3409 1105 milii
3441 1047 3670 1119 adjutor,
3711 1057 3762 1102 et
3789 1066 3883 1120 ego

2304 1145 2583 1214 despiciam
2610 1143 2848 1196 inimicos
2876 1157 3034 1194 meos.
3087 1138 3284 1193 Bonum
3302 1147 3378 1192 est
3407 1137 3666 1209 conlidere
3688 1139 3745 1192 in
3774 1137 3885 1194 Do-

2304 1238 2444 1290 mino
2466 1276 2481 1301 ,
2533 1251 2684 1307 quam
2712 1232 2971 1302 conﬁdere
2995 1233 3049 1285 in
3080 1231 3301 1286 homine.
3349 1229 3549 1284 Bonum
3571 1238 3648 1282 est
3675 1246 3882 1300 sperare

2302 1328 2357 1380 in
2388 1325 2628 1390 Domino,
2660 1340 2812 1396 quam
2835 1340 3043 1395 sperare
3060 1324 3115 1376 in
3137 1322 3470 1393 principibus.
3498 1319 3688 1375 Omnes
3709 1330 3884 1392 gentes

2305 1415 2751 1471 circumdederunt
2792 1432 2907 1480 me,
2956 1424 3006 1468 et
3032 1417 3086 1468 in
3128 1415 3332 1468 nomine
3373 1412 3580 1467 Domini
3600 1415 3719 1485 quia
3743 1415 3883 1468 ultus

2305 1523 2418 1560 sum
2453 1509 2508 1560 in
2539 1523 2646 1561 eos.
2691 1505 3078 1560 Circumdantes
3129 1503 3566 1558 circumdederunt
3599 1521 3709 1568 me,
3745 1513 3796 1557 et
3823 1504 3882 1557 in

2308 1602 2515 1656 nomine
2535 1600 2748 1656 Domini
2790 1602 2912 1672 quia
2949 1601 3087 1654 ultus
3120 1616 3232 1654 sum
3272 1601 3327 1653 in
3361 1616 3464 1653 eos.
3515 1598 3879 1653 Circumdede-

2308 1701 2429 1747 runt
2455 1709 2536 1746 me
2553 1693 2684 1746 sicut
2711 1708 2860 1762 apes,
2890 1700 2939 1744 et
2966 1700 3268 1746 exarserunt
3295 1692 3424 1744 sicut
3451 1691 3584 1761 ignis
3610 1690 3880 1759 inspinis,

2309 1792 2358 1837 et
2381 1785 2433 1837 in
2457 1783 2666 1837 nomine
2685 1781 2899 1836 Domini
2931 1782 3052 1853 quia
3069 1781 3207 1835 ultus
3252 1797 3364 1835 sum
3385 1781 3440 1834 in
3470 1797 3574 1834 eos.
3624 1778 3883 1850 Impulsus

2237 1871 2286 1933 B
2309 1893 2509 1932 eversus
2539 1893 2650 1930 sum
2669 1885 2725 1930 ut
2744 1875 2997 1940 caderem,
3027 1884 3077 1930 et
3097 1873 3349 1929 Dominus
3369 1874 3588 1943 suscepit
3619 1889 3716 1926 nte.
3749 1869 3885 1925 For-

2313 1966 2474 2021 titudo
2488 1983 2601 2021 mea
2620 1975 2669 2020 et
2693 1967 2939 2020 laus‘mea
2959 1965 3286 2033 Dominus,et
3306 1967 3472 2037 factus
3493 1973 3567 2018 est
3587 1964 3710 2017 mihi
3730 1965 3783 2018 in
3799 1980 3884 2016 sa-

2312 2058 2484 2113 lutem.
2508 2058 2622 2114 Vox
2643 2059 3001 2114 exsultationis
3020 2068 3069 2112 et
3088 2058 3268 2113 salutis
3288 2059 3342 2112 in
3353 2055 3694 2112 tabernaculis
3712 2056 3885 2126 justo-

2312 2168 2444 2205 rum.
2468 2149 2696 2205 Dextera
2741 2149 2953 2205 Domini
2982 2152 3102 2222 fecit
3128 2150 3362 2204 virtutem
3381 2189 3397 2215 ,
3439 2148 3650 2202 dextera
3678 2145 3887 2201 Domini

2313 2241 2555 2296 exultavit
2573 2259 2672 2308 me,
2705 2241 2916 2297 dextera
2936 2241 3149 2296 Domini
3175 2239 3295 2314 fecit
3319 2243 3572 2296 virtutem.
3618 2237 3741 2293 Non
3773 2255 3884 2291 mo-

2312 2336 2422 2388 riar
2462 2335 2554 2388 sed
2583 2335 2765 2398 vivam,
2805 2343 2856 2388 et
2889 2333 3111 2389 narrabo
3148 2350 3306 2405 opera
3327 2332 3554 2387 Domini.
3587 2330 3886 2410 Castigans,

2316 2426 2580 2496 castigavit
2597 2441 2679 2479 me
2696 2423 2980 2491 Dominus,
3005 2435 3056 2479 et
3083 2425 3235 2478 morti
3257 2440 3360 2478 non
3391 2422 3602 2477 tradidit
3621 2438 3719 2475 me.
3751 2420 3888 2490 Ape-

2315 2519 2414 2571 rite
2449 2518 2574 2572 mihi
2623 2527 2800 2588 portas
2834 2518 3082 2588 justitiw,
3123 2518 3383 2588 ingressus
3405 2517 3459 2570 in
3497 2530 3583 2568 eas
3613 2509 3891 2582 confitebor

2321 2608 2572 2674 Domino,
2614 2612 2721 2664 hac
2761 2619 2911 2681 porta
2945 2608 3176 2674 Domini,
3210 2609 3342 2678 justi
3379 2606 3646 2660 intrabunt
3670 2606 3726 2658 in
3754 2619 3889 2656 eam.

2318 2697 2610 2771 Confitebor
2631 2701 2739 2765 tibi,
2763 2701 3003 2770 quoniam
3023 2699 3279 2754 exaudiui
3298 2714 3395 2764 me,
3425 2706 3476 2751 et
3505 2699 3670 2768 factus
3693 2712 3747 2748 es
3767 2693 3892 2746 mihi

2316 2792 2373 2844 in
2394 2791 2629 2848 salutent.
2676 2789 2926 2862 Lapidem
2951 2805 3098 2861 quem
3122 2786 3517 2860 reprobaverunt
3554 2784 3891 2855 cediﬁcantes,

2319 2882 2402 2936 hic
2423 2883 2590 2954 factus
2626 2891 2702 2936 est
2739 2883 2793 2935 in
2833 2889 2985 2951 caput
3022 2879 3218 2952 anguli.
3279 2879 3321 2931 Α
3354 2877 3578 2932 Domino
3600 2877 3791 2946 factum
3817 2881 3894 2928 est

2318 2975 2490 3039 istud,
2533 2983 2583 3028 et
2605 2983 2690 3028 'est
2730 2973 2964 3028 mirabile
3007 2975 3062 3028 in
3091 2974 3250 3038 oculis
3279 2971 3488 3026 nostris.
3530 2967 3658 3022 Hcec
3685 2975 3760 3020 est
3786 2967 3895 3025 dies

2319 3082 2472 3136 quam
2491 3067 2612 3137 fecit
2631 3065 2900 3131 Dominus,
2925 3064 3235 3120 exsultemus
3273 3073 3324 3117 et
3361 3063 3592 3117 laetemur
3631 3060 3687 3112 in
3724 3075 3805 3111 ea.
3847 3054 3893 3108 0

2321 3155 2578 3223 Domine,
2619 3157 2815 3211 salvum
2859 3173 2940 3210 me
2978 3157 3082 3226 fac,
3124 3172 3155 3212 o
3195 3153 3432 3220 Domine,
3469 3154 3594 3207 bene
3613 3159 3662 3205 et
3680 3150 3898 3222 feliciter

2240 3239 2288 3304 C
2319 3265 2655 3319 prosperare;
2696 3247 2992 3302 benedictus
3034 3249 3122 3320 qui
3159 3248 3296 3302 venit
3339 3249 3393 3301 in
3428 3246 3635 3300 nomine
3660 3243 3893 3298 Domini.

2321 3339 2684 3393 Benediximus
2712 3338 2852 3394 vobis
2872 3340 2936 3394 de
2962 3339 3114 3395 domo
3130 3338 3361 3404 Domini,
3384 3337 3524 3393 Deus
3553 3337 3826 3403 Dominus,
3848 3344 3900 3389 et

2318 3429 2495 3484 illuxit
2515 3427 2680 3484 nobis.
2718 3429 3022 3485 Constituite
3050 3430 3183 3485 diem
3211 3432 3485 3485 solemnem
3520 3431 3574 3483 in
3604 3428 3897 3491 condensis,

2318 3538 2476 3594 usque
2497 3521 2566 3576 ad
2587 3539 2746 3577 cornu
2776 3523 2980 3578 altaris.
3016 3522 3156 3578 Deus
3185 3540 3325 3578 meus
3353 3540 3406 3577 es
3436 3532 3487 3576 tu
3505 3563 3520 3589 ,
3551 3533 3601 3576 et
3619 3521 3901 3592 conﬁtebor

2321 3614 2450 3677 tibi;
2494 3611 2634 3666 Deus
2660 3629 2802 3666 meus
2829 3630 2885 3668 es
2932 3622 3004 3678 tu,
3035 3622 3084 3667 et
3103 3611 3343 3668 exaltabo
3369 3622 3433 3667 te.
3467 3610 3760 3682 Conﬁtebor
3787 3609 3900 3676 tibi,

2320 3703 2562 3775 quoniam
2589 3703 2845 3758 exaudiui
2873 3720 2953 3758 me
2977 3745 2993 3771 ,
3041 3713 3092 3758 et
3131 3706 3297 3776 {actus
3336 3720 3389 3758 es
3431 3704 3555 3757 mihi
3581 3703 3636 3755 in
3657 3702 3897 3756 salutem.

2322 3791 2648 3864 Con/itemini
2673 3791 2894 3848 Domino
2921 3796 3161 3865 quoniam
3190 3793 3350 3849 bonus
3372 3835 3387 3861 ,
3428 3793 3665 3865 quoniam
3705 3793 3761 3846 in
3802 3807 3903 3847 ste-

2323 3882 2490 3937 culum
2515 3883 2865 3938 misericordia
2885 3885 3015 3956 ejus.

2889 3979 3322 4033 conusahmuu.

2393 4065 2736 4122 Conﬁtemini
2785 4066 3014 4124 Domino
3056 4071 3311 4139 quaniam
3339 4070 3534 4134 bonus,
3561 4068 3820 4138 quoniam
3848 4067 3904 4134 in

2323 4158 2575 4215 saeculum
2604 4158 2970 4215 misericordia
2999 4160 3134 4230 ejus.
3167 4160 3317 4216 Licet
3344 4162 3397 4216 in
3435 4169 3692 4214 :eternum
3717 4165 3906 4228 regnet

2323 4247 2691 4304 misericordia
2719 4247 2854 4318 ejus,
2887 4257 3065 4305 tamen
3094 4249 3359 4305 confessio
3387 4251 3438 4304 in
3461 4251 3564 4305 isto
3591 4249 3789 4304 saeculo
3808 4263 3906 4319 ρος

2324 4340 2452 4394 terit
2480 4339 2737 4410 prodesse
2762 4342 3126 4411 peccantibus.
3156 4341 3285 4397 Post
3310 4341 3448 4402 istud
3463 4343 3607 4397 enim
3628 4341 3902 4404 sreculum,

2325 4429 2592 4487 confessio
2617 4431 2830 4502 penitus
2856 4447 2962 4487 non
2991 4433 3188 4488 valebit
3215 4432 3283 4487 ad
3311 4433 3542 4487 veniam.
3569 4431 3757 4502 Itaque
3784 4447 3906 4486 omn

2325 4529 2409 4577 est
2459 4529 2667 4592 tempus
2692 4521 2982 4578 conﬁtendi
3031 4521 3280 4590 Domino,
3309 4522 3590 4578 fateamur.
3623 4521 3720 4578 Est
3762 4522 3905 4576 enim

647 4629 776 4684 stra,
801 4627 855 4674 et
875 4619 1080 4675 induxit
1101 4638 1262 4693 super
1280 4599 1380 4680 nvos
1399 4626 1818 4683 misericordiam
1847 4616 1997 4684 suam
2016 4670 2032 4696 ,
2054 4645 2217 4699 quam
2245 4599 2302 4662 Β
2324 4610 2380 4666 in
2425 4612 2525 4666 ίδιο
2571 4612 2768 4667 Simulo
2795 4613 3133 4682 Ρ³¹¹³ιῖε⁵ίη¹³
3162 4612 3525 4669 misericordia
3575 4613 3710 4682 eius-
3741 4611 3798 4665 Si
3826 4614 3906 4666 "i3

646 4709 980 4766 conﬁrmavit
1037 4727 1198 4783 super
1252 4731 1352 4771 nos
1395 4731 1494 4786 per
1539 4717 1921 4787 indulgentiam
1980 4721 2219 4776 omnium

647 4809 989 4870 peccatorum
1013 4846 1027 4870 ,
1079 4803 1420 4862 credentibus
1465 4815 1520 4862 et
1563 4809 1946 4878 pmnitentibus
1987 4811 2216 4879 promis-

647 4907 778 4946 sam.
822 4891 1030 4948 Veritas
1049 4894 1161 4965 ipsa
1185 4895 1394 4952 Domini
1422 4908 1603 4952 manet
1638 4901 1690 4954 in
1717 4909 1994 4956 aeternum.
2035 4901 2092 4954 In
2120 4901 2223 4957 hoc

647 4987 789 5040 enim
829 4986 1166 5042 conlirmatio
1211 4991 1591 5046 misericordias
1638 4992 1756 5061 ejus
1783 4994 1999 5063 pietatis
2039 5002 2221 5049 osten-

646 5078 807 5143 ditur,
840 5080 894 5134 in
931 5095 1039 5150 quo
1067 5082 1399 5150 corrigentes
1426 5099 1456 5138 a
1489 5094 1710 5153 peccato
1750 5087 1905 5140 venia
1930 5101 2028 5141 nos
2054 5094 2110 5139 et
2140 5087 2224 5140 in-

647 5169 917 5236 dulgentia
964 5173 1314 5239 comitantur;
1365 5178 1714 5245 nostrumque
1761 5177 2004 5231 desinere
2043 5191 2073 5230 a
2101 5192 2228 5246 pec-

647 5266 770 5310 cato
799 5259 893 5313 Dei
925 5261 1199 5332 indulgere
1238 5273 1338 5330 est,
1372 5267 1457 5320 cui
1485 5266 1653 5334 gloria
1686 5282 1784 5336 per
1823 5267 2000 5320 omnia
2030 5267 2223 5322 sazcula

579 5369 582 5372 -
649 5346 984 5403 sazculorum.
1017 5352 1205 5409 Amen.

1146 5483 1456 5542 PSALMUS
1507 5486 1706 5543 CXVII.

1187 5599 1428 5668 Alleluia,
1455 5562 1687 5659 alleluia.

721 5708 1048 5778 Conﬁtemini
1096 5709 1319 5767 Domino
1363 5717 1602 5785 quoniam
1650 5717 1842 5777 bonus.
1888 5716 2129 5787 quoniam
2171 5717 2225 5769 in

653 5802 896 5856 iaculum
917 5804 1267 5861 misericordia
1286 5806 1416 5877 ejus.
1452 5808 1603 5861 Dicat
1631 5826 1763 5865 nunc
1794 5808 1960 5865 Israel
1985 5809 2227 5878 quoidam

2328 4701 2534 4758 discere
2554 4703 2625 4757 ita
2655 4717 2793 4769 esse,
2817 4702 3013 4759 docere
3033 4711 3088 4758 te
3115 4705 3315 4774 poterit
3339 4712 3396 4759 et
3422 4704 3613 4759 domus
3639 4702 3820 4770 Israel,
3849 4712 3906 4756 et

2329 4793 2520 4850 domus
2547 4793 2745 4848 Aaron.
2796 4793 2854 4848 In
2882 4793 3172 4866 Scripturis
3201 4795 3449 4850 omnibus
3489 4794 3690 4850 veteris
3717 4793 3906 4848 Testa-

2330 4885 2494 4939 menti
2533 4884 2604 4938 ibi
2634 4885 2766 4952 legis
2791 4885 2914 4954 quia
2935 4886 3360 4955 quotiescunque
3387 4901 3678 4941 conversus
3699 4892 3784 4940 est
3811 4899 3910 4955 po-

2331 4975 2487 5044 pulus
2513 4975 2578 5029 ad
2607 4975 3020 5042 confessionem,
3045 4985 3100 5031 et
3128 4977 3394 5047 pcenituit,
3427 4976 3587 5031 toties
3632 4983 3717 5029 est
3742 4975 3909 5030 mise-

2328 5066 2614 5128 ricordiam
2643 5077 2984 5122 consecutus.
3017 5066 3171 5134 Quod
3198 5069 3243 5122 si
3272 5067 3339 5122 ad
3369 5067 3652 5136 legendum
3680 5066 3910 5136 incaan

2327 5173 2446 5214 esse
2488 5156 2702 5219 videris,
2733 5158 2946 5227 require
2991 5159 3236 5214 homines
3262 5160 3355 5229 qui
3384 5160 3572 5214 timent
3597 5157 3906 5223 Dominum,

2328 5259 2383 5306 et
2410 5250 2510 5320 ipsi
2540 5251 2634 5304 tibi
2663 5249 2946 5305 ostendent
2986 5251 3257 5320 quomodo
3295 5250 3675 5307 conﬁtentibus
3722 5258 3909 5321 parata

2325 5343 2398 5398 sit
2423 5341 2787 5398 misericordia
2812 5342 2947 5410 ejus.
2980 5342 3112 5397 Nam
3133 5351 3187 5398 et
3214 5358 3314 5410 ego
3342 5343 3394 5397 in
3421 5341 3768 5396 tribulatione
3788 5354 3910 5396 mea

2327 5436 2604 5491 confessus
2647 5450 2784 5499 sum,
2818 5443 2874 5488 et
2903 5434 3146 5490 invocavi
3194 5435 3498 5499 Dominum,
3530 5441 3587 5488 et
3636 5429 3912 5487 exaudivit

2329 5542 2417 5582 me
2443 5526 2494 5582 in
2524 5525 2820 5581 latitudine.
2853 5525 3050 5580 Verum
3071 5526 3195 5596 quia
3223 5534 3276 5581 ct
3298 5541 3396 5580 nos
3417 5525 3516 5596 ipsi
3545 5523 3702 5579 nobis
3728 5523 3912 5577 hostes

2330 5632 2533 5682 sumus,
2564 5615 2690 5671 dum
2719 5624 2906 5670 contra
2950 5616 3175 5672 salutem
3217 5625 3457 5671 nostram
3485 5613 3686 5684 aliquid
3711 5626 3914 5669 concu-

2331 5710 2604 5780 piscimus,
2635 5717 2692 5763 et
2720 5708 3062 5763 nihilominus
3089 5719 3240 5764 extra
3267 5725 3366 5764 nos
3391 5709 3529 5763 alios
3555 5707 3803 5761 inimicos
3819 5704 3915 5758 lla-

2330 5805 2519 5861 bemus
2547 5801 2782 5860 visibiles
2809 5809 2970 5870 atque
2996 5801 3304 5869 invisibiles,
3328 5815 3543 5857 oremus
3564 5807 3622 5856 ut
3648 5796 3914 5852 Dominus
