4252 6264
403 411 510 465 505

1332 406 1801 467 COMMENTARII
1840 407 1905 461 IN
1943 403 2268 461 PSALMOS.
2313 401 2503 460 PSAL.
2548 406 2768 461 CXVIII.

3581 409 3683 464 506

407 523 567 577 nobis
623 521 838 593 adjutor
865 536 982 577 esse
1028 520 1276 589 dignetur
1302 529 1490 577 contra
1535 518 1840 573 inimicitias
1869 518 1996 571 istas
2023 516 2077 575 Α
2099 515 2223 582 gine
2250 516 2432 571 mundi
2474 531 2572 587 per
2618 515 2837 588 Moysen
2866 516 2993 586 quid
3025 517 3194 582 egerit
3222 517 3365 572 circa
3393 517 3683 572 humanum

407 606 547 683 quas
601 612 1045 677 memoravimus,
1077 619 1134 666 et
1162 619 1292 666 tunc
1317 611 1534 666 demum
1561 626 1668 665 non
1701 608 2002 664 timebimus

409 705 665 761 inimicos
709 713 944 761 nostros.
975 703 1168 759 Melius
1199 711 1282 759 est
1328 703 1472 760 enim
1500 700 1769 758 conﬁdere
1799 701 1852 754 in
1894 697 2002 754 Do-

409 796 583 859 mino,
612 811 774 866 quam
802 794 1076 851 conﬁdere
1106 795 1161 850 in
1184 794 1421 850 homine.
1448 793 1584 848 Nota
1608 792 1702 848 tibi
1729 791 2002 848 conﬁden-

410 887 548 940 tiam
595 901 756 955 quam
805 893 1014 951 teneas,
1045 883 1367 940 Christiane.
1400 882 1520 939 Noli
1547 881 1816 938 conﬁdere
1844 883 1898 937 in
1925 890 1998 946 te,

381 1045 383 1047 ι
412 978 526 1032 ηοιί
573 977 752 1032 dicere
774 1017 790 1043 ,
821 977 900 1032 sic
929 984 983 1032 te
1009 976 1237 1032 liberum
1289 975 1490 1031 habere
1519 974 1824 1041 arbitrium,
1859 982 1919 1029 ut
1947 983 2004 1030 tu

416 1069 511 1123 tibi
538 1069 593 1123 in
619 1076 671 1123 te
691 1068 809 1139 ipso
848 1066 1107 1124 conﬁdas.
1139 1066 1317 1122 Habes
1346 1067 1560 1138 quidem
1589 1067 1818 1122 liberum
1855 1066 2001 1122 arbi-
2027 1081 2031 1085 '

414 1159 598 1224 triutn,
622 1159 718 1213 sed
763 1158 875 1213 noli
901 1158 970 1213 de
998 1173 1064 1214 eo
1092 1173 1450 1229 prtesumere;
1480 1159 1550 1216 de
1575 1159 1689 1215 Deo
1718 1175 2000 1230 praesume,

413 1249 541 1319 quia
579 1249 723 1304 vinci
762 1265 871 1305 non
916 1256 1116 1320 potest,
1149 1265 1273 1304 nam
1300 1249 1526 1306 liberum
1558 1251 1834 1306 arbitrium
1864 1250 2003 1306 vinci

411 1348 615 1410 potest.
649 1339 858 1396 Bonum
888 1348 972 1395 est
999 1339 1270 1396 conﬁdere
1299 1340 1352 1394 in
1372 1339 1621 1407 Domino,
1651 1357 1812 1410 quam
1832 1342 2002 1397 conli-

412 1430 541 1486 dere
566 1431 621 1486 in
662 1431 900 1498 homine,
928 1440 1019 1488 aut
1048 1433 1102 1488 in
1131 1433 1479 1504 principibus.
1512 1433 1569 1490 Si
1589 1436 1732 1490 enim
1759 1432 2004 1490 conﬁdas

414 1521 468 1574 in
497 1519 750 1587 Domino,
793 1529 922 1578 tunc
947 1524 1153 1594 poteris
1179 1523 1360 1580 dicere
1391 1543 1403 1579 :
1435 1522 1633 1580 Omnes
1670 1533 1857 1594 gentes
1895 1525 2006 1580 cir-

417 1610 804 1668 cumdederunt
824 1628 933 1679 me,
959 1621 1014 1668 et
1033 1614 1087 1668 in
1113 1618 1328 1672 nomine
1356 1614 1569 1670 Domini
1590 1601 1730 1670 ultus
1749 1632 1866 1670 sum
1887 1631 2004 1672 eos.

418 1700 533 1757 Hoc
560 1701 782 1758 libertas
808 1703 1016 1759 arbitrii
1043 1704 1224 1761 dicere
1253 1722 1359 1762 non
1388 1715 1583 1776 potest,
1608 1714 1700 1761 aut
1718 1709 1762 1762 si
1790 1707 2003 1774 dixerit,

416 1793 626 1849 docebo
655 1809 776 1850 eam
803 1804 990 1867 aperte
1014 1798 1246 1864 mentiri,
1272 1807 1366 1854 aut
1389 1807 1536 1854 certe
1558 1800 1625 1854 ab
1653 1799 1806 1855 initio
1826 1800 2007 1856 saeculi

2103 621 2288 675 genus,
2312 608 2508 676 quidve
2535 609 2800 678 gesserint
2835 610 2976 665 circa
3018 608 3188 664 Deum
3219 609 3464 666 homines
3496 619 3684 667 notum

2066 738 2071 744 .
2103 698 2325 767 faciens,
2347 709 2404 756 et
2441 701 2548 756 hoc
2575 710 2764 757 notum
2795 700 2940 766 fecit,
2972 701 3189 772 quodin
3210 703 3517 760 novissimis
3544 711 3688 758 tem-

2103 791 2323 860 poribus
2349 791 2634 848 suscitaret
2681 793 2762 847 eis
2788 807 2855 847 ex
2883 790 3088 848 femore
3114 791 3264 848 Judte
3313 808 3494 864 regem
3531 794 3687 850 Chri-

2103 889 2266 949 stum,
2297 882 2364 939 de
2391 899 2498 954 quo
2551 885 2665 954 ipse
2714 883 2926 955 Moyses
2975 883 3218 940 diceret:
3251 884 3426 955 [psum
3457 886 3687 943 audietis

2104 983 2360 1047 tanquam
2387 991 2474 1032 me
2502 992 2600 1048 per
2627 977 2837 1043 omnia,
2870 977 2936 1032 de
2965 992 3072 1046 quo
3106 977 3308 1047 juravit
3351 979 3492 1035 Deus
3533 989 3690 1050 pater

2104 1064 2172 1120 ad
2199 1065 2384 1132 David,
2409 1066 2592 1122 dicens
2618 1085 2629 1120 :
2660 1066 2740 1121 De
2769 1069 2942 1138 fructu
2967 1069 3159 1123 ventris
3203 1069 3276 1122 tui
3313 1088 3507 1140 ponam
3535 1089 3689 1144 super

2103 1155 2280 1210 sedem
2308 1165 2450 1210 tuam
2481 1157 2653 1229 (Psal.
2685 1157 2857 1228 xxxI).
2893 1158 2969 1212 De
2996 1173 3104 1228 quo
3153 1159 3355 1228 juravit
3409 1162 3476 1218 ad
3517 1161 3688 1219 Abra-

2103 1249 2261 1316 ham,
2292 1250 2437 1319 quod
2481 1252 2536 1304 in
2566 1252 2760 1305 semine
2808 1261 2892 1306 tuo
2945 1251 3261 1307 hwreditabo
3305 1271 3482 1308 omnes
3511 1265 3688 1328 gentes

2107 1338 2262 1411 (Gen.
2286 1339 2439 1412 xxn).
2471 1341 2548 1395 De
2575 1355 2685 1410 quo
2707 1356 2807 1412 per
2832 1341 3025 1396 Isaiam
3044 1342 3181 1396 dixit
3197 1342 3336 1398 Deus
3359 1345 3502 1413 quod
3531 1345 3690 1417 Virgo

2103 1429 2160 1483 in
2180 1437 2326 1484 utero
2355 1431 2628 1502 concipiet,
2648 1441 2699 1485 et
2721 1432 2892 1502 pariet
2914 1431 3228 1486 Emmanuel
3250 1432 3384 1504 (Isa.
3415 1434 3529 1504 vn).
3565 1435 3689 1492 Hzcc

2105 1527 2162 1575 et
2185 1520 2268 1575 his
2303 1520 2497 1575 similia
2521 1521 2689 1576 multa
2723 1522 2776 1576 in
2798 1521 3070 1577 veteribus
3112 1522 3261 1577 libris
3281 1523 3541 1588 invenies,
3571 1540 3691 1594 qua:

2105 1621 2162 1667 et
2187 1611 2354 1667 Judmi
2375 1612 2443 1668 ad
2479 1613 2892 1670 aediﬁcationem
2920 1614 3105 1685 populi
3133 1615 3392 1685 legentes,
3422 1615 3689 1671 :ediﬁcan-
3750 1653 3760 1664 ι

2110 1710 2190 1758 tes
2216 1702 2479 1758 nominati
2526 1712 2668 1760 sunt.
2713 1702 2754 1758 Ii
2782 1703 2907 1759 dum
2945 1705 3212 1761 aediﬁcant
3238 1715 3598 1775 pervenerunt
3625 1707 3693 1762 ad

2109 1793 2346 1864 lapidem
2375 1793 2705 1873 angularem,
2731 1795 2823 1864 qui
2845 1795 2980 1850 duos
3004 1797 3237 1867 parietes
3257 1797 3690 1866 amplecteretur,

415 1881 510 1938 det
533 1883 666 1938 mihi
694 1885 786 1954 qui
824 1885 942 1941 sine
978 1886 1073 1941 Dei
1101 1888 1301 1944 auxilio
1328 1889 1580 1952 evaserit,
1609 1889 1722 1943 sive
1753 1890 2004 1956 visibiles,
2033 1877 2086 1939 Β
2112 1893 2168 1941 et
2189 1885 2317 1940 duos
2363 1885 2610 1940 conderet
2653 1887 2708 1939 in
2754 1887 3026 1955 semetipso
3058 1885 3216 1959 (Eph.
3241 1885 3322 1957 ιι).
3346 1885 3413 1940 Εῑ
3439 1887 3562 1955 quia
3593 1887 3695 1957 ipsi

419 1973 532 2028 sive
584 1974 879 2031 invisibiles
917 1976 1190 2032 inimicos.
1249 1977 1479 2034 Attende
1535 1980 1698 2034 etiam
1727 1980 1779 2034 in
1809 1980 2009 2037 auxilio

422 2067 612 2138 positis
639 2068 768 2138 quid
814 2068 1022 2125 accidat
1047 2087 1060 2122 :
1092 2069 1355 2140 lmpulsus
1375 2087 1512 2136 sum,
1544 2072 1733 2141 inquit,
1764 2081 2011 2128 versatus

422 2174 541 2214 sum
570 2166 629 2212 ut
647 2159 917 2226 caderem,
947 2168 1002 2216 et
1021 2158 1282 2215 Dominus
1307 2162 1540 2231 suscepit
1567 2177 1672 2216 me.
1706 2160 1771 2216 Et
1790 2161 2012 2230 subjun-

423 2260 514 2318 gat
537 2250 583 2304 si
611 2256 792 2320 potest
824 2267 836 2303 :
868 2249 1147 2306 Fortitudo
1196 2266 1316 2306 mea
1354 2259 1410 2306 et
1453 2251 1570 2306 laus
1620 2266 1740 2306 mea
1793 2251 2012 2306 libertas

427 2341 648 2408 arbitrii,
681 2351 737 2398 et
764 2343 880 2413 ipsa
908 2341 1046 2398 facta
1077 2351 1160 2397 est
1184 2343 1314 2396 mihi
1337 2343 1390 2396 in
1418 2343 1667 2398 salutem.
1696 2341 1810 2398 lloc
1836 2342 2012 2398 sinon

427 2440 603 2503 potest
628 2432 830 2498 dicere,
860 2433 1026 2488 immo
1053 2433 1177 2502 quia
1207 2449 1315 2488 non
1345 2442 1522 2504 potest
1544 2433 1690 2502 juste
1717 2433 1915 2499 dicere,
1939 2432 2016 2487 (li-

427 2534 513 2580 cat
562 2539 681 2580 sea
709 2525 939 2582 Domino
994 2525 1234 2597 suscipi,
1275 2535 1331 2581 et
1383 2526 1749 2581 fortitudinem
1798 2541 2014 2580 omnem

428 2618 640 2673 auxiliis
659 2617 853 2674 divinis
891 2619 1138 2674 ascribat.
1172 2617 1306 2688 Ejus
1329 2619 1472 2672 enim
1499 2617 1721 2673 dextera
1750 2616 1874 2672 fecit
1907 2617 2016 2671 vir-

428 2717 619 2775 tutem,
650 2709 695 2764 si
724 2724 885 2779 quam
909 2709 962 2763 in
991 2708 1145 2765 nobis
1165 2709 1444 2764 habemus.
1469 2707 1604 2777 Ejus
1626 2707 1847 2763 dextera
1877 2707 2020 2764 exal-

429 2808 506 2854 tat
535 2815 638 2856 nos
659 2816 725 2855 ex
748 2800 957 2856 inferno
987 2801 1260 2856 inferiore.
1289 2801 1409 2872 Ipse
1437 2801 1581 2856 enim
1608 2799 1738 2856 facit
1784 2807 1843 2854 ut
1870 2799 2018 2855 viva-

432 2908 570 2956 mus,
601 2900 656 2947 et
683 2908 791 2947 non
810 2893 1125 2954 moriamur.
1155 2901 1215 2948 ut
1243 2908 1522 2948 narremus
1542 2907 1708 2962 opera
1732 2890 1867 2960 ejus.
1899 2889 2019 2961 Ipse

436 2984 703 3051 castigans
729 2984 955 3052 castigat
980 2999 1080 3039 nos
1129 2985 1183 3039 in
1211 2983 1600 3048 misericordia,
1631 2991 1688 3039 et
1712 2981 1871 3038 inorti
1910 2996 2018 3036 non

436 3072 613 3128 tradet
661 3088 776 3128 nos.
802 3072 952 3129 Nunc
979 3073 1118 3130 forte
1148 3073 1330 3130 audiat
1376 3089 1463 3130 me
1490 3071 2020 3143 prmdestinationem

435 3164 653 3230 docens,
685 3171 738 3219 et
765 3163 1043 3220 arbitrium
1080 3165 1356 3219 hominum
1408 3162 1722 3232 infringens,
1753 3168 1905 3232 putet
1933 3175 2021 3215 me

2113 1977 2167 2031 in
2182 1992 2291 2032 uno
2310 1976 2518 2046 pariete
2537 1984 2681 2031 stare
2701 1976 2975 2042 volebant,
2999 1978 3423 2048 reprobaverunt
3444 1977 3693 2048 lapidem,

2112 2069 2205 2138 qui
2232 2084 2342 2124 non
2390 2077 2508 2124 erat
2552 2077 2710 2140 aptus
2738 2069 2805 2124 ad
2851 2086 3034 2138 unum,
3077 2070 3172 2126 sed
3199 2070 3265 2125 ad
3294 2070 3448 2126 duos.
3499 2071 3698 2126 Videas

2113 2157 2256 2214 Deus
2283 2159 2538 2228 injustam
2565 2161 3003 2230 reprobationem
3049 2161 3354 2228 hominum,
3396 2163 3509 2232 ipse
3555 2163 3698 2232 quod

2112 2250 2439 2320 probaverat
2485 2251 2588 2308 illis
2614 2251 2923 2308 nolentibus
2969 2253 3256 2320 ordinavit,
3288 2262 3343 2309 et
3387 2254 3528 2310 hunc
3558 2254 3695 2324 lapi-

2114 2339 2240 2395 dem
2269 2340 2385 2410 ipse
2405 2355 2503 2410 per
2522 2357 2581 2396 se
2600 2342 2782 2411 posuit
2809 2342 2862 2396 in
2891 2343 3066 2412 capite
3087 2343 3286 2412 anguli,
3319 2350 3377 2398 ut
3397 2358 3465 2398 ex
3491 2342 3699 2398 duobus

2115 2432 2474 2497 testamentis,
2495 2438 2549 2487 et
2569 2448 2638 2488 ex
2656 2433 2867 2489 duobus
2893 2434 3105 2504 populis
3122 2433 3406 2490 aediﬁcatio
3430 2442 3696 2503 surgeret,

2115 2537 2280 2592 quam
2327 2523 2586 2578 increduli
2632 2525 3014 2594 relinquentes,
3059 2542 3090 2580 a
3138 2526 3250 2581 Deo
3275 2526 3519 2582 derelicti
3547 2534 3691 2581 sunt.

2118 2612 2412 2669 Credentes
2441 2622 2621 2670 autem
2649 2615 3076 2687 supermdiﬁcant
3103 2633 3261 2688 supra
3295 2617 3698 2672 fundamentum

2118 2703 2243 2770 hoc,
2275 2704 2420 2774 quod
2467 2720 2536 2760 ex
2562 2707 2803 2775 angulari
2849 2707 3028 2777 lapide
3052 2708 3106 2762 in
3134 2709 3310 2778 capite
3355 2709 3532 2777 anguli
3559 2709 3702 2778 posi~

2120 2806 2254 2864 tum,
2285 2806 2511 2867 utraque
2539 2799 2858 2868 constringit
2878 2806 2933 2853 et
2970 2800 3228 2866 continet,
3261 2808 3314 2855 et
3344 2801 3517 2870 ipsum
3564 2799 3700 2869 lapi-

2119 2889 2245 2945 dem
2273 2890 2572 2946 mirabilem
2613 2891 2665 2946 in
2714 2891 2826 2946 suis
2867 2891 3038 2948 oculis
3079 2892 3338 2947 habentes
3382 2892 3704 2947 conﬁtentur

2121 2979 2266 3036 hunc
2311 2995 2432 3036 esse
2459 2980 2622 3047 diem,
2651 2982 2737 3039 cui
2760 2997 2868 3036 non
2915 2981 3154 3044 succedit
3192 2997 3318 3049 nox,
3347 2997 3508 3051 quem
3557 2983 3705 3037 hora:

2121 3087 2232 3128 non
2260 3072 2523 3138 dividunt,
2553 3088 2716 3142 quem
2745 3074 2932 3130 umbra
2960 3090 3068 3130 non
3100 3074 3341 3146 impedit.
3365 3074 3706 3138 Exsultemus

2123 3177 2255 3232 ergo
2283 3171 2340 3219 et
2366 3162 2612 3219 laetemur
2631 3163 2685 3217 in
2705 3178 2792 3228 eo,
2821 3163 2946 3233 quia
2968 3164 3220 3220 alumine
3240 3179 3370 3219 vero
3392 3171 3605 3218 nostras
3626 3170 3707 3218 te-

434 3255 737 3310 libertatem
762 3256 970 3311 arbitrii
997 3256 1072 3311 ita
1101 3255 1407 3321 excludere,
1439 3264 1499 3309 ut
1520 3261 1806 3324 peccantes
1832 3251 2017 3307 existi-
2045 3247 2093 3310 C
2125 3253 2321 3308 nebras
2347 3253 2628 3323 fugaturus
2675 3254 2884 3321 illuxit;
2913 3255 3221 3310 Benedictus
3249 3245 3336 3328 qui
3364 3257 3502 3310 venit
3528 3257 3584 3310 in
3614 3273 3709 3309 no-

352 3345 356 3349 ’
435 3364 574 3404 mem
597 3347 695 3403 Dei
724 3347 1027 3418 abjectione
1053 3363 1295 3418 peccare.
1339 3345 1494 3414 Quod
1518 3360 1822 3417 peccamus,
1849 3344 2017 3400 nostri

435 3440 640 3495 arbitrii
663 3440 965 3506 docebitur,
993 3438 1139 3509 quod
1165 3437 1559 3494 contemnimus
1604 3436 1851 3506 gratiam.
1883 3433 2022 3490 Vide

434 3539 631 3600 quanta
661 3531 882 3586 libertas
925 3538 1012 3586 est
1053 3528 1258 3584 arbitrii
1284 3529 1382 3594 tui,
1407 3533 1635 3595 negetur
1663 3542 1694 3581 a
1723 3541 1881 3581 servo
1909 3524 2019 3579 Do-

436 3622 630 3688 minus,
663 3631 722 3677 ut
747 3621 895 3688 dicat
924 3622 1087 3677 homo
1115 3619 1229 3675 Deo
1260 3637 1273 3672 :
1305 3617 1440 3674 Nolo
1470 3617 1564 3672 tibi
1593 3616 1834 3680 credere,
1862 3621 1918 3668 et
1943 3612 2022 3666 fa-

437 3713 546 3768 ciat
565 3713 668 3768 sibi
691 3713 947 3784 templtun
968 3711 1060 3767 ubi
1083 3711 1282 3767 idolum
1303 3710 1463 3776 colat,
1484 3715 1576 3763 aut
1595 3717 1917 3778 synagogam
1933 3702 2024 3756 ubi

361 3865 366 3869 ,
439 3822 593 3862 suum
613 3807 843 3874 abneget
864 3803 1220 3860 Salvatorem.
1245 3801 1382 3869 Quid
1402 3814 1531 3869 ergo
1552 3798 1751 3854 malum
1779 3795 2021 3860 facimus,

440 3914 538 3968 per
552 3897 856 3972 libertatem
885 3895 1227 3961 incurrimus,
1254 3893 1380 3963 quia
1421 3907 1528 3946 non
1562 3890 1811 3958 dignatur
1837 3886 2024 3942 Domi-

445 4005 544 4045 nus
560 3988 736 4057 justus
756 3996 944 4044 coacta
965 3987 1202 4054 servitia.
1228 3985 1287 4041 Si
1317 4000 1444 4040 vero
1461 3982 1662 4052 aliquid
1689 3983 1816 4038 boni
1843 3981 2029 4037 feceri-

447 4095 585 4145 mus,
633 4079 1011 4149 imputabimus
1054 4077 1328 4146 largitori,
1367 4076 1459 4145 qui
1485 4074 1628 4130 bona
1666 4074 1844 4128 omnia
1873 4072 1941 4128 ad
1968 4089 2028 4130 se

446 4167 872 4237 confugientibus
890 4175 1127 4239 praestat,
1150 4165 1442 4222 secundum
1468 4164 1596 4219 illud
1616 4163 1760 4234 quod
1789 4163 1904 4233 ipse
1941 4163 2026 4217 di-

444 4265 639 4326 gnatus
667 4265 749 4312 est
786 4256 1204 4328 repromittere:
1241 4253 1425 4308 Omnis
1463 4255 1549 4324 qui
1577 4254 1701 4324 petit
1743 4253 1950 4321 accipit,
1980 4260 2030 4306 et

444 4349 528 4418 qui
582 4349 767 4417 quterit
819 4348 1034 4412 invenit,
1059 4354 1109 4400 et
1135 4345 1369 4417 pulsanti
1415 4345 1679 4414 aperietur
1727 4341 2026 4413 (Luam).

446 4437 725 4494 Pulsemus
751 4452 901 4506 ergo,
931 4446 1132 4493 etcum
1156 4435 1419 4507 pr0pheta
1454 4436 1508 4488 in
1538 4435 1641 4490 isto
1671 4434 1876 4503 psalmo
1904 4448 2033 4488 can-

451 4541 621 4589 temus
646 4553 660 4588 :
689 4534 908 4604 Aperite
930 4533 1061 4587 mihi
1087 4539 1272 4603 portas
1293 4529 1534 4599 iustitiae,
1565 4535 1621 4583 et
1643 4528 1912 4596 ingressus
1940 4541 2034 4582 eas

450 4626 744 4682 conﬁtebor
783 4625 1030 4680 Domino.
1079 4623 1205 4679 Haec
1246 4637 1346 4677 nos
1377 4621 1672 4676 clamamus
1699 4617 2033 4673 adminiculis
2061 4617 2114 4679 D

451 4718 772 4784 auxiliisque
799 4715 1014 4778 divinis,
1053 4713 1196 4768 unde
1218 4712 1374 4768 nobis
1402 4727 1507 4766 vox
1548 4708 1917 4780 responsionis
1941 4724 2036 4764 e0-

452 4823 568 4861 rum
597 4806 811 4862 videtur
861 4806 1073 4861 audiri:
1106 4803 1232 4859 [iam
1279 4811 1433 4873 porta
1487 4816 1648 4871 quam
1677 4800 1900 4870 pulsatis
1926 4814 2035 4854 non

453 4907 536 4954 est
562 4897 768 4952 homini
795 4897 1046 4952 libertate
1065 4909 1342 4960 concessa,
1366 4893 1461 4947 sed
1483 4901 1567 4949 est
1589 4895 1640 4948 in
1666 4892 1874 4947 Domini
1895 4891 2039 4946 auxi-

411 5006 417 5013 ’
455 4987 526 5041 lio
554 4989 872 5054 constituta,
903 4996 958 5042 et
986 4989 1085 5042 soli
1121 4987 1249 5055 justi
1280 4985 1579 5040 tntroibunt
1606 4989 1701 5054 per
1721 4999 1860 5038 eam.
1894 4982 2040 5038 Con-

456 5079 700 5132 iiteamur
727 5091 855 5145 ergo
879 5076 1130 5142 Domino,
1158 5076 1414 5145 quoniam
1448 5075 1563 5145 ipse
1591 5073 1808 5129 exaudit
1836 5090 1955 5137 nos,
1986 5079 2043 5127 et

459 5166 570 5236 ipse
599 5166 756 5221 nobis
801 5165 1030 5220 efﬁcitur
1068 5165 1121 5218 in
1168 5165 1416 5219 salutem.
1450 5164 1740 5220 Veniamus
1792 5177 1932 5216 nunc
1976 5161 2044 5214 ad

460 5257 690 5327 lapidem
739 5272 899 5327 quem
942 5256 1369 5326 reprobaverunt
1414 5254 1755 5311 aediﬁcantes.
1787 5252 1884 5309 llic
1911 5253 2044 5324 lapis

459 5345 652 5409 legitur
681 5348 734 5401 in
765 5347 985 5402 Daniele
1033 5346 1238 5400 excisus
1280 5347 1393 5399 sine
1421 5345 1656 5398 manibus
1687 5344 1850 5416 (Dan.
1883 5347 1961 5415 ιι),
1994 5343 2046 5396 id

462 5445 562 5501 est,
595 5437 711 5491 sine
739 5452 905 5507 opera
959 5436 1061 5490 viri
1091 5443 1249 5490 natus
1289 5449 1357 5488 ex
1411 5434 1648 5502 Virgine.
1699 5433 2047 5488 Ediﬁcantes

463 5535 617 5580 erant
637 5525 804 5580 Judaei
828 5526 928 5581 soli
954 5541 1117 5597 super
1147 5525 1451 5585 universam
1498 5523 1684 5579 faciem
1716 5531 1890 5577 teme.
1915 5521 2043 5576 Om-

467 5632 562 5670 nes
591 5617 734 5672 enim
763 5625 952 5685 gentes
991 5617 1044 5671 in
1070 5616 1434 5672 destructione
1462 5614 1724 5670 idolorum
1767 5613 2047 5668 moraban-

471 5713 572 5772 tur,
591 5707 690 5762 soli
715 5705 883 5761 Judzci
912 5707 1011 5761 sub
1040 5707 1396 5777 omnipotenti
1437 5713 1492 5761 et
1517 5721 1645 5760 vero
1677 5705 1786 5760 Deo
1815 5703 2045 5761 aediﬁca-

472 5792 670 5850 tionem
701 5795 833 5866 legis
861 5804 916 5850 et
938 5795 1232 5867 prophetia:
1262 5794 1580 5860 tractabant,
1605 5794 1798 5864 quibus
1833 5795 1900 5847 ab
1938 5794 2047 5848 ori—

2121 3346 2260 3399 mine
2290 3343 2500 3399 Domini
2523 3343 2672 3418 (Luc.
2705 3344 2843 3416 xm).
2865 3344 3146 3401 Benedixit
3173 3362 3273 3402 nos
3302 3347 3354 3401 in
3393 3345 3554 3402 domo
3586 3345 3698 3402 Do-

2121 3435 2275 3500 mini,
2308 3435 2449 3491 Deus
2476 3434 2742 3491 Dominus
2776 3445 2831 3492 et
2861 3436 3035 3491 illuxit
3062 3438 3236 3492 nobis.
3270 3437 3380 3491 Nos
3403 3451 3534 3504 ergo
3573 3453 3706 3492 con~

2121 3526 2404 3582 stituamus
2430 3526 2573 3582 diem
2605 3526 2949 3591 dominicam,
2993 3526 3047 3580 in
3089 3527 3712 3595 confrequentationibus

2123 3631 2294 3685 usque
2334 3617 2402 3670 ad
2429 3632 2630 3673 cornua
2677 3617 2881 3671 altaris.
2931 3616 2989 3670 In
3016 3631 3122 3685 qua
3151 3617 3239 3672 die
3267 3617 3509 3672 dicamus
3555 3615 3704 3672 Deo:

2125 3703 2267 3758 Deus
2311 3719 2465 3758 meus
2501 3719 2561 3758 es
2586 3712 2665 3771 tu,
2697 3713 2753 3759 et
2797 3702 3100 3759 conﬁtebor
3126 3705 3253 3770 tibi;
3285 3704 3427 3760 Deus
3454 3719 3608 3760 meus
3653 3721 3712 3762 es

2125 3801 2207 3858 tu,
2231 3801 2286 3848 et
2324 3792 2572 3848 exaltabb
2601 3800 2675 3848 te.
2704 3792 3018 3848 Conﬁtebor
3059 3807 3279 3862 gemens
3307 3803 3529 3866 peccata
3569 3811 3712 3863 mea,

2127 3881 2408 3938 exsultabo
2434 3883 2670 3952 gaudens
2710 3882 3038 3951 indulgentia
3068 3893 3179 3938 tua.
3214 3884 3304 3940 Sic
3351 3886 3583 3955 denique
3626 3901 3713 3941 se-

2128 3977 2309 4047 quitur
2340 3995 2352 4031 :
2385 3974 2716 4044 Conﬁtebor,
2747 3977 2870 4047 quia
2899 3978 3162 4033 exaudisti
3193 3993 3306 4046 me,
3339 3987 3394 4034 et
3434 3979 3606 4035 factus
3651 3996 3711 4035 es

2128 4071 2257 4126 mihi
2309 4070 2364 4125 in
2416 4070 2664 4125 salutem.
2715 4069 2780 4124 Et
2809 4071 2960 4140 quasi
2989 4070 3080 4141 qui
3123 4070 3334 4126 sodales
3359 4071 3620 4134 hortetur,
3655 4080 3715 4126 ut

2128 4162 2269 4217 sicut
2295 4161 2398 4231 ipsi
2438 4160 2703 4218 indultum
2745 4169 2830 4216 est
2856 4159 3156 4225 conﬁtenti,
3189 4169 3244 4216 et
3271 4161 3374 4216 illis
3401 4160 3713 4216 conﬁtenti-

2128 4253 2230 4307 bus
2257 4252 2555 4307 dimittatur
2588 4270 2600 4305 :
2633 4251 2701 4307 Et
2726 4267 2844 4314 vos,
2876 4252 3070 4322 inquit,
3100 4251 3430 4308 conlitemini
3465 4251 3712 4317 Domino,

2131 4344 2386 4412 quoniam
2427 4344 2622 4410 bonus,
2653 4344 2906 4414 quoniam
2946 4344 2999 4398 in
3049 4344 3305 4399 saeculum
3349 4343 3716 4400 misericordia

2134 4431 2268 4499 ejus,
2298 4433 2390 4502 qui
2419 4441 2607 4501 regnat
2634 4433 2688 4487 in
2714 4431 2908 4488 saecula
2934 4433 3272 4488 saeculorum.
3305 4433 3495 4489 Amen.

2440 4564 2754 4622 PSALMUS
2781 4565 2986 4621 CXVIII
3013 4568 3166 4638 (vers.
3196 4566 3413 4638 1—48).

2800 4678 3046 4733 Alleluia.

2211 4791 2358 4845 Beati
2398 4789 2714 4844 immaculati
2755 4791 2812 4843 in
2840 4791 2942 4856 via,
2974 4789 3060 4860 qui
3089 4789 3356 4843 ambulant
3384 4791 3438 4845 in
3469 4792 3580 4862 lege
3608 4787 3718 4843 Du-

2139 4883 2286 4936 mini.
2343 4881 2492 4936 Beati
2531 4883 2616 4954 qui
2655 4891 2957 4937 scrutantur
2996 4881 3286 4935 testimonia
3334 4879 3465 4948 ejus,
3515 4880 3568 4931 in
3615 4887 3720 4932 toto

2141 4975 2294 5029 corde
2311 4976 2589 5044 exquirunt
2618 4991 2754 5029 eum.
2783 4973 2908 5029 Non
2937 4976 3074 5028 enim
3110 4974 3198 5043 qui
3224 4978 3504 5041 operantur
3529 4969 3722 5035 iniqui-

2145 5076 2299 5121 tatem
2325 5068 2382 5121 in
2432 5069 2525 5121 uiis
2555 5067 2666 5137 ejus
2712 5066 3122 5121 ambulaverunt.
3175 5064 3217 5116 Τ
3217 5080 3249 5115 u
3277 5061 3538 5114 mandasti
3565 5075 3722 5114 man»
3752 5113 3756 5116 .

2145 5158 2267 5210 data
2291 5166 2378 5210 tua
2408 5157 2651 5212 custodiri
2681 5159 2856 5210 nimis.
2893 5154 3106 5208 Utinam
3148 5152 3442 5220 dirigantur
3471 5150 3566 5203 ria:
3593 5165 3723 5205 mete

2145 5249 2213 5301 ad
2240 5248 2602 5302 custodiendas
2619 5247 3025 5320 justiﬁcaliones
3048 5251 3181 5293 tuas.
3207 5239 3349 5295 Tunc
3370 5256 3474 5294 non
3502 5242 3723 5312 confun-

2147 5339 2243 5392 dar
2267 5355 2383 5391 cum
2409 5354 2724 5408 perspexero
2752 5337 2806 5387 in
2833 5329 3066 5387 omnibus
3096 5329 3358 5384 mandatis
3396 5332 3515 5386 tuis.
3543 5330 3722 5400 Πυκνὶ-

2147 5431 2287 5484 tebor
2310 5429 2402 5484 tibi
2430 5431 2484 5483 in
2507 5429 2790 5481 directione
2823 5422 3013 5489 cordis,
3044 5425 3098 5477 in
3130 5441 3190 5479 eo
3219 5424 3355 5497 quod
3395 5425 3551 5480 didici
3577 5423 3722 5494 judi-

2145 5523 2228 5575 cia
2265 5519 2487 5592 justitia!
2516 5526 2635 5569 tuae.
2663 5515 3072 5584 Jttstiﬁcationes
3129 5525 3244 5570 tuas
3282 5517 3589 5579 custodiam,
3619 5530 3722 5568 non

2147 5628 2226 5664 me
2247 5610 2577 5678 derelinquas
2606 5621 2980 5675 usquequaque.

2220 5698 2285 5752 In
2311 5715 2408 5769 quo
2431 5695 2644 5764 corrigit
2677 5693 3053 5748 adolescentior
3079 5696 3215 5750 riam
3245 5695 3428 5748 suam?
3452 5695 3505 5746 in
3548 5699 3725 5746 custo-

2148 5790 2336 5843 diendo
2364 5803 2624 5841 sermones
2655 5796 2785 5842 tuos.
2823 5785 2884 5841 In
2918 5796 3022 5840 toto
3048 5790 3200 5842 corde
3224 5803 3336 5839 meo
3361 5783 3611 5857 exquisivi
3649 5793 3722 5848 te,
