4244 6258
396 374 500 430 509

1341 371 1801 437 COMMENTARII
1835 372 1903 429 IN
1935 371 2262 435 PSALMOS.
2306 375 2495 431 PSAL.
2538 375 2759 432 CXVIII.

3555 377 3659 445 δίο

396 503 657 562 quantum
686 506 874 563 sapere
900 505 1199 564 possumus,
1230 506 1337 546 non
1358 499 1616 565 quantum
1638 506 1745 549 non
1773 504 1964 561 possu-
1993 488 2046 571 ᾼ
2072 492 2297 549 suscitas
2323 491 2391 546 de
2422 500 2564 548 terra
2596 491 2831 562 Inopem,
2865 491 3074 546 viviliea
3102 505 3189 545 me
3216 489 3508 549 secundum
3538 507 3659 553 ver-

394 591 534 641 m'us.
552 583 753 640 Verum
767 585 888 654 quia
911 582 1180 647 mandata,
1200 581 1390 651 inquit,
1407 589 1496 636 tua
1516 580 1771 637 custodiri
1789 579 1870 635 vis
1892 580 1967 633 ni-

394 677 519 743 mis,
533 691 640 730 non
658 690 747 731 me
757 674 1091 743 derelinquas
1106 685 1508 745 usquequaque.
1527 671 1643 729 Non
1664 670 1805 725 enim
1822 668 1965 723 aliud

394 767 485 821 ubi
514 765 885 822 adolescentiae
910 764 1023 819 vias
1051 763 1316 832 corrigam
1335 803 1350 828 ,
1386 762 1486 824 nisi
1508 763 1561 816 in
1589 761 1830 823 custodia
1860 775 1968 817 ser-

392 872 611 913 monum
640 864 867 911 tuorum.
892 854 1178 929 Videamus
1206 840 1348 927 nunc
1374 853 1691 923 orationem.
1716 850 1817 929 Qui
1846 859 1967 907 orat

392 961 502 1001 non
541 945 794 1000 mentitur
820 943 932 1000 Deo
966 945 1019 999 in
1043 943 1223 1000 verbis
1264 944 1525 1016 orationis
1553 959 1662 1006 sua:
1695 961 1707 995 :
1738 938 1797 1000 In
1827 950 1961 1013 toto,

391 1036 596 1106 inquit,
628 1034 790 1092 corde
816 1049 939 1091 meo
968 1036 1232 1113 exquisivi
1261 1044 1335 1113 te.
1366 1032 1425 1090 Si
1451 1037 1639 1109 verum
1678 1033 1828 1103 dicis,
1857 1050 1964 1089 non

388 1135 443 1182 te
482 1127 703 1197 repellet
729 1141 761 1181 a
790 1112 1059 1182 mandatis
1091 1127 1222 1182 suis.
1255 1110 1315 1191 In
1363 1126 1556 1193 corde,
1588 1125 1797 1199 inquit,
1844 1138 1965 1181 meo

378 1215 637 1272 abscondi
665 1217 940 1287 eloquium
968 1224 1120 1285 tuum
1146 1257 1161 1283 ,
1210 1226 1269 1272 ut
1298 1226 1405 1277 non
1432 1206 1659 1293 peccem
1683 1216 1797 1283 tibi.
1846 1215 1964 1283 Non

374 1322 512 1376 ergo
538 1308 658 1364 ideo
697 1309 764 1362 ad
791 1300 1074 1375 scientiam
1112 1294 1350 1363 laboravi
1376 1306 1701 1388 pertingere,
1733 1314 1787 1388 et
1825 1320 1962 1377 prae-

371 1408 539 1468 cepta
562 1398 660 1453 Dei
699 1397 1013 1453 memoriter
1040 1398 1271 1463 retinere
1288 1438 1306 1473 ,
1339 1406 1399 1477 ut
1428 1386 1640 1459 viderer
1661 1386 1879 1476 sciolus,
1910 1403 1966 1461 et

372 1504 481 1560 per
507 1482 789 1544 scientiam
817 1486 1032 1544 inﬂatus
1061 1487 1312 1559 superbia
1340 1486 1696 1557 increpationi
1720 1492 1960 1556 aptarer;

373 1578 475 1634 sed
514 1580 666 1645 ideo,
697 1585 757 1633 ut
784 1593 892 1633 non
921 1592 1202 1649 peccarem
1225 1578 1341 1633 tibi.
1386 1567 1529 1645 Doce
1556 1584 1686 1645 ergo
1712 1590 1817 1639 me,
1863 1576 1966 1643 ait,

377 1671 624 1733 Domine,
655 1669 1066 1739 justiticationes
1088 1677 1223 1739 tuas,
1250 1668 1333 1724 Ad
1357 1669 1472 1723 haec
1498 1656 1843 1738 respondebit
1866 1668 1962 1723 tibi

377 1762 469 1817 ille
498 1776 656 1831 quem
686 1776 840 1828 oras,
870 1769 931 1816 ut
953 1762 1147 1817 doceat
1175 1770 1229 1816 te
1251 1760 1488 1831 justitias
1513 1776 1638 1815 snas
1665 1778 1677 1815 :
1704 1758 1830 1815 Haec
1856 1768 1961 1841 est,

2073 585 2201 641 bum
2221 593 2388 643 tuum.
2408 582 2535 639 Vias
2561 590 2680 638 tuas
2708 583 2999 647 euuntiavi,
3016 590 3072 637 et
3097 581 3361 639 exaudisti
3388 597 3493 653 me.
3518 580 3662 651 Con.-

2074 681 2247 737 sidera
2271 680 2398 755 quid
2446 696 2507 739 se
2534 679 2725 735 fecisse
2754 679 2905 746 dixit,
2933 688 2991 734 ut
3012 680 3390 747 exaudiretur;
3421 679 3551 750 quid
3578 687 3660 739 est

2073 772 2188 828 vias
2242 782 2361 828 tuas
2415 771 2721 827 enuntiavi?
2752 771 2868 828 Hoc
2922 779 3005 827 est
3040 772 3484 847 :quibuscunque
3530 773 3659 835 mihi

2070 862 2399 941 possibilitas
2427 861 2679 931 loquendi
2708 860 2823 928 fuit,
2854 863 2953 917 hos
2978 862 3080 917 illis
3099 863 3263 921 calles
3278 862 3519 931 ostendi,
3541 863 3661 933 qui,-

2070 954 2170 1019 bus
2198 954 2461 1027 parebant
2505 954 2745 1024 vestigia.
2780 952 2883 1009 Per
2902 956 3047 1026 ipsos
3075 955 3217 1010 enim
3240 954 3485 1017 evaditur
3512 969 3659 1009 mors

2072 1054 2127 1106 et
2153 1044 2466 1118 pervenitur
2486 1043 2554 1099 ad
2582 1044 2766 1100 vitam.
2791 1042 3016 1115 Quando
3044 1058 3173 1113 ergo
3202 1045 3316 1101 vias
3342 1051 3463 1110 tuas
3483 1058 3657 1105 enun-

2072 1137 2237 1207 tiavi;
2265 1146 2391 1192 tunc
2418 1135 2684 1197 exaudisti
2706 1150 2811 1189 me.
2843 1134 3029 1203 Artem
3059 1134 3379 1201 exaudiendi

2070 1224 2392 1295 Christiane,
2425 1225 2470 1280 si
2498 1212 2741 1287 exaudiri
2770 1223 2868 1291 vis,
2900 1224 3015 1281 vias
3040 1222 3141 1279 Dei
3168 1224 3372 1291 nuntia,
3402 1224 3538 1291 (Iqu
3564 1240 3658 1285 ea.

2071 1318 2339 1386 stitatem,’
2363 1316 2740 1383 humilitatem,
2768 1322 3135 1386 contemptum
3168 1315 3370 1381 mundi,
3410 1323 3466 1379 et
3500 1316 3657 1387 quid-

2071 1407 2201 1477 quid
2226 1406 2476 1483 petieris,
2520 1406 2851 1472 exaudieris;
2884 1414 2939 1460 et
2963 1419 3159 1472 rogans
3184 1413 3237 1460 te
3263 1405 3445 1477 doceri
3474 1422 3505 1471 ξι
3551 1406 3658 1471 De—

2070 1499 2240 1563 mino,
2263 1497 2393 1579 quid
2417 1497 2613 1554 doceas
2640 1497 2997 1563 collibertum,
3020 1495 3186 1552 dicito
3215 1514 3228 1549 :
3261 1496 3375 1567 Ego
3394 1497 3518 1566 quia
3532 1498 3658 1561 velo

2070 1588 2186 1645 vias
2207 1596 2326 1657 tuas
2349 1588 2652 1654 enuntiare,
2686 1595 2743 1643 ut
2791 1586 3050 1643 exandias
3094 1601 3202 1655 me,
3229 1587 3370 1642 viam
3393 1587 3656 1658 justiﬁes-

2071 1679 2279 1737 tionum
2302 1687 2513 1734 tuarum
2541 1678 2625 1733 fac
2645 1687 2701 1732 ut
2729 1677 3042 1747 intelligam,
3067 1687 3121 1732 et
3158 1678 3453 1743 exerceer
3479 1680 3532 1739 in
3552 1680 3656 1736 mi-

2070 1770 2329 1842 rabilibus
2358 1770 2482 1826 tuis.
2501 1769 2753 1825 Exerceri
2782 1768 3018 1836 argutari
3045 1777 3157 1827 est:
3190 1769 3440 1841 Argutus,
3464 1773 3653 1845 inquit,

376 1852 570 1921 inquit,
599 1851 808 1920 justitia
835 1866 952 1906 mea
972 1889 987 1914 ,
1018 1859 1079 1906 ut
1122 1851 1304 1907 omnia
1332 1852 1457 1920 qua:
1483 1851 1562 1906 vis
1589 1859 1648 1905 ut
1676 1849 1835 1906 faciat
1863 1851 1963 1919 tibi
2069 1878 2165 1932 go
2194 1878 2300 1919 non
2330 1863 2500 1933 piger.
2518 1861 2665 1931 Quid
2694 1869 2903 1916 tantum
2930 1862 3232 1934 promittis?
3260 1878 3389 1929 ecce
3414 1880 3519 1923 una
3540 1872 3656 1924 ton—

374 1942 561 2007 homo,
594 1942 784 1998 eadem
815 1951 870 1998 tu
896 1943 1101 1999 homini
1127 1941 1309 1999 facias.
1352 1940 1410 1999 Si
1439 1943 1780 2015 ampleCteris
1801 1944 1960 2021 justie

376 2034 511 2087 tiam
534 2033 654 2111 .Dei
677 2074 691 2099 ,
723 2033 908 2090 dices:
936 2034 996 2089 in
1038 2035 1193 2090 labiis
1231 2036 1365 2091 meis
1405 2035 1749 2109 pronuntiavi
1783 2037 1963 2095 omnia

378 2122 578 2192 judicia
607 2122 718 2178 oris
746 2124 843 2189 tui,
874 2131 929 2179 et
947 2123 1003 2178 in
1030 2124 1113 2179 bis
1134 2124 1427 2181 delectatus
1444 2140 1582 2191 sum,
1605 2127 1743 2187 sicut
1770 2126 1822 2195 in
1846 2140 1964 2181 om-

380 2212 544 2268 nibus
570 2212 788 2269 divitiis.
820 2213 1109 2285 Videamus
1148 2231 1291 2271 nunc
1330 2216 1454 2284 quid
1484 2224 1567 2271 est
1594 2215 1738 2287 quod
1779 2202 1962 2297 sequi:

383 2309 492 2356 tur.
523 2302 581 2357 In
612 2304 875 2359 mandatis
899 2306 1000 2360 tuis
1032 2320 1122 2360 me
1147 2306 1428 2362 exercebo.
1453 2305 1604 2362 Sicut
1629 2307 1823 2385 tironia
1849 2322 1966 2383 cor:

384 2405 489 2459 pus
516 2401 761 2459 exercet,
799 2394 872 2466 ita
900 2395 1127 2465 anirnam
1157 2395 1334 2451 divina
1361 2402 1627 2467 praecepta
1656 2397 1957 2460 instituunt.

380 2482 588 2538 Ihcent
607 2483 749 2539 enim
772 2499 836 2539 ea
866 2486 1096 2554 qualiter
1115 2500 1324 2556 pugnos
1352 2496 1508 2542 caute
1530 2488 1805 2565 suscipiat,
1829 2503 1964 2558 qua-
1991 2542 1995 2546 _

376 2570 501 2626 liter
528 2571 739 2629 fortiter
765 2574 971 2630 reddat.
1004 2574 1073 2630 Et
1114 2576 1502 2643 considerabo,
1534 2578 1645 2643 ait,
1676 2578 1792 2632 vias
1822 2586 1960 2643 tuas,

374 2659 431 2717 id
475 2670 579 2728 est,
610 2662 828 2719 attendo
855 2665 1088 2734 qualiter
1122 2666 1387 2735 superasti
1408 2707 1424 2731 ,
1467 2673 1523 2720 et
1559 2667 1673 2735 ipsa
1711 2667 1964 2721 imitabor

374 2753 645 2823 exempla.
673 2752 731 2808 Si
755 2754 972 2824 quidem
1000 2756 1095 2824 qui
1123 2771 1224 2811 nos
1251 2756 1435 2811 docuit
1461 2757 1539 2813 sic
1564 2757 1695 2813 dicit
1728 2775 1740 2810 :
1776 2759 1963 2815 Imita-

375 2855 511 2899 τοι-εδ
552 2847 655 2900 mei
693 2856 875 2914 estote,
917 2849 1050 2901 sicut
1076 2858 1127 2902 et
1153 2866 1249 2920 ego
1290 2852 1526 2922 magistri
1557 2834 1812 2925 [Christi].
1846 2851 1963 2909 Non

372 2935 688 2999 obliviscar,
718 2936 912 3005 inquit,
942 2951 1223 3003 sermones
1252 2946 1409 2995 tuos.”
1433 2938 1595 2996 Vides
1619 2942 1746 3012 quia
1774 2941 1962 2998 oblitio

280 3022 290 3030 ’
370 3041 462 3081 res
485 3026 605 3080 vitii
625 3033 726 3092 est,
761 3041 868 3082 non
900 3036 1125 3095 natum.
1152 3027 1426 3096 Retribue,
1451 3031 1640 3100 inquit.
1665 3048 1823 3089 servo
1846 3042 1957 3089 tuo.

369 3114 517 3183 Quid
548 3115 645 3171 tibi
672 3117 753 3189 vi;
781 3118 1044 3173 retribui?
1072 3118 1284 3176 Amoris
1306 3162 1321 3187 ,
1366 3123 1564 3191 inquit,
1604 3122 1869 3191 affectum,
1902 3134 1963 3191 ut

366 3207 576 3263 vivam.
607 3206 675 3263 Et
702 3209 747 3263 si
795 3209 892 3264 tibi
920 3210 1084 3279 vitam
1129 3211 1349 3277 dedero,
1383 3214 1511 3283 quid
1559 3211 1758 3271 facies?
1800 3190 1966 3285 Ferte
1994 3208 2048 3279 (ζ

366 3298 541 3353 dixit:
566 3298 758 3355 Vivam
787 3306 841 3355 et
865 3301 1068 3370 epuler,
1101 3301 1267 3369 lmter,
1299 3302 1575 3368 :ediﬁcem,
1605 3319 1763 3379 agros
1792 3321 1947 3361 exco-

368 3389 494 3457 lam,
531 3405 688 3460 agam
718 3406 929 3457 causas,
954 3399 1009 3447 et
1033 3401 1246 3461 caetera,
1271 3407 1391 3463 quae
1417 3408 1537 3449 cum
1566 3402 1809 3466 tempore
1838 3411 1962 3467 per-

369 3483 545 3537 eunt?
573 3481 690 3538 Non
718 3483 824 3539 hoc
857 3483 1019 3551 dixit;
1050 3484 1147 3540 sed
1179 3484 1306 3556 quid
1341 3486 1452 3541 ait?
1479 3485 1668 3562 Vivam
1696 3472 1751 3542 et
1771 3495 1959 3562 custo-

367 3572 512 3628 diam
547 3588 825 3630 sermones
860 3583 999 3631 tuos.
1031 3572 1229 3630 Verum
1257 3577 1381 3649 quia
1424 3577 1567 3635 inter
1613 3579 1795 3649 apices
1835 3587 1962 3634 tuos

369 3663 659 3721 thesauros
680 3708 695 3733 ,
727 3667 968 3722 occultos
995 3667 1171 3722 sentio
1196 3709 1210 3735 ,
1254 3681 1390 3737 quos
1420 3669 1660 3743 invenire
1688 3684 1795 3741 non
1835 3685 1962 3741 pos-

368 3769 507 3823 sum,
536 3764 616 3822 tu,
644 3756 888 3825 Domine,
914 3758 1095 3814 revela
1120 3759 1307 3814 oculos
1333 3773 1502 3825 meos,
1531 3768 1586 3843 et
1607 3748 1963 3834 considerabo

368 3847 639 3902 mirabilia
680 3846 747 3902 de
791 3847 908 3917 lege
937 3855 1049 3902 tua.
1081 3846 1252 3917 Caute
1292 3861 1422 3903 sane
1468 3848 1836 3925 accipiendum
1879 3855 1963 3921 est

371 3936 518 4004 quad
565 3934 760 4004 adjecit
805 3954 817 3989 :
859 3930 1058 4002 InCola,
1104 3936 1157 3991 id
1202 3944 1304 4002 est,
1336 3937 1652 4008 peregrinus
1695 3950 1797 4007 ego
1840 3952 1965 4011 sum

376 4026 524 4095 apud
570 4035 623 4082 te
670 4028 725 4081 in
775 4036 949 4096 terra,—
1000 4020 1205 4099 idest,
1258 4030 1390 4084 nihil
1434 4034 1703 4093 terrenum
1746 4034 1957 4105 quitum;

374 4117 523 4185 quod
569 4133 791 4187 qumro,
834 4120 936 4175 hoc
980 4121 1111 4175 mihi
1159 4108 1269 4176 noli
1313 4122 1663 4193 abscondere.
1688 4118 1806 4178 Non
1846 4124 1962 4178 abs-

374 4209 583 4264 condas
627 4225 783 4266 a-me
831 4213 1079 4268 mandata
1126 4221 1234 4267 tua.
1280 4213 1397 4283 Non
1441 4215 1585 4269 enim
1628 4217 1961 4291 concupiscit

372 4302 557 4357 anima
586 4317 705 4357 mea
730 4342 744 4367 ,
794 4303 896 4357 nisi
925 4303 1230 4360 desiderare
1269 4303 1683 4375 justiﬁcationes
1722 4315 1875 4375 tuas;
1906 4315 1962 4361 et

372 4390 505 4459 quia
553 4393 666 4447 scio
716 4399 770 4447 te
818 4394 1095 4464 increpare
1141 4394 1439 4464 superbos,
1485 4394 1636 4461 aufer
1674 4411 1704 4449 a
1734 4411 1820 4450 me
1858 4412 1958 4466 0p-

373 4484 679 4555 probrium.
712 4485 940 4559 Superbi
983 4495 1110 4542 sunt
1146 4488 1288 4543 enim
1319 4489 1411 4560 qui
1457 4496 1810 4545 contemnunt
1850 4474 1961 4545 Do-

2066 1956 2202 2018 tatio
2226 1956 2482 2027 nascitur,
2513 1955 2819 2011 etmoveris
2842 1955 2918 2010 ita
2950 1963 3009 2011 ut
3035 1955 3215 2024 dicas:
3248 1953 3510 2021 Dormitat
3536 1959 3658 2019 ani-

2068 2062 2156 2114 ma
2176 2062 2294 2123 mea
2322 2061 2435 2119 prae
2455 2047 2632 2103 taedio.
2648 2045 2893 2113 Dormire
2914 2047 3158 2119 corporis
3177 2057 3280 2115 est,
3306 2064 3413 2105 non
3439 2050 3653 2111 animae.

2066 2137 2309 2220 Quantus
2338 2153 2503 2213 sopor
2523 2146 2673 2193 tuum
2719 2143 2915 2210 corpus
2955 2139 3179 2206 invasit,
3209 2140 3302 2209 qui
3339 2148 3395 2195 et
3422 2141 3655 2201 animum

2066 2228 2361 2296 dormitare
2402 2230 2693 2302 compellit.
2728 2230 2797 2297 At
2842 2231 2972 2287 ille:
3003 2231 3110 2289 Ista
3150 2232 3280 2291 mihi
3321 2243 3651 2300 evenerunt,

2067 2321 2194 2413 quia
2248 2303 2316 2377 de
2333 2336 2450 2413 _me
2501 2324 2835 2413 pnusumpsi.
2887 2323 3075 2381 Exeita
3102 2340 3219 2391 me,
3249 2325 3496 2392 Domine,
3526 2327 3654 2396 quia

2066 2411 2298 2475 dormio.
2332 2410 2548 2469 Excitas
2575 2410 2755 2470 autem
2801 2431 2907 2483 me,
2953 2417 2997 2475 si
3044 2417 3445 2483 conﬁrmaveris
3471 2434 3558 2475 me
3601 2419 3657 2476 in

2065 2500 2246 2568 verbis
2275 2502 2398 2557 tuis.
2432 2501 2731 2563 Conﬁrmas
2775 2515 2957 2569 autem
3005 2523 3093 2565 me
3139 2510 3195 2565 in
3222 2509 3401 2569 verbis
3448 2510 3580 2576 tuis,
3609 2511 3657 2568 si

2067 2588 2214 2651 Viam
2241 2591 2561 2661 iniquitatis,
2618 2595 2669 2650 id
2699 2604 2799 2665 est,
2833 2597 3006 2667 ipsum
3035 2605 3358 2661 tentatorem
3406 2614 3657 2657 artiums

2067 2696 2100 2741 a
2126 2696 2234 2738 me.
2281 2683 2391 2739 Nisi
2421 2684 2565 2739 enim
2594 2686 2753 2757 longe
2795 2703 2917 2744 eum
2946 2688 3137 2751 feceris
3165 2705 3195 2744 a
3223 2706 3328 2763 me,
3379 2692 3435 2749 in
3462 2708 3657 2750 somno

2066 2772 2279 2841 animm,
2307 2782 2363 2830 et
2390 2774 2444 2831 in
2471 2776 2667 2833 mentis
2693 2792 2826 2834 meae
2867 2780 3022 2835 taedio
3050 2784 3395 2849 permanebo.
3426 2781 3503 2839 'I‘u
3524 2798 3655 2855 ergo

2066 2863 2209 2919 viam
2258 2864 2552 2934 iniquitatis
2580 2882 2773 2937 amove
2792 2884 2825 2936 ᾳ
2848 2885 2954 2948 me,
2984 2880 3041 2929 et
3062 2872 3114 2935 in
3145 2872 3228 2936 via
3274 2882 3363 2931 tua
3393 2876 3651 2932 miserere

2066 2954 2196 3015 mei.
2232 2953 2407 3023 Meum
2430 2964 2513 3010 est
2534 2958 2678 3013 enim
2718 2958 2919 3029 eligere
2950 2961 3092 3017 viam
3116 2963 3372 3031 veritatis,
3400 2973 3546 3021 tuum
3574 2973 3656 3023 est

2067 3042 2367 3107 concedere
2395 3045 2676 3123 electionis
2703 3047 2862 3119 huius
2904 3048 3171 3107 effectum.
3214 3052 3285 3109 Et
3306 3056 3430 3124 quia
3461 3056 3659 3115 adiresi

2068 3134 2396 3219 testimoniis
2421 3136 2545 3201 tuis,
2589 3128 2815 3195 credens
2847 3149 2906 3196 ut
2934 3143 3108 3207 omnis
3136 3144 3231 3212 (uti
3260 3147 3415 3215 petiit
3443 3148 3657 3219 accipit,

2072 3218 2221 3295 peto,
2244 3224 2489 3293 Domine,
2522 3228 2631 3284 noli
2661 3245 2748 3286 me
2779 3230 3126 3289 confundere.
3160 3233 3487 3300 Naturaliter
3523 3218 3656 3295 eon-

2065 3310 2205 3369 fusio
2228 3317 2463 3379 nascitur
2483 3318 2699 3387 quando
2718 3322 2861 3397 quod
2886 3324 3126 3396 poscitur
3152 3325 3468 3397 denegatur,
3502 3339 3556 3388 et
3588 3331 3658 3387 ab

2066 3419 2134 3459 eo
2161 3405 2251 3474 qui
2278 3406 2531 3479 prtedicat
2558 3422 2680 3466 eum
2705 3426 2865 3480 quem
2894 3416 3170 3484 periturus
3198 3424 3281 3473 est
3310 3419 3443 3479 nihil
3462 3434 3663 3488 negare

2063 3498 2330 3580 poscenti.
2366 3498 2518 3580 Unde
2545 3511 2599 3558 et
2643 3504 2750 3567 hic,
2784 3506 2853 3560 ab
2885 3507 2989 3571 hac
3014 3508 3328 3580 confusique
3365 3524 3425 3571 se
3444 3512 3663 3573 liberari

2065 3578 2403 3654 desiderans,
2453 3578 2689 3651 clamat:
2722 3593 2974 3663 Domine,
3017 3578 3127 3666 noli
3172 3614 3261 3663 me
3309 3599 3655 3665 cunﬁndcre.

2065 3678 2195 3747 quid
2218 3687 2393 3734 tamen
2414 3682 2655 3751 postulas
2674 3684 2969 3741 Videamus.
2991 3686 3130 3754 Quid
3149 3689 3322 3749 curris
3345 3692 3483 3754 viam
3512 3707 3659 3752 man-

2065 3770 2350 3826 datorum?
2370 3771 2506 3839 Quid
2529 3775 2770 3843 postulas
2790 3775 3117 3845 intellcctum
3141 3786 3199 3833 ut
3211 3782 3466 3847 scrutaris
3486 3783 3657 3853 legem

2064 3856 2201 3915 Dei?
2228 3860 2365 3928 Quid
2395 3863 2587 3919 ducem
2616 3865 2812 3933 quieris
2826 3866 2925 3921 vim
2952 3864 3087 3923 Dei?
3116 3866 3297 3924 Pande
3324 3873 3452 3941 quid
3472 3884 3658 3945 postu-

2064 3948 2162 4017 las.
2192 3951 2414 4016 Inclina,
2439 3953 2629 4023 inquit,
2663 3969 2758 4011 cor
2784 3970 2959 4017 meum
3009 3958 3061 4024 in
3107 3959 3417 4023 testimmtia
3455 3972 3545 4019 tua
3565 4006 3583 4029 ,λ
3602 3974 3658 4021 et

2066 4055 2175 4105 non
2207 4042 2261 4096 in
2308 4044 2610 4105 avaritiam.
2640 4045 2771 4119 Ideo
2818 4062 2952 4118 ergo
2987 4049 3319 4117 domitabat
3358 4054 3539 4111 anima
3564 4055 3658 4111 tua

2064 4147 2175 4201 pra:
2205 4133 2383 4201 ttedio,
2410 4135 2536 4204 quia
2582 4136 2650 4192 de
2677 4138 2903 4207 avaritia
2941 4139 3247 4209 cngitabas.
3275 4144 3567 4203 WE
3588 4146 3663 4203 ad

2064 4236 2128 4283 ea
2148 4237 2268 4291 qute
2290 4223 2554 4301 videntur,
2577 4240 2696 4295 quae
2715 4227 2771 4282 in
2796 4229 3033 4298 vanitate
3048 4231 3368 4301 consistunt,
3385 4235 3511 4304 quia
3530 4235 3657 4305 dum

2063 4311 2237 4373 teneri
2266 4322 2520 4385 putamur
2541 4316 2837 4386 aufugiam.
2868 4319 2972 4389 Ora
2992 4334 3121 4391 ergo
3147 4330 3204 4387 ut
3230 4332 3440 4385 avertet
3467 4327 3654 4391 mles

2063 4407 2209 4479 tuos,
2240 4415 2309 4456 ne
2355 4403 2574 4460 videant
2611 4407 2770 4469 istam
2800 4410 3095 4479 vanitatem
3122 4413 3238 4475 sive
3265 4413 3323 4475 in
3347 4416 3654 4473 ambitioni-

2063 4492 2166 4551 bus
2192 4495 2398 4571 mundi,
2430 4498 2545 4554 sive
2566 4500 2621 4555 in
2649 4503 3099 4574 concupiscentiis
3131 4509 3327 4568 caenis.
3358 4508 3424 4565 iis
3447 4511 3533 4567 die
3552 4512 3659 4569 Bo-

371 4574 586 4628 minum
634 4574 984 4646 imperantem
1008 4620 1023 4643 ,
1066 4586 1121 4632 et
1166 4578 1437 4634 maledicti
1483 4587 1607 4639 sunt
1650 4580 1745 4648 qui
1797 4579 1963 4635 decli-
1988 4578 2219 4657 nmine
2247 4596 2307 4651 ut
2335 4595 2535 4655 statuat
2562 4605 2722 4647 servo
2758 4582 2857 4651 sub
2886 4595 3159 4666 eloquium
3183 4615 3339 4660 suum
3382 4601 3437 4657 in
3464 4603 3663 4661 timum

369 4666 507 4716 nan‘t
555 4677 585 4717 a
635 4664 901 4721 mandatis
948 4667 1069 4721 tuis.
1118 4666 1247 4723 Tuis
1292 4683 1449 4734 sane,
1499 4671 1623 4739 quia
1667 4671 1822 4725 nobis
1875 4671 1964 4742 pie

367 4752 660 4820 agentibus
687 4755 957 4826 principes
996 4757 1135 4812 aeris
1163 4757 1321 4827 hujus
1370 4758 1699 4829 dejectiones
1748 4761 1962 4829 excogi-

368 4848 505 4895 tant.
533 4842 740 4899 Idcirco
768 4846 965 4915 adjecit
997 4865 1009 4900 :
1044 4846 1198 4913 Quod
1227 4848 1265 4902 ii
1295 4849 1586 4920 principes,
1623 4850 1719 4915 ait,
1767 4852 1960 4906 adver-

365 4942 485 4985 sum
506 4949 598 4989 me
627 4934 1000 5005 loquebantur.
1034 4928 1148 5010 Ego
1172 4952 1298 4996 vero
1318 4956 1503 4998 servus
1531 4951 1654 4997 tuus
1673 4944 1964 5000 exercebar

366 5021 421 5076 in
465 5025 576 5080 tuis
601 5024 1096 5095 justiticationibus.
1130 5030 1262 5085 Nam
1293 5039 1349 5087 et
1392 5033 1696 5091 testimonia
1726 5041 1816 5089 tua
1845 5051 1961 5092 me-

366 5113 560 5171 ditatio
590 5131 712 5172 mea
759 5128 874 5184 est,
918 5128 973 5176 et
1013 5123 1296 5178 consilium
1341 5140 1520 5180 meum
1555 5124 1965 5201 justificationes

370 5212 498 5259 tuae.
532 5206 828 5265 Videamus
856 5211 1002 5280 quod
1026 5214 1308 5268 consilium
1336 5223 1553 5271 secutus
1591 5218 1665 5271 sis
1693 5217 1745 5271 in
1766 5216 1962 5288 justiﬁ-

363 5297 677 5353 catinnib‘us
701 5298 935 5356 Domini.
959 5302 1210 5371 Adhaesit,
1233 5306 1425 5381 inquit,
1455 5308 1760 5377 pavimento
1786 5309 1963 5362 anima

366 5401 514 5454 mea,
546 5384 655 5445 hoc
675 5397 778 5453 est,
799 5390 941 5460 jacui
968 5394 1019 5448 in
1047 5395 1375 5465 pavimento,
1401 5404 1472 5463 te,
1500 5397 1744 5465 Domine,
1767 5399 1961 5472 depre-

364 5492 520 5545 cans,
542 5486 600 5535 te
619 5494 881 5548 exorans;
907 5482 1113 5541 viviﬂca
1132 5500 1216 5541 me
1236 5486 1529 5545 secundum
1546 5490 1763 5547 verbum
1789 5500 1957 5544 tuum.

365 5565 509 5632 Quid
556 5571 703 5624 enim
739 5574 989 5641 promisit
1032 5566 1218 5632 Deus?
1247 5575 1529 5645 Promisit,
1580 5581 1774 5652 inquit,
1824 5579 1964 5637 Deus

366 5658 578 5715 dicens.
604 5659 741 5725 Quia
759 5667 815 5718 in
834 5683 914 5721 me
941 5671 1180 5739 speravit,
1205 5684 1303 5741 ego
1326 5660 1553 5747 liberabo
1581 5690 1695 5729 eum
1724 5670 1961 5747 (Pam).

367 5748 515 5808 Ecce"
540 5766 646 5837 ego
673 5768 895 5828 sperans
919 5761 969 5814 in
995 5768 1046 5817 te
1065 5762 1177 5834 jam
1206 5766 1513 5839 pavimento
1539 5767 1752 5833 adhtcsi.
1770 5767 1848 5822 Tu
1870 5767 1961 5843 qui

2065 4691 2187 4753 suo,
2208 4684 2267 4739 et
2293 4688 2535 4748 amputet
2556 4684 2905 4755 opprobrium
2923 4688 3073 4755 mind
3087 4692 3389 4760 munientis
3416 4706 3496 4750 es.
3514 4695 3659 4762 Quid

2067 4767 2212 4821 enim
2262 4770 2564 4838 suspicatus
2602 4788 2696 4845 es,
2753 4791 2877 4833 cum
2926 4793 3038 4847 pra:
3092 4780 3253 4843 tertio
3304 4782 3663 4841 dormitare“

2065 4860 2246 4919 dixisti
2273 4880 2285 4914 :
2331 4860 2469 4929 Quid
2496 4867 2840 4934 manducata.
2889 4871 3019 4942 quid
3041 4872 3233 4940 “aut,
3260 4875 3389 4946 quid
3414 4877 3659 4944 experiar?

2065 4953 2136 5019 At
2162 4954 2251 5027 ubi
2280 4953 2557 5027 inclinavit
2608 4956 2867 5022 Dominus
2912 4978 3008 5021 cor
3053 4972 3201 5022 tuum
3244 4965 3305 5018 in
3353 4964 3661 5023 testintonia‘

2064 5057 2190 5113 sua,
2211 5044 2461 5115 liberavit
2487 5054 2540 5103 te
2586 5049 2654 5105 ab
2694 5050 2942 5117 avaritia,
2977 5061 3033 5119 et
3061 5052 3275 5122 (δωρίεῆ
3296 5065 3538 5120 quareve
3567 5067 3652 5105 re-

2066 5147 2230 5203 gnum
2260 5135 2357 5191 Dei
2385 5144 2441 5193 et
2457 5136 2723 5211 justitiam
2751 5141 2888 5210 ejus,
2917 5143 3141 5199 credens
3168 5141 3315 5210 quod
3335 5141 3449 5196 inec
3475 5143 3657 5198 exmia

2068 5233 2411 5306 apponuntur
2430 5229 2543 5286 tibi.
2569 5230 2727 5289 Modo
2751 5230 3003 5297 ersojam
3034 5245 3191 5298 rogas
3218 5239 3274 5284 ut
3297 5230 3455 5299 huius
3483 5235 3657 5306 διερῇ

2066 5316 2241 5371 cionis
2282 5319 2639 5389 opprobrium,
2666 5327 2973 5388 amputetur
2999 5335 3030 5377 a
3083 5328 3153 5375 te.
3189 5319 3545 5391 Opprobrium
3575 5341 3658 5381 es:

2068 5404 2212 5461 enim
2265 5414 2327 5463 ut
2368 5407 2557 5465 credas
2602 5398 2873 5470 hominem
2901 5407 3189 5469 sollicitum
3228 5406 3351 5467 esse
3384 5413 3452 5468 de
3498 5429 3658 5470 servo

2065 5509 2189 5565 suo,
2218 5504 2274 5552 et
2293 5496 2461 5569 Deum
2484 5498 2753 5568 negligere
2777 5498 3102 5571 servientem
3128 5502 3250 5558 sibi.
3276 5502 3517 5572 Peccavi,
3546 5506 3654 5559 Do-

2068 5586 2233 5663 mine,
2274 5587 2397 5657 quia
2428 5588 2502 5656 ita
2556 5586 2856 5655 suspicatus
2908 5605 3026 5650 sum
3050 5609 3065 5659 ;
3092 5609 3271 5664 parce,
3304 5595 3428 5664 quia
3453 5594 3652 5662 jmlicia

2068 5684 2159 5743 tua
2180 5677 2417 5749 jucunda
2440 5685 2585 5741 sunt.
2616 5677 2757 5749 Ecce
2785 5683 2968 5751 credo,
3000 5701 3131 5745 ecce
3154 5686 3647 5756 nibiiconcupisco,

2068 5768 2171 5821 nisi
2200 5767 2447 5821 mandata
2473 5776 2594 5834 tua;
2627 5770 2707 5826 fac
2730 5780 2785 5826 ut
2804 5777 2985 5833 veniat
3000 5794 3161 5848 sine:
3184 5792 3270 5834 me
3288 5777 3657 5839 misericordia
