4244 6258
540 362 634 425 ΒΜ

1878 358 2146 415 ARNOBll
2185 358 2482 416 JUNIORIS

3697 354 3802 410 512

544 491 652 544 tua,
683 481 727 535 si
775 480 1003 534 salutare
1035 486 1179 530 tuum
1207 479 1368 547 s'uper
1408 493 1492 531 me
1543 477 1774 544 venerit,
1821 474 2114 547 secmidum
2142 473 2193 533 Α
2292 475 2584 529 Bonitatem
2609 477 2778 548 fecisti
2808 493 2923 530 cum
2945 491 3089 530 servo
3119 482 3225 539 tuo,
3262 472 3500 538 Domine,
3527 474 3806 531 secundum

545 569 810 637 eloquium
858 575 1003 620 tunm
1043 564 1186 634 quod
1237 566 1525 636 promisisti
1569 584 1580 617 :
1634 563 1861 629 Quwrile
1907 580 2118 636 regnum

546 659 682 725 Dei,
742 667 790 712 et
841 660 942 712 ista
997 658 1169 712 omnia
1217 667 1535 728 opponentur
1577 655 1716 712 vobis
1772 655 1935 728 (Luc.
1979 655 2115 728 xu

546 748 681 804 Dum
706 761 835 816 ergo
873 747 1225 817 compleveris
1246 747 1480 803 salutare
1508 756 1657 803 tuum
1684 746 1973 803 secundum
2002 745 2119 801 elo-

546 839 725 911 quium
753 845 921 904 tuum,
968 852 1068 907 ego
1114 837 1449 910 respondebo
1503 838 1949 909 exprobrantibus
1991 834 2123 891 mihi

547 930 788 995 verbum,
816 928 940 998 quia
967 928 1020 983 in
1043 929 1379 985 sermonibus
1401 929 1506 983 tuis
1532 943 1714 998 spero.
1743 927 1861 983 Non
1880 940 2009 995 ergo
2024 940 2123 980 au-

548 1019 688 1075 feras
713 1035 780 1075 ex
803 1034 897 1074 ore
924 1033 1046 1074 meo
1058 1020 1277 1074 verbum
1299 1019 1539 1076 veritatis
1558 1031 1959 1089 usquequaque.
1988 1016 2126 1072 Ecce

550 1107 755 1165 inﬁcias
781 1110 835 1164 in
858 1109 1026 1165 Deum
1054 1109 1274 1165 validas.
1301 1108 1440 1180 Ergo
1465 1110 1607 1165 Deus
1632 1110 1790 1165 alicui
1835 1109 1976 1164 tollit
1999 1124 2124 1163 ver-

549 1200 675 1257 bum
687 1201 930 1256 veritatis
955 1216 1022 1256 ex
1045 1202 1174 1256 ore?
1195 1201 1310 1256 Hoc
1336 1201 1580 1257 diabolus
1607 1201 1751 1267 facit,
1776 1201 1914 1255 tollit
1935 1199 2151 1255 verita-‘

552 1300 681 1359 tem,
714 1299 769 1347 et
794 1292 958 1347 mittit
985 1290 1345 1360 mendacium.
1367 1292 1505 1359 Quid
1531 1307 1660 1363 ergo
1684 1291 1795 1346 Deo
1823 1291 2013 1361 loquar
2039 1306 2129 1346 os-

551 1385 729 1441 tende.
762 1386 893 1455 Ego,
946 1376 1136 1456 inquit,
1161 1385 1286 1441 volo
1313 1384 1639 1456 respondere
1682 1383 2128 1455 exprobrantibus

552 1476 682 1530 mibi
720 1477 963 1539 verbum,
994 1476 1121 1545 quia
1162 1475 1214 1529 in
1243 1476 1576 1531 sermonibus
1602 1474 1703 1530 Dei
1725 1489 1967 1545 sperans,
1996 1473 2130 1528 nihil

552 1566 781 1633 cogitavi
809 1564 876 1620 de
902 1573 1114 1633 ventre,
1145 1562 1239 1619 sed
1267 1564 1335 1618 de
1359 1572 1568 1629 mente;
1591 1546 1719 1617 nihil
1755 1562 1823 1618 de
1850 1571 2013 1628 terra,
2035 1561 2130 1616 sed

553 1656 621 1711 de
645 1656 800 1711 coelo.
825 1654 958 1710 Cum
980 1669 1108 1724 ergo
1134 1655 1401 1711 dicerem:
1428 1655 1570 1710 Deus
1592 1655 1769 1710 omnia
1791 1663 1945 1726 parat
1962 1654 2132 1710 servis

554 1749 684 1816 suis,
716 1749 825 1813 illi,
864 1748 916 1803 id
942 1757 1025 1804 est
1052 1748 1328 1814 increduli,
1356 1748 1470 1803 sive
1499 1747 1755 1803 immundi
1785 1747 2004 1817 spiritus
2030 1746 2131 1801 bu-

557 1934 719 1987 cium.
745 1932 824 1986 Tu
846 1946 993 2000 ergo,
1028 1932 1269 1998 Domine,
1301 1947 1422 1987 cum
1449 1931 1803 2002 compleveris
1829 1929 1972 2000 quod
1996 1928 2064 1984 de
2084 1937 2137 1984 te

557 2024 685 2078 dum
710 2022 984 2079 crederem
1014 2023 1317 2093 repromisi,
1348 2031 1404 2078 et
1430 2022 1535 2077 illis
1560 2020 1898 2091 respondebo
1934 2034 2136 2091 expro-

559 2113 838 2169 brantibus
849 2114 980 2169 mihi
999 2115 1239 2179 verbum,
1263 2121 1318 2169 et
1344 2129 1450 2170 non
1476 2122 1560 2169 est
1577 2113 1784 2169 ablatus
1803 2128 1871 2168 ex
1899 2127 1994 2167 ore
2013 2127 2137 2167 meo

559 2218 739 2259 sermo
767 2203 1011 2259 veritatis
1038 2218 1444 2274 usquequaque,
1475 2204 1599 2272 quia
1623 2203 1763 2258 bene
1794 2202 1895 2259 feci
1924 2211 1984 2258 ut
2009 2217 2135 2273 spe-

559 2310 732 2352 rarem
770 2296 824 2350 in
844 2296 1333 2351 sermonibustuis.
1364 2295 1485 2365 Non
1502 2310 1629 2365 ergo
1658 2294 1956 2352 custodiam
1982 2310 2138 2350 num-

560 2404 677 2444 mos
726 2403 896 2454 meos,
927 2404 1035 2445 non
1067 2388 1280 2444 divitias
1307 2403 1474 2453 meas,
1505 2405 1612 2444 non
1640 2388 1862 2458 gloriam
1899 2388 2133 2453 inanem,

560 2477 654 2532 sed
683 2477 982 2534 custodiam
1011 2477 1185 2546 legem
1213 2485 1359 2533 tuam
1385 2493 1598 2548 semper
1634 2479 1688 2533 in
1715 2486 1994 2534 aeternum.
2024 2476 2137 2531 Au-

559 2567 789 2624 divimus
828 2584 971 2624 nunc
997 2568 1126 2639 quid
1169 2567 1422 2638 cst'quod
1459 2568 1603 2624 dicat
1648 2583 1707 2624 se
1755 2567 2055 2624 ambulasse
2083 2569 2139 2624 in

560 2658 855 2727 latitudine,
902 2660 1026 2731 quia
1054 2658 1311 2723 ,mandata
1342 2658 1437 2715 Dei
1474 2659 1735 2729 quaesivit,
1766 2674 1886 2714 cum
1912 2658 2138 2715 latitudo

561 2752 627 2808 ad
655 2763 884 2809 mortem
916 2752 1094 2810 ducat.
1119 2752 1235 2809 Non
1264 2752 1337 2808 ita
1365 2761 1448 2809 est
1476 2753 1576 2807 ista
1605 2751 1850 2807 latitudo.
1880 2750 1973 2807 Vis
1999 2752 2140 2808 scire

562 2844 830 2911 quomodo
858 2844 1093 2898 ambulat
1118 2844 1282 2898 homo
1311 2844 1365 2899 in
1390 2843 1705 2899 latitudine?
1724 2842 1857 2910 Quia
1887 2842 2139 2898 mandata

564 2931 660 2985 Dei
687 2933 935 3001 exquirit.
967 2932 1156 2988 Latum
1182 2935 1417 2989 ambulat
1439 2950 1598 3005 quem
1626 2934 1848 2991 allectus
1875 2950 1980 2990 non
2010 2934 2138 3004 ligat

563 3022 756 3083 carnis,
783 3023 1043 3092 spatiatur
1061 3039 1222 3092 quem
1245 3040 1425 3080 rerum
1452 3026 1674 3088 sarciam
1702 3041 1807 3081 non
1838 3033 2132 3080 coarctant.

562 3110 821 3182 Loquitur
842 3115 1148 3171 testimonia
1198 3115 1295 3172 Dei
1320 3117 1480 3171 etiam
1509 3119 1562 3172 in
1607 3125 1899 3187 conspectu
1926 3132 2133 3187 regum,

2221 568 2425 622 verbum
2469 576 2631 623 tuum.
2684 567 2977 622 Bonitatem
3003 576 3053 621 et
3092 565 3421 636 disciplinam
3458 573 3505 620 et
3536 567 3807 621 scientiam

2222 657 2348 712 doce
2373 674 2471 724 me,
2492 659 2613 729 quia
2638 658 2901 713 mandatis
2921 656 3267 733 tuis’credidi.
3290 654 3605 727 Priusquam
3643 656 3811 710 humi-

2221 746 2380 803 liarer
2402 765 2498 820 ego
2526 748 2736 821 deliqui,
2777 756 3050 820 propterea
3081 747 3336 820 eloquium
3362 754 3506 801 tuum
3534 747 3806 801 custodivi.

2224 840 2399 895 Bonus
2426 852 2480 895 es
2510 848 2583 906 tu,
2608 849 2659 895 et
2684 842 2741 895 in
2765 839 2995 896 bonitate
3040 847 3130 893 tua
3156 838 3282 893 doce
3308 855 3390 893 me
3409 837 3812 909 justiﬁcationes

2225 938 2362 985 tuas.
2391 929 2746 1002 Multiplicata
2778 938 2855 987 est
2882 947 3037 1002 super
3066 946 3148 985 me
3186 928 3434 999 iniquitas
3460 928 3809 999 superborum,

2224 1039 2320 1095 ego
2341 1029 2514 1077 autem
2557 1020 2616 1075 in
2638 1027 2746 1075 toto
2773 1018 2929 1075 corde
2963 1035 3075 1074 meo
3120 1018 3388 1073 scrutabor
3407 1017 3660 1072 mandata
3699 1027 3808 1072 tua.

2226 1114 2569 1188 Coagulatum
2613 1121 2690 1171 est
2724 1113 2858 1169 sicut
2903 1111 2986 1167 lac
3022 1128 3111 1167 cor
3127 1127 3328 1176 eorum,
3359 1126 3452 1182 ego
3491 1126 3606 1164 vero
3650 1109 3812 1180 lcgent

2230 1216 2372 1261 tuam
2391 1205 2667 1261 meditatus
2694 1221 2827 1260 sum.
2860 1202 3064 1259 Bonum
3089 1203 3217 1258 mihi
3243 1203 3364 1274 quia
3392 1201 3677 1255 Itamiliasti
3711 1216 3810 1264 me,

2226 1306 2285 1350 ut
2310 1296 2509 1352 discam
2528 1296 2933 1368 justiﬁcationes
2974 1301 3111 1348 tuas.
3164 1292 3367 1348 Bonum
3406 1290 3536 1345 milii
3575 1290 3658 1346 lea;
3706 1291 3812 1345 oris

2228 1388 2321 1453 tui,
2351 1403 2506 1458 super
2528 1385 2695 1440 millia
2723 1383 2840 1439 auri
2857 1392 2908 1438 et
2930 1382 3154 1455 argenti.

2301 1480 2493 1535 Manus
2522 1488 2623 1535 tute
2646 1481 2875 1552 fecerunt
2896 1493 2978 1532 me
3002 1486 3053 1531 et
3073 1476 3451 1548 psalmaverunt
3470 1491 3566 1538 me,
3586 1473 3654 1527 da
3679 1473 3810 1527 mihi

2229 1573 2540 1629 intellectum
2566 1580 2623 1625 ut
2651 1570 2847 1624 discam
2872 1569 3122 1624 mandata
3142 1577 3249 1621 tnta.
3283 1565 3383 1631 Qui
3411 1567 3586 1621 timent
3608 1574 3653 1618 te
3674 1564 3815 1647 vide-

2232 1662 2356 1716 bunt
2382 1678 2465 1716 me
2481 1670 2531 1715 et
2558 1659 2890 1726 lmtabuntur,
2916 1660 3038 1731 quia
3061 1658 3117 1712 in
3145 1656 3295 1712 verba
3324 1664 3414 1710 tua
3441 1656 3813 1727 supersperavi.

2233 1752 2475 1825 Cognovi,
2507 1751 2752 1818 Domine,
2775 1753 2896 1823 quia
2916 1752 3130 1823 (aquilas
3150 1749 3350 1820 judicia
3367 1756 3464 1801 .tua
3481 1787 3496 1812 ,
3526 1757 3577 1801 et
3602 1748 3658 1801 in
3679 1748 3813 1802 veri-

472 1884 475 1890 .
555 1838 641 1908 ius
669 1838 1062 1910 praedicationis
1089 1840 1371 1894 veritatem
1417 1838 1806 1894 convertebant
1834 1838 1886 1893 in
1917 1836 2137 1893 menda—
2165 1838 2216 1899 B
2241 1854 2346 1898 ιαιε
2371 1854 2457 1898 sua
2480 1844 2760 1898 humilium
2779 1859 2879 1897 me.
2912 1840 3035 1895 Fiat
3058 1838 3410 1895 misericordia
3431 1847 3520 1892 tua
3546 1846 3602 1891 ut
3630 1853 3816 1891 conso-

2240 1936 2372 1990 letur
2397 1952 2498 1999 me,
2526 1934 2803 1990 secundum
2823 1934 3078 2005 eloquium
3107 1940 3249 1986 tuum
3287 1946 3430 1984 servo
3459 1937 3564 1983 tuo.
3596 1927 3816 1983 Veniant

2240 2027 2365 2082 mihi
2392 2028 2748 2081 miserationes
2777 2033 2877 2081 tua:
2896 2033 2944 2078 et
2968 2025 3151 2088 vivam,
3176 2024 3297 2089 quia
3330 2022 3416 2076 lex
3440 2030 3530 2075 tua
3554 2021 3817 2076 méditatio

2240 2135 2354 2173 mea
2366 2127 2462 2172 est.
2479 2115 2877 2189 Confundantur
2898 2114 3119 2187 superbi,
3144 2115 3264 2187 quia
3288 2114 3481 2184 injuste
3498 2112 3818 2184 iniquitatem

2240 2212 2468 2283 fecerunt
2511 2209 2565 2262 in
2594 2224 2693 2274 me,
2722 2224 2817 2280 ego
2845 2216 3013 2260 autem
3041 2202 3314 2260 exercebar
3328 2204 3383 2257 in
3408 2201 3667 2257 mandatis
3696 2202 3815 2254 tuis.

2238 2299 2611 2356 Convertuntur
2632 2298 2760 2353 mihi
2781 2299 3012 2352 timentes
3039 2304 3108 2360 te,
3136 2304 3187 2349 et
3210 2295 3294 2366 qui
3323 2302 3570 2348 noverunt
3594 2291 3819 2346 testimo~

2238 2394 2328 2447 nia
2356 2399 2463 2445 tua.
2495 2387 2620 2444 Fiat
2639 2406 2726 2443 cor
2752 2405 2919 2442 meum
2956 2386 3340 2442 immaculatum
3361 2385 3415 2438 in
3430 2382 3817 2454 justiﬁcationi-

2240 2482 2330 2538 bus
2351 2484 2471 2549 tuis,
2492 2491 2673 2536 utnon
2694 2479 3005 2553 confundor.

2808 2626 3243 2668 CGIIEN‘I‘ANUI.

2311 2744 2580 2805 Hactenus
2607 2764 2638 2803 a
2668 2749 2846 2818 capite
2891 2765 3030 2805 unus
3056 2755 3140 2803 est
3165 2761 3373 2803 sensus.
3424 2743 3594 2800 Aliter
3638 2742 3819 2815 incipit

2239 2848 2419 2896 textus
2439 2840 2667 2905 orantis,
2695 2854 2804 2909 quo
2833 2840 2906 2894 ait
2934 2858 2948 2893 :
2978 2837 3268 2903 Memento,
3300 2836 3546 2902 Domine,
3571 2835 3716 2891 verbi
3745 2834 3820 2892 tui

2238 2946 2397 2987 servo
2425 2939 2537 2999 tuo,
2568 2930 2621 2986 in
2648 2946 2756 3001 quo
2782 2930 2911 2986 mihi
2950 2944 3100 2999 spem
3125 2928 3338 2985 dedisti.
3363 2927 3424 2983 In
3448 2927 3551 2984 hac
3576 2926 3823 2983 Oratione

2239 3037 2401 3077 omne
2427 3022 2705 3077 hominum
2728 3020 3042 3092 deplorabat
3067 3033 3253 3089 genus.
3281 3016 3522 3075 Perierat
3547 3032 3707 3073 omne
3731 3031 3823 3087 ge-

2243 3127 2343 3166 nus
2367 3112 2647 3167 hominum
2674 3111 2728 3167 in
2756 3110 3198 3182 pnevaricatione
3225 3107 3373 3173 Adae,
3420 3115 3477 3163 et
3498 3094 3822 3179 promissum

563 3211 617 3259 et
663 3203 806 3257 nulla
849 3204 1163 3260 confusione
1208 3205 1418 3261 dicetur
1464 3207 1515 3261 ei
1556 3224 1569 3260 :
1602 3206 1680 3261 Tu
1727 3206 1986 3277 possides,
2016 3205 2145 3276 quid
2167 3197 2218 3264 ε
2247 3202 2422 3257 fuerat
2445 3201 2681 3257 Verbum
2710 3201 2805 3258 Dei
2831 3188 3116 3258 ven'lurum
3145 3201 3199 3256 in
3238 3203 3421 3266 camé.
3446 3207 3503 3254 ει
3528 3214 3626 3269 ρετ
3651 3199 3822 3268 ipsum

563 3302 932 3365 contemptum
959 3295 1220 3366 prmdicas
1242 3296 1462 3351 mundi?
1498 3295 1650 3352 Nulla
1681 3296 1984 3367 trepidatio,
2016 3296 2140 3367 quia

563 3400 662 3442 nec
704 3386 928 3456 gloriam
972 3387 1040 3445 ab
1068 3402 1154 3453 eo,
1199 3403 1298 3443 nec
1342 3402 1561 3443 censum
1590 3395 1895 3459 exspectat,
1933 3387 2027 3443 sed
2073 3386 2142 3443 ad

563 3476 729 3533 Deum
750 3477 923 3534 solum
951 3478 1094 3534 levat
1114 3494 1302 3535 manus
1328 3494 1473 3546 suas,
1495 3494 1655 3550 quem
1678 3478 1850 3534 solum
1870 3477 2059 3548 diligit,
2087 3486 2143 3534 et

564 3576 847 3624 exercetur
872 3569 925 3624 in
949 3567 1421 3639 justiticationibus
1447 3568 1581 3640 ejus,
1610 3570 1702 3641 qui
1742 3578 1931 3639 regnat
1959 3570 2012 3625 in
2043 3586 2142 3627 sa:-

564 3660 680 3717 cula
707 3661 1039 3719 saeculormn.
1072 3660 1261 3719 Amen.

860 3792 1171 3852 PSALMUS
1206 3794 1411 3852 cxvm
1451 3796 1602 3869 (vers.
1631 3795 1839 3870 49.80).

632 3926 838 3985 Memor
861 3939 970 3985 esto
1009 3929 1145 3985 verbi
1176 3932 1250 3985 tui
1296 3947 1438 3985 servo
1467 3939 1574 3993 tuo,
1615 3932 1671 3984 in
1718 3947 1816 4002 quo
1851 3930 1978 3984 mihi
2005 3946 2145 4000 spem

568 4019 772 4075 dedisti.
801 4018 933 4075 Hac
958 4036 1041 4074 me
1059 4019 1324 4075 consolata
1351 4026 1428 4073 est
1462 4021 1518 4073 in
1546 4020 1833 4073 humilitate
1864 4036 1995 4085 mea,
2026 4020 2147 4091 quia

568 4113 819 4185 eloquium
848 4120 990 4167 tuum
1017 4110 1295 4183 viviﬁcabit
1337 4096 1435 4165 me.
1468 4109 1687 4181 Superbi
1732 4110 1904 4181 inique
1930 4109 2150 4181 agebant

569 4216 940 4275 usquequaque,
971 4217 1005 4254 a
1046 4199 1154 4272 lege
1182 4207 1351 4254 autem
1380 4205 1470 4253 tua
1505 4215 1611 4253 non
1648 4196 1917 4252 declinavi.
1950 4196 2151 4253 Memor

568 4292 646 4363 fui
674 4292 982 4359 iudiciorum
1003 4301 1205 4348 tuorum
1231 4308 1264 4345 a
1283 4290 1492 4354 δίει-κιο,
1524 4289 1762 4353 Domine,
1792 4297 1839 4349 et
1859 4289 2150 4345 consolatus

570 4395 700 4433 sum.
733 4380 967 4453 Defectio
989 4382 1150 4435 tenuit
1169 4397 1268 4446 me,
1296 4396 1389 4451 pro
1417 4378 1764 4451 peccatoribus
1794 4378 2149 4451 derelinquen-

571 4467 702 4522 tibus
726 4470 887 4541 legem
913 4479 1074 4525 tuam.
1108 4469 1559 4546 Cantabilesytihi
1586 4479 1737 4525 erant
1749 4471 2151 4543 justi/icationes

2242 3300 2421 3363 genus
2457 3301 2701 3348 nostrum
2749 3302 3190 3365 recuperaturum
3220 3294 3272 3348 in
3316 3292 3525 3347 melius.
3557 3289 3825 3346 Clamatur

2242 3396 2408 3452 ergo:
2453 3382 2724 3440 Memento
2748 3384 2897 3440 verbi
2927 3385 3003 3439 tui
3031 3400 3190 3441 servo
3238 3392 3353 3450 tuo,
3384 3383 3437 3439 id
3484 3390 3600 3448 εει,
3641 3383 3825 3451 generi

2242 3472 2498 3540 humano,
2547 3473 2603 3528 in
2640 3488 2748 3544 quo
2784 3472 2917 3529 mihi
2954 3488 3107 3545 spem
3158 3472 3369 3529 dedisti.
3416 3471 3541 3528 limo
3591 3487 3714 3542 spes
3739 3487 3826 3527 nio

2243 3564 2523 3621 consolata
2544 3554 2637 3621 est
2664 3566 2718 3621 in
2744 3566 3047 3621 humilitate
3083 3580 3226 3630 mea,
3250 3565 3376 3621 dum
3404 3564 3619 3635 superbi
3648 3564 3826 3632 inique

2245 3664 2469 3727 agerent
2487 3671 2900 3729 usquequaque;
2943 3656 2996 3712 id
3022 3666 3125 3723 est,
3175 3656 3300 3712 dum
3329 3654 3585 3711 immundi
3614 3654 3826 3725 spiritus

2246 3747 2321 3802 ita
2347 3749 2580 3819 superbe
2596 3757 2843 3824 agerent,
2868 3756 2927 3803 ut
2945 3757 2999 3804 et
3019 3748 3270 3819 capitolia
3292 3747 3392 3804 sibi
3419 3756 3476 3803 et
3499 3745 3696 3818 templa
3720 3744 3826 3800 alta

2246 3847 2641 3895 construerent.
2682 3837 2797 3908 Ego
2834 3854 3044 3895 memor
3077 3839 3153 3894 fui
3204 3838 3529 3908 iudiciorum
3578 3845 3823 3911 tuorum,

2247 3930 2373 3999 quia
2393 3929 2688 4000 promisisti
2708 3928 2942 3985 Verbum
2982 3937 3134 3985 tuum
3177 3930 3362 3985 venire
3388 3928 3457 3984 ad
3504 3927 3826 3984 destructio-

2248 4033 2372 4075 nem
2401 4034 2609 4075 eorum.
2639 4018 2756 4075 Hoc
2800 4035 3009 4076 memor
3036 4019 3131 4086 fui,
3161 4027 3217 4076 et
3243 4019 3550 4076 consolatus
3576 4033 3715 4083 sum,
3745 4025 3827 4072 ta-

2246 4123 2371 4164 men
2392 4109 2446 4164 in
2474 4110 2747 4181 praesenti,
2777 4109 3010 4166 defectio
3030 4110 3194 4165 animi
3216 4111 3389 4165 tenuit
3405 4124 3492 4165 me
3518 4124 3618 4181 pro
3640 4122 3828 4178 pecca-

2252 4202 2458 4258 toribus
2484 4203 2979 4274 derelinquentibus
3008 4186 3178 4272 legem
3209 4211 3376 4269 tuam,
3406 4211 3463 4258 et
3488 4200 3739 4258 euntibus
3762 4196 3830 4255 ad

2250 4293 2423 4362 legem
2443 4293 2765 4361 daemonum,
2793 4310 2913 4365 quae
2954 4295 3210 4363 agebatur
3230 4295 3284 4349 in
3309 4294 3552 4365 templis;
3584 4292 3714 4349 mihi
3745 4300 3828 4347 ta-

2251 4398 2374 4440 men
2402 4383 2696 4441 cantabiles
2720 4394 2876 4440 erant
2897 4384 3306 4455 iustiﬁcationes
3331 4392 3437 4440 tute
3458 4386 3511 4439 in
3539 4384 3661 4440 loco
3681 4396 3830 4455 pere-

2252 4475 2569 4543 grinationis
2596 4490 2749 4541 mem,
2779 4475 2868 4531 ubi
2898 4475 3103 4532 advena
3147 4476 3559 4547 comprobabar.
3591 4474 3830 4546 Denique

572 4568 675 4617 tua:
698 4562 755 4615 in
777 4562 888 4616 loco
917 4562 1347 4632 peregrinationis
1373 4579 1516 4618 meae.
1541 4562 1741 4618 Memor
1768 4565 1844 4636 [ui
1885 4573 2030 4619 nocte
2056 4582 2154 4619 no-
2182 4564 2235 4625 D
2259 4567 2388 4623 tolle
2430 4567 2607 4623 subito
2634 4564 3016 4631 Christianum,
3048 4576 3103 4623 et
3140 4575 3283 4638 pbne
3326 4568 3467 4622 inter
3489 4566 3702 4622 Judaros
3739 4569 3831 4620 aut

571 4653 723 4708 minis
751 4650 844 4718 tui,
868 4649 1105 4716 Domine,
1138 4658 1188 4705 et
1207 4652 1455 4706 custodivi
1483 4651 1832 4725 legem'tuam.
1864 4651 1980 4707 Hac
2010 4655 2152 4726 facta

572 4743 644 4797 est
665 4741 811 4807 mihi,
827 4743 947 4813 quia
961 4741 1360 4812 justiﬁcationes
1389 4750 1503 4797 tuas
1524 4743 1789 4816 exquisivi.

643 4831 825 4886 Portio
864 4846 1010 4894 mea,
1048 4829 1290 4895 Domine,
1318 4831 1429 4885 dixi
1474 4832 1733 4886 custodire
1776 4833 1934 4904 legem
1988 4842 2156 4888 tuant.‘

573 4921 887 4993 Deprecatus
907 4936 1023 4974 sum
1044 4920 1228 4992 faciem
1250 4929 1389 4975 tuam
1430 4921 1485 4975 in
1519 4930 1626 4976 toto
1652 4924 1805 4978 corde
1838 4940 1970 4987 meo,
2000 4925 2153 4978 mise-

574 5031 687 5069 rere
713 5013 814 5069 mei
832 5008 1110 5069 secundum
1129 5013 1385 5085 eloquium
1412 5020 1572 5067 tuum.
1599 5012 1829 5086 Cogitavi
1854 5016 1962 5069 vias
1991 5032 2151 5079 meas,

575 5114 623 5160 et
651 5106 874 5161 converti
892 5105 1044 5177 pedes
1074 5122 1212 5160 meos
1242 5105 1297 5159 in
1331 5106 1624 5160 testimonia
1655 5113 1761 5159 tua.
1794 5105 2020 5160 Paratus
2042 5123 2153 5161 sum

577 5204 624 5247 et
650 5212 754 5250 non
777 5212 888 5249 sum
909 5197 1161 5261 turbatus,
1184 5203 1240 5249 ut
1261 5196 1542 5249 custodiant
1572 5195 1819 5249 mandata
1840 5202 1947 5248 tua.
1981 5192 2156 5249 Funes

580 5290 905 5354 peccatorum
936 5286 1266 5357 circumplexi
1299 5293 1419 5339 sunt
1450 5302 1549 5359 me,
1581 5292 1630 5339 et
1658 5284 1822 5356 legem
1869 5292 2007 5337 tuam
2052 5301 2157 5339 non

524 5376 527 5379 ’
581 5387 694 5427 sum
738 5366 946 5426 oblitus!
991 5374 1166 5429 Media
1214 5385 1361 5430 nocte
1405 5375 1673 5447 surgebam
1700 5375 1770 5428 ad
1813 5374 2158 5446 conﬁtendum

582 5460 695 5525 tibi,
720 5477 873 5532 super
906 5462 1105 5532 judicia
1145 5466 1538 5535 justiﬁcationis
1586 5474 1705 5522 tute.
1754 5464 2022 5536 Particeps
2063 5482 2158 5538 ego

480 5612 485 5617 ,
583 5568 697 5607 sum
729 5551 959 5606 omnium
999 5554 1280 5607 timentium
1317 5563 1384 5619 te,
1407 5564 1463 5609 et
1493 5556 1884 5611 custodientium
1910 5554 2158 5611 mandata

584 5649 693 5696 tua.
723 5641 1082 5697 Misericordia
1106 5649 1213 5709 tua,
1246 5642 1486 5711 Domine,
1516 5648 1669 5717 plena
1705 5657 1782 5703 est
1817 5656 1975 5716 terra,
2001 5649 2159 5719 justi-

572 5732 852 5807 ﬁcationes
881 5743 994 5790 tuas
1021 5734 1149 5789 doce
1174 5751 1270 5788 me.

2250 4658 2497 4727 gentiles,
2519 4673 2696 4713 nonne
2720 4658 2926 4713 advena
2945 4657 3173 4721 videtur,
3201 4658 3327 4713 licet
3350 4657 3403 4712 in
3430 4671 3527 4711 sua
3551 4656 3683 4711 urbe
3702 4668 3829 4711 con-

2230 4749 2439 4805 sistat?
2465 4749 2562 4815 Ibi,
2595 4749 2784 4819 inquit,
2816 4758 2995 4805 tamen
3026 4749 3318 4805 cantabiles
3347 4749 3478 4803 mihi
3498 4756 3656 4805 erant
3674 4745 3830 4817 justi-

2248 4840 2524 4895 ticationes
2570 4848 2692 4906 tum,
2736 4849 2790 4894 et
2840 4840 3036 4910 injuste
3080 4840 3360 4909 agentibus
3405 4855 3513 4894 non
3554 4840 3818 4894 tacebam.

2253 4930 2460 4986 Memor
2489 4946 2637 4985 eram
2690 4932 2744 4986 in
2773 4938 2932 4987 nocte
2974 4931 3204 4986 nominis
3232 4931 3327 4996 tui,
3379 4926 3625 4996 Domine,
3650 4928 3704 4984 id
3730 4935 3830 4993 est,

2255 5021 2307 5075 in
2332 5020 2628 5075 tenebrosis
2655 5020 2930 5075 hominum
2951 5021 3192 5076 conciliis
3206 5020 3429 5092 positus,
3450 5034 3661 5074 memor
3686 5032 3832 5074 eram

2257 5110 2489 5164 nominis
2519 5110 2616 5177 tui,
2644 5118 2699 5165 et
2724 5110 2987 5165 custodivi
3020 5111 3190 5180 legem
3213 5120 3383 5175 tuam,
3412 5126 3521 5165 non
3549 5124 3636 5163 me
3658 5122 3834 5163 exem-

2257 5199 2344 5270 pla
2375 5199 2667 5255 multorum
2692 5216 2721 5253 a
2752 5206 2899 5255 recto
2929 5209 3116 5256 tenore
3142 5200 3489 5256 revocabant.
3534 5196 3661 5254 Haec
3686 5197 3835 5252 deni-

2258 5307 2364 5362 que
2413 5292 2527 5347 sola
2558 5291 2688 5345 mihi
2719 5289 2859 5346 facta
2906 5300 2988 5347 est
3032 5292 3229 5362 portio,
3259 5292 3383 5361 quia
3424 5288 3835 5360 justiﬁcationes

2261 5394 2377 5439 tuas
2399 5384 2680 5453 exquisivi,
2711 5398 2833 5438 cum
2858 5383 3120 5438 discerem
3152 5383 3422 5440 custodire
3463 5381 3636 5450 legem
3665 5388 3831 5434 tuam.

2260 5473 2385 5529 Η.το
2412 5474 2525 5529 sola
2549 5473 2689 5529 facta
2717 5482 2801 5529 est
2819 5474 2948 5529 mihi
2971 5475 3165 5545 portio.
3197 5473 3330 5530 Cum
3364 5472 3507 5528 enim
3529 5471 3605 5527 illi
3632 5470 3735 5526 sibi
3754 5466 3833 5523 di-

2252 5564 2502 5625 viderent
2528 5579 2703 5634 agros,
2734 5563 2945 5631 domus,
2976 5566 3180 5633 vineas,
3210 5564 3518 5635 gloriasque
3536 5561 3721 5617 mundi
3747 5559 3833 5614 di-

2259 5669 2461 5719 versas,
2492 5669 2579 5709 me
2610 5652 2868 5711 inermem
2897 5671 2928 5710 a
2974 5672 3073 5731 suo
3098 5655 3450 5712 contubernio
3477 5653 3829 5722 reliquerunt.

2260 5743 2535 5801 dicentes:
2563 5743 2619 5799 Si
2647 5760 2757 5800 non
2803 5745 2856 5800 in
2878 5761 3027 5819 pane
3063 5734 3242 5802 vivere
3267 5752 3441 5817 potes,
3466 5742 3560 5800 sed
3587 5744 3643 5798 in
3667 5739 3829 5797 verbo
