4244 6258
356 360 460 416 513

1275 357 1745 415 COMMENTARII
1783 361 1850 414 IN
1888 360 2216 419 PSALMOS.
2259 363 2449 419 PSAL.
2492 363 2713 420 CXVIII.

3533 368 3638 426 Ml

356 475 470 537 Dei,
502 473 618 530 lucc
637 473 751 530 sola
769 473 840 529 sit
860 473 953 527 tibi
979 472 1172 542 portio.
1198 471 1265 526 Et
1286 486 1387 540 ego
1408 471 1518 525 dixi
1541 471 1668 528 tibi:
1697 472 1942 537 Domine,
1973 464 2022 536 λ
2051 484 2253 540 autem,
2297 476 2391 542 ait,
2425 492 2532 530 non
2563 474 2761 532 recessi
2789 489 2820 529 a
2849 475 3130 546 patientia,
3161 475 3257 532 sed
3285 476 3474 547 emptis
3511 478 3640 533 insi-

355 564 613 619 miserere
640 563 745 618 mei
797 563 1091 618 secundum
1120 562 1398 632 eloquium
1428 569 1597 616 tuum.
1631 562 1709 618 Tu
1738 564 1943 634 promi-

358 656 473 711 sisti
504 664 562 710 ut
583 656 713 710 nihil
743 656 934 710 horum
954 655 1314 725 requiramus;
1339 670 1446 709 non
1475 655 1606 710 mihi
1633 650 1945 725 promisSio-

360 762 484 802 nem
510 754 656 801 tuam
687 753 905 816 peccata
930 760 1047 800 mea
1075 744 1390 815 impediant,
1420 746 1546 814 quia
1572 746 1803 814 cogitavi
1832 746 1947 802 vias

363 847 500 894 tuas.
534 838 601 893 Et
645 839 884 894 converti
928 836 1092 908 pedes
1147 853 1301 892 meos
1336 837 1405 892 ad
1461 838 1765 895 testimonia
1830 847 1940 894 tua.

360 931 514 987 Nunc
534 939 710 986 autem
736 939 955 1001 paratus
997 946 1136 997 sum,
1166 938 1222 985 et
1261 947 1372 986 non
1399 947 1517 986 sum
1544 933 1808 1000 turbatus,
1837 949 1944 988 non

359 1039 448 1080 me
488 1024 704 1079 turbet:
736 1023 970 1078 triticum
1012 1039 1122 1079 non
1153 1031 1237 1078 est
1277 1023 1329 1077 in
1358 1024 1576 1089 horreo,
1606 1024 1786 1080 oleum
1838 1041 1946 1080 non

360 1123 445 1171 est
491 1116 544 1169 in
595 1114 832 1179 vasculo,
887 1129 1136 1168 nummus
1179 1131 1288 1169 non
1334 1123 1418 1170 est
1446 1115 1498 1169 in
1549 1115 1786 1182 sacculo,
1825 1131 1946 1171 ves-

357 1207 640 1261 timentum
664 1205 717 1260 in
745 1205 979 1261 conditis
1005 1222 1110 1261 non
1141 1213 1242 1272 est,
1265 1207 1546 1277 expeditus
1565 1223 1704 1274 sum,
1731 1215 1949 1278 paratus

352 1317 501 1366 sum,
535 1308 593 1356 et
620 1301 675 1356 in
723 1301 826 1356 hac
849 1310 1172 1372 paupertate
1207 1319 1313 1358 non
1353 1319 1471 1358 sum
1497 1305 1756 1360 turbatus.
1787 1305 1856 1360 Et
1881 1306 1948 1361 ad

349 1392 486 1464 quid
515 1400 738 1462 paratus
757 1394 853 1448 es?
874 1391 946 1447 Ut
969 1393 1289 1460 custodiam,
1330 1394 1520 1464 inquit,
1553 1397 1803 1451 mandata
1832 1403 1944 1461 tua,

350 1491 416 1539 et
442 1483 570 1540 licet
592 1483 748 1539 funes
775 1492 1033 1554 peccator
1053 1485 1107 1539 in
1130 1485 1516 1542 tenebrositate
1543 1487 1816 1554 distendit,
1843 1501 1946 1558 ego

352 1585 411 1633 et
439 1577 658 1636 funibus
681 1585 1027 1647 peccatorum
1056 1578 1468 1648 circumplexus,
1500 1587 1556 1634 et
1580 1579 1632 1634 in
1649 1581 1838 1636 mediis
1866 1589 1950 1636 te-

355 1667 543 1723 nebris
571 1668 800 1737 positus,
827 1667 1111 1738 surgebam
1133 1669 1200 1724 ad
1230 1668 1592 1725 conﬁtendum
1608 1671 1723 1740 tibi,
1747 1672 1948 1728 vadens

357 1775 527 1831 super
548 1759 748 1829 judicia
789 1759 1010 1829 justitia:
1040 1768 1164 1816 tute.
1199 1761 1581 1818 Desiderabam
1608 1764 1752 1818 enim
1780 1765 1947 1835 parti-

2046 572 2214 630 stens,
2240 565 2292 619 in
2324 574 2438 620 toto
2467 566 2636 621 corde
2657 581 2782 621 meo
2810 566 3090 621 scrutabar
3128 566 3302 634 legem
3327 574 3494 620 tuam.
3527 567 3636 622 Ve—

2045 673 2165 712 rum
2192 658 2315 729 quia
2339 657 2601 713 orandum
2631 667 2715 714 est
2735 661 3037 730 utquietam
3057 666 3107 712 et
3129 657 3466 730 tranquillam
3480 661 3640 714 vitam

2046 766 2258 820 agamus
2290 749 2350 820 (I
2375 748 2507 803 Tim.
2542 749 2631 818 ιι),
2657 749 2744 804 isti
2775 766 2805 804 a
2829 765 2916 804 me
2958 736 3300 804 avertantur;
3321 748 3390 802 Et
3414 765 3639 806 conver-

2047 847 2230 894 tantur
2258 839 2327 894 ad
2349 855 2436 894 me
2463 840 2556 909 qui
2585 840 2776 895 timent
2796 849 2870 904 te,
2895 848 2950 895 et
2975 840 3068 910 qui
3096 848 3367 896 noverunt
3392 841 3639 911 testimof

2048 931 2135 986 nia
2163 939 2273 998 tua,
2305 933 2430 1002 quia
2473 948 2574 1002 per
2616 933 2933 988 societatem
2971 934 3232 988 bonorum
3283 931 3511 988 emcitur
3545 949 3640 990 eor

2048 1030 2288 1080 nostrum
2310 1025 2586 1088 mundum,
2613 1025 2665 1078 in
2689 1023 3162 1095 justiﬁeationibus
3189 1023 3422 1090 Domini,
3447 1032 3506 1079 ut
3533 1040 3639 1082 non

2046 1114 2452 1171 confundantur.
2481 1115 2596 1171 Hoc
2619 1125 2796 1170 autem
2836 1123 3052 1186 pnestat
3090 1117 3203 1187 ipse
3231 1115 3409 1182 solus,
3441 1114 3534 1185 qui
3559 1121 3639 1172 est

2048 1205 2102 1260 in
2129 1205 2349 1261 dextera
2371 1205 2564 1269 Patris,
2582 1207 2673 1275 qui
2704 1207 3009 1277 interpellat
3035 1223 3134 1277 pro
3163 1207 3338 1273 nobis,
3356 1208 3442 1262 cui
3469 1208 3638 1276 gloria

2046 1295 2205 1351 simul
2231 1313 2354 1352 cum
2382 1295 2542 1352 Patre
2561 1305 2616 1352 et
2642 1297 2845 1368 Spiritu
2872 1306 3061 1354 sancto
3089 1299 3142 1354 in
3163 1301 3369 1356 unitate
3388 1300 3630 1367 Deitatis,

2046 1401 2145 1458 per
2167 1386 2349 1442 omnia
2369 1387 2560 1442 saecula
2581 1387 2918 1443 seculorum.
2946 1387 3134 1443 Amen.

2317 1517 2632 1578 PSALMUS
2669 1520 2876 1577 CXVIII
2917 1523 3067 1591 (vers.
3101 1521 3223 1576 8I-I
3239 1521 3354 1592 76).

2119 1652 2322 1724 Defecit
2359 1654 2416 1706 in
2462 1655 2681 1707 salutari
2730 1663 2813 1708 tuo
2869 1655 3046 1708 anima
3092 1671 3225 1718 mea,
3258 1663 3306 1707 et
3350 1655 3401 1706 in
3442 1654 3641 1708 verbum

2048 1750 2188 1796 tuum
2232 1743 2605 1813 supersperavi.
2632 1741 2945 1814 Defecerunt
2986 1743 3121 1818 oculi
3150 1745 3247 1797 mei
3296 1745 3349 1797 in
3389 1743 3642 1814 eloquium

356 1867 492 1922 ceps
540 1849 654 1906 ﬁeri
703 1851 1005 1906 “mentium
1034 1860 1109 1917 ιθ,
1138 1859 1194 1906 ει
1235 1853 1652 1913 custodientium
1697 1833 1946 1911 [na—"data
1978 1844 2022 1905 Β
2051 1842 2212 1898 tuum,
2242 1833 2469 1888 dicentes
2497 1854 2516 1893 :
2547 1833 2766 1898 Quando
2793 1835 3140 1889 consolaberis
3181 1853 3279 1890 me.
3315 1835 3450 1900 Quia
3479 1840 3643 1907 [actus

359 1952 474 1998 tua.
504 1941 922 1998 Considerabam
953 1950 1131 1998 tamen
1161 1952 1382 2013 peccata
1428 1961 1570 2011 mea,
1602 1946 1696 2001 sed
1743 1949 1953 2004 miseri-

357 2031 605 2088 cordiam
649 2040 796 2086 tuam
823 2033 1035 2102 plenius
1062 2034 1363 2101 cogitabam
1393 2043 1449 2092 et
1494 2035 1740 2092 dicebam
1773 2056 1785 2090 :
1818 2038 1952 2105 Quia

360 2121 738 2177 misericordia
765 2132 854 2176 tua
883 2123 1042 2192 plena
1069 2133 1152 2179 est
1179 2132 1342 2180 terra.
1372 2127 1510 2195 Quid
1549 2137 1653 2194 est,
1683 2129 1842 2199 plena
1871 2138 1955 2186 est

370 2219 522 2266 terra
549 2208 915 2266 misericordia
965 2212 1096 2268 Dei?
1123 2213 1564 2273 Medicamentum
1603 2227 1688 2274 est
1738 2221 1946 2276 animm.

368 2301 824 2357 Medicamentum
869 2311 1047 2359 autem
1093 2307 1306 2376 quando
1349 2310 1658 2367 vulneribus
1701 2313 1949 2380 mittitur,

368 2392 475 2447 nisi
531 2392 850 2462 impleverit,
893 2395 1113 2451 vulnera
1168 2413 1274 2452 non
1306 2408 1582 2455 curantur.
1614 2401 1779 2458 Terra
1823 2420 1953 2474 ergo

364 2500 566 2554 corpus
588 2493 826 2540 nostrqu
856 2494 958 2549 est,
988 2487 1130 2556 quod
1155 2505 1253 2559 per
1271 2491 1450 2545 omnia
1483 2495 1720 2549 membra
1745 2497 1954 2566 spirita-

362 2573 434 2628 lia
463 2574 683 2629 vulnera
712 2576 1082 2632 contrahendo
1111 2594 1248 2649 opus
1277 2580 1461 2636 habuit
1481 2581 1836 2648 Salvatorem,
1860 2603 1954 2641 cu-

364 2664 456 2734 jus
486 2665 854 2721 misericordia
881 2667 1197 2738 impleretur
1224 2678 1388 2736 terra,
1429 2680 1485 2727 et
1511 2673 1744 2729 salvatos
1759 2675 1954 2744 justiti-

361 2754 608 2810 cationes
633 2771 761 2810 suas
789 2756 1030 2812 doceret.
1062 2758 1306 2828 Denique
1328 2763 1401 2815 ita
1432 2763 1710 2834 sequitur:
1757 2764 1824 2820 Ut
1851 2767 1952 2823 bo:

360 2846 588 2901 nitatem
616 2853 672 2900 et
713 2846 1051 2916 disciplinam
1091 2857 1146 2903 et
1186 2850 1498 2919 scientiam,
1530 2853 1729 2922 inquit,
1759 2854 1955 2910 doceas

359 2951 469 2992 me.
504 2936 643 3002 Quia
663 2936 930 2990 mandatis
957 2938 1064 2992 tuis
1084 2939 1284 2994 credidi
1307 2956 1428 3010 ego,
1455 2943 1642 3014 inquit,
1667 2944 1758 3012 qui
1783 2947 1956 3015 prius-

361 3043 530 3098 quam
561 3027 656 3081 tibi
684 3027 999 3082 humiliarer
1025 3028 1248 3101 deliqui.
1280 3031 1431 3088 Nunc
1453 3042 1580 3089 Vero
1606 3035 1728 3104 quia
1750 3036 1956 3091 miseri-

360 3119 554 3176 cordia
586 3128 676 3174 tua
707 3121 863 3190 plena
888 3129 970 3176 est
1001 3131 1162 3188 terra,
1190 3132 1475 3195 propterea
1509 3127 1718 3196 eloquia
1747 3136 1839 3182 tua
1862 3145 1956 3183 cu-

2053 1942 2165 1979 sum
2195 1926 2329 1979 sicut
2355 1935 2468 1989 uter
2495 1927 2551 1978 in
2595 1927 2803 1995 pruina,
2830 1927 3233 1997 justiﬁcationes
3265 1936 3378 1981 tuas
3403 1943 3504 1981 non
3533 1943 3644 1981 sum

2052 2015 2258 2070 oblitus.
2294 2013 2430 2080 Quot
2451 2026 2570 2069 sunt
2591 2017 2699 2071 dies
2728 2018 2860 2071 servi
2891 2019 2982 2081 tui,
3013 2017 3219 2088 quando
3240 2019 3400 2089 facies
3440 2018 3502 2072 de
3529 2036 3646 2088 per-

2051 2105 2376 2178 sequentibus
2405 2123 2484 2160 me
2505 2106 2776 2177 judicium.
2814 2105 3173 2161 Narraverunt
3204 2107 3332 2161 mihi
3373 2109 3535 2179 iniqui
3563 2109 3647 2180 fa-

2053 2199 2360 2264 bulationes,
2390 2199 2481 2253 sed
2507 2216 2610 2253 non
2635 2209 2691 2252 ut
2717 2199 2802 2254 lea:
2821 2209 2927 2253 tua.
2955 2197 3144 2254 Omnia
3172 2202 3419 2254 mandata
3441 2213 3527 2255 tua
3556 2219 3642 2256 ve-

2053 2291 2204 2355 ritas,
2227 2291 2392 2362 iniqui
2421 2291 2670 2361 persecuti
2691 2300 2810 2344 sunt
2839 2309 2937 2356 me,
2961 2292 3149 2363 adjuva
3177 2309 3276 2346 me.
3306 2291 3646 2348 Paulominus

2053 2383 2484 2451 conﬁrmaverunt
2522 2399 2602 2436 me
2639 2383 2694 2436 in
2737 2391 2907 2448 terra,
2938 2400 3032 2455 ego
3061 2392 3231 2439 autem
3269 2403 3374 2448 non
3401 2385 3646 2458 dereliqui

2052 2471 2306 2528 mandata
2346 2481 2454 2526 tua.
2500 2473 2794 2528 Secundum
2823 2475 3232 2529 misericordiam
3275 2484 3414 2529 tuam
3444 2477 3648 2546 vivi/ica

2052 2582 2150 2631 me,
2182 2574 2232 2619 et
2257 2565 2544 2620 custodiam
2575 2567 2866 2620 testimonia
2887 2568 2991 2620 oris
3014 2569 3106 2620 tui.
3150 2566 3216 2621 In
3237 2578 3502 2632 (sternam,
3535 2567 3646 2621 Do-

2059 2660 2218 2724 mine,
2248 2659 2454 2713 verbum
2485 2669 2624 2714 tuum
2664 2669 2929 2731 permanet
2950 2662 3005 2714 in
3045 2660 3189 2714 caelo.
3226 2661 3290 2714 In
3319 2663 3647 2731 generatione

2052 2760 2102 2804 et
2150 2753 2530 2822 generationem
2559 2753 2761 2805 veritas.
2785 2761 2901 2816 tua;
2932 2751 3164 2821 fundasti
3193 2760 3402 2817 terram,
3430 2761 3480 2806 et
3525 2770 3642 2824 per-

2054 2852 2245 2896 manet.
2302 2840 2646 2896 Ordinatione
2702 2852 2788 2895 tua
2834 2851 3160 2912 perseverant
3215 2843 3355 2906 dies,
3403 2845 3648 2915 quoniam

2057 2935 2232 2988 omnia
2278 2935 2504 2988 serviunt
2534 2931 2642 2986 tibi.
2675 2931 2798 2987 Nisi
2839 2934 2976 3005 quod
3003 2934 3086 2988 lea:
3116 2945 3204 2988 tua
3241 2935 3505 2990 meditatio
3531 2914 3648 2991 mea

2062 3036 2156 3092 est,
2192 3035 2309 3080 tunc
2349 3028 2482 3097 forte
2527 3027 2790 3097 periissent
2819 3028 2873 3080 in
2901 3026 3187 3080 humilitate
3229 3044 3359 3082 mea.
3403 3026 3469 3081 In
3498 3038 3648 3083 teter-

2058 3133 2180 3172 num
2208 3136 2311 3172 non
2340 3116 2610 3172 obliviscar
2639 3118 3039 3187 justiﬁcationes
3088 3127 3233 3184 tuas,
3275 3118 3395 3190 quia
3420 3120 3473 3173 in
3519 3120 3648 3190 ipsis

358 3214 584 3270 stodivi.
620 3213 686 3267 Et
715 3214 842 3269 licet
880 3215 1265 3286 multiplicetur
1287 3233 1449 3288 super
1473 3223 1560 3274 me
1580 3220 1832 3291 iniquitas
1860 3237 1954 3276 su-
1979 3204 2026 3266 Ο
2057 3211 2323 3280 vivi/5008“
2344 3223 2442 3264 meo
2473 3209 2610 3264 Tum
2641 3226 2754 3264 sum
2775 3227 2888 3281 ego,
2919 3211 3118 3263 δαιυιιηι
3157 3227 3237 3264 me
3263 3212 3368 3281 fac.
3398 3211 3640 3282 quoniam

359 3307 681 3379 perborum,
712 3305 886 3372 idest,
911 3307 1035 3361 licet
1063 3308 1484 3378 multiplicentur
1509 3312 1638 3366 mihi
1666 3315 1956 3382 suggestio-

359 3411 458 3452 nes
480 3397 814 3464 daamonum,
828 3413 930 3466 ego
951 3407 1127 3454 tamen
1149 3399 1201 3454 in
1221 3408 1334 3456 toto
1349 3400 1510 3458 corde
1533 3419 1655 3459 meo
1677 3406 1958 3461 scrutabor

361 3487 544 3558 legem
572 3497 741 3543 tuam.
768 3487 836 3543 Et
861 3489 983 3545 licet
1002 3491 1319 3558 coaguletur
1357 3493 1496 3548 sicut
1521 3494 1606 3549 lac
1632 3511 1727 3550 cor
1745 3510 1953 3560 eorum,

363 3595 464 3650 ego
508 3589 693 3635 tamen
739 3581 910 3650 legem
961 3589 1108 3636 tuam
1156 3583 1446 3639 meditatus
1469 3602 1606 3641 sum.
1639 3586 1845 3642 Bonum
1876 3598 1961 3644 est

365 3671 510 3725 enim
546 3669 676 3724 mihi
716 3671 861 3739 quod
891 3671 1182 3726 humiliasti
1211 3687 1322 3737 me,
1369 3681 1426 3727 ut
1470 3674 1671 3729 discam
1710 3677 1959 3732 mandata

365 3767 478 3817 tua.
506 3761 628 3816 Non
655 3767 739 3816 est
756 3759 975 3816 alllictio
990 3763 1289 3832 corporalis
1309 3764 1362 3818 in
1383 3765 1613 3820 miseriis
1633 3765 1958 3836 deputanda,

370 3851 416 3905 si
456 3851 618 3907 nobis
664 3852 827 3906 etiam
875 3852 1183 3908 nolentibus
1227 3855 1426 3909 veniat.
1461 3854 1594 3909 Vide
1644 3839 1788 3910 enim
1834 3857 1962 3926 quid

371 3943 512 3999 dixit
545 3963 560 3998 :
589 3944 822 4011 bonum,
873 3945 1074 4014 inquit,
1120 3946 1251 4000 mihi
1279 3947 1404 4016 quia
1432 3947 1732 4002 humiliasti
1761 3963 1864 4013 me,
1905 3957 1964 4003 ut

374 4035 584 4091 discam
611 4035 862 4089 mandata
888 4044 995 4090 tua.
1025 4035 1127 4090 Alii
1155 4037 1484 4107 possideant,
1515 4045 1570 4092 et
1597 4038 1648 4092 in
1677 4039 1786 4093 suis
1816 4039 1963 4095 locu-

377 4127 771 4200 pletationibus
798 4128 1109 4196 glorientur,
1133 4129 1264 4183 mihi
1290 4129 1480 4184 melior
1507 4138 1589 4184 est
1618 4131 1704 4184 lex
1732 4131 1842 4186 oris
1865 4132 1959 4197 tui,

379 4234 550 4289 super
568 4218 734 4272 millia
757 4219 870 4276 auri
895 4213 954 4274 et'
969 4220 1194 4288 argenti.
1213 4219 1400 4275 Manus
1421 4220 1562 4275 enim
1593 4229 1695 4276 tua:
1723 4221 1966 4277 fecerunt

370 4325 502 4383 me;
536 4310 641 4365 hoc
669 4325 876 4365 memor
893 4319 1031 4380 esto,
1049 4311 1172 4381 quia
1204 4327 1324 4366 cum
1353 4313 1532 4366 omnia
1559 4314 1722 4368 verbo
1751 4313 1962 4378 feceris,

376 4415 466 4455 me
487 4415 680 4454 manus
701 4409 802 4455 tua:
819 4399 884 4455 ad
906 4409 1050 4455 tuam
1072 4401 1298 4470 elligiem
1314 4403 1730 4472 psalmaverunt.
1745 4402 1820 4455 Da
1837 4417 1965 4471 ergo

377 4489 516 4544 mihi
547 4490 874 4546 intellectum
891 4499 946 4546 et
968 4491 1169 4547 discam
1196 4493 1443 4546 mandata
1476 4500 1585 4557 tua,
1614 4495 1713 4548 ista
1741 4494 1964 4562 cupien-

2049 3301 2453 3372 justiﬁcationes
2483 3309 2597 3354 tuas
2618 3302 2886 3372 exquisivi.
2913 3299 3002 3354 Me
3026 3310 3446 3371 exspectaverunt
3469 3318 3648 3372 pecca-

2060 3401 2192 3447 tores
2234 3403 2289 3445 ut
2327 3392 2617 3462 perderent-
2643 3403 2742 3457 me,
2775 3393 3064 3446 testimonia
3106 3401 3192 3446 tua
3227 3393 3477 3446 intellexi.
3522 3392 3648 3446 0m-

2060 3487 2140 3539 nis
2171 3484 2622 3541 consummationis
2643 3484 2744 3538 vidi
2774 3483 2959 3552 ﬁnem,
2992 3483 3153 3536 latum
3180 3481 3479 3536 mandatum
3509 3491 3648 3535 tuum

2060 3579 2232 3633 nimis.

2135 3668 2401 3734 Quomodo
2431 3669 2587 3722 dilexi
2627 3668 2789 3737 legem
2822 3674 2980 3729 tuam,
3014 3662 3254 3729 Domine,
3288 3673 3398 3718 tota
3427 3663 3510 3716 die
3538 3682 3646 3718 me-

2065 3763 2249 3816 ditatio
2292 3779 2405 3815 mea
2433 3769 2526 3814 est.
2579 3759 2747 3828 Super
2791 3758 3028 3810 inimicos
3075 3769 3211 3808 meos
3249 3755 3549 3825 prudentem
3569 3773 3650 3809 me

2064 3857 2230 3929 fecisti
2258 3852 2501 3908 mandato
2546 3858 2654 3913 tuo,
2682 3849 2804 3920 quia
2830 3848 2882 3900 in
2911 3855 3160 3901 aeternum
3199 3846 3325 3900 mihi
3352 3855 3448 3899 est.
3482 3846 3649 3917 Super

2063 3965 2239 4002 omnes
2266 3946 2502 4001 docentes
2524 3960 2604 3998 me
2630 3941 2879 4005 intellexi,
2901 3940 3022 4011 quia
3053 3940 3342 3993 testimonia
3371 3948 3457 3992 tua
3486 3940 3650 3993 medi-

2065 4041 2191 4093 tatio
2219 4055 2333 4093 mea
2363 4047 2458 4091 est.
2493 4036 2661 4105 Super
2690 4049 2835 4088 senes
2856 4032 3107 4105 intellexi,
3133 4032 3253 4103 quia
3285 4030 3532 4084 mandata
3561 4037 3650 4083 tua

2064 4131 2291 4200 qumsivi.
2324 4127 2400 4180 Ab
2427 4127 2566 4181 omni
2614 4127 2696 4179 via
2737 4121 2878 4178 mala
2927 4121 3164 4194 prohibui
3209 4121 3361 4192 pedes
3390 4138 3547 4188 meos,
3594 4130 3650 4175 ut

2065 4219 2350 4274 custodiam
2369 4217 2518 4273 verba
2542 4227 2646 4270 tua.
2674 4216 2714 4268 Α
2737 4214 2952 4285 judiciis
2975 4214 3076 4267 tuis
3105 4229 3206 4267 non
3235 4211 3507 4278 declinavi,
3530 4214 3652 4284 quia

2067 4317 2121 4361 tu
2141 4308 2302 4378 legem
2328 4308 2540 4378 posuisti
2561 4291 2706 4360 mihi.
2742 4302 2910 4368 Quam
2931 4303 3104 4357 dulcia
3138 4302 3370 4375 faucibus
3390 4303 3515 4358 meis
3544 4305 3653 4359 elo-

2066 4402 2184 4472 quia
2215 4410 2302 4453 tua
2331 4416 2482 4471 super
2509 4399 2609 4453 mel
2636 4398 2714 4452 ori
2734 4413 2864 4451 meo.
2896 4395 2940 4449 Λ
2968 4395 3226 4449 mandatis
3257 4395 3358 4448 tuis
3400 4394 3649 4462 intellexi,

2068 4500 2337 4562 propterea
2357 4489 2492 4544 odivi
2520 4505 2721 4542 omnem
2749 4489 2886 4542 viam
2918 4485 3224 4557 iniquitatis.

381 4587 511 4645 tem,
547 4580 647 4635 ista
676 4580 1070 4638 desiderantem
1097 4584 1190 4652 qui
1230 4583 1421 4639 timent
1467 4593 1522 4640 te
1571 4585 1824 4640 videbunt
1848 4601 1957 4650 me,
1989 4567 2040 4627 D
2145 4571 2375 4635 Lucerna
2403 4579 2614 4651 pedibus
2633 4580 2761 4634 meis
2781 4579 2984 4634 verbum
3006 4585 3166 4644 tuum.
3195 4587 3243 4632 el
3270 4579 3439 4635 lumen
3459 4580 3656 4637 semitis

377 4679 434 4726 et
476 4671 820 4727 Imtabuntur.
850 4672 984 4740 Quia
1031 4674 1084 4728 in
1131 4677 1466 4746 sermonibus
1508 4676 1611 4731 tuis
1648 4677 1875 4746 speravi.
1903 4676 1962 4732 In

377 4764 507 4834 ipsis
536 4763 937 4833 enimcognovi
973 4766 1097 4834 quia
1135 4767 1360 4836 :equitas
1392 4766 1592 4835 judicia
1638 4775 1748 4821 tua.
1781 4767 1847 4820 Et
1873 4783 1966 4823 ve-

376 4855 540 4910 ritate
568 4855 864 4911 hnmiliasti
919 4871 1034 4922 me;
1077 4856 1128 4910 id
1172 4866 1271 4922 est,
1311 4873 1434 4911 vera
1464 4874 1622 4914 causa
1675 4858 1879 4912 exstitit
1907 4867 1968 4911 ut

377 4945 698 5001 humiliares
724 4961 829 5000 me.
860 4945 1087 5016 Propter
1133 4947 1466 5017 iniquitatem
1495 4949 1635 5002 enim
1663 4948 1967 5018 corripuisti

381 5049 486 5088 me.
519 5034 640 5090 Fiat
691 5050 832 5089 nunc
886 5037 1251 5092 misericordia
1294 5046 1404 5102 tua,
1437 5045 1496 5092 ut
1520 5039 1827 5094 consoletur
1858 5054 1965 5103 me,

380 5123 679 5180 secundum
709 5124 981 5195 eloquium
1031 5134 1178 5180 tuum
1221 5143 1376 5183 servo
1427 5137 1539 5182 tuo.
1571 5128 1802 5184 Veniant
1839 5129 1968 5184 mihi

380 5216 763 5272 miserationes
811 5227 934 5282 tum,
967 5228 1022 5273 et
1062 5221 1258 5286 vivam,
1299 5221 1424 5289 quia
1447 5222 1533 5276 lex
1579 5232 1666 5277 tua
1696 5221 1971 5278 meditatio

382 5321 503 5362 mea
526 5315 631 5363 est.
675 5305 984 5363 Cavendum
1009 5325 1136 5364 sane
1161 5319 1215 5365 et
1241 5311 1655 5380 praevidendum,
1687 5313 1808 5382 quia
1838 5328 1974 5381 quo-

384 5399 708 5467 tiescunque
728 5398 811 5453 lex
843 5398 938 5454 Dei
967 5400 1243 5455 meditatio
1265 5413 1442 5457 nostra
1473 5410 1573 5467 est,
1608 5411 1732 5458 tunc
1759 5405 1974 5474 superbi

386 5489 704 5557 iniquitates
725 5497 1020 5558 operantur
1049 5490 1100 5544 in
1132 5491 1304 5545 nobis.
1337 5491 1548 5557 Quanto
1578 5493 1720 5547 enim
1749 5509 1848 5548 nos
1872 5494 1973 5548 hu-

386 5578 633 5633 miliores
661 5586 883 5648 propter
931 5579 1099 5635 Deum
1123 5597 1242 5636 esse
1270 5583 1616 5650 voluerimus,
1651 5593 1798 5640 tanto
1822 5585 1976 5638 nobis

390 5669 611 5737 superbi
640 5671 926 5739 nequiores
941 5672 1193 5728 existunt.
1219 5672 1626 5730 Conl’undantur
1641 5715 1655 5737 ,
1679 5675 1870 5744 inquit,
1888 5691 1976 5729 su-

393 5759 570 5827 perbi,
593 5762 719 5828 quia
749 5763 943 5833 injuste
979 5764 1314 5831 iniquitatem
1361 5763 1602 5820 fecerunt
1635 5765 1690 5830 in
1732 5781 1836 5821 nte.
1867 5763 1976 5833 Ego

2067 4674 2211 4728 meis.
2239 4670 2423 4724 Juravi
2458 4680 2508 4724 et
2554 4671 2712 4724 statui
2751 4670 3008 4724 custodire
3026 4670 3229 4740 judicia
3266 4671 3488 4742 justitia:
3530 4683 3649 4729 tum.

2070 4763 2388 4817 Humiliatus
2427 4777 2540 4815 sum
2565 4777 2937 4832 usquequaque,
2960 4759 3198 4823 Domine,
3222 4761 3423 4831 viviﬁca
3469 4778 3548 4815 me
3575 4778 3656 4816 se-

2070 4854 2292 4909 cundum
2319 4851 2521 4906 verbum
2543 4862 2699 4906 tuum.
2742 4850 3050 4905 Voluntaria
3078 4851 3183 4905 oris
3212 4852 3309 4904 mei
3339 4851 3656 4920 beneplacita

2071 4949 2174 5019 fac,
2207 4946 2445 5010 Domine,
2476 4953 2526 4998 et
2554 4944 2758 5014 judicia
2800 4951 2886 4997 tua
2933 4941 3057 4996 doce
3084 4959 3181 4997 me.
3211 4942 3399 4994 Anima
3423 4925 3564 4992 mea.
3596 4940 3650 4990 in

2073 5036 2307 5092 manibus
2330 5037 2456 5091 meis
2481 5053 2699 5108 semper,
2739 5043 2791 5089 et
2831 5036 2989 5106 legem
3019 5044 3156 5086 tuam
3178 5049 3284 5084 non
3304 5045 3417 5083 sum
3444 5027 3648 5082 oblitus.

2078 5130 2368 5185 Posuerunt
2423 5139 2712 5201 peccatores
2759 5129 2994 5198 laqueum
3034 5123 3190 5184 mihi,
3220 5129 3268 5172 et
3296 5119 3359 5170 de
3395 5119 3657 5174 mandatis

2078 5223 2178 5275 tuis
2203 5238 2308 5276 non
2345 5223 2530 5276 erravi.
2575 5217 2898 5275 Htereditate
2943 5210 3186 5282 acquisiui
3232 5208 3528 5262 testimonia
3569 5218 3658 5264 tua

2079 5315 2132 5368 in
2155 5322 2425 5378 aeternum,
2451 5315 2572 5383 quia
2595 5307 2868 5364 exsultatio
2896 5299 3066 5355 cordis
3103 5299 3202 5352 mei
3229 5307 3369 5354 sunt.
3401 5298 3657 5356 lnclinavi

2083 5423 2169 5459 cor
2192 5423 2354 5459 meum
2385 5405 2453 5457 ad
2471 5401 2734 5476 faciendas
2749 5394 3148 5467 justiﬁcationes
3171 5401 3284 5449 tuas
3304 5395 3359 5448 in
3385 5402 3654 5459 internum,

2084 5504 2290 5566 propter
2313 5495 2717 5548 retributionem.

2157 5586 2367 5655 Iniquos
2397 5583 2514 5636 odio
2543 5580 2712 5644 habui,
2747 5585 2797 5631 et
2843 5578 3006 5650 legem
3047 5586 3188 5632 tuam
3231 5578 3409 5633 dilexi.
3441 5576 3659 5645 Adjutor

2086 5687 2133 5729 et
2162 5683 2422 5745 susceptor
2451 5689 2590 5725 meus
2622 5688 2674 5723 es
2719 5678 2790 5736 tu,
2815 5681 2862 5724 et
2891 5673 2944 5726 in
2971 5671 3174 5726 verbum
3215 5678 3357 5724 tuum
3393 5683 3659 5737 superspe-

2089 5769 2214 5820 rari.
2249 5765 2513 5820 Declinale
2553 5782 2582 5815 α
2622 5779 2720 5826 me,
2757 5764 2991 5835 maligni,
3023 5772 3071 5818 et
3109 5763 3374 5818 scrutabor
3414 5757 3662 5814 mandata
