4244 6258
336 373 559 444 ω’

1247 376 1712 441 COMMENTARII
1749 381 1818 437 IN
1856 378 2181 437 I’SALMOS.
2222 380 2415 438 PSAL.
2454 380 2677 437 CXVIII.

3499 378 3604 437 518

337 517 444 558 non
489 492 691 571 potest.
741 499 875 567 Quia
928 500 980 554 in
1033 498 1284 554 sarculum
1331 486 1511 552 surculi
1559 496 1758 551 veritas
1806 503 1916 550 tua.
1946 497 1998 559 Α
2023 496 2157 551 riam
2187 511 2394 567 passus,
2430 497 2589 553 tacui.
2614 494 2682 550 Et
2710 508 2900 568 passus
2925 494 3244 552 calumniam
3273 494 3472 566 quievi,
3495 512 3605 555 non

337 590 596 648 Fundasti
622 598 823 646 terram
849 598 905 645 et
930 594 1229 661 permanet,
1252 590 1307 644 e‘t
1325 588 1489 642 homo
1509 596 1729 658 propter
1755 588 1916 659 quem

338 680 537 738 tet-rm
564 672 823 747 fundani,
854 695 960 736 non
1004 686 1300 751 permanet.
1334 677 1471 734 Ecce
1497 686 1553 734 et
1579 677 1916 734 ordinatione

338 776 430 831 tua
458 770 804 847 perseverant
828 764 976 840 dies,
1021 782 1076 829 et
1118 773 1282 829 homo
1330 783 1554 844 propter
1595 774 1755 844 quem
1801 771 1918 829 dies

339 865 511 923 fecisti
531 882 636 921 non
655 868 977 937 perseverat.
1000 863 1126 923 Ideo
1148 870 1327 919 autem
1347 858 1695 935 perseverant
1715 864 1912 929 omnia,

340 959 591 1028 quoniam
618 952 793 1013 omnia
822 942 1059 1012 seri-ium
1088 944 1215 1023 tibi,
1256 950 1419 1011 homo
1449 962 1626 1011 autem
1656 955 1762 1012 non
1792 971 1915 1027 per-

338 1052 567 1113 severat,
590 1048 841 1118 quoniam
869 1052 975 1103 τισι]
992 1048 1135 1103 sicut
1155 1047 1333 1102 omnia
1356 1047 1523 1102 sei'vit
1544 1046 1656 1101 tibi.
1682 1045 1782 1114 Qui
1810 1048 1918 1102 sla-

337 1138 433 1193 tim
464 1146 520 1193 ut
547 1152 577 1192 a
604 1139 825 1194 servitio
848 1144 946 1195 tuo
972 1139 1225 1203 recessit,
1264 1142 1391 1193 tunc
1419 1137 1635 1207 quando
1664 1137 1917 1208 praevari-

337 1233 488 1283 catus
514 1241 544 1281 a
571 1220 900 1284 sublimitate
938 1230 1095 1288 boum.
1138 1228 1481 1283 Conscientia:
1519 1226 1715 1284 cadens
1742 1228 1917 1283 humi-

335 1319 495 1374 liatus
523 1325 622 1374 est.
654 1315 758 1385 Qui
786 1318 909 1377 ideo
949 1317 1134 1373 habuit
1177 1318 1354 1388 perire
1394 1316 1447 1372 in
1478 1318 1591 1387 ipsa
1619 1314 1919 1374 humilitate

335 1423 425 1465 sua
448 1450 466 1476 ,
498 1409 754 1479 quaniain
794 1409 879 1464 his
920 1406 1317 1479 perseverantia
1356 1422 1610 1463 concessa
1649 1415 1762 1474 est,
1795 1408 1919 1478 quia

334 1498 760 1570 obtempera‘ndo
788 1500 1009 1554 recessit
1056 1498 1123 1554 ab
1167 1513 1234 1554 eo
1278 1498 1538 1557 securitas
1576 1494 1729 1563 iritae,
1759 1506 1814 1554 et
1840 1498 1917 1553 sic

334 1592 645 1649 humiliatus
671 1598 734 1647 ut
754 1596 969 1663 putaret
993 1602 1051 1647 se
1087 1591 1264 1660 perire
1293 1590 1345 1644 in
1374 1584 1673 1645 humilitate
1703 1604 1827 1654 sua,
1861 1592 1918 1645 ut

336 1685 474 1739 ultra
503 1694 670 1754 genus
692 1683 986 1737 humanum
1017 1690 1123 1735 non
1152 1678 1377 1735 haberet
1404 1686 1622 1736 statum.
1653 1677 1712 1734 In
1751 1678 1918 1750 ipsius

335 1791 480 1831 nunc
504 1774 802 1845 dejectione
829 1772 1023 1828 dicitur
1048 1771 1160 1828 Deo
1186 1788 1198 1825 :
1232 1770 1378 1827 Tuus
1404 1787 1521 1827 sum
1551 1786 1678 1843 ego,
1711 1771 1917 1827 salvum

2012 587 2289 665 tendendo
2325 588 2529 658 utique,
2572 588 2667 645 sed
2691 589 2870 645 omnia
2908 603 3027 659 qua:
3069 588 3321 645 eveniunt
3357 596 3603 645 eontem-

2018 676 2198 735 nehdo
2217 678 2526 734 humiliatus
2546 695 2683 735 sum.
2708 674 2825 734 Non
2848 676 2989 735 enim
3018 678 3122 735 hoc
3142 674 3285 748 quod
3313 688 3603 736 statueram

2019 769 2326 836 custodire,
2378 768 2650 827 custodire
2696 780 2972 840 poteram,
3022 770 3122 826 nisi
3171 784 3343 827 essem
3386 770 3607 845 humilis

2018 873 2420 931 usquequaque,
2438 870 2493 918 et
2513 859 2755 919 eliicerer
2776 850 3029 933 tanquam
3048 869 3457 934 purgamentum
3479 862 3605 918 huic

2017 948 2237 1007 mundo.
2265 947 2463 1008 Verum
2491 942 2616 1022 quia
2645 961 2873 1034 mortem
2903 953 3175 1011 minantur
3200 954 3495 1025 excitantes
3521 954 3605 1009 in-
3694 956 3699 961 ’

2015 1039 2273 1096 Iamiam:
2305 1041 2553 1113 Domine,
2585 1044 2693 1113 ait,
2723 1032 2932 1115 viviﬁca
2955 1060 3043 1103 me
3063 1045 3353 1105 secundum
3381 1048 3604 1103 verbum

2020 1141 2191 1217 tuum,
2224 1124 2577 1207 ethocqu
2626 1137 2823 1202 statui,
2874 1138 2999 1217 quia
3052 1138 3355 1199 voluntario
3397 1139 3602 1211 judicio

2018 1210 2209 1290 statui,
2241 1240 2349 1279 non
2396 1226 2730 1285 necessitatis
2777 1210 3031 1297 imperio;
3066 1227 3362 1298 deprecor,
3404 1210 3512 1297 ait,
3543 1238 3606 1289 ut

2019 1304 2316 1370 voluntaria
2346 1316 2457 1373 oris
2483 1306 2591 1373 mei
2636 1317 2803 1373 facias
2846 1318 3215 1389 beueplacita,
3262 1319 3509 1385 Domine,
3542 1329 3600 1377 et

2013 1402 2212 1476 judicia
2237 1415 2326 1491 tua
2348 1396 2545 1491 doceas
2572 1423 2678 1465 me.
2695 1407 2777 1464 Sit
2803 1408 2978 1467 anima
3005 1424 3126 1465 mea
3147 1409 3203 1463 in
3220 1411 3470 1467 manibus
3498 1413 3604 1467 tuis

2018 1504 2251 1567 semper,
2298 1478 2353 1551 et
2392 1478 2564 1569 iegem
2593 1505 2739 1561 tuam
2786 1513 2895 1559 non
2925 1497 3229 1564 obliviscar,
3275 1507 3333 1555 et
3367 1500 3470 1557 hoc
3498 1509 3606 1558 stat

2018 1582 2163 1656 quod
2199 1584 2371 1642 Graeci
2410 1596 2615 1653 canunt
2645 1606 2656 1641 :
2690 1578 2882 1661 Anima
2911 1603 3032 1647 mea
3078 1588 3135 1644 iu
3178 1590 3429 1647 manibus
3471 1592 3607 1651 meis

2020 1693 2233 1751 semper
2260 1678 2555 1736 secundum
2600 1681 2745 1736 illam
2792 1682 3115 1739 sententiam
3144 1700 3159 1735 :
3190 1682 3255 1756 δέ
3294 1683 3604 1757 recorderis,

1972 1842 1977 1855 ἱ
2020 1770 2220 1842 inquit,
2250 1774 2525 1855 notissima
2551 1783 2657 1840 tua,
2684 1776 2740 1829 in
2769 1784 3021 1855 aeternum
3047 1791 3151 1831 non
3170 1775 3405 1847 peccabis
3433 1775 3606 1847 (Eccl.

332 1881 413 1921 me
442 1865 551 1920 fac.
578 1864 766 1920 Veniat
790 1864 881 1933 qui
908 1864 1078 1918 salvct
1097 1874 1239 1928 eum,
1264 1862 1389 1932 Quia
1413 1861 1632 1934 spiritus
1656 1860 1917 1919 immundi
1943 1852 1994 1929 Ὠ
2020 1856 2135 1935 vn).
2160 1858 2237 1918 Ita
2258 1856 2361 1949 iste
2381 1854 2613 1923 animam
2634 1879 2786 1939 suam
2806 1852 2933 1921 dum
2955 1866 3009 1921 in
3030 1866 3275 1922 manibus
3294 1867 3406 1923 suis
3424 1866 3605 1935 habet,

333 1964 649 2029 exspectant
668 1966 727 2011 ut
744 1956 971 2026 perdant
990 1966 1112 2009 eum
1133 1954 1186 2009 in
1205 1952 1606 2024 perseverantia
1626 1952 1916 2009 ldblorum:

333 2054 385 2103 et
428 2058 615 2101 moras
663 2042 891 2099 faciente
935 2042 1252 2109 Servatore,
1300 2043 1482 2098 veniat
1528 2044 1920 2099 eousummatio

333 2138 551 2203 seculi;
582 2136 677 2192 sed
710 2134 815 2190 illis
857 2134 1287 2204 exspectantibus
1322 2132 1381 2189 ut
1422 2138 1613 2206 pereat
1656 2134 1915 2200 mundus,

332 2242 471 2297 ego,
500 2224 554 2281 id
582 2234 662 2281 est
681 2267 694 2292 ,
725 2226 922 2282 chorus
945 2225 1356 2303 prophetarum,
1389 2224 1692 2281 teSti'monia
1720 2232 1808 2280 tua
1840 2226 1920 2279 in-

339 2318 546 2373 teiiexi.
596 2315 666 2370 Et
718 2316 865 2371 omni
918 2316 1364 2371 consummationi
1422 2318 1761 2391 nequissima:
1814 2314 1919 2371 vidi

340 2410 524 2475 tinem,
548 2406 854 2463 mandatum
877 2418 1004 2463 vero
1026 2414 1174 2461 tuum
1203 2406 1365 2462 latum
1393 2414 1473 2462 est
1498 2408 1673 2462 nimis.
1702 2407 1913 2471 Latum,

336 2501 461 2570 quia
483 2500 659 2555 omnia
683 2507 838 2554 terrae
857 2494 1025 2569 spatia
1047 2502 1293 2569 occupat,
1317 2502 1371 2554 et
1388 2499 1631 2579 eorpOris
1652 2477 1719 2553 ef
1730 2499 1918 2553 anima:

336 2590 468 2645 ﬁnes
497 2590 661 2654 tenet,
692 2589 840 2645 dn‘cit
866 2586 1207 2644 obedientem
1247 2589 1349 2644 sibi
1392 2598 1604 2643 sursum
1634 2587 1698 2642 ad
1729 2587 1915 2653 cmlos,

332 2688 766 2737 contemnentem
793 2678 1012 2751 deponit
1038 2680 1107 2735 ad
1134 2674 1353 2734 inferos.
1402 2669 1596 2732 Latum
1644 2678 1801 2733 nimis
1838 2682 1921 2733 est

332 2772 450 2841 ejus
476 2771 784 2843 ituperit'tm,
810 2771 1074 2840 siquidem
1103 2770 1158 2825 et
1179 2768 1490 2841 potentibus
1516 2764 1673 2823 simul
1698 2774 1753 2823 et
1778 2769 1921 2838 regi-

328 2862 434 2917 bus
460 2868 518 2917 et
547 2862 758 2917 cunctis
783 2860 1031 2930 gentibus
1058 2860 1307 2930 imperat.
1339 2854 1454 2914 nec
1476 2857 1814 2925 mandatum,
1847 2854 1922 2912 ait

330 2946 557 3018 cimus,
586 2958 649 3006 tit
670 2948 803 3017 dixi,
828 2952 1156 3013 sanctorum,
1179 2950 1281 3019 ego
1301 2958 1408 3005 non
1432 2948 1602 3015 timui,
1623 2947 1716 3003 sed
1736 2947 1917 3015 dilexi,

332 3042 589 3114 Peﬂ‘eelc
610 3042 816 3111 quippe
840 3038 1049 3095 Mettio
1069 3042 1213 3112 fore:
1238 3039 1399 3093 mittit
1416 3039 1650 3094 antorem
1679 3033 1731 3111 (I
1758 3038 1916 3093 Joan.

330 3134 429 3203 tv),
463 3141 521 3189 et
549 3134 620 3188 ita
648 3133 830 3199 δίωκε,
854 3133 950 3198 ait,
970 3138 1032 3188 ut
1056 3136 1169 3188 tota
1196 3132 1283 3189 die
1311 3133 1589 3188 meditatio
1611 3144 1729 3188 mea
1756 3141 1918 3189 esset.

2021 1968 2234 2023 semper
2258 1969 2377 2011 eam
2406 1954 2669 2015 exituram
2717 1955 3089 2023 considerans,
3135 1956 3307 2027 legem
3356 1956 3451 2011 Dei
3500 1973 3608 2029 non

2026 2040 2380 2119 obliviscitur,
2396 2043 2606 2107 etiamsi
2622 2056 2936 2119 peceatores
2978 2045 3201 2116 laqueos
3236 2046 3286 2103 ei
3306 2047 3606 2119 posuerint,

2023 2126 2216 2188 evadet
2244 2116 2440 2203 primo,
2469 2122 2594 2204 quia
2620 2116 2894 2191 lucernam
2922 2132 3148 2206 pedibus
3173 2116 3404 2202 habens,
3435 2138 3607 2207 legem

2023 2238 2125 2293 qua
2157 2222 2479 2299 deteguntur
2520 2225 2695 2296 laquei
2724 2227 3122 2284 immundorum
3166 2228 3363 2285 evadit.
3394 2228 3604 2299 Adiecit

2017 2310 2143 2368 huic
2162 2312 2329 2382 bono,
2352 2322 2408 2368 ut
2429 2314 2595 2370 semel
2616 2323 2845 2387 emptam
2872 2318 3168 2379 custodiam
3194 2321 3356 2393 etiam
3374 2320 3605 2391 iurando

2021 2400 2277 2469 firmaret.
2325 2402 2393 2460 Et
2440 2404 2554 2461 haec
2602 2407 2847 2467 faciendo
2895 2411 3072 2467 evenit
3117 2412 3279 2477 mihi,
3314 2413 3520 2482 inquit,
3550 2421 3610 2471 ut

2018 2484 2385 2552 hmrcditatem
2435 2499 2766 2567 aCQuirerem
2816 2501 2871 2556 in
2918 2510 3197 2565 aeternum.
3250 2504 3364 2560 Non
3411 2505 3609 2565 dicitur

2021 2584 2321 2663 hiereditas,
2356 2588 2454 2643 nisi
2485 2599 2724 2648 mortuus
2752 2578 2911 2647 fuerit
2938 2593 3031 2662 qui
3055 2594 3323 2651 btcredcm
3352 2595 3604 2657 instituit.

2019 2672 2161 2749 Ergo
2188 2689 2403 2736 mortuo
2450 2696 2548 2752 pro
2575 2698 2663 2737 me
2710 2676 2960 2747 Domino,
2989 2698 3090 2757 ego
3116 2685 3483 2747 haereditate!)
3509 2702 3605 2751 ac:

2020 2768 2234 2841 quisivi,
2267 2773 2572 2828 testimonia
2602 2773 2718 2842 ejus
2748 2776 2800 2829 in
2832 2784 3112 2842 aeternum,
3144 2777 3269 2846 quia
3299 2779 3608 2837 testimonia

2022 2860 2307 2918 exsultatio
2351 2863 2528 2920 cordis
2573 2865 2678 2919 mei
2724 2873 2869 2920 sunt.
2903 2865 3154 2922 Testatus
3181 2877 3264 2942 est
3302 2869 3446 2925 enim
3474 2871 3609 2929 mihi

2021 2955 2165 3025 quod
2193 2966 2515 3027 perpetuam
2533 2948 2697 3013 vitain
2723 2958 2990 3015 inveniam
3019 2967 3074 3014 et
3093 2968 3351 3017 aeternam
3376 2971 3609 3027 mortem

2022 3044 2262 3105 evadam.
2296 3048 2364 3104 Et
2388 3065 2489 3119 ego
2517 3050 2740 3107 credens
2770 3052 2983 3120 iniquos
3011 3052 3135 3108 odio
3156 3054 3335 3121 habui,
3360 3064 3416 3111 ct
3432 3056 3609 3128 legem

2022 3145 2170 3197 tuam
2197 3141 2380 3204 dilexi,
2424 3151 2585 3211 atque
2626 3142 2748 3200 ideo
2798 3143 2909 3199 dixi
2958 3144 3235 3216 spiritibus
3278 3146 3610 3207 humandis:
3708 3207 3719 3216 ,

334 3218 633 3280 Videam
649 3232 809 3290 nunc,
825 3222 951 3294 quid
968 3222 1069 3280 sibi
1084 3222 1331 3280 evenisse
1357 3222 1665 3297 referatper
1682 3232 1920 3282 amerem
1947 3220 1994 3290 Β
2026 3230 2300 3288 Declinate
2324 3248 2354 3289 a
2377 3248 2482 3299 me,
2506 3233 2740 3302 maligni,
2764 3243 2822 3290 ut
2841 3243 3048 3291 scruter
3072 3237 3324 3295 mandata
3352 3237 3448 3294 Dei
3476 3240 3605 3297 mei.

330 3316 576 3373 mandaui
615 3314 835 3386 :Siipet‘
865 3314 1111 3370 inimicos
1141 3318 1319 3383 meos,
1361 3316 1559 3389 inquit,
1601 3318 1921 3388 prudentem

333 3416 420 3465 me
444 3406 631 3465 tum
655 3408 902 3463 πινυτιόδῶ
924 3406 1170 3478 tuo,quia
1190 3406 1244 3463 in
1265 3414 1525 3464 teter-num
1542 3410 1675 3483 mihi
1697 3417 1800 3466 est.
1824 3406 1924 3465 ini-

335 3501 505 3556 micos
538 3501 652 3556 hoc
690 3501 814 3555 loco
850 3502 907 3554 et
938 3496 1228 3555 iurisﬂiiles
1248 3498 1303 3555 et
1324 3494 1563 3557 visibiles
1582 3503 1918 3557 memoravit.

330 3590 507 3663 Super
533 3598 725 3648 manes
744 3591 1002 3647 decantes
1022 3598 1111 3645 me
1130 3584 1392 3657 intellexi,
1414 3591 1537 3661 quia
1556 3589 1811 3647 mandata
1832 3600 1923 3647 tua

338 3685 626 3756 exquisivi.
656 3684 789 3739 Nota
828 3684 922 3739 tibi
940 3725 953 3749 ,
986 3682 1374 3751 eruditissime,
1404 3684 1529 3752 quia
1559 3697 1680 3739 cum
1709 3686 1925 3756 sapien-

335 3774 441 3830 tiae
458 3783 615 3831 esset
626 3774 961 3840 decusunius,
978 3770 1227 3844 discipuli
1248 3769 1472 3828 fortnam
1496 3773 1734 3842 gerebat.
1752 3770 1925 3828 Etiam

334 3876 498 3935 super
516 3872 682 3921 senes
704 3863 961 3931 inteliexi,
980 3864 1109 3933 quia
1138 3863 1311 3933 legem
1333 3866 1480 3918 tuam
1509 3867 1617 3943 noti
1645 3877 1761 3919 sum
1784 3862 1923 3920 obli-

334 3962 441 4010 tus.
470 3956 664 4011 ﬁctilis
689 3956 1013 4011 obhvion'em
1058 3968 1172 4010 rem
1219 3963 1423 4010 natura:
1468 3944 1767 4021 existimet,
1800 3968 1921 4011 cum

335 4061 407 4100 ex
435 4047 571 4100 vitio
622 4046 950 4114 negligentia!
991 4046 1213 4100 oriatur.
1259 4043 1396 4111 Quia
1423 4052 1580 4117 ergo,
1612 4046 1713 4110 ait,
1747 4045 1923 4116 legem

338 4144 490 4190 tuam
536 4144 645 4191 non
688 4142 808 4190 sum
849 4130 1063 4199 ωιηιιθ,
1094 4134 1166 4189 ab
1192 4135 1340 4191 omni
1371 4135 1455 4190 via
1500 4137 1639 4191 maia
1670 4136 1923 4207 prohibui

339 4223 509 4295 pedes
531 4238 716 4289 meos,
749 4230 809 4279 at
847 4224 1142 4279 custodiam
1187 4223 1440 4279 mandata
1489 4230 1610 4291 tua,
1650 4225 1704 4280 id
1752 4232 1859 4291 est,
1893 4241 1923 4280 a

337 4317 483 4372 metu
508 4317 740 4383 recessi,
773 4323 828 4371 et
853 4315 929 4370 ita
955 4309 1025 4369 ad
1051 4315 1350 4371 custodiant
1379 4316 1755 4372 'maudatorum
1798 4326 1922 4371 tuo-

337 4418 456 4461 rum
483 4408 706 4463 arcessi.
732 4405 978 4476 (Iamque
1015 4405 1360 4461 accessissem
1390 4416 1421 4459 a
1445 4405 1656 4475 iudiciis
1680 4406 1788 4461 tuis
1816 4420 1923 4460 non

336 4499 636 4563 declinavi,
666 4499 790 4569 quia
831 4506 891 4553 ω
916 4488 1092 4566 legem
1131 4498 1362 4567 posuisti
1409 4498 1568 4563 mihi,
1617 4510 1780 4565 quam
1822 4510 1923 4567 ego

2025 3320 2163 3378 Nota
2194 3323 2288 3378 tibi
2318 3324 2588 3396 quomodo
2616 3332 2909 3381 scrutatum
2940 3326 3074 3397 legis
3092 3366 3107 3388 .
3148 3335 3203 3383 et
3233 3327 3304 3393 ita
3333 3338 3609 3397 scmtare;

2024 3412 2111 3469 dic
2138 3419 2192 3468 et
2221 3421 2275 3468 tu
2320 3407 2619 3470 immundis‘
2651 3416 2923 3486 spiritibus
2954 3435 2965 3469 :
3000 3416 3273 3473 Declinate
3318 3432 3350 3472 a
3396 3435 3513 3484 me,
3546 3426 3609 3473 ut

2026 3513 2233 3561 scruter
2275 3498 2526 3561 mandata
2571 3506 2665 3563 Dei
2710 3508 2835 3563 mei.
2888 3507 2989 3574 Qui
3037 3508 3136 3579 ipsi
3183 3509 3275 3563 tibi
3320 3509 3614 3567 immittunt

2026 3594 2493 3667 impedimentum,
2526 3598 2741 3667 quando
2772 3605 2915 3653 tuam
2944 3606 3178 3655 mentem
3223 3598 3484 3663 intentam
3526 3607 3609 3654 at-

2032 3682 2275 3739 tendunt.
2306 3682 2568 3740 Eveniant
2612 3685 2792 3755 itaque
2836 3684 3030 3749 damna
3060 3701 3272 3760 rerum,
3310 3695 3366 3741 et
3401 3686 3613 3746 diversa

2026 3771 2250 3828 adversa
2280 3773 2363 3829 vel
2392 3787 2667 3844 prospera.
2712 3770 2848 3845 Audi
2887 3772 3108 3843 angelos
3148 3773 3439 3831 clamantes
3469 3794 3481 3828 :
3512 3769 3613 3851 Ai;

2026 3863 2184 3919 tende
2206 3863 2436 3918 animam
2466 3868 2629 3929 tuam,
2648 3856 2806 3935 Loth,
2838 3876 2907 3919 ne
2937 3861 3277 3932 prospexeris
3305 3871 3471 3921 retro.
3497 3864 3613 3939 Age

2032 3942 2177 4022 queo
2207 3954 2339 4023 agis,
2370 3952 2494 4024 quia
2522 3951 2668 4022 quod
2696 3952 2891 4025 transis
2918 3968 3161 4019 revocas,
3185 3954 3229 4009 si
3257 3962 3398 4010 stare
3428 3957 3613 4012 volue-

2026 4044 2117 4099 ris.
2167 4043 2285 4098 Noli
2326 4050 2455 4114 ergo
2503 4043 2944 4114 occupationibus
2981 4058 3101 4114 quze
3129 4052 3182 4113 te
3224 4059 3257 4099 a
3287 4045 3618 4113 scrutatione

2016 4145 2213 4191 sancta
2235 4134 2491 4191 revocant
2512 4137 2871 4205 acquiescere,
2891 4137 2989 4193 sed
3010 4137 3180 4194 clama
3204 4155 3324 4195 cum
3350 4140 3616 4213 propheta

2026 4228 2094 4282 ad
2124 4228 2292 4283 Deum
2325 4246 2337 4280 :
2372 4226 2577 4298 Adjuva
2612 4245 2735 4303 me,
2779 4229 3037 4298 Domine,
3089 4239 3143 4286 et
3187 4233 3364 4291 salvus
3403 4248 3527 4301 ero,
3558 4240 3616 4290 et

2026 4318 2324 4373 meditabor
2351 4319 2404 4373 in
2432 4319 2536 4387 tuis
2553 4317 3025 4393 iustiﬁcatiouibus'
3050 4339 3283 4398 semper,
3310 4323 3360 4381 id
3388 4333 3499 4389 est,
3530 4324 3618 4382 die

2025 4416 2075 4463 et
2095 4418 2263 4479 nocte,
2286 4416 2343 4464 ut
2365 4410 2417 4464 in
2441 4409 2613 4481 primo
2633 4410 2840 4482 psalmo
2861 4414 3181 4483 promissum
3202 4422 3284 4471 cst
3310 4434 3322 4467 :
3347 4413 3614 4483 Quoniam

2026 4499 2309 4569 Sprevisti,
2359 4500 2561 4570 inquit,
2612 4516 2800 4557 omnes
2845 4503 2936 4572 qui
2983 4503 3618 4577 descenduntajustitiis

339 4590 565 4644 vulvam
588 4591 646 4645 in
674 4596 768 4645 ore
790 4602 945 4655 meo,
974 4600 1140 4660 super
1162 4588 1269 4643 moi
1302 4588 1479 4642 habeo
1505 4586 1819 4641 dulciorem.
1853 4582 1921 4641 Et
1946 4576 1999 4652 Ι)
2025 4590 2146 4645 tuis.
2174 4578 2375 4658 Injusta
2406 4590 2547 4644 enim
2576 4592 2834 4661 cogitatio
2875 4609 3082 4651 eorum.
3117 4594 3345 4671 Pmpter
3374 4576 3479 4657 hoc
3506 4601 3612 4664 ait,

337 4682 643 4751 hurligens
666 4690 868 4753 quanta
896 4683 1040 4738 bona
1086 4681 1219 4736 mihi
1269 4686 1372 4751 per
1411 4679 1752 4735 diiec'tionem
1790 4677 1925 4749 legis

337 4780 441 4828 «to:
474 4775 829 4844 proveniant;
855 4774 983 4829 odio
1009 4773 1149 4844 coepi
1176 4773 1384 4827 habere
1403 4774 1619 4826 Omnem
1650 4771 1788 4823 viam
1817 4769 1922 4825 ini-

335 4865 568 4933 quitatis.
600 4865 673 4919 Et
700 4865 841 4921 sim
874 4865 918 4920 si
946 4865 1167 4922 lucerna
1200 4864 1261 4917 in
1288 4863 1523 4918 tenebris
1562 4862 1720 4916 docet
1758 4860 1925 4932 pedes

337 4956 570 5013 hominis
593 4958 785 5013 niveas
808 4964 901 5011 aut
924 4954 1244 5011 maciem
1266 4960 1389 5024 quae
1408 4953 1698 5015 deeiinaut,
1722 4954 1797 5007 ita
1823 4967 1925 5023 ego

335 5047 606 5115 gressibus
649 5047 741 5102 vet
786 5047 1012 5116 pedibus
1052 5046 1232 5102 cordis
1275 5043 1401 5099 mei.
1434 5042 1611 5099 Veluti
1652 5043 1925 5099 lucernam

339 5136 1923 5206 ΜΜΜίωτθωηηιωιθόωὶὸυθωᾶςπνῑὰθῐη

336 5241 465 5299 ergo
488 5244 581 5287 me
602 5230 871 5287 tenebras
884 5236 986 5301 per
1000 5236 1125 5285 eain
1141 5231 1383 5287 evasisse
1402 5229 1623 5295 dialmii,
1650 5234 1707 5284 et
1727 5227 1927 5285 lucidas

337 5322 554 5377 semita
578 5322 881 5387 invenitne,
909 5321 1085 5392 iuravi
1108 5329 1275 5391 atque
1300 5321 1465 5376 statui
1492 5318 1763 5376 custodire
1787 5315 1928 5389 indi.

338 5413 429 5469 eia.
444 5414 667 5484 iustitiae
707 5422 830 5470 tuae.
863 5414 1001 5482 Quid
1042 5421 1129 5469 est
1171 5413 1315 5484 quod
1361 5408 1927 5482 dicitur,.juravi?1us

341 5507 618 5573 constitui,
641 5507 760 5562 sive
784 5507 1026 5577 regulam
1053 5505 1230 5575 posui,
1254 5504 1314 5558 in
1341 5506 1447 5573 qua
1474 5504 1634 5559 statui
1657 5501 1928 5560 custodire

338 5592 536 5663 judicia
572 5595 801 5665 inmitte
832 5590 967 5661 «Dei;
1008 5603 1065 5650 et
1089 5602 1311 5666 propter
1346 5596 1451 5651 hoc
1474 5595 1787 5649 humiliatus
1809 5608 1927 5649 sum

344 5678 779 5758 usququaquei
806 5688 883 5743 ita
934 5688 1247 5743 humiliatus
1305 5700 1443 5754 sum,
1490 5695 1550 5740 ut
1594 5702 1699 5741 non
1748 5684 1933 5740 liceret

345 5774 507 5854 mihi,
538 5790 641 5832 nec
681 5790 893 5835 servum
935 5785 1366 5835 contemnentem
1412 5792 1500 5832 me
1541 5777 1761 5843 laedere;
1795 5776 1932 5846 inju-

2025 4683 2437 4754 prmvaricantes
2464 4683 2708 4761 reputavi
2737 4700 2925 4745 omnes
2951 4697 3267 4757 peccatores
3288 4699 3462 4757 teme,
3480 4693 3618 4761 quia

2024 4775 2196 4843 regem
2225 4780 2373 4848 tuam
2403 4772 2584 4829 dilexi.
2619 4772 2816 4830 Verum
2857 4776 2982 4851 quia
3012 4782 3327 4853 concupiscit
3366 4800 3489 4838 caro
3518 4782 3613 4835 ml-

2024 4872 2196 4919 versu‘s
2224 4864 2460 4941 Spiritum
2489 4861 2686 4941 (quat.
2710 4865 2785 4935 v),
2810 4874 2869 4920 ut
2897 4858 3082 4938 iniigas
3103 4870 3280 4931 timori
3303 4877 3397 4925 tuo
3424 4883 3616 4925 carnes

2027 4956 2175 5009 meas
2203 4956 2388 5009 eiioro.
2424 4938 2469 5006 Α
2489 4938 2707 5025 iudiciis
2735 4942 2879 5011 enim
2931 4957 3039 5015 tuis
3088 4948 3271 5022 timui;
3321 4957 3422 5011 nisi
3469 4955 3615 5010 enim

2029 5036 2148 5102 tlxre
2176 5042 2371 5101 fuerint
2396 5052 2586 5119 'carncs
2607 5062 2740 5102 mea:
2760 5046 2937 5102 timori
2960 5047 3075 5109 Dei,
3098 5049 3235 5100 risus
3256 5046 3409 5101 nobis
3431 5044 3606 5098 nasci-

2002 5145 2135 5204 .tur,
2161 5142 2216 5191 et
2244 5132 2337 5191 Dei
2361 5130 2621 5209 Iudicium
2651 5152 2755 5207 non
2786 5137 3053 5209 timemus.
3079 5126 3144 5186 Et
3164 5133 3287 5186 dum
3310 5148 3417 5188 non
3446 5134 3604 5190 time-

2028 5230 2147 5281 eius
2174 5216 2479 5291 Dominum,
2513 5226 2740 5301 inimicis
2768 5240 2832 5297 ac
2856 5221 3301 5298 persequentibus
3325 5224 3603 5281 tradimur.

2030 5306 2181 5371 (inde
2209 5317 2290 5371 his
2318 5314 2513 5387 adjecit
2543 5312 2727 5391 gFeci,
2752 5304 2939 5387 inquit,
2966 5308 3223 5381 judicium
3247 5321 3301 5368 et
3316 5313 3607 5384 justitiam,

2027 5420 2136 5463 non
2174 5408 2352 5464 tradas
2393 5418 2478 5465 me
2512 5396 2963 5483 persequentibus
2996 5420 3100 5481 me.
3138 5405 3291 5480 Quod
3325 5408 3606 5479 judicium,

2027 5508 2184 5570 quam
2231 5500 2347 5570 ejus
2384 5500 2643 5569 justitiam
2692 5510 2901 5572 expone
2948 5498 3105 5561 nobis
3138 5517 3149 5551 :
3182 5498 3341 5567 Caro,
3400 5503 3604 5573 inquit,

2032 5602 2150 5646 mea
2178 5592 2391 5645 domina
2422 5588 2636 5642 volebat
2668 5582 2781 5641 ﬁeri
2809 5582 3027 5663 animm,
3061 5603 3161 5663 ego
3188 5604 3305 5647 eam
3348 5592 3614 5647 maceravi

2036 5692 2090 5739 et
2136 5682 2378 5737 scrvituti
2431 5677 2631 5748 redegi.
2682 5674 2824 5735 Ecce
2846 5676 3141 5755 judicium;
3183 5684 3442 5757 justitiam
3486 5698 3617 5747 vero

2037 5775 2169 5839 feci,
2202 5772 2392 5827 animae
2424 5769 2615 5826 tradidi
2644 5760 2973 5828 dominatum
3004 5780 3163 5850 super
3190 5790 3337 5837 eam,
3369 5766 3491 5842 quia
3519 5788 3615 5843 per
