4244 6258
583 340 692 424 βίθ

1940 319 2208 377 ARNOBll
2246 319 2549 376 JUNIORIS

3753 326 3864 396 ,520

584 416 797 514 etrnem
825 447 1293 509 calumniabantur
1334 441 1464 496 mihi
1493 439 1732 510 superbi.
1778 437 1961 505 Elige,
1994 450 2176 504 quaeso
2206 433 2260 495 Α
2285 433 2472 495 ctatis,
2504 429 2718 501 quando
2760 429 2921 483 habet
2954 428 3116 498 Virgo
3157 444 3213 483 in
3257 433 3412 483 utero
3450 444 3766 502 concipere,
3817 453 3875 491 ct

586 558 670 612 te,
704 544 960 605 Domine,
1002 537 1140 606 elige
1166 547 1408 596 servum,
1450 530 1503 585 id
1541 536 1654 593 est,
1689 536 1859 582 totum
1882 525 2170 589 mundum;

517 631 534 671 ‘
585 638 724 707 elige
752 651 872 690 eum
899 633 952 686 in
972 631 1136 692 bono,
1161 625 1213 680 id
1235 632 1336 688 est,
1362 622 1415 677 in
1439 621 1674 676 Christo.
1706 618 1822 672 Non
1844 615 2175 671 calumnicn-

589 740 675 784 tur
705 727 753 781 ei
797 720 1045 793 superbi,
1079 717 1129 772 id
1159 723 1272 780 est,
1305 711 1563 768 immundi
1592 710 1840 781 spiritus,
1871 707 1962 777 qui
1993 714 2176 760 tenent

588 811 1005 882 chirographum
1034 805 1259 878 peccati.
1291 801 1458 869 Veni,
1493 801 1750 864 Domine,
1795 805 1851 853 ct
1877 797 1996 852 dele
2024 795 2172 859 illud,

589 902 882 960 cxcludens
929 895 1233 953 inimicitias
1275 892 1650 963 superborum.
1701 887 1853 944 Oculi
1900 886 2041 942 enim
2072 885 2176 940 mei

591 993 906 1049 defecerunt
934 989 987 1043 in
1015 985 1235 1042 salutari
1263 992 1376 1038 tuo.
1404 981 1734 1053 Exspectans
1761 993 1975 1048 semper
2003 984 2178 1032 atten-

593 1085 686 1139 det
715 1091 774 1137 ut
811 1080 1115 1135 venientem
1149 1075 1392 1145 aspiciat,
1427 1089 1535 1144 quo
1561 1078 1807 1128 morante
1835 1069 1966 1124 dicit
1990 1086 2002 1120 :
2031 1066 2180 1123 Oculi

594 1175 700 1230 mei
730 1173 1043 1228 defecerunt
1089 1169 1141 1223 in
1187 1165 1592 1236 exspectatione
1640 1163 1776 1232 ejus.
1809 1161 1948 1227 Fac,
1979 1175 2182 1230 quzeso,

594 1280 714 1320 cum
743 1277 899 1318 servo
945 1271 1072 1326 tuo,
1104 1257 1159 1313 id
1186 1265 1297 1323 est,
1351 1271 1473 1311 cum
1519 1254 1716 1310 smeulo
1756 1261 1849 1308 tuo
1889 1250 2182 1308 secundum

480 1369 495 1386 °
595 1353 1018 1412 misericordiam
1047 1360 1214 1414 tuam,
1244 1357 1300 1403 et
1321 1345 1734 1417 justificationes
1765 1353 1884 1398 tuas
1911 1342 2047 1398 doce
2074 1357 2180 1396 me.

596 1445 830 1514 Tempus
858 1451 944 1498 est
967 1451 1026 1496 ut
1055 1440 1257 1503 venias,
1289 1437 1641 1509 perdissipata
1671 1445 1748 1491 est
1780 1435 1848 1489 ab
1879 1434 2073 1502 iniquis
2099 1433 2184 1488 lex

601 1545 713 1600 tua,
747 1533 796 1588 id
830 1541 932 1598 est,
965 1547 994 1585 a
1024 1530 1242 1595 Judaeis,
1275 1529 1367 1599 qui
1396 1544 1516 1582 eam
1543 1527 1867 1598 accipientes
1893 1526 2189 1596 dissipave-

597 1624 725 1682 runt
751 1639 901 1685 eam,
934 1637 1030 1677 sua
1057 1629 1354 1691 praecepta,
1387 1619 1525 1674 sicut
1548 1617 1724 1687 arguit
1753 1617 2042 1682 Dominus,
2072 1625 2185 1671 sta-

599 1726 830 1782 tuentes,
868 1725 924 1771 et
951 1713 1264 1769 traditiones
1288 1712 1566 1768 hominum
1588 1708 1981 1774 custodientes,
2013 1709 2185 1777 legem

2276 541 2465 596 parere
2490 524 2639 579 vobis
2659 522 3083 576 Emmanuelem.
3103 521 3238 576 Veni
3262 534 3412 589 ergo,
3438 521 3689 589 Domine,
3714 533 3770 580 et
3787 542 3874 582 re-

2275 616 2418 670 dime
2446 630 2531 669 me
2574 631 2604 668 a
2650 613 2929 668 calumniis
2972 613 3282 679 hominum,
3333 620 3390 668 et
3435 615 3737 672 custodiam
3781 627 3870 674 tua

2278 707 2549 773 mandata,
2583 703 3016 759 non‘hominum.
3040 701 3176 757 Cum
3206 702 3399 759 faciem
3429 713 3578 760 tuam
3607 706 3874 764 illumina-

2279 801 2419 856 veris
2445 814 2608 870 super
2653 813 2869 853 servum
2909 805 3092 861 tuum,
3143 797 3194 851 id
3244 805 3360 862 est,
3414 813 3580 869 super
3622 802 3874 858 saeculum

2279 899 2448 945 tuum.
2471 889 2622 944 Tunc
2640 888 2802 944 doces
2823 903 2924 943 nos
2945 903 3043 958 per
3066 886 3262 943 Filium
3292 897 3440 944 tuum
3461 889 3878 959 justificationcs

2282 990 2424 1035 tuas.
2448 979 2862 1034 Consideremus
2883 994 3025 1034 nunc
3045 994 3311 1034 summum
3332 979 3559 1048 gradum
3588 983 3865 1038 orationis.

2281 1070 2534 1126 Summus
2561 1068 2759 1138 gradus
2786 1069 2930 1124 enim
2971 1069 3235 1124 orationis
3269 1078 3382 1135 est,
3413 1071 3631 1142 quando
3662 1073 3716 1127 in
3743 1089 3861 1128 ora-

2293 1160 2440 1214 tione
2467 1159 2701 1230 positus,
2732 1173 2920 1229 preces
2961 1159 3121 1214 simul
3159 1167 3215 1214 et
3244 1159 3508 1232 lacrymas
3537 1160 3732 1216 fundis.
3767 1163 3877 1217 lm-

2284 1251 2539 1322 possibile
2565 1250 2706 1305 enim
2735 1258 2817 1304 est
2844 1258 2902 1304 ut
2929 1265 3036 1305 non
3083 1247 3231 1306 oculi
3259 1251 3336 1305 tui
3370 1261 3651 1322 peccatum
3697 1255 3874 1309 incur-

2285 1340 2473 1395 rerint.
2495 1337 2660 1394 Omne
2681 1339 2824 1394 enim
2847 1338 2982 1412 quod
3001 1340 3056 1393 in
3072 1339 3265 1395 mundo
3286 1350 3382 1406 est,
3402 1350 3464 1396 ut
3484 1343 3562 1396 ait
3583 1346 3879 1413 apostolus.

2287 1431 2702 1500 concupiscentia
2731 1429 2996 1484 oculorum
3035 1439 3144 1494 est,
3191 1440 3241 1484 et
3288 1430 3501 1486 ambitio
3527 1435 3723 1499 oraculi,
3768 1450 3884 1506 qua

2290 1541 2395 1578 non
2423 1533 2500 1577 est
2528 1541 2561 1576 a
2591 1521 2753 1576 Patre
2774 1521 2846 1593 (ll
2869 1521 3025 1576 Joan.
3051 1522 3130 1591 ιι).
3157 1523 3253 1578 Dic
3279 1538 3407 1592 ergo
3431 1541 3551 1580 cum
3579 1527 3845 1596 propheta
3868 1545 3882 1581 :

2290 1616 2476 1672 Exitus
2519 1631 2781 1686 aquarum
2841 1614 3178 1670 deduxerunt
3225 1616 3367 1672 oculi
3407 1618 3544 1684 mei,
3595 1620 3725 1688 quia
3771 1635 3879 1674 non

2289 1707 2662 1763 custodierunt
2691 1706 2862 1776 legem
2905 1713 3074 1760 tuam.
3125 1706 3269 1761 Dixit
3296 1708 3544 1776 equidem
3575 1709 3883 1766 misericor—

600 1823 730 1863 vero
759 1807 853 1860 Dei
897 1803 1332 1860 contemnebant.
1366 1800 1767 1871 Dissipaverunt
1806 1799 1972 1870 iniqui
2013 1798 2186 1866 legem
2216 1797 2266 1858 B
2291 1800 2434 1855 diam
2463 1807 2641 1863 tuam,
2673 1806 2729 1852 et
2752 1812 2876 1868 spes
2903 1812 3023 1852 mea
3052 1798 3229 1852 omnis
3267 1799 3320 1853 in
3349 1800 3464 1868 ipsa
3493 1809 3594 1855 est.
3625 1800 3731 1856 Sed
3756 1801 3884 1869 quid

602 1907 766 1964 tuam,
795 1897 970 1952 nullus
992 1894 1188 1959 credit,
1219 1908 1408 1948 omnes
1433 1891 1856 1946 declinaverunt.
1885 1889 2046 1954 Veni,
2079 1888 2188 1942 Do-

602 1991 746 2046 mine
764 2029 778 2052 ,
807 1989 930 2059 quia
960 1995 1171 2056 tempus
1199 1982 1427 2038 faciendi
1456 1980 1910 2046 misericordiam;
1940 1978 2190 2033 concludo

603 2083 780 2138 omnia
808 2081 862 2134 in
891 2077 1292 2144 credulitate,_ut
1311 2072 1545 2129 omnibus
1567 2073 1862 2126 miserearis
1885 2069 2062 2143 (Rom.
2091 2070 2186 2138 xl).

606 2173 813 2228 Memor
841 2179 958 2225 esto
985 2169 1078 2240 qui
1117 2167 1281 2237 legis,
1329 2166 1453 2237 quia
1493 2180 1680 2221 vocem
1721 2163 1954 2218 diximus
1993 2163 2081 2217 hic
2107 2161 2193 2230 agi

608 2264 848 2320 omnium
877 2261 1279 2332 prophetarum,
1309 2258 1399 2328 qui
1421 2266 1476 2312 et
1497 2256 1763 2328 praeconia
1784 2271 1881 2310 sua
1909 2254 2196 2309 voluerunt

614 2354 682 2408 ad
708 2353 957 2408 ell‘ectum
985 2350 1176 2406 adduci
1204 2365 1302 2420 per
1322 2349 1608 2404 adventum
1637 2347 1864 2411 Domini,
1888 2356 1943 2401 et
1960 2347 2194 2402 humano

611 2444 795 2514 generi
824 2441 1114 2498 subveniri.
1147 2439 1245 2495 Hic
1272 2454 1436 2509 ergo,
1483 2439 1534 2493 id
1583 2447 1696 2504 est,
1729 2439 2113 2510 prophetarum
2142 2446 2198 2492 et

609 2543 917 2590 sanctorum
945 2532 1143 2587 chorus
1170 2531 1446 2600 loquitur:
1473 2529 1676 2594 Dilexi,
1715 2529 1912 2599 inquit,
1947 2527 2196 2582 mandata

609 2632 699 2680 tua
728 2638 892 2694 super
918 2637 1108 2677 aurum
1137 2631 1192 2676 et
1223 2621 1496 2691 topazion,
1528 2621 1580 2674 id
1609 2629 1710 2686 est,
1735 2636 1898 2690 super
1925 2634 2112 2673 aurum
2143 2626 2198 2674 et

614 2716 847 2788 lapidem
878 2714 1194 2786 pretiosum.
1226 2713 1317 2768 Sic
1355 2713 1572 2784 repetiit
1600 2713 1651 2767 in
1687 2712 1979 2768 centesimo
2006 2718 2198 2766 octavo

609 2808 866 2873 decimo,‘
900 2807 1041 2862 sicut
1087 2805 1141 2860 in
1191 2814 1383 2861 octavo
1428 2805 1637 2860 decimo
1678 2803 1788 2873 jam
1838 2803 2100 2874 praedixit.
2133 2800 2202 2857 Et

612 2908 900 2970 propterea
920 2937 934 2962 ,
965 2897 1171 2968 inquit,
1202 2896 1267 2950 ad
1304 2897 1483 2952 omnia
1513 2895 1764 2951 mandata
1793 2904 1881 2949 tua
1911 2894 2196 2969 dirigebar.

612 2991 682 3046 Et
706 3005 922 3046 omnem
949 2989 1093 3044 viam
1120 2988 1358 3058 iniquam
1397 2987 1522 3042 odio
1563 2986 1752 3050 habui,
1783 2985 1908 3056 quia
1939 2982 2200 3038 mirabilia

613 3081 920 3136 testimonia
950 3087 1060 3137 tua.
1110 3079 1304 3148 Pinge,
1345 3079 1504 3148 pinge
1556 3087 1680 3133 ante
1727 3078 1914 3133 oculos
1962 3085 2083 3132 tuos
2109 3074 2202 3145 qui

2290 1887 2480 1945 faciam
2499 1929 2514 1954 ,
2544 1888 2668 1957 quia
2693 1887 2806 1942 scio
2843 1887 2968 1956 quia
2991 1886 3168 1956 justus
3195 1903 3283 1952 es,
3314 1888 3569 1956 Domine,
3599 1899 3655 1946 et
3679 1900 3884 1946 rectum

2287 1980 2545 2051 judicium
2575 1988 2744 2034 tuum.
2777 1977 2844 2033 Et
2871 1979 3137 2035 mandasti
3167 1979 3429 2049 justitiam
3457 1990 3630 2048 tuam,
3658 1991 3712 2037 et
3734 1985 3886 2038 testi-

2294 2073 2474 2128 monia
2496 2081 2606 2139 tua,
2627 2073 2823 2144 quibus
2835 2073 3183 2129 comminaris
3201 2081 3462 2129 :etemum
3485 2076 3809 2142 incendium,
3832 2085 3887 2132 et

2293 2165 2407 2221 scio
2429 2164 2482 2219 in
2505 2165 2719 2235 loquela
2740 2172 2834 2220 tua
2856 2165 3140 2220 veritatem
3163 2165 3339 2221 nimis.
3364 2165 3491 2223 Ideo
3511 2181 3641 2236 ergo
3663 2167 3887 2222 fundunt

2295 2257 2438 2313 oculi
2451 2272 2636 2328 aquas,
2653 2271 2774 2326 qua:
2788 2255 3010 2312 abluant
3023 2255 3288 2326 plorando
3303 2256 3448 2327 quod
3463 2257 3888 2327 concupiscendo

2295 2348 2620 2419 polluerunt.
2672 2346 2827 2402 Zelor
2868 2355 3048 2401 tamen
3087 2346 3341 2401 mundum
3391 2357 3538 2401 tuum
3580 2349 3648 2402 ab
3686 2346 3884 2410 idolis,

2295 2439 2420 2508 quia
2449 2436 2683 2506 gaudent
2707 2447 2869 2506 super
2902 2451 3027 2491 eum
3053 2436 3252 2492 inimici
3283 2437 3391 2502 tui,
3429 2446 3485 2492 et
3513 2439 3584 2492 ita
3606 2439 3730 2492 hinc
3755 2437 3885 2492 inde
3913 2467 3923 2478 ο

2299 2533 2648 2598 bacchantur,
2683 2541 2741 2587 ut
2761 2531 2914 2586 obliti
2935 2531 3044 2586 sint
3065 2531 3227 2587 verba
3257 2541 3348 2586 tua
3378 2531 3479 2602 ipsi
3505 2530 3700 2587 inimici
3729 2544 3893 2599 gene-

2301 2623 2378 2678 ris
2424 2622 2664 2678 humani.
2705 2621 2894 2677 Sciunt
2938 2622 3082 2678 enim
3132 2630 3187 2676 et
3235 2621 3539 2690 intelligunt
3578 2635 3738 2676 voces
3764 2636 3894 2690 pro-

2304 2716 2610 2787 phetarum,
2641 2716 2692 2771 in
2719 2716 2914 2786 quibus
2937 2715 3098 2772 verba
3128 2724 3217 2770 tua
3245 2715 3569 2786 pollicentur
3588 2715 3761 2770 nostri
3784 2713 3894 2770 Be-

2301 2807 2600 2878 dem'ptoris
2628 2805 2933 2863 adventum.
2991 2807 3098 2863 Sed
3131 2815 3340 2862 tantum
3365 2808 3616 2875 moraris,
3649 2807 3893 2873 Domine,

2301 2908 2360 2955 ut
2387 2901 2542 2956 obliti
2588 2901 2698 2955 sint
2726 2900 2888 2956 verba
2933 2899 3048 2970 ipsa
3088 2900 3461 2971 promissionis
3495 2899 3656 2970 hujus
3697 2900 3895 2956 inimici

2305 2993 2430 3048 mei.
2474 2991 2644 3048 Porro
2673 2999 2854 3047 autem
2894 2992 3117 3060 ignitum
3145 3001 3230 3048 est
3261 2993 3534 3064 eloquium
3565 3002 3715 3048 tuum
3736 2994 3895 3050 vehe—

2255 3131 2264 3147 ,
2306 3090 2533 3146 menter,
2572 3082 2798 3150 ignitum
2823 3090 2908 3151 est
2947 3083 3268 3138 amatorium
3291 3123 3307 3150 ,
3356 3083 3648 3140 excludens
3685 3098 3896 3139 amores

613 3173 729 3229 hmc
751 3180 936 3226 cantas
960 3171 1166 3241 aliquas
1190 3171 1440 3225 fabricas.
1473 3170 1706 3236 Quales?
1735 3168 1856 3222 lllas
1882 3183 2016 3236 quas
2045 3167 2205 3221 mira-
2233 3161 2278 3224 C
2309 3172 2616 3227 mortiferas
2643 3180 2698 3226 ei
2727 3171 2852 3226 vita:
2878 3178 3094 3227 mter-me
3123 3187 3337 3228 amores
3365 3172 3663 3229 includens.
3689 3171 3918 3242 Adjecit.

613 3265 809 3322 bantur
835 3263 1098 3333 apostoli,
1129 3262 1289 3332 pinge
1315 3261 1568 3323 thermas,
1603 3260 1761 3330 pinge
1790 3258 1905 3312 fora
1929 3266 1984 3312 et
2012 3257 2206 3312 mmnia

613 3356 667 3412 in
695 3354 895 3410 vertice
923 3352 1139 3408 excelso
1167 3350 1460 3419 surgentia.
1495 3350 1564 3404 Et
1591 3350 1718 3404 dum
1747 3350 1849 3404 ista
1871 3349 2203 3414 Consideras,

617 3452 892 3501 memento
913 3443 1108 3499 casulae
1128 3442 1498 3512 cujuscunque
1518 3457 1584 3496 ex
1609 3440 1876 3496 frondium
1902 3449 2058 3511 septo
2077 3456 2207 3495 con-

618 3543 801 3591 textat.
833 3532 1081 3602 Nunquid
1122 3548 1230 3588 non
1272 3539 1424 3586 tanto
1465 3531 1552 3586 illa
1599 3531 1692 3586 tibi
1737 3532 1839 3587 erit
1879 3531 2205 3602 despectior,

614 3631 818 3697 quanto
860 3623 960 3679 ista
1009 3622 1272 3678 mirabilia
1308 3624 1595 3693 stupueris.
1630 3621 1772 3692 Ergo
1822 3623 1864 3677 is
1903 3623 2209 3694 quicunque

613 3718 788 3789 legem
819 3718 914 3773 Dei
943 3717 1208 3773 rationem
1249 3718 1448 3773 habere
1477 3719 1620 3784 vult,
1664 3726 1835 3773 totum
1865 3719 2019 3788 quasi
2049 3719 2206 3775 vilem

615 3809 853 3864 casulam
891 3807 1117 3880 despicit
1155 3807 1440 3875 mundum,
1473 3817 1528 3864 et
1559 3810 1672 3865 sola
1713 3810 1978 3864 mirabilia
2007 3810 2210 3867 habens

616 3900 919 3957 testimonia
941 3900 1078 3970 ejus,
1099 3901 1220 3956 ideo
1241 3908 1513 3956 scrutatur
1531 3915 1594 3955 ea
1617 3901 1793 3954 anima
1816 3900 1961 3969 ejus;
1979 3916 2210 3970 cumque

614 3991 907 4049 declaratio
945 4007 1252 4047 sermonum
1282 3992 1398 4060 ejus
1425 3992 1476 4045 in
1507 3991 1668 4045 rebus
1690 3992 1907 4044 aeternis
1944 3988 2209 4046 illumina-

614 4084 752 4139 verit
771 4099 913 4149 eum,
936 4090 991 4138 et
1012 4083 1249 4153 parvulis
1269 4080 1798 4137 considerationibus
1820 4079 1936 4148 ejus
1957 4093 2207 4148 magnum

616 4175 865 4229 tribuerit
895 4173 1256 4236 intellectum,
1309 4165 1516 4242 aperiet
1555 4185 1617 4224 os
1662 4185 1819 4226 suum
1865 4170 1919 4225 in
1966 4170 2210 4226 laudibus

616 4263 743 4330 Dei,
774 4272 830 4319 et
853 4263 1076 4317 attrahit
1104 4261 1370 4332 spiritum,
1399 4261 1450 4316 id
1480 4269 1590 4327 est,
1621 4261 1865 4330 suspiriis
1893 4272 2206 4332 occUpattlr,

616 4354 740 4423 quia
767 4352 1017 4407 mandata
1046 4352 1140 4407 Dei
1168 4351 1464 4417 desiderat,
1487 4359 1542 4406 et
1563 4351 1748 4422 incipit
1775 4351 1853 4407 sic
1880 4352 2205 4420 desiderare,

618 4454 808 4515 ιιι-[πίε
828 4445 1096 4500 desiderio
1119 4459 1227 4500 non
1251 4444 1504 4511 dormiat,
1529 4454 1690 4514 atque
1709 4460 1888 4501 escam
1909 4453 2207 4518 potumque

2309 3272 2596 3333 postquam
2635 3262 2860 3331 ignitum
2906 3258 3149 3318 dixerat:
3198 3262 3266 3318 Et
3303 3279 3492 3319 servus
3517 3271 3672 3328 tuus,
3702 3263 3896 3334 inquit,

2307 3356 2496 3410 dilexit
2525 3355 2652 3409 illud
2671 3371 2686 3421 ;
2704 3355 3126 3413 o‘adolescentior
3155 3371 3256 3426 ego
3284 3373 3432 3424 sum,
3477 3366 3534 3414 et
3559 3366 3901 3430 contemptus

2311 3447 2376 3502 iis
2403 3447 2493 3517 qui
2523 3456 2764 3517 pugnant
2790 3447 3078 3504 adversum
3106 3463 3224 3516 me;
3255 3450 3456 3506 mundo
3484 3451 3632 3506 omni
3658 3452 3902 3507 seniores

2307 3548 2463 3604 sunt,
2515 3547 2571 3594 et
2615 3540 2866 3595 omnibus
2909 3543 3135 3597 vetustis
3178 3543 3385 3599 saeculis
3424 3545 3756 3614 antiquiores
3781 3560 3902 3601 esse

2312 3641 2624 3688 noscuntur.
2681 3632 2774 3689 His
2821 3647 2950 3702 ergo
2997 3634 3394 3693 adolescentior
3441 3653 3542 3708 pro
3587 3647 3901 3710 contempto

2312 3725 2533 3788 habeor,
2581 3724 2709 3779 dum
2751 3724 3164 3794 justiticationes
3222 3735 3342 3784 tuas
3381 3729 3627 3798 exquiro.
3687 3728 3901 3785 Iustitia

2310 3815 2453 3870 enim
2503 3824 2592 3870 tua
2635 3823 2814 3873 certus
2859 3831 2977 3870 sum
3022 3817 3168 3886 quod
3201 3817 3410 3886 justitia
3435 3819 3507 3874 sit
3534 3820 3587 3874 in
3615 3828 3898 3875 aeternum.

2309 3905 2377 3960 Et
2407 3907 2519 3961 scio
2547 3906 2672 3976 quia
2700 3907 2788 3961 lex
2821 3914 2908 3961 tua
2932 3908 3131 3963 veritas
3159 3909 3260 3975 sit,
3283 3918 3340 3965 et
3367 3908 3489 3965 ideo
3510 3925 3598 3964 me
3628 3911 3903 3966 tribulatio

2311 4005 2366 4052 et
2413 3997 2670 4065 angustia:
2717 3997 3057 4054 invenerunt.
3099 3999 3234 4067 Quia
3264 4000 3516 4056 mandata
3555 4010 3644 4056 tua
3673 4002 3900 4058 medita-

2312 4089 2389 4144 tio
2411 4099 2528 4144 mea
2551 4097 2653 4144 est.
2697 4089 2814 4146 Non
2853 4091 2995 4152 enim
3025 4089 3226 4148 faciunt
3251 4093 3624 4150 tribulationes
3653 4103 3709 4150 et
3734 4110 3901 4166 angu-

2308 4181 2440 4237 stias
2475 4180 2778 4246 dazmones,
2829 4181 2931 4237 nisi
2968 4183 3053 4238 his
3074 4197 3234 4252 quam
3264 4184 3498 4240 maxime
3525 4184 3616 4254 qui
3645 4185 3897 4240 mandata

2315 4272 2529 4330 Domini
2566 4274 2914 4330 meditantur.
2945 4274 3015 4330 Et
3039 4275 3160 4333 ideo
3186 4276 3447 4341 clamavi,
3478 4278 3667 4348 inquit,
3700 4277 3755 4332 in
3786 4285 3901 4334 toto

2313 4363 2477 4420 corde
2501 4380 2623 4421 meo
2648 4383 2662 4419 :
2693 4363 2902 4422 Exaudi
2922 4381 3039 4432 me,
3076 4367 3320 4433 Domine,
3347 4366 3757 4437 justiticationes
3785 4376 3904 4423 tuas

2313 4455 2612 4524 exquiram.
2654 4455 2731 4510 lta
2760 4471 2913 4512 meos
2939 4472 3119 4513 mores
3139 4457 3193 4512 in
3222 4455 3532 4514 tuo’amore
3557 4459 3815 4530 dispone,
3846 4468 3903 4515 ut

618 4535 718 4590 sibi
747 4549 811 4588 ac
838 4534 1075 4588 lmtitiam
1103 4534 1447 4600 subtrahens,
1478 4550 1587 4606 pra:
1614 4532 1880 4592 desiderio
1905 4537 1988 4592 sui
2017 4547 2204 4608 pecto-
2235 4523 2288 4584 Ῐ)
2313 4523 2442 4600 nihil
2469 4545 2538 4601 de
2562 4546 2667 4602 hoc
2685 4547 2886 4604 mundo
2911 4539 3170 4617 quaeram,
3200 4548 3295 4604 sed
3324 4549 3470 4605 solas
3500 4558 3620 4604 tuas
3642 4523 3902 4619 justitia-

619 4624 694 4679 ris
722 4624 955 4678 clamet:
987 4621 1183 4693 Aspice
1210 4639 1329 4692 me,
1376 4634 1432 4680 et
1476 4626 1735 4683 miserere
1777 4628 1884 4683 mei
1913 4629 2210 4685 secundum

619 4716 874 4788 judicium
893 4714 1226 4785 diligentium
1249 4733 1445 4773 nomen
1470 4727 1619 4774 tuum
1641 4738 1653 4772 :
1672 4720 1787 4774 haec
1808 4720 1973 4775 totius
1993 4721 2212 4778 humani

620 4807 832 4877 generis
861 4806 1034 4861 oratio
1065 4805 1320 4862 funditur.
1365 4806 1518 4865 Unde
1564 4817 1620 4864 et
1664 4811 1948 4881 sequitur:
1981 4809 2211 4869 Gressus

622 4914 775 4955 meos
803 4897 971 4966 dirige
1000 4896 1294 4953 secundum
1337 4899 1557 4955 verbum
1605 4907 1756 4956 tuum
1800 4908 1857 4956 et
1895 4902 2091 4970 vivam,
2121 4905 2216 4974 qui

620 5007 838 5062 gressus
866 5005 1018 5045 meos
1047 4991 1098 5046 in
1143 4998 1342 5046 tortum
1385 4991 1504 5046 misi
1533 5007 1630 5062 per
1657 4991 1825 5048 Adam
1843 5035 1858 5062 ,
1888 5002 1943 5050 et
1981 5003 2210 5052 mortem

621 5083 821 5138 inveni.
859 5080 940 5136 Tu
967 5080 1122 5148 veni,
1153 5081 1412 5148 Domine,
1459 5090 1516 5138 et
1559 5099 1658 5154 per
1701 5092 1756 5140 te
1797 5097 2012 5153 gressus
2061 5101 2213 5142 meos

621 5174 790 5241 dirige
818 5173 1114 5230 secundum
1141 5173 1365 5229 verbum
1394 5182 1565 5242 tuum,
1589 5175 1733 5245 quod
1774 5175 1864 5231 ille
1889 5179 2211 5248 praevarica-

626 5270 708 5316 tus
751 5272 865 5327 est,
909 5272 964 5320 et
1004 5265 1169 5320 vitam
1210 5264 1479 5320 inveniam
1509 5279 1605 5335 per
1632 5273 1717 5331 te,
1747 5280 1909 5335 quam
1937 5282 2036 5337 per
2061 5268 2207 5323 illum

626 5349 797 5403 amisi.
829 5349 1114 5421 Exspecto,
1146 5353 1392 5420 Domine,
1414 5353 1559 5419 veni,
1589 5360 1645 5408 et
1672 5353 1776 5410 don
1806 5355 2102 5412 confundas
2126 5374 2213 5414 me

628 5438 694 5492 ab
724 5440 1130 5508 exspectatione
1150 5458 1289 5496 mea.
1321 5442 1377 5498 Si
1399 5443 1541 5498 enim
1569 5445 1802 5512 veneris,
1835 5461 1941 5502 non
1971 5446 2214 5504 domina-

629 5528 771 5583 bitur
800 5529 903 5584 mei
933 5530 1108 5585 omnis
1136 5530 1420 5602 iniquitas,
1471 5535 1673 5592 scilicet
1715 5537 2034 5594 dzemonum.
2085 5541 2217 5596 Nam

633 5621 887 5678 increduli
917 5622 1164 5678 homines
1193 5623 1472 5682 credentes
1496 5630 1910 5699 calumniantur,
1941 5633 2214 5690 dicentes:

632 5715 770 5784 Quid
798 5715 1003 5788 negatis
1030 5715 1162 5773 deos
1188 5717 1443 5786 gentium,
1490 5730 1544 5776 et
1570 5722 1800 5793 Virginis
1826 5726 1994 5782 lilium
2026 5745 2216 5799 exspe—

2317 4637 2496 4692 tiones
2530 4637 2829 4708 exquiram.
2874 4637 3114 4694 Prmveni
3138 4641 3282 4695 enim
3311 4640 3364 4694 in
3393 4641 3700 4696 maturitate
3727 4649 3783 4695 et
3805 4655 3903 4696 ex-

2314 4729 2545 4784 clamavi
2569 4747 2581 4783 :
2608 4729 2704 4784 Fui
2720 4745 2873 4800 puer,
2901 4738 3089 4800 postea
3114 4731 3451 4797 adolescens,
3484 4733 3719 4805 itemque
3743 4732 3900 4803 juve-

2318 4821 2431 4886 nis;
2463 4837 2608 4877 nunc
2633 4835 2760 4877 ecce
2779 4821 2892 4892 jam
2920 4822 3106 4889 senui,
3144 4832 3199 4878 et
3233 4824 3355 4878 vita:
3391 4838 3526 4880 mere
3555 4824 3714 4880 finem
3742 4832 3908 4880 atten-

2320 4913 2473 4978 dens,
2498 4913 2551 4968 in
2580 4914 2684 4969 hac
2707 4915 3016 4970 maturitate
3043 4915 3252 4986 positus
3276 4916 3472 4980 clamo,
3502 4924 3559 4986 et
3577 4917 3911 4987 prasveniunt

2323 5003 2467 5059 oculi
2512 5005 2619 5059 mei
2663 5004 2732 5060 ad
2777 5014 2830 5060 te
2854 5004 3109 5072 diluculo,
3141 5006 3194 5063 id
3223 5016 3339 5072 est,
3373 5015 3664 5078 antequam
3692 5009 3830 5064 alius
3858 5015 3911 5062 te

2317 5109 2475 5150 orare
2504 5095 2740 5165 incipiat.
2792 5095 2988 5152 Lucem
3017 5097 3187 5168 ipsam
3215 5098 3322 5154 diei
3349 5099 3660 5155 venientem
3704 5113 3911 5169 prme-

2319 5187 2474 5240 niunt
2500 5185 2567 5240 ad
2596 5193 2652 5240 te
2674 5186 2817 5242 oculi
2845 5187 2973 5250 mei,
3001 5195 3061 5242 ut
3087 5202 3277 5244 vocem
3303 5202 3478 5243 meam
3507 5187 3696 5244 audias
3723 5203 3914 5244 secun-

2319 5277 2446 5332 dum
2489 5290 2738 5345 magnam
2777 5277 3203 5334 misericordiam
3229 5287 3407 5345 tuam,
3436 5279 3562 5349 quia
3591 5293 3763 5349 prope
3789 5285 3916 5334 sunt

2319 5368 2409 5438 qui
2458 5375 2852 5438 persequuntur
2897 5384 3002 5424 me.
3053 5369 3365 5439 lniquitates
3411 5369 3543 5424 mihi
3585 5385 3758 5440 prope
3786 5377 3911 5424 sunt

2326 5459 2448 5528 quia
2478 5476 2508 5513 a
2539 5459 2656 5528 lege
2685 5468 2776 5514 tua
2805 5461 2964 5530 longe
2990 5459 3118 5516 facti
3145 5469 3302 5526 sunt,
3331 5461 3382 5516 id
3403 5469 3520 5528 est,
3561 5461 3838 5542 daemones
3865 5462 3915 5516 in

2329 5549 2514 5613 idolis,
2546 5559 2601 5604 et
2643 5551 2862 5621 spiritus
2910 5551 3167 5607 immundi
3209 5552 3263 5606 in
3291 5552 3710 5621 cogitationibus
3739 5553 3909 5607 malis.

2327 5641 2391 5695 lli
2420 5643 2986 5711 appropinquaverunt
3011 5653 3394 5714 persequentes
3423 5660 3539 5711 me,
3584 5652 3841 5715 putantes
3865 5653 3916 5699 te

2331 5733 2502 5787 adhuc
2545 5733 2701 5802 longe
2750 5749 2904 5800 esse;
2953 5745 3009 5790 tu
3055 5745 3234 5791 autem
3265 5752 3435 5806 prope
3459 5753 3539 5806 es,
3573 5737 3830 5802 Domine,
3861 5745 3916 5791 et
