4244 6258
356 329 457 383 521

1316 309 1787 372 (ΖΟΜΜΕΝΤΔΒΙΙ
1833 308 1900 362 IN
1942 305 2272 365 PSALMOS.
2315 305 2507 361 PSAL.
2550 305 2729 363 CXIX.

3541 312 3653 369 522

358 446 547 507 omnia
585 441 843 499 mandata
888 446 974 494 tua
994 476 1009 503 ,
1060 434 1255 508 quibus
1291 430 1556 487 mandaSti
1586 437 1737 482 tuum
1768 437 1960 493 exspe-
1988 421 2038 482 Α
2064 422 2136 475 mi
2167 420 2373 493 Spiritu
2394 430 2599 492 septem
2626 419 2876 476 Ecclesiis
2895 428 3097 477 textum
3120 421 3409 492 superioris
3436 421 3652 481 fabrica

361 538 623 596 ctandum
650 534 937 591 adventum
961 569 979 597 ,
1007 528 1189 585 omnia
1217 524 1469 580 mandata
1507 530 1600 575 tua
1628 518 1847 572 veritas.
1882 514 1962 567 Ab

362 631 520 687 initio
549 627 780 697 cognovi
806 625 876 681 de
901 619 1221 678 testimoniis
1248 617 1372 683 tuis,
1397 615 1523 684 quia
1550 613 1631 667 sic
1657 609 1810 664 ﬁrma
1838 611 1964 661 sunt

362 721 630 793 promissa
678 727 798 782 tua,
853 721 911 769 ut
950 714 1006 768 in
1051 710 1314 765 aeternum
1361 702 1671 761 lundaveris
1694 718 1780 757 ea.
1830 696 1964 753 Vide

366 830 499 884 ergo
550 811 908 868 humilitatem
966 819 1163 859 meam.
1230 800 1446 855 Chorus
1499 804 1811 852 sanctorum
1864 806 1981 860 pro.

367 905 569 961 mundo
616 902 871 958 universo
916 904 1125 952 exorat.
1187 892 1322 948 Vide
1368 888 1727 946 humilitatem
1756 897 1960 959 ‘meam,

368 1007 425 1055 et
451 998 598 1068 eripe
620 1009 739 1059 me,
770 991 897 1062 quia
921 991 1274 1058 legemtuam
1302 1000 1414 1039 non
1442 996 1563 1037 sum
1593 978 1813 1041 oblitus,
1839 988 1965 1045 pro—

365 1091 583 1145 missam
602 1085 834 1141 salutem
856 1081 1121 1139 adventus
1140 1079 1239 1134 tui.
1278 1075 1467 1131 Judica
1482 1071 1745 1142 judicium
1765 1080 1961 1129 meum,

366 1196 422 1242 et
465 1184 670 1240 redime
712 1195 805 1235 me
832 1184 1057 1250 propter
1102 1172 1374 1242 eloquium
1423 1178 1595 1224 tuum.
1668 1162 1740 1218 Ut
1781 1174 1965 1215 verum

368 1276 496 1332 illud
524 1272 797 1330 universis
844 1286 952 1325 non
999 1265 1343 1323 credentibus
1386 1257 1716 1320 manifestes,
1746 1260 1966 1323 propter

370 1367 642 1437 eloquium
690 1373 844 1419 tuum
880 1361 1031 1431 eripe
1070 1373 1177 1413 me.
1209 1344 1392 1423 Longe
1418 1359 1502 1408 est
1535 1366 1565 1405 a
1593 1344 1967 1419 peccatoribus

370 1460 513 1516 salus
536 1500 551 1525 ,
601 1458 719 1513 sive
746 1455 841 1526 qui
869 1460 1156 1508 venturum
1182 1463 1293 1503 non
1321 1444 1551 1501 credunt
1572 1481 1588 1507 ,
1618 1454 1716 1495 seu
1741 1436 1833 1507 qui
1854 1434 1965 1505 jam

371 1551 585 1607 venisse
613 1563 725 1603 non
754 1545 1002 1602 credunt.
1052 1541 1238 1609 Longe
1278 1545 1364 1593 est
1392 1536 1576 1605 utique
1600 1531 1747 1586 salus
1774 1529 1842 1582 ab
1866 1527 1964 1591 eis,

373 1644 497 1714 quia
519 1641 762 1712 justitias
790 1646 911 1693 tuas
937 1651 1046 1690 non
1085 1632 1475 1702 exquisierunt.
1518 1625 1645 1680 Tua:
1664 1630 1847 1678 autem
1867 1620 1969 1675 mi-

372 1735 673 1791 serationes
698 1730 881 1785 multae
907 1735 1051 1788 sunt,
1080 1722 1327 1787 Domine,
1348 1735 1471 1776 cum
1490 1733 1599 1774 non
1628 1714 1969 1784 requirentes

2067 514 2431 569 exstruebam.
2484 512 2633 568 Sicut
2660 513 2801 567 enim
2828 512 3055 572 diximus
3083 516 3135 569 in
3156 514 3424 570 veteribus
3449 518 3657 574 sanctis

2065 603 2338 659 Christum
2370 604 2423 657 in
2453 603 2802 658 fundamento
2846 601 3095 659 Ecclesia:
3121 613 3427 675 operatum,
3472 606 3545 661 ita
3595 608 3653 663 in

2066 695 2334 751 mmnibus
2363 695 2515 749 novis
2544 700 2824 764 operatum
2852 710 2948 765 per
2973 712 3107 765 quos
3135 713 3271 753 unus
3300 696 3659 767 ejusdemque

2065 786 2397 842 iundamenti
2421 802 2588 858 usque
2607 787 2675 842 ad
2697 787 2856 841 linem
2875 789 3055 844 saeculi
3079 804 3232 845 arces
3248 799 3571 859 exsurgunt;
3598 792 3656 846 in

2066 880 2261 951 quibus
2272 895 2377 951 pax
2394 882 2560 936 multa
2580 880 2920 949 diligentibus
2940 899 3131 940 nomen
3149 893 3317 950 tuum,
3330 884 3579 953 Domine,
3599 898 3660 944 et
3718 914 3723 919 -

2068 989 2177 1029 non
2207 982 2291 1028 est
2320 973 2423 1028 illis
2446 972 2791 1040 scandalum;
2824 974 2877 1028 in
2903 976 3096 1044 quibus
3122 986 3465 1048 exspectatur
3506 979 3661 1035 salus

2032 1064 2037 1075 '
2067 1074 2160 1119 tua
2184 1106 2199 1130 ,
2232 1064 2489 1131 Domine,
2540 1072 2597 1120 et
2641 1064 2890 1120 mandata
2935 1068 3335 1134 custodiuntur;
3373 1068 3427 1122 in
3455 1070 3662 1140 quibus

2069 1157 2238 1212 intrat
2283 1157 2575 1227 postulatio
2623 1164 2807 1213 nostra
2848 1157 2901 1212 in
2940 1167 3228 1229 conspectu
3257 1168 3372 1225 tuo,
3403 1159 3657 1228 Domine,

2069 1258 2127 1306 et
2168 1250 2464 1306 secundum
2516 1250 2740 1306 verbum
2782 1258 2929 1305 tuum
2980 1252 3145 1307 libera
3188 1268 3315 1317 nos;
3364 1251 3418 1307 in
3456 1254 3660 1321 quibus

2070 1352 2319 1400 eructant
2346 1344 2489 1401 labia
2514 1351 2701 1403 nostra
2728 1344 2983 1416 hymnum
3003 1384 3019 1410 ,
3067 1360 3189 1401 cum
3215 1343 3471 1400 docemur
3493 1343 3659 1414 justi-

2071 1434 2353 1491 ﬁcationes
2379 1444 2527 1503 tuas;
2561 1436 2614 1491 in
2656 1435 2849 1505 quibus
2894 1436 3207 1506 pronuntiat
3244 1435 3424 1504 lingua
3470 1444 3658 1492 nostra

2070 1526 2285 1595 eloquia
2327 1535 2453 1593 tua,
2504 1534 2559 1581 et
2604 1525 2827 1581 docetur
2873 1526 3017 1595 quod
3062 1526 3242 1581 omnia
3284 1524 3533 1580 mandata
3563 1537 3663 1584 tua

2071 1616 2181 1671 sint
2204 1617 2455 1686 mquitas;
2487 1618 2540 1671 in
2568 1616 2760 1687 quibus
2787 1633 2975 1672 manus
2995 1625 3120 1683 tuae,
3150 1617 3252 1673 illm
3271 1633 3390 1688 quas
3409 1617 3464 1672 in
3496 1634 3661 1675 cruce

2075 1706 2196 1761 ﬁxae
2224 1705 2457 1772 fuerunt,
2481 1706 2609 1777 ipsa:
2637 1707 2940 1763 salvosnos
2962 1708 3182 1775 iaciunt,
3215 1710 3261 1764 si
3288 1708 3539 1766 mandata
3565 1719 3662 1767 tua

373 1826 679 1896 terequiris
703 1864 719 1889 ,
766 1837 887 1878 cum
934 1824 1335 1888 contemptores
1383 1822 1505 1869 tuos
1549 1808 1789 1866 exaudis.
1831 1806 1967 1873 Quia
1994 1799 2044 1861 Β
2070 1797 2379 1866 diligimus,
2430 1805 2483 1852 et
2530 1798 2956 1868 concupiscimus
2998 1800 3231 1855 salutare
3277 1808 3456 1866 tuum,
3488 1809 3545 1855 et
3569 1801 3663 1860 lex

375 1933 505 1988 ergo
540 1916 647 1971 illis
693 1909 1116 1967 misericordiam
1160 1907 1382 1963 exhibes
1419 1903 1513 1988 qui
1542 1898 1850 1957 testimonia
1876 1904 1969 1950 tua

382 2028 493 2066 non
532 2006 940 2077 exquisierunt,
988 2010 1189 2073 quanto
1235 1999 1403 2069 magis
1438 1983 1495 2053 et
1529 1995 1663 2051 mihi
1690 1993 1967 2056 miserere,

380 2103 474 2172 qui
503 2117 534 2156 a
584 2096 905 2154 testimoniis
944 2094 1051 2148 tuis
1094 2108 1203 2147 non
1230 2087 1509 2146 declinavi.
1575 2085 1712 2151 Hoc,
1740 2089 1802 2138 ut
1829 2095 1971 2151 saepe

380 2194 640 2256 dicimus,
668 2190 868 2246 chorus
896 2193 1201 2242 sanctorum
1231 2181 1467 2238 omnium
1494 2183 1849 2249 protestatur,
1879 2172 1971 2242 qui

380 2292 438 2341 et
464 2282 664 2353 adjecit
706 2298 720 2335 :
752 2279 872 2335 Vidi
913 2293 1020 2332 non
1066 2282 1341 2331 servantes
1362 2279 1611 2344 pactum,
1643 2277 1699 2324 et
1725 2266 1969 2322 tabesce-

378 2378 524 2442 bam,
556 2374 680 2446 quia
705 2371 942 2442 justitias
972 2377 1091 2425 tuas
1120 2384 1228 2424 non
1256 2364 1663 2423 custodierunt:
1696 2360 1971 2431 quomodo

385 2466 644 2524 distabuit
670 2464 882 2536 Moyses
912 2463 964 2516 in
990 2460 1190 2532 populo
1217 2457 1668 2530 praevaricatore;
1698 2450 1971 2522 quomodo

379 2556 609 2614 Phinees
631 2597 646 2622 ,
689 2553 959 2625 quomodo
988 2551 1192 2608 Chaleb
1222 2549 1363 2604 ﬁlius
1389 2546 1659 2617 Jephone,
1698 2542 1973 2613 quomodo

381 2652 537 2709 Jesus
562 2650 712 2706 Nave
740 2646 880 2704 ﬁlius
898 2687 914 2714 ,
942 2643 1220 2715 quomodo
1243 2640 1466 2696 Samuel
1497 2638 1553 2692 in
1572 2636 1754 2693 Saule.
1792 2631 1976 2689 Omnis

380 2759 509 2814 ergo
557 2743 759 2799 chorus
803 2745 1119 2795 sanctorum
1164 2742 1292 2788 ante
1319 2731 1609 2787 adventum
1636 2727 1866 2790 Domini,
1894 2726 1976 2781 vi-

380 2837 516 2894 dens
564 2850 674 2890 non
720 2837 1001 2887 servantes
1044 2834 1295 2898 pactum,
1324 2821 1657 2885 tabescebat,
1685 2826 1741 2875 et
1766 2817 1978 2873 dicebat

380 2927 618 2985 Domino
643 2945 655 2979 :
686 2924 822 2980 Vide
854 2923 982 2994 quia
1006 2920 1171 2977 dilexi
1198 2918 1375 2988 legem
1403 2924 1549 2971 tuam
1567 2954 1584 2980 ,
1616 2914 1669 2969 in
1697 2919 1787 2966 tua
1814 2911 1975 2966 mise—

382 3022 620 3081 ricordia
652 3019 866 3076 viviﬁca
889 3032 996 3073 me.
1045 3015 1163 3071 Hoc
1190 3022 1374 3069 autem
1397 3049 1413 3075 ,
1452 3008 1595 3080 quod
1623 3007 1852 3063 diximus
1874 3018 1975 3060 sae-

2071 1900 2164 1945 tua
2193 1889 2474 1945 meditatio
2502 1898 2687 1945 nostra
2716 1897 2817 1945 est.
2848 1881 3143 1947 Credentes
3168 1891 3313 1962 quod
3341 1892 3503 1947 etiam
3530 1907 3663 1948 cor-

2070 1995 2204 2052 pore
2253 1989 2442 2037 nostro
2482 1981 2628 2037 vivet
2672 1980 2848 2037 anima
2877 1991 3060 2038 nostra
3080 2024 3095 2050 ,
3127 1991 3182 2039 et
3209 1982 3392 2039 laudet
3419 1991 3503 2049 te;
3535 1994 3662 2039 ere-

2069 2073 2260 2129 dentes
2295 2072 2441 2143 quod
2477 2072 2679 2143 judicia
2717 2081 2811 2130 tua
2854 2074 3107 2145 adiuvent
3152 2092 3271 2131 nos.
3327 2074 3662 2133 Conﬁtentes

2069 2165 2215 2236 quod
2244 2166 2574 2234 erravimus,
2624 2168 2764 2224 sicut
2791 2167 2909 2223 ovis
2935 2168 3025 2223 illa
3052 2168 3371 2245 quaa'periit,
3403 2175 3661 2236 rogantes

2070 2267 2131 2314 ut
2154 2259 2399 2329 requiras
2424 2274 2573 2328 eam,
2605 2268 2661 2317 et
2686 2261 2927 2317 humeris
2962 2262 3264 2333 imponens,
3304 2261 3451 2331 gregi
3481 2261 3660 2332 appli-

2070 2366 2161 2407 ces
2189 2353 2527 2423 permanenti
2550 2354 2843 2410 secundum
2869 2355 3188 2426 promissum
3218 2364 3367 2410 tuum
3386 2391 3402 2417 ,
3431 2353 3662 2411 Domine

2070 2443 2198 2501 Jesu
2223 2444 2456 2513 Christe,
2478 2446 2572 2516 qui
2590 2453 2785 2517 regnas
2804 2462 2926 2503 cum
2947 2445 3109 2522 Patre
3134 2455 3190 2503 et
3216 2445 3418 2518 Spiritu
3446 2453 3658 2512 sancto,

2072 2552 2171 2608 per
2200 2538 2381 2594 omnia
2403 2539 2595 2595 stecula
2624 2540 2963 2595 seculorum.

2600 2670 2914 2728 PSALMUS
2940 2669 3124 2726 CXIX.

2568 2776 2849 2840 Canticum
2874 2783 3155 2853 graduum.

2146 2898 2231 2952 Ad
2255 2896 2539 2953 Dominum
2583 2913 2698 2952 cum
2746 2895 3019 2951 tribularer
3046 2895 3284 2963 clamavi,
3314 2903 3364 2951 et
3401 2895 3661 2951 exaudivit

2075 3008 2174 3047 me.
2207 2989 2450 3058 Domino,
2481 2990 2644 3047 libera
2671 2992 2901 3046 animam
2928 3007 3097 3046 meam
3124 3008 3156 3045 a
3184 2990 3335 3046 labiis
3362 2992 3551 3064 iniquis
3568 3033 3584 3058 ,
3609 3000 3663 3047 et

382 3128 711 3188 penumero,
761 3116 1072 3166 sanctorum
1111 3105 1180 3162 ab
1209 3104 1343 3159 Abel
1373 3117 1541 3171 usque
1568 3099 1636 3155 ad
1674 3098 1898 3172 Mariam
1922 3101 1980 3151 et
2011 3172 2052 3188 _
2358 3084 2559 3141 dolosa.
2606 3082 2745 3150 Quid
2771 3084 2919 3140 detur
2949 3083 3071 3149 tibi,
3108 3093 3199 3138 aut
3227 3085 3350 3159 quid
3372 3093 3667 3156 apponatur

382 3172 585 3278 ioseph
617 3172 806 3261 omnes
834 3200 1051 3273 quidem
1079 3199 1134 3253 in
1156 3199 1277 3267 lege
1304 3195 1470 3251 veteri
1499 3194 1843 3264 placuerunt,
1884 3203 1975 3244 us-
2005 3172 2054 3239 C
2083 3177 2525 3278 libi-adfinguom
2828 3178 3050 3251 Sagitta:
3068 3180 3286 3252 potentis
3314 3186 3509 3241 ασκεω,
3546 3194 3665 3232 cum

384 3317 488 3373 que
515 3299 585 3355 ad
625 3297 919 3361 Abraham,
952 3294 1121 3377 legem
1152 3297 1357 3345 natura:
1384 3293 1679 3352 servantes,
1715 3284 1783 3339 ab
1804 3282 1975 3338 Abra-

385 3372 511 3450 ham
532 3406 702 3461 usque
736 3387 804 3443 ad
841 3373 1061 3458 Moysen
1089 3383 1264 3453 legem
1293 3388 1500 3435 natura:
1533 3386 1588 3433 et
1611 3372 1976 3432 circumcisio-

388 3486 470 3541 nis
491 3526 506 3551 ,
557 3499 587 3537 a
634 3480 819 3553 Moyse
857 3492 1028 3547 usque
1073 3473 1145 3530 ad
1181 3473 1467 3529 Dominum
1493 3469 1677 3527 Iesum
1705 3467 1975 3525 Christum

389 3577 559 3648 legem
590 3582 815 3639 naturae,
843 3567 1268 3628 circumcisionis
1297 3573 1353 3621 et
1375 3565 1538 3633 legis;
1572 3575 1760 3618 omnes
1786 3560 1843 3614 hi
1862 3557 1976 3629 jam

391 3676 516 3723 tunc
540 3682 607 3721 ex
634 3662 939 3733 semetipsis
966 3658 1373 3715 fundamentum
1402 3653 1655 3711 Ecclesiae
1681 3651 1977 3707 constitue-

392 3758 537 3823 bant,
568 3757 719 3825 cujus
744 3752 1109 3809 dedicatorem
1147 3756 1205 3804 et
1244 3746 1649 3817 adimpletorem
1687 3741 1977 3798 Dominum

394 3847 774 3919 exspectabant
795 3885 811 3911 ,
861 3844 951 3914 qui
999 3841 1299 3912 compleret
1335 3836 1480 3909 quod
1518 3835 1793 3904 juraverat
1819 3848 1978 3888 servo

396 3956 491 3996 suo
522 3938 769 4003 Abrahae,
800 3935 945 4006 quod
973 3934 1026 3989 in
1047 3933 1255 3990 semine
1282 3931 1397 4001 ejus
1426 3929 1768 3985 haereditarct
1788 3940 1979 3980 omnes

397 4038 605 4101 gentes.
638 4026 738 4083 Hic
763 4026 957 4082 chorus
1004 4025 1244 4080 omnium
1283 4029 1590 4079 sanctorum
1622 4018 1735 4089 jam
1764 4017 1862 4073 Dei
1888 4015 1977 4069 Fi-

396 4120 525 4176 lium
572 4135 641 4175 ex
687 4132 782 4173 ore
828 4116 1002 4171 Patris
1046 4115 1306 4171 didicerat
1352 4120 1574 4175 natum,
1616 4119 1677 4166 ut
1702 4109 1982 4165 evidenter

394 4213 596 4269 diceret
624 4209 771 4266 Patri
796 4226 808 4262 :
854 4206 1180 4278 Principium
1202 4205 1490 4261 verborum
1519 4210 1732 4259 tuorum
1758 4188 1976 4257 veritas.

394 4304 533 4373 Quid
559 4305 737 4362 minus
780 4303 871 4359 hic
910 4316 1073 4371 quam
1117 4297 1407 4368 Evangelia
1447 4296 1757 4353 declaravit.
1811 4294 1872 4349 In
1900 4293 1983 4349 his

395 4412 527 4469 ergo
550 4398 663 4468 jam
691 4404 819 4453 tunc
845 4394 1090 4451 Christus
1115 4410 1236 4451 cum
1264 4391 1427 4447 Patre
1468 4399 1523 4447 et
1564 4389 1768 4460 Spiritu
1793 4395 1983 4445 sancto

2072 3268 2382 3325 carbonibus
2407 3269 2753 3327 desolatoriis.
2774 3269 2891 3325 Heu
2920 3271 3081 3326 mihi!
3107 3273 3227 3344 quia
3247 3270 3501 3326 incolatus
3520 3287 3667 3325 meus

2074 3366 2412 3435 prolongatus
2438 3370 2550 3417 est:
2575 3361 2803 3416 habitari
2822 3378 2938 3417 cum
2957 3360 3307 3417 habitantibus
3322 3360 3507 3426 Cedar,
3530 3362 3668 3416 mut-

2076 3461 2184 3508 tutn
2206 3453 2381 3509 incola
2408 3454 2509 3527 fuit
2532 3454 2710 3508 animo
2735 3469 2869 3507 mea.
2920 3450 3048 3506 Cum
3088 3452 3168 3506 his
3194 3452 3282 3522 qui
3319 3450 3540 3505 oderunt
3567 3467 3663 3521 pa-

2077 3561 2187 3600 cem
2222 3562 2368 3600 erant
2402 3545 2682 3615 pacificus;
2711 3558 2828 3595 cum
2853 3541 3095 3613 loquebar
3126 3541 3260 3606 illis,
3290 3538 3667 3610 impugnabant

2075 3653 2159 3693 me
2184 3637 2369 3709 gratis.

2653 3715 3064 3758 COIIE‘N‘I’ANUI
3072 3738 3084 3751 .

2149 3820 2370 3877 Cantica
2412 3815 2670 3888 graduum
2699 3814 2907 3872 cantica
2947 3811 3325 3869 ascensionum
3354 3819 3496 3866 sunt.
3554 3810 3665 3870 Vc.

2079 3914 2177 3971 luti
2205 3915 2250 3971 si
2285 3913 2441 3970 alicui
2468 3911 2562 3982 qui
2588 3910 2643 3967 in
2682 3909 2893 3967 foveam
2929 3906 3208 3973 ceciderit,
3241 3916 3473 3979 ponatur
3500 3910 3664 3972 scala.

2081 4016 2140 4061 ut
2167 4006 2291 4062 inde
2338 4002 2663 4064 ascendendi
2702 4002 2880 4072 capiat
2905 3998 3232 4057 facultatem.
3288 3998 3346 4054 In
3376 3999 3528 4055 fovea
3560 4000 3663 4053 ita-

2082 4115 2189 4170 que
2214 4098 2543 4169 captivitatis
2570 4111 2692 4152 cum
2720 4095 2951 4167 populus
2988 4091 3313 4149 lsraeliticus
3338 4092 3662 4161 devenisset,

2081 4208 2205 4248 cum
2232 4191 2579 4247 tribularetur
2603 4188 2827 4246 clamavi
2855 4188 2923 4244 ad
2952 4187 3260 4256 Dominum,
3305 4195 3359 4243 et
3385 4186 3669 4242 exauditus

2083 4292 2184 4349 est,
2213 4282 2355 4339 unde
2383 4290 2439 4339 et
2465 4283 2664 4354 plorat,
2702 4281 2887 4337 dicens
2912 4298 2925 4335 :
2957 4278 3073 4335 Heu
3097 4294 3184 4335 me
3208 4279 3221 4332 l
3249 4279 3376 4349 quia
3420 4278 3666 4348 peregri-

2084 4376 2234 4432 natio
2258 4382 2379 4432 mea
2408 4376 2565 4444 longa
2595 4374 2733 4431 facta
2762 4382 2864 4432 est.
2904 4372 2976 4431 Et
3003 4372 3234 4443 adjecit:
3268 4372 3513 4429 Habitavi
3542 4386 3668 4429 cum

396 4467 674 4557 regnabat.
725 4487 842 4543 Non
884 4488 1026 4543 enim
1071 4493 1285 4556 poterat
1330 4483 1444 4538 ﬁeri
1486 4490 1546 4537 ut
1572 4488 1833 4552 cuperent
1859 4494 1981 4536 eum
2006 4546 2056 4557 _A
2085 4470 2451 4528 habitantibus
2496 4468 2689 4525 Cedar.
2749 4467 2927 4525 Cedar
2969 4485 3109 4526 unus
3136 4485 3201 4525 ex
3231 4468 3354 4525 ﬁliis
3377 4469 3544 4525 Israel
3572 4469 3678 4525 fuit

398 4588 452 4636 et
470 4579 860 4636 conﬁterentur
880 4570 1024 4643 eum,
1048 4546 1153 4632 nisi
1173 4576 1370 4631 mentis
1391 4589 1501 4629 sua:
1516 4546 1685 4628 oculis
1712 4572 1829 4642 ejus
1855 4572 1979 4643 pul-
2006 4546 2064 4609 ν
2086 4564 2183 4633 qui
2210 4562 2442 4619 obtinuit
2488 4561 2832 4617 solitudinem
2872 4562 2928 4615 in
2956 4562 3177 4631 regione
3200 4559 3460 4627 Orientis,
3492 4576 3612 4632 quae
3637 4576 3673 4616 a

398 4672 757 4729 duritudinem
796 4671 1146 4743 aspexissent.
1197 4666 1255 4722 ln
1280 4666 1408 4738 ipsis
1433 4679 1563 4735 ergo
1596 4664 1709 4735 jam
1736 4663 1980 4719 Ecclesia

398 4762 598 4819 Christi
625 4764 701 4817 ita
728 4777 848 4833 quae
874 4768 1000 4815 sunt
1026 4760 1200 4814 futura
1229 4757 1595 4829 pmloquitur,
1626 4762 1684 4810 ut
1708 4754 1981 4825 praeterita

399 4871 655 4913 enarrare
678 4855 961 4911 videatur:
994 4851 1298 4922 Principes,
1331 4850 1532 4919 inquit,
1564 4846 1831 4920 persecuti
1857 4852 1985 4902 sunt

401 4964 489 5004 me
516 4948 685 5017 gratis
706 4985 721 5011 ,
772 4945 865 5001 sed
890 4985 906 5011 ,
954 4952 1261 5013 contempta
1291 4940 1662 5012 persecutione
1686 4953 1902 5002 eorum,
1950 4952 1985 4992 a

402 5039 578 5094 verbis
606 5039 713 5092 tuis
738 5036 1046 5092 formidavit
1080 5050 1176 5091 cor
1202 5048 1400 5090 meum.
1460 5030 1551 5087 Eis
1575 5030 1779 5087 scilicet
1805 5028 1985 5085 verbis

405 5130 598 5201 quibus
624 5128 804 5183 dixisti
830 5146 843 5181 :
877 5125 1057 5182 Nolite
1084 5128 1258 5181 timere
1272 5126 1358 5197 qui
1386 5122 1628 5179 occidunt
1655 5138 1871 5193 corpus,
1897 5119 1990 5174 sed

405 5224 619 5294 eumqui
641 5229 806 5293 potest
833 5235 1017 5291 corpus
1036 5227 1087 5272 et
1118 5219 1348 5272 animam
1374 5215 1587 5288 perdere
1622 5215 1678 5267 in
1705 5214 1990 5285 gehennam

406 5312 559 5387 (Luc.
589 5316 708 5385 xu).
762 5311 979 5368 Habens
1025 5323 1154 5379 ergo
1200 5310 1254 5365 in
1300 5309 1479 5364 verbis
1525 5306 1632 5362 tuis
1660 5306 1909 5360 timorem
1936 5310 1993 5357 et

406 5405 649 5460 laetitiam
673 5446 690 5472 ,
732 5404 871 5460 sicut
914 5404 1007 5473 qui
1053 5402 1255 5457 invenit
1298 5399 1469 5470 spolia
1495 5398 1667 5452 multa
1688 5437 1703 5463 ,
1745 5403 1991 5464 tempore

408 5513 520 5568 quo
546 5498 884 5568 iniquitatem
914 5496 1040 5552 odio
1068 5495 1250 5558 habui,
1281 5493 1335 5548 id
1362 5499 1471 5559 est,
1503 5490 1661 5546 idolis
1687 5486 1993 5543 sacriﬁcare

410 5592 749 5662 contempsi,
779 5598 836 5647 et
858 5591 1046 5646 videns
1074 5588 1407 5657 iniquitatem
1433 5624 1448 5650 ,
1491 5584 1829 5639 abominatus
1856 5594 1995 5645 sum,

2087 4654 2303 4711 deserto
2331 4651 2629 4708 Palaestina:
2654 4665 2824 4721 usque
2852 4649 2921 4704 ad
2959 4658 3133 4706 terras
3157 4648 3443 4707 Persarum
3484 4662 3676 4708 exten-

2085 4747 2252 4811 ditur,
2281 4747 2337 4801 in
2361 4760 2465 4815 qua
2492 4753 2645 4817 parte
2674 4759 2816 4801 nunc
2854 4742 3109 4799 Saraceni
3147 4744 3409 4811 habitant,
3442 4759 3674 4813 quorum

2086 4846 2245 4911 pater
2286 4835 2462 4894 Cedar
2510 4834 2649 4892 ﬁlius
2701 4835 2891 4892 lsmael
2940 4848 3059 4891 esse
3105 4836 3400 4904 reperietur
3440 4832 3675 4885 lectione

2088 4931 2382 4989 Geneseos.
2414 4929 2480 4985 Hi
2508 4930 2756 4987 odientes
2787 4944 2973 5001 pacem
3004 4940 3241 4996 eousque
3267 4912 3581 4995 probantur,
3613 4932 3675 4979 ut

2090 5037 2365 5095 nunquam
2392 5038 2515 5078 cum
2544 5030 2704 5092 gente
2734 5022 2913 5089 aliqua
2942 5016 3113 5073 fmdus
3142 5015 3356 5071 inierint
3383 5013 3561 5084 pacis,
3605 5031 3676 5074 ex

2089 5133 2199 5188 quo
2225 5117 2329 5172 orti
2356 5124 2483 5172 sunt
2510 5131 2680 5186 usque
2709 5114 2775 5169 ad
2804 5116 3122 5183 pnesentem
3147 5107 3307 5162 diem.
3341 5104 3512 5173 Quam
3543 5122 3676 5179 gen-

2092 5218 2200 5265 tem
2226 5222 2327 5278 ego
2355 5208 2685 5265 daemonibus
2722 5213 3059 5272 comparans,
3091 5196 3161 5252 ad
3186 5211 3364 5253 meum
3401 5199 3680 5270 captivum

2092 5300 2290 5358 accedo
2314 5318 2328 5353 :
2360 5299 2677 5370 fugiensque
2703 5308 2883 5350 moras
2916 5292 3190 5348 historicas
3216 5292 3542 5348 narrationis
3564 5334 3579 5360 ,
3627 5294 3678 5348 ei

2093 5394 2185 5464 qui
2212 5392 2405 5448 cecidit
2451 5392 2503 5445 in
2549 5385 2755 5458 peccati
2785 5382 2996 5439 foveam
3025 5384 3185 5440 istum
3212 5384 3476 5455 psalmum
3504 5397 3678 5455 expo-

2096 5502 2196 5552 no;
2224 5485 2347 5541 dico
2374 5483 2463 5538 ei:
2508 5480 2822 5544 Tribulare,
2871 5478 2998 5548 quia
3044 5478 3184 5534 male
3228 5477 3437 5533 laetatus
3465 5490 3543 5531 es.
3611 5474 3678 5531 Et

2099 5591 2221 5649 cum
2276 5573 2617 5628 tribulantem
2663 5576 2716 5623 te
2763 5566 2951 5626 fecerit
2996 5568 3310 5639 paenitentia
3336 5606 3351 5632 ,
3400 5567 3572 5621 clama
3611 5564 3681 5619 ad
3735 5633 3753 5652 .

408 5682 488 5739 ita
516 5691 577 5740 ut
900 5682 1124 5738 diversis
1150 5651 1451 5736 maceratus
1480 5674 1817 5732 excederem.
1849 5671 2001 5727 Tunc
2101 5666 2405 5730 Dominum,
2437 5661 2662 5717 credens
2690 5661 2833 5731 quod
2854 5668 2908 5716 te
2937 5660 3221 5725 exaudiat;
3252 5658 3339 5714 dic
3366 5656 3416 5711 ei
3440 5671 3453 5706 :
3487 5651 3681 5712 Libera

378 5822 381 5825 ι
408 5776 603 5848 utique
626 5775 831 5848 septies
855 5775 912 5830 in
940 5773 1027 5829 die
1045 5772 1254 5828 laudem
1275 5768 1646 5833 dixitibi,cum
1667 5765 1723 5823 in
1747 5764 2000 5836 septifor-

701 5871 977 5932 Ρηιοι..
1018 5865 1177 5930 LIII.

2104 5758 2337 5813 animam
2382 5768 2558 5810 meam
2587 5767 2618 5809 a
2647 5752 2803 5809 labiis
2844 5750 3068 5822 iniquis,
3099 5757 3155 5806 et
3203 5763 3233 5802 a
3262 5748 3443 5816 lingua
3468 5741 3678 5802 dolosa.

3319 5839 3393 5901 17
