4244 6258
570 362 676 421 585

1901 348 2176 406 ARNOBII
2211 348 2513 408 IUNIORIS

3736 358 3840 415 524

561 472 767 533 'Dicunt
791 473 843 528 ei
871 472 1140 526 daemones
1166 484 1178 518 :
1209 464 1418 519 Etcum
1447 464 1501 517 in
1522 463 1706 519 cloaca
1726 459 2015 531 dejecerim
2036 475 2158 530 pec-
2182 462 2234 520 Α
2261 460 2372 514 niet
2400 459 2496 515 tibi
2524 462 2778 516 auxilium
2807 474 2839 514 a
2879 458 3127 525 Domino,
3170 459 3263 530 qui
3290 459 3417 514 fecit
3440 460 3633 515 coelum
3653 472 3709 517 et
3736 472 3843 519 ter-

572 576 811 623 catorem
835 603 849 628 ,
899 557 1113 614 interim
1156 553 1318 609 modo
1362 548 1576 608 diil‘erto
1622 548 1945 618 clamorem,
1991 550 2161 606 restat

574 657 670 711 tibi
700 663 909 722 tempus
955 664 1062 717 quo
1107 646 1281 716 possis
1326 642 1635 700 ascendere.
1685 632 1798 699 Hos
1823 641 2051 712 'po'pulo's
2079 639 2160 695 id-

573 748 721 815 circo
749 742 1033 805 seminant,
1066 746 1125 793 ut
1150 738 1241 807 qui
1270 753 1364 792 eos
1406 734 1666 800 audierit,
1699 730 1825 789 dum
1854 738 2037 805 sperat
2064 736 2159 788 ex-

572 837 758 908 spiret.
816 822 914 886 His
954 824 1107 885 labiis
1145 826 1347 883 dolosis
1370 835 1423 882 et
1449 825 1577 881 huic
1598 825 1791 895 lingua:
1822 823 2159 893 nequissimm

575 941 816 1001 praepara
863 925 1085 993 sagittas
1119 928 1367 993 potentes
1390 962 1405 987 ,
1448 917 1781 1006 orationibus
1806 918 2155 985 temperatas,

574 1031 629 1078 et
648 1008 871 1092 jejuni‘is
913 1025 1098 1072 acutas
1122 1058 1135 1082 ,
1167 1030 1290 1070 cum
1320 1011 1642 1068 carbonibus
1669 1004 1855 1064 divino
1881 1004 2007 1077 igne
2035 1014 2157 1063 suc-

573 1102 765 1170 censis.
799 1104 1023 1182 Applica
1055 1117 1108 1163 te
1137 1100 1203 1162 ad
1218 1094 1451 1176 'gradum
1476 1111 1533 1159 et
1563 1106 1705 1175 pone
1728 1102 2074 1182 'ascensiones
2098 1100 2157 1154 in

573 1178 869 1268 cordetuo,
886 1178 949 1254 *ιι
991 1190 1235 1255 convalle
1281 1195 1436 1251 ﬂetus
1477 1193 1544 1249 ad
1573 1192 1809 1249 mo’n’tem
1832 1178 2048 1259 ‘rel’ugii.
2088 1186 2157 1244 Et

574 1312 684 1351 non
727 1283 901 1350 solum
937 1288 1001 1346 ‘tu
1048 1290 1161 1361 ipse
1206 1304 1385 1342 moras
1431 1302 1540 1341 non
1562 1284 1826 1349 innectas,
1858 1280 1953 1337 sed
1981 1281 2156 1336 illatas

572 1386 838 1455 excogita.
880 1382 949 1437 Et
974 1372 1141 1437 ﬂebili
1167 1385 1302 1434 voce
1332 1388 1384 1433 te
1413 1375 1681 1434 moratum
1708 1377 1763 1430 in
1801 1375 2037 1445 peccatis
2073 1373 2155 1427 in-

574 1486 657 1532 ter
682 1475 910 1544 Sitspiria
936 1472 1247 1541 ingemisce.
1268 1458 1390 1525 lieu-
1411 1458 1526 1524 ιιιθὶ
1561 1469 1687 1537 quia
1714 1466 1910 1522 incolat
1921 1474 1982 1520 ds
1998 1468 2155 1520 meus

572 1566 917 1640 prolonga'tus
961 1572 1045 1619 est
1070 1582 1083 1617 :
1113 1550 1350 1617 habitavi
1402 1576 1523 1617 cum
1564 1550 1933 1614 habitantibus
1956 1553 2149 1611 Cedar.

573 1654 705 1717 Cum
730 1654 816 1714 his
840 1654 1081 1712 habitavi
1108 1656 1199 1725 qui
1227 1653 1357 1708 mihi
1386 1662 1508 1708 cum
1544 1653 1710 1707 verbo
1750 1650 1847 1705 Dei
1872 1665 1939 1705 ne
1966 1662 2154 1719 pacem

572 1754 806 1809 facerem
826 1746 1221 1821 persuadebant
1248 1788 1262 1813 ,
1295 1745 1367 1800 ibi
1394 1745 1620 1807 multum
1648 1742 1821 1797 incola
1849 1739 1949 1795 fuit
1976 1741 2153 1794 anima

2259 566 2402 618 ram;
2446 559 2505 606 tu
2551 554 2760 606 tantum
2804 562 2913 605 non
2943 549 3038 604 de's
3080 549 3138 603 in
3186 551 3607 605 commotionem
3648 548 3844 622 pedem

2259 650 2410 699 tuum
2432 686 2448 712 ,
2483 644 2536 699 id
2565 651 2648 699 est
2669 684 2684 709 ,
2737 654 2845 698 non
2882 642 3012 698 volo
3056 644 3166 696 non
3203 630 3533 698 ascendendi
3560 644 3844 700 consilium

2258 755 2467 806 sumas,
2499 738 2595 795 sed
2636 726 3016 794 incunctanter
3042 724 3292 797 ascende.
3343 726 3483 803 Quia
3510 740 3621 793 non
3643 732 3845 793 det-mit

2258 830 2349 899 qui
2382 830 2622 887 custodit
2651 836 2725 885 te.
2765 827 2887 900 Ipse
2913 828 3074 884 etiam
3106 829 3378 899 'protectio
3408 835 3499 885 tua
3541 830 3645 886 erit
3680 834 3845 901 super

2258 935 2477 975 manum
2504 916 2780 976 dexteram
2812 926 2986 987 tuam,
3019 918 3073 974 id
3099 918 3201 983 est,
3228 911 3472 989 porriget
3500 920 3597 975 tibi
3621 924 3842 975 m‘anmn

2260 1008 2551 1067 ascendere
2592 1000 2860 1082 cupienti,
2908 1006 3183 1080 p‘rtestabit
3228 999 3329 1064 tibi
3373 1010 3452 1065 tit
3472 998 3582 1064 non
3609 1010 3782 1064 hr'ai'i‘s
3806 1016 3840 1065 'a

2259 1102 2375 1158 sole
2400 1106 2499 1174 per
2524 1102 2667 1158 diem
2690 1142 2706 1169 ,
2748 1098 3030 1173 praestabit
3073 1101 3172 1156 tibi
3216 1100 3278 1157 ut
3323 1102 3413 1157 lux
3454 1092 3587 1160 Solis
3602 1108 3715 1158 non
3740 1100 3840 1158 tibi

2258 1182 2703 1263 concupiscentiae
2722 1192 2900 1262 ignem
2921 1192 3174 1262 e’xa‘gite't,
3200 1196 3382 1263 neque
3596 1192 3836 1249 stimulo.

2258 1279 2315 1337 Si
2343 1283 2485 1338 enim
2514 1286 2582 1337 ex
2609 1282 2788 1337 animo
2812 1281 2885 1338 ‘ad
2904 1278 3161 1338 auxilium
3187 1274 3284 1339 Diei
3304 1275 3694 1347 convolaveris,
3723 1279 3841 1354 ipso

2257 1368 2492 1427 custodit
2529 1378 2585 1427 te
2614 1371 2683 1426 ab
2706 1372 2857 1427 omni
2883 1371 3027 1431 maio
3044 1411 3058 1436 ,
3103 1375 3159 1428 'et
3185 1380 3380 1443 corpus
3405 1378 3555 1429 tanta
3581 1368 3837 1439 custodit,

2258 1460 2494 1520 custodit
2522 1463 2684 1519 etiam
2710 1470 2766 1518 et
2791 1463 3024 1518 animam
3045 1466 3191 1518 tuam
3211 1460 3483 1520 ﬂaminum
3511 1460 3632 1534 Ipse
3648 1466 3839 1519 casto-'-

2257 1554 2336 1610 dit
2363 1554 2640 1610 introitum
2664 1560 2819 1609 tuum
2844 1548 2913 1607 ad
2941 1554 3311 1625 paenitentiam
3326 1596 3341 1622 ,
3374 1560 3437 1625 et
3456 1554 3656 1609 exitum
3680 1562 3835 1608 tuum

2257 1646 2326 1701 de
2354 1654 2583 1715 corpOre
2630 1660 2699 1700 ex
2740 1644 2847 1701 hoc
2868 1687 2883 1712 ,
2930 1644 2984 1699 id
3015 1650 3129 1712 est,
3170 1650 3242 1701 ex
3264 1634 3482 1701 hocdle
3509 1648 3617 1716 quo
3640 1652 3710 1699 ex
3728 1644 3839 1699 bdo

2257 1734 2607 1792 converteris.
2688 1735 2808 1805 ipse
2840 1735 2952 1805 jam
2996 1735 3238 1791 custodit
3286 1742 3340 1790 te
3384 1734 3645 1791 Dominis
3679 1731 3841 1790 deus

572 1861 711 1901 mea.
742 1840 890 1898 Bene
916 1841 1095 1913 posuit
1122 1840 1374 1895 animam.
1415 1830 1556 1893 Caro
1584 1836 1725 1892 enim
1753 1835 1880 1906 quia
1911 1824 1979 1889 de
2006 1840 2151 1888 terra
2180 1825 2230 1886 Β
2253 1824 2516 1893 Christus,
2538 1827 2637 1895 qui
2662 1832 2853 1895 regnat
2878 1825 2934 1879 in
2955 1824 3151 1881 saecula
3179 1824 3517 1881 simulam.
3549 1826 3740 1881 Amen.

572 1943 673 2003 est,
700 1934 1004 2002 ubicunque
1030 1930 1222 1995 fuerit,
1264 1929 1317 1984 in
1349 1935 1493 1983 terra
1520 1936 1615 1982 sua
1644 1926 1744 1981 est.
1804 1920 1918 1994 Ego
1942 1928 2147 1988 tamen,

574 2030 700 2085 licet
728 2043 850 2085 cum
877 2026 962 2082 his
989 2025 1082 2099 qui
1120 2023 1346 2080 oderant
1390 2037 1577 2093 pacem
1609 2022 1959 2077 consisterem
1982 2060 1996 2086 ,
2029 2033 2153 2073 cum

573 2118 739 2177 verbo
784 2122 966 2175 tamen
1006 2110 1106 2172 Dei
1151 2130 1299 2170 eram
1327 2112 1598 2185 paciﬁcus.
1638 2102 1855 2169 Etcum
1896 2108 2155 2181 loquebar

573 2208 695 2279 illis,
740 2209 886 2280 quod
925 2206 1117 2265 vellem
1163 2205 1229 2261 ad
1257 2198 1479 2275 gradum
1522 2203 1848 2261 asCensionis
1874 2192 2152 2268 accedere,

570 2288 648 2358 illi
693 2292 1073 2372 expugnabant
1108 2304 1196 2352 m‘e
1241 2298 1426 2366 gratis.
1475 2294 1599 2351 Mox
1647 2295 1789 2350 enim
1832 2300 1894 2347 ‘ut
1933 2291 2156 2362 cocperit

573 2402 823 2467 peceator
849 2394 918 2449 ad
946 2388 1320 2464 pmnitentiam
1344 2389 1633 2447 eonvolare
1650 2430 1664 2455 ,
1697 2390 1751 2443 et
1778 2403 1807 2442 a
1837 2385 1989 2442 fo‘vea
2004 2392 2155 2440 ‘mor-

496 2530 504 2539 .
573 2491 640 2547 tis
661 2486 736 2546 ad
763 2482 884 2546 vita:
911 2506 1155 2561 superna:
1195 2496 1432 2545 montem
1459 2485 1821 2543 conscendere
1839 2524 1852 2549 ,
1885 2484 2159 2552 expugna-

574 2582 747 2637 tiones
792 2581 1093 2635 daemonum
1141 2579 1285 2648 quod
1334 2567 1404 2633 sit
1449 2581 1742 2648 pasSnrus,
1788 2578 2082 2644 agnoscat,
2113 2570 2160 2626 si

573 2672 743 2727 credit
771 2671 873 2727 sibi
892 2685 1020 2726 vere
1048 2686 1079 2724 a
1106 2671 1202 2725 Dei
1222 2668 1485 2741 sapientia
1507 2658 1708 2723 dictum
1735 2686 1747 2720 :
1780 2663 1907 2720 Cum
1934 2672 2161 2719 accesse-

573 2765 648 2822 ris
675 2762 746 2817 ad
764 2765 1055 2818 servitutem
1069 2761 1185 2826 Dei,
1209 2764 1293 2816 sta
1312 2762 1367 2815 in
1383 2761 1565 2816 imm
1584 2768 1637 2814 et
1652 2768 1871 2814 tremore
1890 2752 2156 2831 [justitia],

573 2862 624 2906 et
662 2869 902 2924 praepara
942 2854 1172 2907 animam
1212 2861 1353 2906 tuam
1402 2851 1472 2905 ad
1501 2852 1837 2905 tentationem
1877 2847 2042 2920 (Eccl.
2075 2846 2156 2916 ιι).

574 2942 729 3010 Quod
756 2942 932 2997 sciens
959 2942 1235 3006 Dominus,
1262 2942 1314 2996 in
1343 2957 1408 2997 eo
1437 2954 1742 2996 sermonem
1769 2946 2011 2993 nostrum
2037 2950 2161 2991 ora-

576 3024 736 3088 tionis
762 3041 961 3088 nostra:
988 3020 1220 3099 inclusit,
1245 3041 1303 3087 ut
1329 3022 1622 3087 clamemus
1652 3050 1665 3083 :
1699 3016 1782 3086 Ne
1808 3033 1903 3084 nos
1931 3024 2161 3100 patiatur

574 3117 751 3177 induci
778 3112 834 3177 in
872 3126 1219 3191 tentationem,
1250 3123 1341 3178 sed
1367 3114 1548 3177 liberet
1573 3139 1665 3177 nos
1707 3139 1738 3174 a
1776 3110 1914 3175 malo
1939 3106 2153 3192 (Matth.

579 3210 675 3284 Vl),
703 3202 797 3283 qui
822 3210 1013 3283 regnat
1040 3213 1095 3268 in
1123 3202 1317 3268 saecula
1338 3212 1675 3266 saeculorum.
1708 3206 1896 3263 Amen.

1096 3340 1420 3400 PSALMUS
1450 3341 1621 3397 CXX.

1069 3459 1351 3516 Canticum
1372 3458 1639 3528 πωπω

649 3595 836 3656 Levavi
864 3595 1038 3660 oculos
1068 3611 1206 3650 meos
1224 3596 1281 3649 in
1301 3602 1498 3649 montes
1517 3633 1532 3659 ,
1562 3578 1700 3644 unde
1725 3583 1885 3644 veniet
1907 3588 2157 3642 auxilium

575 3694 722 3750 mihi.
770 3683 1036 3746 Auxilium
1081 3704 1249 3743 meum
1290 3704 1323 3741 a
1370 3684 1614 3751 Domino,
1647 3670 1733 3757 qui
1762 3683 1880 3755 fecit
1905 3670 2082 3738 calum
2107 3688 2158 3734 et

577 3794 787 3840 terram.
821 3778 946 3837 Non
965 3780 1051 3835 det
1075 3782 1133 3835 in
1159 3778 1550 3834 commotionem
1577 3773 1756 3847 pedem
1787 3783 1924 3827 tuum
1944 3820 1957 3838 ,
1997 3784 2158 3843 neque

575 3874 815 3932 dormitet
850 3872 937 3945 qui
965 3869 1186 3927 custodit
1223 3878 1287 3924 te.
1345 3866 1483 3923 Ecce
1523 3883 1627 3921 non
1656 3864 1952 3919 dormitabit
1998 3878 2158 3933 neque

578 3964 794 4023 dormiet
819 3964 905 4037 qui
931 3962 1151 4018 custodit
1178 3948 1367 4015 Israel.
1412 3948 1667 4014 Dominus
1695 3955 1913 4008 custodit
1935 3964 2010 4019 te,
2042 3948 2155 4006 Do-

574 4061 744 4115 minus
764 4056 1012 4130 protectio
1036 4066 1145 4121 tua,
1170 4068 1323 4124 super
1348 4064 1558 4104 manum
1580 4047 1841 4102 dexteram
1871 4053 2027 4098 tuam.
2046 4041 2158 4097 ‘Per

576 4153 713 4208 diem
737 4150 815 4207 sol
843 4163 948 4206 non
971 4155 1084 4203 uret
1100 4156 1172 4213 te,
1197 4159 1360 4215 neque
1391 4143 1517 4197 luna
1542 4156 1632 4211 per
1655 4146 1872 4192 noctem.
1905 4134 2157 4219 Dominus

578 4240 796 4298 custodit
817 4250 865 4295 te
891 4238 954 4294 ab
982 4237 1122 4292 omni
1149 4224 1310 4319 malo,
1337 4224 1594 4286 custodiat
1622 4229 1848 4282 animam
1874 4234 2011 4279 tuam
2047 4221 2157 4279 Do-

580 4335 771 4389 minus.
796 4327 1048 4386 Dominus
1089 4312 1349 4381 custodiat
1382 4312 1649 4377 introitum
1698 4328 1836 4372 tuum
1874 4326 1924 4374 et
1965 4318 2156 4371 exitum

580 4432 741 4491 tuum,
770 4438 837 4479 ea:
865 4422 961 4478 hoc
987 4435 1124 4475 nunc
1143 4427 1193 4472 et
1218 4432 1379 4489 usque
1403 4415 1459 4469 in
1482 4411 1742 4469 saxulum.

1138 4553 1570 4608 amarissima.
2177 4559 2234 4623 ι)

649 4685 940 4745 (Ξειιιεείιιιί
984 4685 1222 4742 vicesimi
1268 4674 1458 4756 psalmi
1499 4688 1751 4741 ascensus
1792 4692 1941 4756 patet
1968 4703 1979 4737 :
2004 4672 2183 4742 ‘Le‘va

578 4781 765 4838 oculos
789 4788 909 4835 tuos
937 4777 1005 4833 ad
1032 4784 1260 4832 montes.
1292 4774 1429 4843 Quid
1453 4775 1678 4832 moraris
1704 4777 1760 4831 in
1785 4764 2155 4832 convallibus?

576 4862 751 4930 Crede
772 4871 903 4942 ‘quia
931 4870 977 4925 si
1001 4869 1265 4925 levaveris
1292 4869 1476 4925 oculos
1504 4870 1626 4925 tuos
1659 4868 1726 4925 ad
1752 4874 1964 4926 mentes
1980 4909 1996 4937 ,
2023 4874 2152 4926 e‘v'a-

575 4965 671 5021 des
710 4971 942 5020 mortem
987 4968 1044 5018 et
1089 4961 1253 5016 vitam
1273 4961 1532 5017 invenies.
1584 4958 1641 5017 Si
1678 4958 1863 5018 tamen
1890 4961 2153 5019 levaveris

578 5057 763 5112 oculos
790 5066 913 5113 tuos
941 5055 1009 5111 ad
1043 5062 1287 5122 montes,
1336 5056 1391 5110 e't
1416 5053 1597 5110 tuleris
1624 5062 1719 5112 eos
1761 5060 1793 5110 a
1819 5055 2153 5126 coiitempla-

574 5146 726 5202 tione
751 5151 938 5204 eorum
981 5146 1048 5202 de
1075 5140 1268 5215 quibus
1294 5145 1494 5201 dictum
1522 5142 1641 5201 es't:
1670 5144 1864 5201 Oculos
1891 5152 2010 5202 iuo‘s
2047 5154 2152 5200 sta-

576 5224 779 5287 tuei’tm‘t
811 5236 1071 5289 declinare
1095 5237 1151 5289 in
1181 5240 1371 5290 terram
1400 5235 1515 5307 (Ps.
1548 5234 1688 5306 x‘v'i),
1722 5234 1774 5291 id
1805 5238 1918 5303 est,
1948 5238 2151 5292 statue-

576 5320 704 5396 runt
745 5322 994 5380 deorsum
1036 5328 1252 5383 terrena
1298 5327 1573 5398 despicere
1595 5367 1611 5395 ,
1659 5335 1856 5383 terram
1893 5316 2145 5397 deligere.

574 5410 740 5466 Nobis
788 5414 966 5468 autem
1006 5416 1203 5472 clathat
1248 5416 1574 5487 Apostolus:
1621 5412 1749 5482 Eme
1792 5424 1994 5472 sursum
2032 5426 2150 5473 sunt

574 5507 804 5577 quierite,
827 5508 940 5580 quae
980 5514 1183 5564 sarium
1219 5516 1528 5589 sunt‘sapite
1555 5514 1774 5588 (Colbss.
1807 5499 1905 5584 ul).
1966 5511 2034 5567 Et
2062 5524 2149 5568 sa-

575 5590 861 5651 cerdotalis
888 5602 991 5652 vox
1031 5594 1096 5651 ad
1116 5600 1465 5669 percipienda
1502 5604 1761 5677 mysteria
1792 5596 1946 5659 nobis
1973 5606 2149 5659 Omni-

490 5717 502 5729 ι
574 5689 676 5744 bus
703 5687 898 5744 clamat
927 5707 937 5742 :
967 5686 1193 5746 Sursum
1222 5705 1333 5746 cor.
1366 5680 1485 5750 Noli
1514 5709 1641 5764 ergo
1663 5696 1877 5764 timere,
1918 5705 2023 5751 non
2042 5697 2152 5751 tuis

577 5774 776 5835 viribus
821 5778 1237 5854 derelin'queris,
1286 5782 1331 5839 si
1371 5778 1659 5842 ascendere
1688 5786 2027 5859 cogitaveris,
2061 5803 2150 5846 ve-

2184 3184 2233 3248 C

2772 1982 3091 2040 PSALMUS
3127 1981 3314 2038 CXXI.

2751 2093 3038 2151 Canticum
3062 2096 3351 2164 graduum.

2328 2229 2559 2286 Ltztatus
2594 2244 2708 2284 sum
2745 2228 2800 2281 in
2838 2228 2919 2282 his
2942 2243 3056 2299 qme
3075 2227 3215 2281 dicta
3242 2236 3362 2282 sunt
3380 2226 3526 2293 mihi,
3549 2227 3607 2281 in
3633 2216 3839 2283 domum

2258 2320 2471 2376 Domini
2499 2321 2700 2375 ibimus.
2752 2317 2965 2375 Stantes
3003 2328 3154 2372 erant
3199 2319 3352 2389 pedes
3393 2320 3575 2386 nostri,
3609 2313 3664 2373 in
3693 2320 3839 2373 atriis

2259 2414 2391 2478 tuis,
2420 2411 2730 2466 Jerusalem.
2760 2409 3051 2465 Jerusalem
3078 2426 3191 2484 quae
3229 2409 3521 2482 wdiﬁcatur
3545 2408 3602 2464 ut
3637 2411 3836 2476 ciuitas,

2257 2504 2401 2577 cujus
2424 2505 2752 2577 participatio
2771 2504 2884 2576 ejus
2910 2504 2967 2557 in
2992 2503 3237 2575 idipsum.
3287 2500 3408 2558 Illic
3434 2492 3571 2558 enim
3598 2503 3841 2557 ascende-

2257 2603 2379 2649 runt
2401 2595 2579 2660 tribus,
2600 2593 2760 2649 tribus
2786 2582 3017 2659 Domini,
3043 2594 3385 2649 testimonium
3407 2584 3577 2648 Israel
3596 2584 3665 2647 ad
3684 2583 3841 2663 confi-

2260 2686 2468 2742 tendum
2495 2674 2691 2740 nomini
2726 2671 2959 2740 Domini.
3006 2676 3142 2750 Quia
3178 2674 3288 2738 illic
3325 2684 3567 2739 sederunt
3612 2684 3758 2739 sedes
3784 2685 3841 2737 in

2251 2778 2473 2851 judicio,
2496 2778 2643 2835 sedes
2671 2793 2823 2850 super
2843 2773 3049 2833 domum
3078 2763 3267 2832 David.
3300 2776 3495 2851 Rogate
3514 2796 3629 2851 quae
3660 2778 3730 2831 ad
3747 2796 3841 2850 pa-

2259 2885 2366 2949 cem
2412 2878 2533 2924 sunt
2574 2856 2901 2936 Jerusalem,
2950 2877 3000 2923 et
3038 2864 3358 2923 abundantia
3400 2858 3729 2941 diligentibus
3767 2868 3835 2922 'te.

2260 2958 2389 3014 Fiat
2407 2977 2516 3031 pato
2540 2962 2596 3015 in
2624 2962 2806 3016 virtute
2828 2969 2933 3026 tua,
2974 2956 3023 3014 et
3044 2952 3366 3015 abundantia
3386 2962 3449 3015 'in
3473 2958 3694 3014 turribus
3716 2960 3835 3013 tuis.

2259 3050 2483 3124 Propter
2502 3054 2690 3125 fratres
2718 3069 2858 3109 meos
2884 3059 2935 3107 et
2972 3044 3234 3125 proximos
3271 3062 3409 3108 meas
3434 3091 3451 3117 ,
3480 3040 3719 3125 loquebai'
3746 3056 3840 3121 pa-

2261 3158 2370 3198 cem
2398 3141 2462 3197 de
2488 3152 2554 3199 te.
2585 3136 2808 3215 Propter
2828 3138 3034 3199 domum
3053 3139 3265 3198 Domini
3286 3136 3386 3198 Dei
3406 3144 3600 3210 nostri,
3634 3143 3839 3214 quaeat

2262 3222 2399 3287 bona
2427 3226 2535 3287 tibi.

2831 3306 3264 3360 concursatum.

2332 3410 2638 3473 Secundum
2665 3418 2888 3489 gradum
2929 3408 3249 3485 ascendisti,
3282 3417 3477 3474 accede
3506 3416 3573 3472 ad
3602 3404 3836 3473 tertium.

2261 3507 2410 3565 Bona
2441 3509 2535 3565 tibi
2563 3509 2617 3564 in
2646 3509 2749 3566 isto
2786 3508 2955 3579 gradu
2984 3508 3245 3582 promissa
3274 3510 3421 3576 sunt,
3445 3507 3491 3563 si
3519 3496 3721 3573 credis;
3750 3522 3837 3561 sn-

2261 3617 2350 3657 me
2364 3594 2632 3672 psalmum
2679 3609 2734 3656 et
2773 3602 3015 3672 exprime
3062 3602 3351 3657 can'ticdm.
3392 3598 3621 3655 Tunc‘te
3647 3600 3838 3654 scimhs

2263 3680 2584 3758 credidisse,
2628 3693 2679 3748 si‘
2703 3693 2911 3748 laetatus
2955 3691 3121 3748 fueris
3166 3692 3222 3747 in
3264 3692 3349 3747 his
3393 3698 3513 3761 qua:
3553 3684 3692 3746 dicta
3720 3694 3839 3745 sunt

2260 3785 2376 3840 tibi.
2408 3774 2476 3838 Et
2516 3785 2824 3853 relinquens
2870 3784 3336 3840 conversationem
3380 3782 3745 3854 peceantinm,
3780 3781 3838 3835 in

2258 3868 2477 3933 domum
2507 3875 2719 3930 Domini
2746 3868 2871 3931 ieris
2891 3916 2907 3943 ,
2937 3877 2995 3932 et
3019 3874 3093 3931 ibi
3120 3880 3324 3931 stantes
3352 3862 3549 3928 fuerint
3577 3860 3738 3943 pedes
3758 3870 3838 3925 tui

2258 3967 2314 4021 in
2343 3966 2491 4020 atriis
2518 3952 2811 4020 ierusalem
2835 4006 2851 4032 ,
2900 3966 2993 4022 ubi
3019 3964 3304 4022 aediﬁcatio
3333 3965 3389 4020 in
3420 3965 3587 4019 muris
3611 3962 3839 4018 civitatis

2259 4052 2451 4112 futura:
2479 4058 2790 4113 exstruitur.
2840 4056 2922 4113 Ad
2960 4062 3121 4129 quam
3161 4041 3710 4117 ascendemntlribirs
3730 4054 3838 4109 Do-

2259 4148 2388 4202 mini
2418 4148 2469 4203 in
2503 4148 2864 4204 testimonium
2888 4142 3075 4205 Israel.
3098 4138 3293 4205 Tribus
3316 4142 3527 4203 Domini
3556 4136 3838 4202 dilodccim

2260 4240 2488 4311 apostoli
2536 4250 2951 4311 cognoscuntur,
2991 4243 3085 4313 qui
3111 4242 3320 4313 priores
3359 4230 3713 4297 ascenderunt
3738 4236 3837 4293 hos

2258 4339 2474 4387 montes
2501 4330 2566 4386 ad
2594 4332 2957 4388 conﬁtendum
2996 4333 3199 4388 nomini
3222 4332 3436 4387 Domini
3463 4329 3590 4386 Iesu
3610 4320 3832 4395 Christi,

2262 4430 2317 4477 et
2339 4414 2410 4477 ibi
2439 4414 2693 4479 sederunt
2720 4424 2875 4480 sedes
2898 4426 2956 4480 in
2972 4412 3180 4494 iudieio
3198 4465 3211 4489 ,
3244 4422 3398 4480 Sedes
3431 4428 3593 4495 super
3612 4420 3831 4478 domum

2261 4508 2448 4570 David.
2500 4504 2772 4586 Rogantes
2799 4520 2918 4587 quae
2955 4515 3022 4570 ad
3049 4520 3233 4587 pacem
3276 4520 3400 4571 sunt
3435 4504 3747 4581 ierusaiem,
3774 4512 3835 4569 'e't
3910 4572 3919 4578 ,

2260 4604 2583 4663 abundantia
2612 4598 2955 4679 diligentibus
2979 4614 3033 4663 te
3049 4648 3065 4676 ,
3088 4600 3145 4663 id
3172 4608 3281 4675 est,
3315 4607 3655 4677 diligentibus
3682 4594 3835 4660 Jeru-

2261 4700 2446 4756 salem.
2494 4701 2575 4757 Ibi
2619 4702 2761 4758 enim
2797 4697 3112 4756 conﬁrmata
3151 4708 3232 4756 est
3258 4706 3364 4771 pax
3389 4694 3606 4766 Christi,
3638 4708 3752 4769 quat
3780 4697 3834 4751 in

2264 4796 2379 4851 tcto
2406 4793 2607 4850 mundo
2634 4790 2823 4849 diffusa
2853 4798 2955 4850 est.
3006 4786 3084 4848 lbi
3131 4794 3208 4850 (eis
3253 4792 3455 4848 dictum
3492 4798 3612 4846 esti
3646 4784 3835 4845 Pacem

2260 4901 2428 4939 meam
2457 4884 2522 4939 do
2551 4883 2687 4940 vobis
2731 4874 2927 4956 (Joan.
2958 4884 3109 4957 XIV);
3140 4883 3238 4953 ipsi
3273 4882 3476 4938 civitati
3503 4880 3631 4938 dicit
3653 4872 3837 4936 Domi-

2264 4980 2364 5029 nus
2390 4973 2542 5029 Jesus
2583 4973 2826 5029 Christus
2853 4993 2865 5028 :
2916 4971 3143 5045 Propter
3165 4972 3360 5029 fratres
3388 4978 3544 5028 meos
3572 4972 3626 5030 et
3648 4971 3836 5043 proxi-

2261 5067 2380 5120 inos
2403 5070 2553 5120 meos
2578 5083 2589 5118 :
2632 5060 2732 5130 Qui
2758 5074 2876 5120 sunt
2901 5065 3093 5137 fratres
3117 5102 3131 5127 ,
3165 5064 3378 5135 inquit,
3411 5065 3513 5119 mei
3543 5050 3691 5135 (ius.
3722 5058 3836 5132 vm)

2262 5154 2317 5209 et
2342 5155 2573 5225 prbximi
2597 5155 2727 5219 mei,
2762 5144 2860 5210 nisi
2886 5155 2995 5222 isti,
3025 5144 3216 5224 inquit,
3244 5146 3335 5225 qui
3360 5150 3562 5210 faciunt
3584 5153 3835 5209 Volunta-

2257 5240 2370 5299 tem
2396 5242 2571 5300 Patris
2596 5244 2736 5300 m'ei?
2754 5228 2992 5314 Propter
3016 5246 3161 5316 ipsos
3188 5250 3317 5314 ergo
3343 5244 3537 5315 loquor
3552 5252 3741 5314 pacem
3771 5240 3839 5297 de

2256 5334 2343 5400 te;
2375 5336 2681 5408 promittam
2710 5339 2763 5392 in
2792 5338 2960 5405 caelis,
2984 5337 3075 5392 ubi
3101 5342 3228 5393 iere
3246 5328 3602 5391 πδεηδενιςω
3628 5330 3834 5396 Civitas,

2258 5426 2571 5500 promittam
2598 5430 2741 5499 quod
2764 5431 2834 5485 sit
2860 5430 2989 5484 mihi
3018 5422 3359 5501 participatio
3383 5429 3443 5484 ib
3468 5429 3723 5499 idipsmn.
3770 5416 3839 5487 Et

2255 5524 2468 5573 meeum
2510 5520 2562 5572 in
2594 5524 2657 5573 ea
2680 5519 2986 5587 regnabant
3014 5508 3206 5575 i‘r‘a’t‘res
3234 5521 3339 5575 mei
3369 5524 3422 5574 et
3447 5520 3681 5590 proximi
3704 5508 3836 5572 moi.

2257 5609 2486 5681 Propter
2525 5602 2741 5665 domum
2789 5611 2988 5666 etenim
3036 5608 3133 5666 Dei
3160 5612 3263 5666 mei
3291 5606 3513 5681 qumsiVi
3546 5604 3647 5665 illi
3670 5608 3835 5674 bona,

2248 5703 2399 5757 bona
2447 5706 2680 5767 (eterna,
2731 5709 2791 5757 ut
2819 5702 2962 5758 cives
3000 5701 3077 5758 tui
3102 5710 3282 5758 tecum
3304 5712 3419 5759 nan
3444 5696 3836 5774 temper-aliter.

2260 5790 2755 5865 sed'pci‘petualiter
2782 5798 3024 5863 regnent.
3064 5788 3174 5866 ipsi
3200 5792 3370 5867 simia
3392 5794 3491 5864 qui
3518 5794 3628 5852 ulta
3656 5800 3835 5848 morm
