4244 6258
469 382 575 437 525
1379 379 1844 438 COMMENTAM
1871 378 1948 434 tu
1979 366 2322 436 rsamos.‘
2353 380 2544 436 PSAL.
2587 380 2811 437 cxxw.
3590 404 3594 410 -
3627 383 3732 438 διε

473 498 637 563 misit,
667 497 760 568 qui
781 503 966 568 regnat
992 510 1112 552 cum
1133 493 1298 550 Patre
1323 502 1381 551 et
1399 493 1609 565 Spiritu
1636 499 1824 549 sancto
1852 492 1906 547 in
1935 506 2040 548 εω-
2067 495 2123 556 Α
2145 493 2401 563 magister
2435 491 2894 550 christianissime.
2935 489 2996 545 Si
3029 489 3180 545 enim
3215 489 3364 560 justo
3385 489 3586 561 judicio
3615 509 3731 548 me-

475 589 596 646 cula
624 588 959 646 saeculorum.
985 585 1174 643 Amen.
2153 601 2277 640 cum
2315 585 2570 655 loqueris,
2619 583 2722 638 soli
2759 582 3098 653 persuasioui
3122 581 3378 637 fateberis
3403 596 3732 652 repugnans;

984 697 1301 757 mnus
1326 697 1539 755 βω,
2152 677 2248 733 sed
2277 676 2514 732 concedo
2551 684 2606 730 et
2651 675 3058 745 persuasionem
3097 681 3279 729 tecum
3326 681 3382 728 et
3423 673 3734 729 violentiam

955 791 1250 848 Canticum
1263 771 1553 862 graduum
2147 769 2468 862 dmmortum
2499 766 3020 862 colluctari-{Habes
3054 767 3206 862 unde
3538 776 3733 837 parata

545 902 1072 960 Ademtum
1100 859 1370 974 mea“
1405 899 1612 954 *ἀίω*
1639 898 1879 954 ἤπειξε·
1921 897 2052 952 Ecce
2152 868 2277 974 iam
2331 860 2672 974 {imiiﬁwli‘

545 919 1072 960 assensum
1100 919 1370 974 meos,“
1405 919 1879 954 summatum.
1921 919 2052 952 Ecce
2489 953 2500 963 ,
2636 919 2669 962 ,·
2827 919 2848 962 :
2945 919 2976 962 ·,
3046 951 3058 962 ,
3105 950 3116 960 ,
3177 919 3238 961 ⁷,
3384 949 3396 962 ,
3604 949 3615 961 ,

471 1000 603 1052 “cm
631 995 773 1052 ,καί
1103 995 1164 1049 ὴ
1203 993 1440 1048 mm
1460 992 1791 1046 ,Μίκων’
1825 1003 2049 1052 Μ’
2152 953 2608 1052 Immo-Dominus
2633 968 2686 1052 in
2717 958 2768 1005 te
2795 959 2934 1052 sicut
3045 951 3149 1005 illis
3167 949 3284 1052 fuit,
3569 956 3737 1052 victm

473 1031 1791 1144 ἒᾶἰιῖιεξέοεῐ”ίπ’ζεέιεὲι“”ἔαᾨέῑὲἔᾲἓῖ
2115 1043 2289 1144 {ista
2334 1043 2503 1144 ista":
2537 1040 2802 1144 νεξιηιωη
2830 1040 3056 1144 Puni”
3085 1040 3420 1144 _°f’°"!?"“_“"
3447 1039 3734 1144 δίοῖηιεεῇ

473 1175 636 1231 nostri
663 1173 734 1228 ad
752 1171 1037 1228 Dominum
1069 1171 1236 1228 Deum
1266 1181 1517 1236 nostrum,
1553 1171 1720 1225 donec
1756 1130 2054 1224 misereatur

2155 1135 2266 1189 Nisi
2293 1134 2436 1204 quod
2468 1134 2722 1188 Dominus
2747 1141 2867 1188 erat
2913 1133 2966 1187 in
3013 1133 3188 1197 nobis,
3214 1131 3358 1187 dicat
3385 1147 3526 1187 nunc
3551 1130 3735 1196 Israel,

1726 1263 1906 1327 ποιαί,
1934 1261 2054 1332 quia
2155 1225 2258 1294 ηίδί
2283 1223 3736 1332 Mhi“???”°b§i°r.”.‘?f‘3_§‘?"f'?°”£if‘°i“‘

2156 1332 2254 1371 nes
2280 1317 2334 1370 in
2357 1331 2491 1380 nos,
2525 1314 2662 1370 forte
2700 1315 2850 1370 vivos
2894 1313 3243 1383 deglutissent
3285 1329 3402 1368 nos.
3453 1314 3586 1367 Dum
3633 1315 3737 1368 ira-

2154 1414 2396 1462 sceretur
2441 1406 2650 1461 animus
2693 1421 2882 1461 eorum
2927 1405 3212 1459 adversum
3249 1420 3369 1460 nos.
3419 1404 3596 1470 Quare
3629 1422 3736 1461 non

2155 1501 2548 1556 irascerentur?
2599 1497 2708 1554 Cur
2752 1499 2827 1554 illi
2871 1501 2982 1554 suis
3023 1497 3538 1554 contradictionibus
3577 1513 3738 1568 repu-

1041 1636 1481 1688 mmnﬂ.
2157 1596 2408 1664 gnabant,
2457 1601 2527 1688 et!
2561 1609 2668 1648 non
2710 1593 2968 1688 timebant
2994 1591 3280 1688 minantes,
3311 1590 3593 1688 caedentes,
3621 1599 3740 1688 tor-

472 1840 580 1909 jum
611 1840 904 1906 levavimus
933 1837 1117 1894 oculos
1145 1836 1210 1892 ad
1235 1843 1480 1938 “montes,
1513 1843 1566 1890 et
1596 1831 1762 1889 lmtati
1786 1832 2052 1938 sumus‘in
2082 1858 2132 1918 Β
2801 1819 3719 1938 3;“:ii;§;;;;;;:;l;gnﬁg

474 1932 721 1986 onuiibus
748 1945 866 2001 quae
894 1931 1034 1985 dicta
1063 1936 1187 1984 sunt
1216 1929 1397 1992 nobis,
1437 1925 1678 1981 levemus
1707 1940 1845 1980 nunc
1870 1922 2054 1979 oeulos
2082 1909 2129 1918 —

2155 2053 2474 2108 suavitatem
2503 2051 2744 2119 alloquii,
2772 2051 3095 2120 elegantiam
3133 2051 3392 2117 mulieris,
3431 2053 3742 2108 occasiones

2153 2143 2447 2208 lucrorum,
2478 2143 2756 2212 pietatem
2802 2143 3029 2198 actionis
3067 2143 3314 2198 carnalis.
3363 2143 3515 2199 Pium
3554 2153 3640 2199 est
3682 2151 3743 2198 ut

2150 2232 2386 2305 judicem
2414 2231 2614 2296 videas,
2645 2239 2703 2285 ut
2729 2246 2947 2287 causam
2973 2229 3248 2297 delendas,
3277 2239 3335 2286 ut
3352 2232 3590 2288 libellum
3614 2242 3743 2302 pur-

2155 2325 2321 2393 rigas,
2351 2337 2536 2393 preces
2565 2323 2824 2389 eﬁ‘undas,
2854 2325 3068 2380 interim
3095 2325 3389 2395 prandeas;
3411 2325 3570 2381 hodie
3588 2325 3744 2380 ωας

2155 2416 2275 2472 dies
2297 2417 2389 2482 sit,
2421 2417 2521 2471 bac
2551 2423 2708 2471 nocte
2736 2431 2841 2470 non
2869 2424 2996 2471 sum
3025 2417 3233 2486 vigilia,
3252 2424 3312 2472 et
3337 2423 3530 2472 tatem
3551 2416 3744 2486 quibhs

2157 2507 2626 2564 inermiselﬁcitur
2651 2510 2938 2580 praeliator.
2983 2508 3100 2564 Noli
3140 2509 3383 2574 credere,
3423 2507 3695 2563 seduceﬁs
3728 2526 3740 2559 :

2155 2609 2383 2671 experto
2411 2601 2571 2659 crede
2591 2602 2734 2671 quod
2755 2601 3010 2670 loquitur,
3039 2617 3156 2666 ora,
3186 2601 3366 2670 vigila,
3397 2601 3586 2664 clama,
3619 2608 3743 2655 tene

2153 2693 2511 2763 propositum,
2535 2701 2831 2763 martyrum
2852 2691 3228 2761 pedissequum
3253 2691 3539 2760 proﬁteris.
3557 2690 3742 2744 Clama

2159 2783 2227 2838 ad
2271 2783 2476 2851 singula
2510 2801 2522 2834 :
2554 2782 2670 2838 Non
2707 2783 3013 2846 consentio,
3046 2789 3101 2836 et
3127 2783 3226 2836 erit
3255 2781 3512 2837 Dominus
3541 2790 3739 2847 tecum,

2156 2891 2256 2946 per
2280 2889 2442 2944 quem
2487 2875 2662 2928 anima
2691 2881 2779 2927 tua
2809 2873 3034 2944 eripitur
3068 2871 3136 2927 de
3181 2873 3372 2942 laqueo
3409 2873 3741 2938 venantium,

2157 2973 2220 3021 ut
2253 2979 2379 3020 cum
2417 2965 2618 3019 sanctis
2669 2964 2907 3019 suaviter
2931 2963 3131 3034 psallas
3161 2981 3176 3016 :
3208 2961 3454 3032 Laqueus
3481 2963 3743 3019 contritus

2157 3065 2262 3123 est,
2307 3067 2366 3113 et
2408 3071 2508 3112 nos
2555 3055 2764 3110 liberati
2808 3069 3012 3110 sumus.
3057 3053 3393 3123 Adjutorium
3417 3060 3663 3110 nostrum
3689 3053 3742 3110 in

2152 3149 2377 3206 nomine
2403 3148 2636 3214 Domini,
2665 3149 2758 3218 qui
2783 3147 2912 3204 fecit
2934 3147 3130 3204 calum
3165 3156 3222 3203 et
3247 3155 3464 3203 terram.
3495 3147 3602 3220 Ipsi
3623 3147 3743 3218 glo-

2083 3221 2132 3286 C
2157 3243 2244 3300 ria
2267 3243 2326 3298 in
2349 3249 2633 3299 aeternum.
2664 3243 2854 3298 Amen.

2658 3351 2973 3410 PBALMUS
3007 3349 3244 3409 CXXIV.

2657 3441 2938 3500 Canticum
2967 3443 3245 3514 graduum.

975 3559 1296 3627 PSALMUS
1324 3563 1554 3628 CXXI“,
2235 3547 2338 3620 Qui
2382 3554 2650 3626 conﬁdunt
2695 3557 2750 3608 in
2793 3549 3017 3608 Βοηιὶηο
3065 3555 3197 3607 sicut
3240 3561 3389 3609 inons
3429 3555 3590 3620 Sion,
3643 3573 3742 3610 non

955 3651 1237 3717 Canticum
1265 3661 1548 3731 graduum,
2159 3637 2555 3702 commovebitur
2598 3647 2652 3700 in
2699 3645 3070 3728 aeternum-qui
3118 3638 3313 3698 habitat
3353 3641 3406 3698 in
3433 3643 3738 3700 Jerusalem.

2160 3731 2367 3796 Montes
2393 3741 2448 3796 in
2471 3739 2682 3796 circuitu
2711 3740 2840 3809 ejus,
2873 3746 2923 3791 et
2947 3731 3199 3790 Dominus
3237 3737 3295 3789 in
3322 3737 3536 3790 circuitu
3569 3739 3740 3808 populi

2161 3831 2263 3901 sui,
2293 3851 2358 3888 e1:
2397 3834 2491 3888 hoc
2520 3814 2736 3885 nunc'et
2763 3845 2922 3898 usque
2947 3825 3002 3881 in
3037 3825 3297 3880 saeculum.
3343 3823 3478 3891 Quia
3519 3844 3620 3881 non
3664 3846 3743 3880 re-

475 1359 688 1413 multum
736 1358 916 1428 repleti
954 1373 1129 1412 sumus
1164 1355 1506 1444 despectione.
1553 1350 1688 1416 Quia
1733 1353 1948 1406 multum
1975 1367 2054 1405 re-

474 1451 608 1520 pleta
647 1459 725 1504 est
767 1451 942 1503 anima
986 1445 1206 1504 nostra:
1236 1444 1562 1518 opprobrium
1601 1444 1978 1504 abundantibus
2006 1450 2056 1497 et
2119 1478 2126 1485 -

478 1542 730 1612 despectio
751 1542 1002 1613 superbis.

477 2030 691 2076 nostros
721 2021 787 2075 ad
815 2021 996 2086 cmlos,
1025 2020 1194 2074 immo
1224 2018 1288 2072 ad
1319 2029 1438 2072 eum
1462 2017 1554 2086 qui
1573 2015 1780 2070 habitat
1801 2015 1856 2069 in
1885 2013 2049 2069 cmlis.

476 2109 602 2167 ldeo
630 2111 773 2167 enim
802 2111 1174 2167 asc‘eusionum
1202 2108 1409 2164 cantica
1436 2103 1806 2172 decantamus,
1839 2109 1896 2158 u‘t
1921 2115 2054 2174 pau-

477 2201 628 2257 latim
656 2217 686 2256 a
712 2203 1054 2273 peccatorum
1073 2197 1244 2255 tov'eis
1268 2196 1635 2254 ascendamus.
1689 2189 2056 2250 Recordemur

480 2309 579 2349 nos
605 2307 789 2350 servos
813 2335 827 2360 ,
875 2293 998 2363 quia
1028 2291 1194 2348 creati
1223 2289 1290 2346 ab
1317 2305 1382 2346 eo
1411 2301 1620 2353 sumus;
1665 2291 1851 2342 servos
1868 2325 1884 2352 ,
1930 2285 2056 2356 quia

482 2387 648 2441 creati
690 2393 749 2440 et
789 2385 1052 2456 redempti
1097 2381 1406 2456 probamur.
1445 2373 1516 2436 Εἴ
1539 2377 1680 2436 ’δῖουὶ
1697 2375 1842 2435 oculi
1872 2385 2056 2433 servo—

476 2493 592 2531 rum
618 2477 684 2532 ad
713 2477 989 2532 dominum
1012 2517 1028 2543 ,
1081 2486 1174 2532 aut
1202 2477 1338 2533 sicut
1365 2475 1508 2532 oculi
1534 2474 1740 2530 ancillze
1786 2471 1853 2526 ad
1877 2463 2053 2526 domi-

477 2583 620 2634 nam,
648 2567 721 2621 ita
769 2567 910 2624 oculi
958 2566 1224 2622 nostriad
1268 2567 1552 2621 Dominum
1591 2565 1760 2620 Deum
1789 2568 2050 2626 nostrum,

470 2657 644 2714 donec
683 2660 1000 2715 misereatur
1037 2659 1235 2714 nostri.
1281 2657 1486 2714 Verum
1521 2657 1648 2727 Quia
1676 2656 1734 2710 in
1767 2653 2055 2724 opprobrio

472 2749 710 2820 iacemus
737 2747 1040 2806 daemonum
1065 2745 1450 2819 superborum,
1482 2757 1537 2804 et
1564 2747 1866 2803 volentibus
1901 2743 2056 2801 nobis

474 2842 702 2897 eradere
729 2842 953 2898 crimina
979 2883 993 2908 ,
1039 2842 1168 2896 vitia
1195 2845 1249 2897 et
1276 2848 1519 2912 peccata,
1554 2838 1739 2895 nostra
1765 2855 1930 2911 opera
1959 2837 2055 2894 ad-

473 2941 774 3001 versantur,
805 2933 927 2990 ideo
954 2941 1246 3002 rogamus:
1285 2931 1542 2988 Miserere
1570 2933 1767 2999 nostri,
1807 2929 2054 2998 Domine,

477 3023 734 3080 miserere
761 3025 948 3080 nostri.
989 3021 1127 3091 Quia
1157 3025 1382 3080 multum
1417 3025 1622 3096 repleta
1651 3035 1731 3080 est
1751 3024 1926 3080 anima
1955 3040 2055 3080 no-

478 3121 588 3169 stra
615 3115 904 3185 opprobrio
933 3109 1317 3171 abundantiam
1341 3155 1357 3181 .
1405 3131 1592 3172 eorum
1631 3115 1722 3186 Qui
1759 3115 1814 3170 in
1854 3113 2056 3170 malitia

475 3205 841 3262 exabulidant.
883 3203 950 3260 Et
973 3201 1352 3277 despectiones
1373 3208 1529 3262 nobis
1555 3207 1905 3278 superborum
1928 3220 2056 3261 exa-

473 3298 646 3366 gitant
669 3339 684 3362 ,
737 3297 929 3369 quibus
960 3297 1366 3354 necessitatibus
1396 3305 1542 3352 tuam
1583 3297 1854 3354 credimus
1885 3297 2058 3354 solam

474 3383 917 3444 misericordiam
939 3387 1222 3444 subvenire
1244 3430 1258 3457 ,
1308 3389 1398 3459 qui
1431 3402 1623 3460 regnas
1653 3389 1707 3445 in
1731 3385 1928 3446 saecula
1953 3404 2056 3444 sa:-

474 3481 732 3537 culorum.
766 3479 956 3537 Amen.

545 3766 663 3832 Nisi
692 3777 815 3849 quia
841 3775 1231 3849 Dominus_erat
1249 3778 1304 3830 in
1325 3775 1490 3839 nobis,
1525 3776 1664 3830 dicat
1701 3792 1840 3830 nunc
1868 3775 2057 3844 Israel,

477 3872 569 3924 nisi
590 3871 708 3943 quia
718 3868 970 3923 Dominus
991 3870 1173 3922 eratin
1195 3868 1358 3922 nobis.
1402 3867 1528 3922 Cum
1548 3877 1885 3939 exsurgerent
1899 3869 2061 3922 banti-

477 3979 562 4016 nes
582 3963 634 4015 in
659 3978 774 4026 nos,
798 3964 929 4032 forte
953 3962 1088 4015 vivos
1110 3960 1444 4031 deglutissent
1463 3976 1576 4014 nos.
1603 3958 1731 4013 Cum
1751 3961 2058 4014 irasceretur

479 4053 622 4122 furor
646 4068 818 4106 eorum
843 4053 896 4106 in
933 4069 1065 4118 nos,
1113 4054 1329 4124 forsitan
1377 4069 1512 4124 aqua
1553 4052 1902 4106 absorbuisset
1937 4069 2052 4107 nos.

481 4139 775 4196 Torrentem
814 4145 1141 4214 pertransivit
1179 4146 1354 4199 anima
1401 4152 1580 4200 nostra
1601 4184 1618 4210 ,
1677 4147 1899 4217 forsitan
1940 4162 2057 4216 per-

477 4233 745 4287 transisset
765 4236 938 4288 animo
967 4243 1150 4290 nostra
1178 4252 1365 4308 aquam
1393 4235 1790 4290 intolerabilem.
1833 4235 2059 4290 Benedi-

475 4332 586 4378 ctus
609 4321 864 4379 Dominus
891 4326 975 4396 qui
1007 4343 1112 4380 non
1141 4325 1280 4380 dedit
1305 4343 1399 4380 nos
1419 4328 1475 4380 in
1505 4329 1795 4397 captionem
1821 4325 2058 4381 dentibus

2160 3924 2355 3994 linquet
2391 3919 2643 3978 Dominus
2673 3920 2873 3990 virgam
2917 3924 3244 3988 peccatorum
3270 3932 3423 3987 super
3449 3921 3634 3971 seriem
3655 3917 3743 3988 ju~

2160 4025 2376 4080 storum,
2417 4020 2474 4067 ut
2513 4023 2616 4066 non
2637 4009 2919 4065 extendant
2945 4008 3079 4080 justi
3116 4007 3185 4061 ad
3211 4007 3535 4080 iniquitatem
3563 4023 3742 4061 manus

2161 4124 2301 4162 suas.
2349 4099 2483 4160 Bene
2522 4105 2626 4177 rae,
2659 4089 2895 4166 Domine,
2921 4100 3066 4156 bonis
3103 4107 3152 4154 et
3189 4100 3341 4153 rectis
3368 4097 3539 4152 corde.
3571 4085 3745 4152 Decli-

2161 4207 2346 4252 nantes
2389 4204 2560 4250 autem
2605 4196 2662 4249 in
2709 4192 3044 4266 obligationes
3084 4187 3301 4244 adducet
3341 4188 3593 4244 Dominus
3629 4207 3742 4244 cum

2160 4281 2488 4363 operantibus
2514 4288 2856 4360 iniquitatem,
2888 4302 2992 4356 pax
3019 4300 3170 4354 super
3198 4279 3386 4336 Israel.

475 4431 665 4469 eorum.
705 4416 892 4470 Anima
929 4424 1112 4472 nostra
1130 4419 1262 4471 sicut
1283 4434 1464 4488 passer
1486 4427 1662 4488 erepta
1692 4428 1768 4472 est
1787 4419 1852 4472 de
1877 4418 2058 4491 laqueo
2727 4414 3156 4456 οοκιεκτωωί·

479 4508 781 4561 cenantium.
832 4507 1070 4580 Laqueus
1111 4510 1357 4562 coorti-itus
1397 4518 1474 4563 est
1495 4548 1511 4573 ,
1542 4519 1591 4563 et
1618 4525 1711 4563 nos
1744 4507 1946 4563 liberati
1967 4525 2060 4563 su-
2233 4511 2336 4580 Qui
2378 4509 2601 4567 conlidit
2641 4512 2695 4566 in
2747 4497 3146 4580 imperatorem,
3185 4508 3381 4564 militet
3423 4509 3478 4563 in
3520 4509 3744 4568 circuitu

480 4613 610 4651 mus.
640 4597 964 4669 Adjutorium
1001 4610 1230 4655 nostrum
1267 4602 1321 4654 in
1350 4601 1556 4655 nomine
1589 4599 1798 4654 Domini
1826 4601 1912 4672 qui
1940 4600 2060 4672 fecit
2085 4593 2139 4656 D
2159 4604 2305 4674 ejus;
2335 4602 2428 4671 qui
2456 4601 2676 4659 conﬁdit
2711 4601 2764 4655 in
2797 4601 3151 4670 potestatibus
3178 4599 3381 4666 mundi,
3413 4601 3746 4671 apparitores

479 4689 722 4745 cwlumet
751 4698 958 4747 terram.
1627 4729 1630 4732 -
2166 4698 2223 4753 in
2269 4694 2494 4750 tuitione
2541 4693 2688 4762 ejus;
2737 4692 2831 4762 qui
2876 4691 3097 4748 conﬁdit
3135 4693 3188 4746 in
3226 4691 3571 4748 facultatibus
3615 4693 3744 4757 suis,

1046 4777 1475 4817 COIIENTARIUII.

2165 4785 2372 4842 nummi
2398 4785 2452 4840 in
2475 4799 2635 4839 manu
2663 4783 2799 4853 ejus.
2831 4782 2931 4849 Qui
2958 4780 3179 4839 conlidit
3207 4790 3386 4839 autem
3415 4783 3466 4838 in
3497 4782 3744 4846 Domino,

543 4874 811 4944 Quidquid
847 4876 1172 4947 martyribus
1208 4877 1263 4931 in
1305 4874 1772 4948 persecutionibus
1817 4874 2060 4932 fecerunt
2165 4868 2378 4932 montes
2419 4883 2542 4932 sunt
2586 4875 2641 4930 in
2678 4875 2905 4933 circuitu
2948 4873 3096 4944 ejus;
3124 4873 3218 4942 qui
3242 4874 3325 4929 sic
3351 4873 3571 4930 conﬁdit
3607 4873 3748 4926 sicut

477 4967 720 5024 homines
747 4963 1028 5032 increduli,
1074 4967 1178 5022 hoc
1223 4967 1398 5033 nobis,
1428 4967 1472 5021 si
1518 4975 1697 5020 tamen
1744 4965 2059 5022 exhibemus
2169 4984 2326 5024 mons
2348 4966 2504 5033 Sion,
2531 4967 2625 5036 qui
2671 4965 2963 5022 secundum
2991 4966 3163 5034 legem
3199 4963 3324 5028 Dei;
3353 4963 3422 5018 de
3446 4961 3578 5015 Sion
3605 4961 3747 5018 enim

478 5058 590 5112 Deo
635 5058 926 5123 servitium,
981 5059 1036 5112 in
1082 5060 1465 5114 tentationibus
1517 5058 1808 5114 invisibiles
1861 5058 2063 5114 faciunt
2168 5059 2413 5133 procedit
2439 5059 2545 5115 lex.
2579 5058 2719 5128 Ergo
2744 5060 2836 5128 qui
2876 5057 3193 5114 catholicam
3220 5051 3378 5107 ﬁdem
3405 5059 3594 5105 tenens
3621 5065 3747 5105 eon-

475 5149 695 5205 inimici.
737 5149 870 5207 Cum
916 5165 1045 5221 ergo
1091 5153 1302 5208 illorum
1331 5152 1570 5208 visibiles
1613 5151 1823 5222 legeris,
1855 5167 2063 5223 pugnas
2165 5151 2306 5218 tt'dit,
2351 5166 2462 5208 non
2505 5149 2930 5208 commovebitur
2980 5149 3034 5202 in
3079 5153 3366 5208 (sternam;
3397 5139 3544 5196 nulla
3580 5151 3747 5208 secto,

476 5247 595 5296 tuas
638 5242 932 5300 invisibiles
958 5245 1152 5314 cogita.
1184 5243 1253 5299 Et
1280 5244 1354 5298 ita
1394 5253 1450 5300 tu
1491 5244 1671 5300 anitno
1707 5244 2062 5302 contradicito
2165 5243 2315 5301 nulh
2359 5243 2596 5309 haeresis,
2639 5241 2813 5298 nullus
2859 5239 3161 5308 disputator
3197 5243 3319 5287 eum
3362 5248 3392 5288 a
3417 5233 3637 5289 rectiori
3669 5244 3750 5290 te-

471 5333 684 5402 spiritui
710 5334 854 5404 quod
899 5336 1155 5406 iujustum
1202 5344 1286 5392 est
1325 5337 1650 5405 suggerenti,
1679 5337 1819 5392 sicut
1846 5336 1922 5391 illi
1957 5338 2060 5393 bo-
2167 5350 2304 5392 nore
2328 5334 2644 5403 detorquet;
2674 5335 2881 5385 montes
2907 5332 3032 5382 sunt
3059 5324 3114 5378 in
3143 5322 3365 5380 circuitu
3393 5323 3529 5395 ejus,
3562 5332 3617 5380 et
3645 5325 3750 5378 Do.

472 5422 604 5477 mini
623 5421 942 5480 sacriﬁcium
971 5426 1330 5496 persuadenti.
1369 5425 1518 5482 Unde
1547 5427 1622 5482 illi
1641 5427 1904 5494 vicerunt,
1937 5428 2062 5484 inde
2169 5428 2347 5484 minus
2387 5427 2440 5482 in
2486 5424 2710 5484 circuitu
2761 5417 2942 5490 populi
2992 5417 3094 5483 sui,
3146 5415 3250 5471 hoc
3294 5424 3397 5485 est,
3446 5418 3751 5473 testimonia

473 5512 646 5570 vince.
695 5514 915 5572 Illorum
958 5517 1182 5574 victoria
1224 5534 1371 5574 mers
1413 5520 1533 5586 fuit,
1565 5526 1655 5574 tua
1695 5519 1920 5578 victoria
1949 5521 2059 5575 vita
2169 5520 2568 5590 Scripturarum
2614 5519 2915 5570 sanctarum
2943 5510 2999 5565 in
3024 5508 3249 5565 circuitu
3276 5508 3411 5579 ejus,
3442 5525 3541 5580 pro
3568 5508 3753 5563 defen-

471 5602 568 5670 sit;
598 5613 655 5660 et
681 5607 959 5676 persuasio
987 5607 1060 5664 ibi
1088 5617 1144 5664 et
1167 5609 1248 5663 vis
1281 5618 1499 5678 operata
1530 5617 1633 5676 est,
1662 5626 1804 5682 pone
1830 5610 1977 5681 quod
2003 5619 2064 5666 et
2170 5613 2324 5668 sione
2348 5607 2608 5677 simplicis
2634 5601 2836 5673 populi,
2867 5617 3029 5672 quem
3064 5599 3312 5657 Christus
3355 5615 3454 5656 suo
3497 5598 3754 5666 sanguine

475 5699 649 5751 tecum
686 5697 764 5755 sic
797 5706 1004 5767 agatur,
1053 5709 1109 5755 et
1152 5701 1430 5770 persuasio
1479 5709 1650 5757 tecum
1694 5711 1748 5758 ct
1803 5703 2056 5757 violentia
2172 5696 2526 5767 comparavit.
2579 5695 2696 5764 Ipse
2742 5692 2996 5748 Dominus
3025 5693 3078 5747 iu
3107 5691 3332 5748 circuitu
3373 5688 3553 5758 populi
3581 5687 3658 5740 sui
3690 5701 3753 5740 (ης

466 5786 794 5858 νηιειὶειηωτ,
826 5804 1129 5863 quanquam
1161 5790 1277 5849 sola
1306 5792 1580 5862 persuasio
1628 5801 1802 5848 tecum
1849 5800 1990 5861 agat,
2023 5810 2057 5847 υ
2171 5790 2278 5846 hoc
2306 5795 2546 5854 tempore
2585 5800 2689 5854 quo
2732 5801 2827 5854 pro
2880 5786 2956 5839 eis
3002 5798 3211 5854 passm,
3247 5789 3305 5836 υί
3334 5781 3445 5850 illi?
3476 5778 3566 5846 λίῑ,
3599 5794 3754 5851 "5'1"c

2083 5881 2144 5942 ἐτ
