4244 6258
543 376 644 429 527

1851 367 2121 423 ΑΒΝΟΒΠ
2158 367 2478 424 JUNIORIS.

3696 368 3800 423 5%

544 491 615 544 ad
657 487 1138 544 consummationem
1185 485 1362 560 saeculi
1399 482 1577 555 (Matt.
1619 481 1837 551 xxvm);
1871 483 1983 552 ipse
2009 498 2120 537 non
2145 486 2277 545 Aet
2315 483 2457 539 unde
2497 497 2594 538 nos
2620 482 2672 538 ei
2698 478 3035 538 exhibuimus
3072 477 3263 536 ﬂentes
3305 487 3470 550 atque
3511 479 3803 547 tristautes,

543 582 876 650 derelinquct
918 578 1119 645 virgam
1167 576 1559 638 htereticorum,
1609 589 1768 645 super
1806 582 2007 629 sortem
2032 587 2123 629 ca-

546 673 882 727 tholicorum.
936 666 1217 736 Egreditur
1260 663 1402 722 enim
1447 667 1594 736 virga
1641 666 1773 734 legis
1817 674 2012 721 nostra:
2055 664 2125 720 de

544 778 706 822 manu
734 759 1072 828 legislatoris,
1104 765 1160 812 et
1199 756 1389 812 ell‘ecta
1430 757 1593 812 draco
1620 757 1896 812 devoravit
1921 755 2124 824 virgam

545 867 752 914 eorum,
784 859 843 904 ut
885 865 993 905 non
1032 848 1322 904 extendant
1348 847 1633 904 orthodoxi
1661 847 1730 901 ad
1755 847 2001 903 haeresim
2027 861 2122 900 va-

545 959 670 998 nam
689 949 904 999 sanctas
929 956 1118 996 manus
1155 955 1297 1006 suas,
1328 940 1382 996 id
1409 931 1516 1004 est,
1543 955 1709 1010 opera
1735 953 1832 994 sua
1861 938 2126 994 hmreticis

544 1050 655 1090 non
682 1031 989 1090 extendant.
1021 1031 1221 1086 Verum
1265 1030 1390 1102 quia
1431 1038 1557 1087 sunt
1583 1031 1744 1100 aliqui
1772 1045 2000 1099 quorum
2033 1045 2128 1084 cor

545 1126 622 1180 illi
639 1130 972 1193 pervertunt,
995 1129 1212 1178 sanctus
1231 1122 1460 1193 Spiritus
1486 1137 1586 1194 pro
1612 1121 1776 1178 rectis
1800 1121 1963 1178 corde
1987 1127 2124 1176 orat.

545 1217 887 1274 Declinantes
922 1215 978 1270 in
1017 1215 1372 1270 anathematis
1412 1215 1792 1284 obligationem
1819 1212 2046 1268 adducet
2059 1212 2126 1267 .in

547 1311 687 1366 diem
711 1309 897 1378 judicii
924 1322 1045 1363 cum
1073 1307 1420 1378 operantibus
1447 1307 1804 1375 iniquitatem.
1833 1305 1913 1360 Sit
1939 1320 2046 1374 pax
2071 1305 2129 1359 in

546 1399 708 1456 Israel
748 1413 848 1469 per
884 1397 1170 1454 Dominum
1208 1406 1450 1454 nostrum
1497 1397 1678 1452 Jesum
1717 1395 2005 1461 Christum,
2035 1394 2128 1462 qui

547 1499 734 1561 regnat
766 1491 824 1546 in
850 1490 1054 1546 unitate
1083 1490 1305 1545 Deitatis
1331 1505 1453 1544 cum
1497 1486 1657 1544 Patre
1682 1494 1736 1543 et
1773 1485 1975 1557 Spiritu
2001 1500 2126 1541 san-

547 1592 657 1651 cto,
683 1598 782 1655 per
807 1584 1058 1639 universa
1084 1583 1278 1638 saecula
1307 1581 1646 1638 saeculorum.
1679 1580 1866 1634 Amen.

1058 1714 1370 1771 PSALMUS
1405 1713 1614 1770 CXXV.

1045 1829 1323 1885 Canticum
1356 1829 1632 1898 graduum.

623 1945 692 2000 In
709 1942 1047 2001 convertenda
1071 1940 1322 1996 Dominus
1341 1922 1691 2011 captivitatem
1721 1937 1880 2002 Sion,
1902 1937 2026 2008 facti
2044 1953 2133 1991 su-

551 2052 664 2092 mus
682 2034 951 2090 consolati.
979 2033 1120 2086 Tunc
1139 2031 1381 2101 repletum
1401 2038 1476 2084 est
1503 2029 1692 2101 gaudio
1721 2046 1778 2083 os
1805 2037 2053 2090 nostrum,
2085 2034 2135 2080 et

549 2128 731 2201 lingua
767 2134 946 2181 nostra
986 2123 1346 2178 exsultatione.
1381 2120 1523 2175 Tunc
1559 2121 1729 2175 dicent
1755 2121 1890 2173 inter
1931 2127 2134 2189 gentes:

517 2246 522 2248 -
549 2217 907 2289 Magniﬁcavit
925 2214 1178 2269 Dominus
1199 2215 1370 2285 facere
1387 2227 1502 2265 cum
1645 2209 2005 2282 Magni/ienuit
2025 2207 2136 2263 Do-

549 2309 719 2362 minus
745 2308 914 2378 facere
933 2304 1213 2370 nobiscum,
1239 2303 1362 2373 facti
1381 2318 1554 2355 sumus
1584 2300 1838 2355 laetantes.
1868 2298 2132 2364 Converte,

552 2396 795 2459 Domine,
821 2397 1168 2467 captivitatem
1192 2401 1442 2458 nostram,
1467 2394 1600 2447 sicut
1629 2402 1828 2446 torrens
1854 2391 1908 2444 in
1936 2399 2130 2444 austro.

520 2533 522 2535 μ
554 2485 655 2553 Qui
682 2490 936 2543 seminant
962 2489 1018 2541 in
1038 2486 1299 2556 lacrymis,
1321 2485 1376 2538 in
1396 2483 1738 2538 exsultatione
1752 2488 1958 2536 metent.
1983 2479 2134 2533 Eun-

552 2585 627 2632 tes
653 2576 797 2631 ibant
836 2585 886 2631 et
921 2576 1132 2645 ﬂebant,
1172 2576 1425 2628 mittentes
1465 2574 1663 2627 semina
1701 2589 1814 2626 sua.
1863 2569 2134 2624 Venientes

552 2666 724 2722 autem
759 2667 960 2722 venient
1000 2682 1115 2719 cum
1153 2664 1511 2729 exsultatione,
1553 2669 1815 2735 portantes
1843 2660 2136 2731 manipulos

554 2775 674 2814 αισι
681 2799 694 2812 .

1118 2842 1550 2882 COIIENTABIUII.

621 2940 841 2995 Cantica
869 2939 1127 3009 graduum
1155 2947 1281 2994 sunt
1320 2947 1489 3009 porta:
1529 2939 1651 2994 εαξιί
1689 2937 1938 3008 patentis.
1969 2935 2134 2990 Jacob

554 3030 898 3098 requiescens
924 3030 1072 3084 videt
1107 3030 1160 3084 in
1199 3029 1406 3084 visione
1433 3044 1528 3082 sua
1557 3027 1840 3083 Dominum
1859 3041 2021 3096 super
2045 3041 2138 3080 ca-

552 3125 668 3190 put,
697 3119 846 3175 ccelis
885 3120 1208 3189 patentibus,
1250 3120 1618 3185 accubantem,
1663 3118 1815 3187 cujus
1859 3117 2135 3187 superiora

2224 577 2347 632 inde
2395 591 2494 632 nos
2539 575 2697 632 faciat
2745 575 2861 644 ipse
2911 573 3154 632 laetantes
3187 580 3349 642 atque
3392 572 3703 642 gaudentes.
3747 572 3805 629 Si

2224 670 2368 724 enim
2389 669 2653 740 lacrymas
2671 666 3052 726 seminavimus
3073 665 3422 736 pmnitentize,
3444 664 3673 722 fecunda
3691 666 3807 722 sine

2224 760 2386 816 dubio
2410 759 2599 815 messis
2621 758 2772 814 nobis
2796 757 3138 827 indulgentiae
3158 758 3379 824 orietur,
3396 772 3464 813 ex
3483 773 3588 828 qua
3610 773 3807 814 exeun-

2225 861 2309 909 tes
2347 853 2415 908 de
2453 867 2700 923 corpore,
2731 851 3009 906 venientes
3053 849 3120 905 ad
3159 850 3444 910 Dominum
3486 850 3541 904 in
3568 851 3805 907 exsulta-

2226 945 2394 1012 tione,
2424 945 2625 1000 erimus
2666 957 2787 999 cum
2835 943 3034 998 sanctis
3075 950 3354 1012 portantes
3379 942 3682 1013 manipulos
3707 959 3806 998 non

2227 1044 2386 1091 stros.
2431 1034 2564 1090 Nam
2612 1035 2702 1089 ubi
2747 1034 2823 1089 illi
2868 1032 3177 1103 gaudebunt
3201 1033 3464 1099 coronati,
3501 1050 3599 1089 nos
3626 1033 3807 1088 exsul-

2229 1129 2460 1184 tabimus
2522 1127 2765 1191 liberati,
2827 1141 2924 1197 per
2981 1124 3267 1181 Dominum
3329 1133 3569 1181 nostrum
3624 1123 3806 1181 Jesum

2228 1217 2496 1274 Christum
2527 1217 2619 1287 qui
2645 1223 2835 1286 regnat
2862 1216 2916 1270 in
2946 1216 3138 1272 saecula
3166 1217 3502 1274 seculorum.
3533 1216 3721 1272 Amen.

2726 1345 3041 1403 PSALMUS
3075 1346 3306 1402 CXXVI.

2460 1456 2467 1463 ’
2564 1459 2840 1516 Canticum
2868 1459 3128 1528 graduum
3153 1458 3468 1515 Salomonis.

2296 1569 2421 1625 'Nisi
2447 1569 2700 1626 Dominus
2728 1570 3060 1641 adiﬁcaverit
3087 1570 3312 1634 domum,
3340 1570 3396 1624 in
3435 1587 3620 1625 vanum
3657 1571 3806 1625 labo-

2227 1667 2470 1714 raverunt
2495 1661 2582 1730 qui
2612 1659 2877 1731 aediﬁcant
2902 1676 3035 1714 eam.
3080 1657 3204 1713 Nisi
3229 1658 3484 1714 Dominus
3511 1660 3807 1716 custodierit

2229 1752 2508 1818 civitatem,
2540 1753 2735 1824 frustra
2760 1752 2941 1824 vigilat
2967 1753 3052 1822 qui
3084 1751 3306 1806 custodit
3329 1769 3463 1805 eam.
3503 1751 3707 1808 Vanum
3733 1759 3808 1807 est

2156 1853 2204 1913 Β
2230 1841 2369 1898 vobis
2397 1853 2517 1897 ante
2554 1843 2717 1898 lucem
2755 1861 2997 1916 surgere;
3034 1845 3226 1914 surgite
3253 1849 3521 1916 postquam
3555 1845 3809 1910 sederitis,

2232 1937 2318 2006 qui
2355 1936 2682 1990 manducatis
2725 1952 2911 2006 panem
2949 1935 3160 1990 doloris.
3212 1933 3340 1988 Cum
3377 1936 3578 1990 dederit
3613 1936 3810 1991 dilectis

2233 2029 2347 2084 suis.
2359 2044 2594 2081 somnum
2619 2044 2734 2082 ecce
2754 2028 3028 2083 Iuereditas
3049 2027 3279 2093 Domini,
3310 2028 3442 2098 ﬁlii;
3465 2045 3677 2096 merces,
3701 2033 3811 2101 fru-

2233 2129 2343 2174 ctus
2370 2119 2578 2174 ventris.
2620 2118 2767 2175 Sicut
2809 2121 3014 2192 sagitta:
3055 2122 3113 2175 in
3151 2137 3310 2176 manu
3335 2121 3578 2199 potentis,
3614 2123 3687 2177 ita
3716 2122 3811 2192 ﬁlii

2234 2227 2581 2283 excussorum.
2615 2210 2806 2266 Beatus
2832 2213 2909 2266 vir
2935 2213 3020 2283 qui
3055 2211 3284 2284 implevit
3322 2211 3630 2266 desiderium
3669 2229 3811 2266 suum

2234 2319 2300 2356 ea:
2326 2303 2472 2374 ipsis,
2503 2319 2608 2359 non
2628 2302 2972 2374 confundetur
2997 2318 3114 2356 cum
3133 2293 3362 2374 loquetur
3382 2301 3606 2356 inimicis
3626 2304 3732 2357 suis
3760 2304 3813 2356 in

2237 2400 2407 2462 porta.

2803 2477 3236 2518 COIIENTARIUI.

2305 2572 2458 2628 Multi
2512 2573 2666 2630 istius
2710 2575 2902 2645 psalmi
2947 2575 3088 2631 male
3134 2575 3484 2646 explauantes
3532 2573 3811 2646 principia,

2236 2666 2404 2721 otium
2425 2665 2720 2736 praedicant
2737 2682 2837 2737 pro
2864 2666 3067 2724 labore.
3095 2667 3260 2723 Aiunt
3277 2682 3505 2737 namque
3531 2681 3686 2723 casso
3708 2681 3813 2721 cer-

2236 2756 2439 2811 tamine
2465 2763 2682 2812 sanctos
2700 2757 2945 2812 homines
2969 2755 3158 2812 studiis
3181 2758 3450 2829 occupari.
3475 2757 3583 2813 Sed
3601 2764 3658 2813 et
3678 2771 3812 2814 vana

2234 2862 2350 2918 spe,
2380 2849 2491 2902 suis
2533 2848 2738 2917 aliquid
2779 2848 3054 2903 hominem
3082 2849 3286 2904 nisibus
3320 2849 3626 2920 impetrare,
3657 2855 3713 2903 et
3747 2862 3814 2904 ex

2235 2939 2627 2994 medicamento
2667 2939 2862 2995 vulnus
2909 2938 3128 3006 faciunt,
3178 2942 3282 2996 hoc
3325 2938 3485 2996 modo
3529 2940 3814 2995 dicentes:

2235 3027 2347 3084 Nisi
2389 3029 2645 3094 Dominus
2679 3029 3043 3097 aediﬁcaverit,
3082 3031 3136 3085 in
3183 3045 3381 3085 vanum
3415 3019 3664 3087 aediﬁcas.
3707 3028 3816 3086 Nisi

2235 3118 2492 3174 Dominus
2540 3119 2871 3185 custodierit,
2911 3121 2965 3174 in
3001 3135 3194 3175 vanum
3225 3121 3427 3189 vigilas.
3463 3119 3712 3176 Poteram
3739 3119 3815 3173 la<

553 3211 609 3266 in
638 3210 832 3266 cmlum
861 3211 1189 3276 incumbunt,
1221 3224 1316 3280 per
1340 3225 1460 3279 quae
1494 3209 1710 3279 respicit
1745 3208 2020 3274 Dominus,
2051 3207 2134 3261 in-
2157 3212 2205 3276 C
2237 3211 2440 3267 ciniosa
2491 3212 2853 3283 disputatione
2905 3212 3270 3268 aedilicationis
3314 3212 3489 3282 hujus,
3532 3221 3584 3267 et
3625 3211 3815 3267 funda-

476 3364 486 3370 ,
554 3302 749 3358 feriora
777 3304 832 3357 in
859 3311 1002 3357 terra
1030 3311 1155 3357 sunt
1185 3302 1275 3356 ubi
1314 3302 1564 3357 dormivit
1601 3303 1781 3356 homo.
1813 3301 1951 3368 Quid
1980 3301 2134 3356 istius

553 3395 712 3452 scala:
735 3409 985 3451 ascensus
1010 3394 1078 3449 ad
1106 3394 1389 3449 Dominum
1411 3393 1577 3449 dicit?
1619 3392 1861 3466 Benefac,
1895 3392 2133 3460 Domine,

554 3487 700 3542 bonis
720 3495 770 3540 et
795 3487 947 3541 rectis
976 3485 1148 3541 corde.
1179 3483 1476 3539 Audierant
1510 3484 1654 3538 enim
1696 3484 1797 3538 sibi
1825 3500 1855 3538 a
1881 3483 2134 3539 sacerdo-

552 3580 697 3635 tibus
741 3579 994 3634 clamari:
1028 3577 1252 3633 Sursum
1293 3593 1406 3644 cor,
1435 3586 1491 3632 et
1520 3577 1770 3634 dixerunt
1794 3577 1906 3633 Deo
1939 3596 1952 3630 :
1980 3576 2062 3630 Ad
2088 3583 2138 3630 te

554 3670 712 3725 levavi
740 3670 913 3726 oculos
960 3686 1118 3734 meos,
1164 3670 1250 3740 qui
1291 3667 1491 3724 habitas
1535 3670 1591 3723 in
1634 3669 1758 3725 coelo
1791 3668 1908 3740 (Ps.
1938 3668 2134 3740 cxxu);

555 3762 846 3826 ascendite,
889 3762 1014 3830 quia
1059 3760 1329 3816 benefacit
1370 3760 1627 3817 Dominus
1667 3760 1824 3816 bonis
1877 3769 1933 3815 et
1976 3759 2139 3815 rectis

555 3854 734 3910 corde.
766 3853 1098 3908 Declinantes
1127 3863 1295 3909 autem
1324 3861 1380 3926 et
1412 3853 1747 3910 discedentes
1773 3869 1802 3907 a
1832 3852 1944 3908 Deo
1971 3852 2138 3910 addu-

555 3945 624 3999 cit
643 3947 696 3999 in
721 3943 1102 4016 obligationem,
1127 3952 1183 3998 et
1205 3944 1428 4015 deputat
1455 3960 1568 3998 cum
1593 3942 1919 4014 cperantibus
1947 3943 2137 4011 iniqui-

555 4043 727 4090 tatem.
759 4033 947 4104 Surge,
979 4033 1161 4099 Israel,
1184 4035 1276 4103 qui
1303 4033 1546 4088 dormisti
1575 4032 1785 4100 evigila.
1820 4030 1969 4099 Unge
1997 4031 2134 4100 lapi-

555 4127 676 4180 dem
720 4126 1029 4193 angularem
1057 4125 1178 4178 oleo
1207 4123 1422 4186 laetitiae,
1454 4137 1559 4192 pax
1587 4127 1782 4175 tecum.
1834 4118 1954 4173 Filii
1992 4121 2136 4174 enim

556 4215 630 4268 tui
671 4214 738 4268 de
783 4213 1093 4282 captivitate
1122 4211 1330 4265 liberati
1356 4225 1454 4280 per
1479 4209 1766 4273 Christum,
1799 4209 1937 4264 istud
1967 4210 2138 4263 canti-

557 4320 677 4359 cum
717 4305 977 4372 graduum
1020 4304 1347 4366 cecinerunt,
1382 4302 1621 4356 dicentes
1653 4320 1665 4354 :
1693 4302 1748 4356 In
1776 4303 2136 4360 convertenda

556 4389 810 4448 Dominus
838 4392 1202 4461 captivitatem
1225 4389 1377 4454 Sion,
1410 4389 1536 4445 facti
1561 4395 1742 4446 sumus
1780 4393 1917 4448 sicut
1944 4410 2136 4450 conso-

557 4479 667 4532 lati.
691 4477 964 4533 Gradatim
992 4495 1022 4532 a
1043 4480 1383 4534 tribulatione
1407 4480 1564 4550 primi
1585 4483 1778 4537 cantici
1798 4483 1864 4537 ad
1885 4483 2136 4552 gaudium

2235 3311 2437 3367 menta,
2465 3309 2519 3357 et
2543 3303 2796 3371 parietes,
2827 3311 2883 3358 et
2906 3310 3066 3368 tecta,
3098 3311 3153 3358 et
3184 3305 3379 3365 mania
3407 3303 3813 3369 demonstrare;

2237 3393 2333 3448 sed
2361 3392 2467 3448 alio
2493 3393 2772 3464 proposito
2800 3403 2888 3448 res
2915 3394 3107 3462 agitur.
3137 3391 3353 3461 Egimus
3380 3393 3521 3448 enim
3549 3393 3614 3447 ab
3642 3393 3813 3457 initio,

2235 3491 2296 3538 ut
2319 3484 2553 3540 breviter
2575 3485 2908 3554 strictimque
2935 3482 3294 3553 loqueremur,
3325 3491 3504 3539 tamen
3531 3498 3815 3554 parumper

2236 3576 2524 3643 circumeo,
2556 3584 2612 3632 et
2648 3576 2756 3632 cito
2795 3575 2864 3630 ad
2899 3582 2955 3631 te
2993 3575 3180 3630 redibo
3214 3575 3307 3645 qui
3334 3577 3595 3647 psalmum
3623 3591 3814 3646 exspe-

2237 3679 2370 3727 etas.
2406 3671 2488 3728 Ab
2525 3672 2677 3727 initio
2717 3670 2894 3726 saeculi
2922 3670 3225 3745 quicunque
3247 3670 3419 3726 sancti
3447 3670 3710 3736 vixerunt,
3740 3669 3816 3725 ci-

2236 3765 2460 3818 vitatem
2498 3761 2728 3818 Domino
2773 3767 3205 3815 construxerunt.
3264 3758 3536 3829 Siquidem
3590 3760 3816 3815 civitatis

2235 3853 2424 3909 futurte
2451 3854 2648 3910 moenia
2676 3852 2845 3907 sancti
2869 3858 3045 3906 erunt.
3073 3850 3376 3912 (Edilicavit
3410 3850 3563 3916 Abel,
3606 3849 3810 3915 Enoch,

2237 3947 2369 4012 Noe,
2410 3945 2697 4010 Abraham,
2741 3943 2907 4009 Isaac,
2957 3943 3143 4010 Iacob,
3186 3942 3404 4014 Ioseph,
3436 3942 3660 4014 Moyses,
3691 3941 3846 3996 lesu-

2237 4036 2400 4100 Nave,
2431 4043 2487 4091 et
2518 4051 2706 4091 omnes
2737 4035 2909 4090 sancti
2951 4032 3350 4090 :ediﬂcaverunt
3375 4033 3611 4100 domum,
3641 4041 3696 4088 ct
3721 4048 3814 4088 cu-

2237 4127 2537 4182 stodierunt
2580 4127 2872 4180 civitatem.
2921 4123 3026 4180 Sed
3065 4126 3166 4180 nisi
3193 4124 3467 4190 Dominus,
3510 4123 3563 4178 id
3589 4132 3688 4189 est,
3718 4123 3836 4178 Dei'

2237 4219 2401 4274 Filius
2419 4218 2643 4274 veniens
2656 4217 2971 4273 mdiiicasset
2989 4218 3168 4272 omnia
3193 4230 3312 4287 qua:
3332 4215 3408 4271 illi
3429 4213 3816 4271 :Jediﬂcaverant

2240 4308 2493 4381 (Probata
2533 4315 2618 4366 est
2652 4323 2758 4364 vox
2787 4307 2903 4378 ejus
2929 4305 3153 4363 diwntis
3184 4323 3197 4359 :
3223 4303 3348 4362 Non
3385 4307 3497 4375 veni
3535 4305 3809 4366 destruere,

2239 4402 2331 4456 sed
2356 4401 2639 4472 adimplere
2662 4399 2886 4474 [Matth
2930 4397 3056 4472 v]).
3086 4399 3146 4454 Si
3172 4412 3301 4468 ergo
3329 4396 3435 4453 illis
3471 4396 3813 4452 fundamenta

2238 4493 2590 4557 mittentibus,
2622 4502 2678 4549 et
2705 4493 2938 4564 parietes
2983 4491 3364 4548 aediﬁcantibus
3410 4507 3519 4547 non
3560 4491 3813 4557 venisset,

559 4568 909 4633 δεθεηάίῐηυδν
941 4576 997 4623 ei
1043 4569 1135 4636 (ιιιὶ
1177 4568 1250 4623 ibi
1297 4570 1676 4626 seminavimus
1718 4573 1996 4645 lacrymas,
2047 4575 2136 4630 hic
2162 4571 2213 4633 D
2237 4584 2330 4653 qui
2356 4591 2497 4640 tecta
2523 4590 2876 4648 construeret,
2908 4590 2964 4638 et
3000 4581 3180 4636 omnia
3221 4582 3363 4636 intus
3389 4587 3625 4647 ornaret,
3657 4581 3730 4635 illi
3759 4581 3812 4635 in

557 4657 746 4727 gaudia
773 4664 1052 4722 metemus,
1086 4664 1140 4713 et
1174 4658 1266 4727 qui
1308 4658 1380 4713 ibi
1423 4659 1618 4729 captivi
1657 4662 2020 4729 gemebamus,
2049 4663 2132 4718 di-

557 4757 740 4805 centes
768 4767 780 4802 :
813 4747 931 4802 Heu
959 4751 1069 4803 me!
1097 4751 1218 4820 quia
1252 4750 1508 4804 incolatus
1536 4767 1677 4804 meus
1697 4754 2027 4824 prolongatus
2055 4763 2132 4808 est

556 4839 674 4909 (Ps.
707 4839 874 4911 cxlx),
902 4839 990 4894 hic
1009 4840 1246 4910 repletur
1271 4841 1465 4909 gaudio
1493 4857 1554 4897 os
1583 4852 1843 4911 nostrum,
1872 4853 1928 4900 et
1953 4846 2132 4915 lingua

558 4940 740 4986 nostra
769 4930 1142 4987 exsultatione.
1173 4927 1318 4986 Ecce
1349 4933 1492 4986 enim
1525 4933 1708 4988 dicunt
1735 4935 1876 4990 inter
1901 4945 2086 5004 gentes
2114 4953 2128 4989 :

532 5022 912 5092 .Magniﬁcavit
949 5022 1208 5077 Dominus
1250 5020 1427 5078 facere
1454 5039 1576 5079 cum
1613 5024 1736 5079 illis.
1778 5024 2134 5094 Magniﬁcavit

558 5111 814 5169 Dominus
841 5113 1016 5169 facere
1043 5113 1337 5178 nobiscum,
1368 5112 1496 5170 facti
1523 5131 1704 5170 sumus
1731 5116 1989 5172 lzetantes.
2019 5117 2133 5172 Me-

559 5219 736 5258 mores
763 5219 880 5260 esse
921 5207 1194 5274 debemus,
1225 5207 1350 5276 quia
1396 5207 1628 5262 diximus
1672 5207 2009 5264 mdiﬁcationi
2035 5225 2135 5265 no-

560 5303 682 5348 strae
731 5295 998 5364 applicare
1041 5300 1238 5364 omnia,
1283 5315 1402 5369 quae
1448 5286 1673 5371 mystico
1709 5307 1902 5363 tractu,
1942 5308 2034 5355 aut
2066 5302 2134 5357 ad

563 5385 842 5439 Dominum
867 5387 1084 5452 ducunt,
1117 5398 1211 5443 aut
1235 5391 1302 5444 ad
1328 5393 1444 5460 ejus
1472 5399 1733 5461 martyres
1761 5392 1997 5445 trahunt.
2028 5391 2136 5447 No-

562 5487 672 5532 tum
697 5485 778 5532 est
804 5478 947 5532 enim
968 5481 1214 5535 omnibus
1237 5468 1433 5538 sanctis
1459 5485 1560 5538 ista
1586 5490 1907 5553 competere.
1933 5482 2012 5538 Ad
2035 5498 2136 5538 nos

559 5583 688 5622 vero
714 5567 782 5622 ab
804 5581 990 5621 eorum
1017 5569 1264 5636 passione
1286 5573 1457 5626 rivum
1477 5573 1748 5640 ducentes,
1772 5573 2134 5644 captivitatem

563 5666 798 5713 nostram
827 5673 925 5728 per
953 5658 1322 5729 paenitentiam
1368 5666 1601 5720 evasisse
1643 5668 1983 5734 gratulemur,
2013 5681 2132 5720 cre-

565 5749 748 5806 dentes
787 5751 929 5820 quod
983 5749 1283 5820 magniﬁcct
1330 5755 1583 5811 Dominus
1625 5761 1795 5815 facere
1827 5761 2132 5824 nobiscum;

2237 4691 2432 4731 vanum
2489 4676 2865 4731 laboraverant
2915 4671 3240 4730 aediﬁcantes
3292 4672 3529 4729 domum.
3578 4673 3813 4742 Denique

2239 4769 2398 4824 hodie
2416 4767 2696 4840 Synagoga
2722 4767 2842 4823 ideo
2868 4783 3007 4822 vana
3031 4775 3131 4834 est,
3153 4767 3280 4836 quia
3303 4766 3523 4822 aediﬁcia
3550 4767 3814 4838 parietum

2238 4859 2419 4924 habet,
2450 4867 2506 4913 et
2544 4867 2744 4914 tectum
2781 4874 2890 4914 non
2929 4859 3109 4921 habet,
3140 4864 3194 4911 et
3237 4856 3292 4911 in
3340 4857 3676 4926 protectione
3719 4856 3815 4912 Dei

2240 4951 2363 5005 caeli
2400 4965 2506 5003 non
2546 4957 2929 5005 commoratur.
2970 4942 3144 5003 Habet
3169 4947 3399 5016 parietes
3425 4963 3562 5016 quos
3589 4945 3816 5021 aedifica;

2239 5047 2364 5093 runt
2389 5039 2578 5104 sancti,
2609 5039 2705 5093 sed
2733 5046 2929 5094 tectum
2959 5054 3066 5092 non
3093 5038 3256 5091 habet
3281 5036 3424 5107 quod
3451 5037 3694 5093 Christus
3723 5053 3817 5092 ex-

2237 5126 2424 5197 plevit.
2454 5112 2628 5181 liabet
2671 5127 2853 5191 limen,
2895 5126 2990 5180 sed
3037 5127 3090 5180 in
3127 5126 3309 5180 limine
3351 5126 3471 5194 agni
3502 5128 3814 5196 sanguinem

2240 5232 2348 5272 non
2376 5216 2556 5271 habet.
2589 5216 2724 5269 Dum
2755 5217 2976 5286 cmperit
3003 5217 3189 5285 pluere
3215 5231 3378 5286 super
3401 5225 3709 5286 peccatores
3737 5218 3815 5271 la-

2240 5323 2438 5377 queum
2466 5307 2601 5374 ignis
2627 5315 2684 5362 et
2709 5307 2996 5377 sulphuris,
3029 5307 3117 5362 isti
3143 5307 3260 5362 sine
3296 5316 3440 5364 tecto
3479 5317 3666 5380 patent
3692 5311 3815 5365 huic

2241 5398 2451 5468 pluviae.
2475 5397 2609 5451 Dum
2629 5397 2851 5467 coeperit
2873 5397 3094 5465 angelus
3120 5405 3401 5466 percutere
3424 5400 3706 5470 primitias,
3730 5403 3815 5458 isti

2242 5488 2499 5554 sanguine
2540 5486 2661 5554 agni
2707 5502 3075 5556 percussorem
3121 5488 3367 5555 angelum
3413 5505 3521 5545 non
3561 5491 3810 5546 evadunt.

2243 5582 2378 5648 Quid
2401 5597 2529 5651 ergo
2553 5582 2845 5662 :cdilicatis,
2876 5584 3075 5639 Judzei?
3094 5583 3250 5652 Quid,
3275 5585 3530 5650 haeretici,
3554 5584 3813 5652 vigilatis?

2244 5673 2370 5728 Sine
2399 5689 2558 5729 causa
2597 5676 2708 5730 haec
2748 5675 2937 5740 facitis,
2979 5677 3101 5746 quia
3145 5677 3418 5732 vobiscum
3461 5693 3559 5731 nec
3592 5674 3813 5730 :ediflcat

2247 5781 2346 5820 nec
2362 5766 2537 5834 vigilat
2573 5764 2842 5823 Dominus.
2859 5768 2968 5822 Vos
2994 5779 3191 5834 autem,
3218 5769 3522 5833 orthodoxi,
3546 5769 3813 5824 Christum
