4244 6258
1216 492 1235 509 _
1290 408 1758 477 ΟΟΜΠΕΝΤΔΒΙΙ
1793 408 1862 464 IN
1898 403 2230 463 PSALMOS.
2274 406 2466 464 PSAL.
2507 406 2778 465 CXXVIII.

3560 411 3666 467 550

385 543 442 600 in
470 539 874 613 incorruptione
913 539 1175 601 amantes,
1213 529 1379 586 nolite
1407 527 1618 590 timere,
1647 521 1821 579 securi
1848 519 1976 574 aedi-
2001 518 2053 578 Α
2077 519 2242 573 vitam
2272 527 2580 574 manentem
2608 522 2661 574 in
2688 528 2760 586 te,
2792 521 2982 577 beatus
3011 523 3102 591 sis,
3134 529 3189 576 et
3230 523 3371 577 bene
3415 520 3511 576 tibi
3538 523 3660 578 erit.

388 635 567 701 ﬁcate,
589 633 714 704 quia
733 629 1007 687 vobiscum
1025 622 1253 682 aediﬁcat
1279 621 1555 698 Dominus.
1583 617 1679 672 Dei
1697 617 1835 671 enim
1852 615 1975 669 estis

391 728 688 800 tediﬁcatio,
717 723 816 779 Dei
843 722 1042 776 cultura
1068 720 1188 774 estis
1230 715 1273 787 (I
1300 712 1420 770 Cor.
1449 710 1552 783 ιιι),
1584 709 1820 778 vigilate,
1849 707 1977 800 quia

391 799 502 878 non
530 821 702 877 solum
729 817 1003 872 vobiscum
1043 811 1249 885 vigilat,
1279 806 1374 886 sed
1399 803 1726 862 dormientes
1753 799 1974 863 excitat,

392 913 575 969 dicens
603 929 616 964 :
652 908 873 982 Vigilate
898 921 1114 968 mecum,
1154 900 1363 973 vigilate
1398 906 1448 952 et
1486 903 1650 962 orate,
1681 910 1748 949 ne
1779 892 1980 946 intretis

389 1008 446 1061 in
472 1004 803 1059 tentationem
831 997 1010 1070 (Matt.
1044 993 1214 1066 xxvi).
1248 991 1378 1046 Tale
1406 996 1490 1044 est
1523 986 1684 1058 quale
1711 984 1760 1040 si
1784 984 1930 1039 dicat
1960 999 1972 1034 :

390 1098 451 1154 In
481 1111 673 1153 vanum
695 1092 989 1162 vigilaretis
1022 1089 1069 1146 si
1104 1103 1205 1158 ego
1235 1101 1345 1142 non
1372 1082 1648 1153 vigilarem
1679 1079 1975 1135 vobiscum.

388 1186 545 1242 Nunc
564 1191 742 1239 autem
771 1183 905 1238 satis
933 1181 1174 1250 iniquum
1203 1185 1286 1233 est
1311 1179 1391 1242 ut,
1416 1188 1504 1229 me
1527 1171 1787 1241 vigilante
1811 1169 1983 1225 vobis-

386 1292 532 1343 cum,
567 1290 665 1330 vos
693 1288 888 1329 somno
916 1268 1270 1340 occupemini.
1303 1264 1459 1320 Unde
1483 1271 1539 1319 et
1566 1260 1856 1333 Apostolus
1873 1259 1983 1314 cla-

383 1376 503 1426 mat
535 1385 548 1421 :
580 1365 874 1436 Ediﬁcate
919 1363 1225 1417 alterutrum
1265 1357 1308 1429 (l
1339 1355 1518 1411 Thess.
1566 1353 1640 1425 v).
1673 1351 1826 1407 Vana
1853 1365 1983 1419 ergo

384 1467 533 1516 esset
576 1454 883 1521 aediﬁcatio,
929 1454 976 1508 si
1014 1453 1270 1508 Dominus
1315 1463 1424 1504 non
1470 1441 1776 1500 aediﬁcaret.
1817 1441 1983 1496 Vana:

383 1551 601 1620 vigiliae,
645 1548 692 1603 si
720 1546 980 1602 Dominus
1011 1558 1119 1598 non
1148 1539 1470 1604 custodiret;
1507 1535 1769 1591 Dominus
1796 1541 1981 1589 custo-

384 1643 488 1708 dit,
512 1648 567 1696 et
597 1653 746 1695 vana:
766 1653 876 1692 non
897 1643 1042 1691 sunt.
1072 1633 1130 1689 In
1156 1647 1353 1688 vanum
1378 1636 1463 1685 est
1484 1628 1639 1684 vobis
1664 1632 1790 1681 ante
1810 1625 1985 1680 lucem

387 1745 634 1801 surgere,
665 1729 718 1784 id
744 1736 846 1794 est,
876 1728 968 1786 lux
997 1724 1241 1780 Christus
1265 1719 1367 1787 est,
1395 1727 1452 1776 et
1470 1734 1568 1775 vos
1593 1718 1688 1789 qui
1714 1725 1840 1772 ante
1863 1731 1985 1771 cum

2079 609 2228 664 Tunc
2258 625 2395 667 uxor
2419 618 2529 677 tua,
2562 610 2614 665 id
2641 617 2741 677 est,
2773 627 2901 667 caro
2948 621 3057 678 tua,
3097 613 3238 668 sicut
3273 613 3397 667 vitis
3431 611 3692 678 abundat,

2076 704 2130 758 in
2160 703 2416 759 lateribus
2441 703 2634 758 domus
2655 711 2779 770 tuae,
2811 712 2954 771 tunc,
2987 705 3223 775 inquam,
3253 704 3526 774 quomodo
3544 706 3670 760 vitis
3734 718 3739 733 '

2076 796 2282 868 profert
2320 797 2631 868 botryones,
2663 798 2735 852 ita
2771 796 2845 853 'ex
2878 799 3083 854 actibus
3110 799 3355 870 corporis
3383 799 3458 853 tui
3497 800 3668 870 proﬁ-

2078 889 2226 943 ciunt
2253 887 2348 942 ﬁlii
2374 889 2481 954 tui;
2513 897 2569 944 et
2594 897 2649 944 te
2675 889 2813 945 sicut
2845 889 2955 945 vite
2982 887 3298 960 proﬁciente
3326 891 3379 944 in
3409 890 3671 958 sanguine

2078 979 2299 1048 Christi,
2332 982 2408 1036 illi
2437 983 2578 1037 sicut
2616 983 2844 1038 novella:
2872 983 3133 1040 olivarum
3163 982 3450 1053 proﬁciunt
3477 983 3532 1037 in
3561 983 3670 1036 cir-

2081 1072 2228 1127 cuitu
2257 1086 2458 1127 mensa:
2483 1084 2608 1140 tuae,
2641 1073 2944 1144 ubicunque
2994 1074 3301 1129 convivium
3343 1073 3446 1128 illis
3495 1073 3672 1128 verbis

2081 1163 2179 1218 Dei
2208 1164 2532 1219 exhibueris.
2583 1163 2674 1220 Sic
2718 1165 2862 1220 enim
2898 1165 3246 1221 benedicetur
3287 1166 3462 1220 omnis
3506 1165 3673 1219 homo

2083 1255 2173 1327 qui
2203 1257 2355 1310 timet
2382 1257 2683 1322 Dominum,
2723 1256 2775 1311 id
2804 1263 2913 1319 est,
2946 1256 3038 1325 qui
3064 1257 3142 1311 sic
3169 1256 3359 1323 egerit,
3404 1256 3482 1310 sic
3508 1255 3673 1309 bene-

2082 1348 2306 1414 dicetur,
2339 1355 2400 1402 ut
2425 1347 2633 1402 dicatur
2659 1348 2710 1402 ei
2739 1363 2769 1401 a
2799 1347 3001 1418 Spiritu
3036 1356 3223 1402 sancto
3257 1366 3269 1399 :
3303 1330 3594 1401 Benedicat
3619 1353 3674 1401 te

2084 1437 2342 1492 Dominus
2370 1451 2438 1491 ex
2484 1436 2635 1502 Sion,
2667 1437 2720 1491 id
2763 1444 2864 1501 est,
2897 1452 2966 1490 ex
2995 1435 3231 1490 Ecclesia
3265 1450 3380 1500 sua,
3413 1443 3468 1488 et
3492 1433 3674 1489 videas

2082 1530 2226 1586 bona
2247 1528 2544 1585 Jerusalem
2571 1530 2824 1584 omnibus
2851 1528 3040 1583 diebus
3067 1528 3191 1582 vitae
3212 1535 3334 1582 tum.
3360 1525 3426 1579 Et
3453 1526 3591 1580 sicut
3617 1534 3675 1582 tu

2087 1623 2200 1678 Deo
2229 1623 2366 1678 ﬁlios
2393 1623 2643 1692 genuisti,
2675 1624 2750 1678 ita
2780 1621 2875 1677 ﬁlii
2903 1622 2982 1677 tui
3007 1626 3286 1691 generent,
3316 1628 3376 1674 ut
3414 1619 3597 1675 videas
3621 1620 3676 1678 in

2088 1722 2381 1786 conspectu
2421 1715 2633 1770 Domini
2665 1715 2801 1770 ﬁlios
2831 1713 3063 1769 ﬁliorum
3108 1722 3338 1778 tuorum,
3369 1727 3490 1768 cum
3519 1727 3677 1766 acce-

385 1799 629 1893 surgitis,
672 1835 870 1877 vanum
924 1826 1006 1874 est
1059 1817 1215 1872 vobis
1260 1821 1386 1870 ante
1433 1828 1559 1870 eum
1604 1824 1846 1879 surgere,
1895 1805 1988 1878 qui
2017 1888 2056 1893 _
2088 1807 2232 1878 perit
2260 1821 2449 1878 pacem
2476 1806 2658 1868 Israel,
2690 1822 2812 1861 cum
2843 1805 3130 1861 accesserit
3160 1813 3368 1874 tempus
3396 1804 3502 1859 hoc
3527 1799 3676 1866 belli,

387 1888 732 1973 manducatis
757 1927 954 1983 panem
981 1910 1204 1966 doloris.
1234 1907 1348 1964 Nisi
1377 1907 1522 1963 enim
1549 1905 1640 1960 ille
1658 1902 1870 1960 venerit
1893 1901 1987 1971 qui
2016 1888 2064 1949 Β
2091 1907 2146 1954 et
2171 1897 2382 1952 venerit
2408 1904 2620 1967 tempus
2659 1897 2824 1966 pacis.
2871 1893 3055 1951 Gloria
3095 1894 3340 1962 AEterno,
3372 1893 3464 1962 qui
3490 1899 3678 1963 regnat
3769 1921 3776 1924 —

393 2023 596 2080 panem
642 2005 822 2074 gaudii
866 2003 1097 2066 tribuat,
1151 2017 1247 2056 vos
1297 2001 1352 2054 in
1403 2014 1605 2054 vanum
1657 1994 1981 2052 surrexistis.

395 2097 628 2165 Quando
657 2104 836 2150 autem
862 2094 1079 2149 veniet?
1105 2091 1240 2147 Cum
1271 2090 1499 2154 dederit,
1544 2088 1737 2158 inquit,
1779 2085 1988 2141 dilectis

397 2190 513 2245 suis
542 2203 810 2254 somnum,
848 2186 955 2241 hoc
992 2193 1094 2252 est,
1131 2195 1262 2240 tunc
1300 2182 1501 2246 veniet,
1534 2178 1749 2250 quando
1779 2178 1866 2232 isti
1893 2175 1988 2244 qui

398 2296 545 2336 nunc
567 2279 738 2335 sancti
774 2285 902 2332 sunt
938 2291 1185 2332 somnum
1230 2273 1376 2345 pacis
1403 2270 1728 2342 acceperint.
1762 2266 1832 2322 Ut
1857 2266 1987 2336 quid

398 2372 618 2427 veniet?
646 2368 717 2426 Ut
755 2371 810 2424 in
853 2367 1248 2425 resurrectione
1293 2363 1581 2420 baereditas
1628 2361 1842 2417 Domini
1887 2358 1985 2413 de-

393 2474 747 2529 monstretur,
777 2466 832 2520 in
859 2480 963 2534 qua
992 2477 1180 2519 omnes
1211 2460 1304 2515 ﬁlii
1334 2459 1430 2514 Dei
1459 2457 1730 2528 accipiunt
1757 2452 1985 2509 haeredi-

394 2567 582 2623 tatem,
613 2557 659 2612 si
687 2566 870 2611 tamen
899 2553 994 2609 ﬁlii
1020 2554 1226 2610 ventris
1252 2552 1371 2622 ejus
1397 2551 1618 2613 fuerint,
1649 2548 1704 2603 id
1731 2555 1832 2613 est,
1862 2547 1907 2602 si
1931 2546 1985 2600 in

392 2654 547 2707 fonte
574 2650 848 2706 catholica:
876 2647 998 2703 ﬁdei
1025 2646 1226 2702 fuerint
1248 2643 1527 2714 baptizati.
1567 2639 1663 2696 Ubi
1692 2648 1774 2696 est
1796 2647 1989 2694 venter

391 2741 667 2808 Ecclesiae,
719 2741 812 2811 qui
858 2740 938 2794 illi
984 2737 1124 2793 ﬁlios
1169 2737 1330 2806 parit,
1377 2734 1490 2804 qui,
1522 2734 1667 2788 sicut
1692 2731 1883 2800 sagitta
1921 2729 1988 2785 de

391 2851 561 2893 manu
615 2833 852 2904 potentis
904 2845 1160 2895 excussa,
1217 2828 1296 2883 sic
1345 2827 1632 2881 vulnerant
1681 2823 1983 2888 inimicum,

392 2925 617 2997 quando
661 2924 887 2994 implent
933 2920 1256 2976 desiderium
1294 2934 1450 2974 suum
1485 2918 1541 2971 in
1575 2916 1752 2980 bonis,
1794 2921 1854 2969 ut
1879 2929 1987 2969 non

390 3017 802 3076 confundantur
836 3017 963 3071 dum
993 3021 1191 3069 exeunt
1236 3013 1304 3069 de
1353 3026 1597 3081 corpore.
1648 3009 1800 3064 Tunc
1845 3008 1987 3063 enim

391 3109 686 3168 inveniunt
727 3107 969 3162 inimicos
1015 3105 1141 3160 suos
1185 3105 1237 3158 in
1285 3110 1457 3174 porta,
1490 3116 1610 3157 cum
1644 3098 1988 3169 egrediuntur

389 3217 597 3272 corpus
617 3201 670 3254 in
690 3214 798 3269 quo
819 3198 1090 3253 diabolum
1119 3203 1456 3268 superarunt.
1483 3193 1786 3249 Notandum
1805 3201 1986 3248 tamen

2090 1994 2144 2048 in
2171 1992 2364 2048 saecula
2393 1990 2730 2048 saeculorum.
2764 1989 2955 2044 Amen.

2573 2126 2888 2183 PSALMUS
2925 2125 3202 2183 CXXVIII.

2589 2241 2874 2298 Canticum
2900 2240 3181 2310 graduum.

2163 2359 2316 2431 Swpe
2335 2365 2756 2430 expugnaverunt
2775 2372 2857 2410 me
2885 2372 2919 2409 a
2937 2355 3204 2426 juventute
3222 2369 3356 2419 mea,
3381 2352 3520 2406 dicat
3545 2367 3680 2405 nunc

2090 2448 2280 2506 Israel.
2313 2446 2468 2519 Swpe
2498 2455 2920 2518 expugnaverunt
2956 2462 3037 2498 me
3070 2462 3101 2497 a
3137 2446 3402 2515 juventute
3435 2460 3569 2508 mea,
3605 2452 3681 2495 et-

2088 2543 2226 2597 enim
2247 2557 2352 2595 non
2374 2547 2647 2610 potuerunt
2669 2538 2815 2592 mihi.
2838 2537 3011 2608 Supra
3034 2537 3243 2589 dorsum
3261 2551 3429 2587 meum
3451 2533 3680 2605 fabrica-

2087 2642 2270 2692 verunt
2309 2641 2622 2706 peccatores,
2672 2631 3108 2704 prolongaverunt
3151 2629 3471 2699 iniquitatem
3511 2642 3676 2679 suam.

2089 2725 2345 2780 Dominus
2365 2724 2542 2796 justus
2567 2722 2802 2776 concidet
2839 2723 3057 2776 cervices
3090 2727 3432 2790 peccatorum,
3463 2719 3681 2788 confum

2092 2816 2284 2872 dantur
2325 2818 2376 2870 et
2417 2820 2780 2869 convertantur
2824 2820 3101 2866 retrorsum
3139 2826 3312 2865 omnes
3339 2809 3425 2882 qui
3462 2808 3681 2863 oderunt

2091 2906 2244 2964 Sion.
2285 2904 2450 2961 Fiant
2492 2907 2625 2960 sicut
2666 2907 2839 2977 {etiam
2889 2913 3153 2970 tectorum,
3203 2902 3339 2976 quod
3384 2903 3680 2975 priusquam

2090 2997 2336 3054 evellatur
2353 2998 2578 3052 exaruit.
2602 2996 2684 3051 De
2701 3013 2799 3068 quo
2823 3013 2927 3051 non
2946 2997 3174 3066 implevit
3193 3007 3404 3050 manum
3421 3010 3570 3050 suam
3591 2995 3678 3067 qui

2088 3101 2261 3159 metet,
2303 3102 2353 3146 et
2388 3093 2558 3146 sinum
2585 3107 2731 3145 suum
2760 3091 2845 3161 qui
2883 3087 3176 3160 manipulos
3221 3087 3432 3159 colligit.
3466 3084 3536 3140 Et
3574 3103 3678 3140 non

2091 3185 2338 3239 dixerunt
2383 3185 2469 3255 qui
2514 3179 2847 3254 prater-ibant
2885 3198 2902 3234 :
2936 3179 3231 3233 Benedictio
3274 3177 3487 3233 Domini
3527 3192 3681 3248 super

387 3301 472 3349 est
489 3267 632 3361 quia
653 3267 885 3345 intitulo
907 3290 985 3344 sic
1009 3267 1193 3355 habet,
1213 3287 1491 3342 Canticum
1512 3300 1769 3341 ascensus
1795 3284 1986 3339 domus
2011 3267 2061 3333 (ἶ
2087 3291 2195 3343 vos,
2228 3273 2586 3330 benediximus
2616 3271 2757 3330 vobis
2784 3275 2841 3328 in
2870 3273 3077 3327 nomine
3105 3269 3338 3327 Domini.

387 3383 722 3450 Salomonis,
765 3389 824 3437 ut
871 3381 1184 3437 historicum
1221 3394 1439 3434 sensum
1480 3385 1667 3432 teneas
1704 3384 1762 3430 tu
1801 3375 1981 3440 hodie,

390 3479 594 3533 dictum
637 3484 766 3532 tunc
807 3473 1085 3531 Salomoni
1118 3491 1130 3526 :
1161 3473 1205 3526 Ο
1234 3471 1646 3544 prudentissime
1692 3467 1981 3524 Salomon!

393 3569 630 3625 fabricas
657 3567 876 3636 quidem
907 3565 1124 3619 domum
1153 3562 1288 3629 Deo,
1316 3563 1411 3617 sed
1438 3563 1542 3618 nisi
1570 3561 1830 3616 Dominus
1854 3558 1986 3614 aedi-

396 3660 640 3715 ticaverit
667 3657 906 3723 domum,
937 3656 1075 3710 sicut
1100 3656 1215 3724 ipse
1254 3652 1453 3716 dixisti,
1484 3653 1610 3721 quia
1640 3651 1865 3722 wdificat
1902 3665 1990 3702 sa-

396 3755 596 3828 pientia
622 3749 718 3806 sibi
747 3751 974 3815 domum,
1007 3757 1056 3803 et
1079 3755 1234 3820 ponet
1255 3743 1500 3821 [excidet]
1515 3744 1780 3798 columnas
1800 3751 1990 3814 septem

400 3847 588 3920 (Prov.
619 3847 717 3913 ix).
750 3844 862 3899 Nisi
890 3857 1019 3911 ergo
1051 3843 1167 3912 ipse
1194 3841 1284 3912 qui
1313 3840 1578 3910 sapientia
1607 3838 1804 3892 dicitur
1827 3832 1992 3918 :ediﬁ-

401 3910 608 3992 caverit
635 3935 870 3999 domum,
903 3910 1045 3987 tuin
1073 3910 1270 3986 vanum
1299 3930 1574 3985 laborasti.
1597 3929 1730 3984 Nam
1753 3929 1808 3983 in
1831 3910 1992 3984 domo

405 4041 570 4096 quam
598 4022 1033 4095 aadiﬁcasti'lapis
1059 4035 1222 4094 super
1247 4021 1481 4094 lapidem
1504 4036 1612 4076 non
1638 4021 1989 4089 relinquetur.

407 4119 614 4175 Domus
659 4126 838 4172 autem
885 4133 1046 4187 quam
1089 4117 1318 4174 aediﬁcat
1363 4117 1622 4173 Dominus
1659 4117 1901 4173 ascendit
1939 4118 1994 4172 in

408 4213 599 4280 caelos,
632 4219 686 4265 et
725 4212 779 4265 in
817 4226 880 4266 ea
916 4213 1229 4281 gloriabitur
1271 4211 1385 4268 Rex
1429 4211 1690 4269 Dominus
1718 4212 1771 4266 in
1802 4211 1995 4266 saecula

406 4305 750 4362 s'cctilorum.
785 4303 975 4360 Amen.

905 4393 1222 4453 PSALMUS
1256 4394 1508 4451 CXXVII.

909 4491 1191 4547 Canticum
1218 4489 1496 4559 graduum.

484 4605 634 4660 Beati
663 4622 839 4661 omnes
864 4607 951 4678 qui
980 4605 1160 4658 timent
1200 4598 1500 4667 Dominum,
1530 4602 1616 4674 qui
1653 4599 1919 4653 ambulant
1940 4599 1998 4651 in

405 4697 501 4751 viis
535 4698 666 4769 ejus.
700 4694 931 4751 Labores
964 4711 1210 4750 manuum
1243 4703 1446 4748 tuarum
1472 4694 1593 4766 quia
1629 4690 1994 4757 manducabis;

406 4787 586 4843 beatus
607 4805 662 4842 es
689 4795 740 4842 et
759 4787 886 4842 bene
909 4785 999 4840 tibi
1018 4787 1133 4840 erit.
1169 4783 1314 4840 Uxor
1341 4792 1425 4838 tua
1447 4785 1577 4838 sicut
1595 4783 1710 4837 vitis
1731 4781 2000 4836 abundans

405 4883 458 4935 in
488 4879 736 4935 lateribus
757 4879 937 4934 domus
969 4888 1084 4932 tua.
1115 4875 1242 4932 Filii
1271 4879 1345 4931 tui
1363 4879 1494 4930 sicut
1513 4875 1725 4929 novella:
1752 4874 2000 4928 olivarum

411 5157 588 5210 videas
631 5155 764 5212 bona
797 5156 1090 5212 Jerusalem
1133 5153 1369 5210 omnibus
1413 5151 1587 5207 diebus
1615 5153 1732 5206 vita:
1771 5159 1891 5205 tuae.
1931 5146 2003 5201 Et

410 5248 590 5304 videas
609 5249 749 5320 filios
776 5249 1007 5320 ﬁliorum
1030 5257 1234 5302 tuorum
1259 5261 1438 5318 pacem
1463 5261 1614 5315 super
1635 5241 1822 5297 Israel.

987 5394 1424 5436 COIIENTARIUII.

483 5499 624 5553 Nihil
655 5499 798 5554 valet
841 5499 883 5554 si
925 5499 1118 5553 timeas
1159 5497 1463 5561 Dominum,
1495 5494 1617 5565 quia
1647 5500 1699 5548 et
1738 5493 2008 5546 dmuiones

411 5604 536 5644 eum
566 5589 778 5644 timent.
809 5587 917 5645 Sed
944 5589 1136 5644 beatus
1162 5588 1269 5642 eris
1302 5588 1346 5641 si
1375 5587 1452 5642 sic
1481 5583 1671 5640 timeas
1698 5583 2002 5646 Dominum,

413 5687 478 5733 ut
504 5678 749 5734 ambules
775 5679 919 5733 viam
947 5677 1084 5748 ejus.
1116 5676 1174 5732 Si
1213 5677 1356 5732 enim
1398 5674 1755 5730 ambulaveris
1784 5674 1835 5727 in
1865 5672 2007 5726 viam

411 5771 552 5843 ejus,
575 5770 630 5827 id
653 5779 755 5839 est,
783 5772 839 5826 in
863 5768 1022 5826 ﬁdem
1049 5769 1388 5834 catholicam,
1412 5767 1486 5822 ibi
1510 5767 1720 5821 labores
1739 5763 2008 5820 fructuum

410 5871 639 5921 tuorum
666 5862 1033 5928 manducabis,
1054 5875 1272 5918 carnem
1301 5853 1394 5915 ﬁlii
1414 5857 1666 5920 hominis,
1696 5864 1774 5919 ut,
1804 5853 2010 5910 habens

2662 3421 3101 3466 COIIENTAIIUI.

2161 3547 2278 3602 Non
2307 3545 2510 3616 patitur
2544 3557 2800 3616 pugnam,
2832 3543 2936 3598 nisi
2961 3542 3014 3596 in
3037 3541 3315 3611 juventute
3342 3524 3578 3611 positus.
3599 3541 3678 3595 'I‘u

2090 3653 2220 3708 ergo
2258 3638 2370 3708 qui,
2415 3635 2708 3692 secundum
2747 3633 3179 3704 explanationem
3219 3632 3451 3687 nominis
3491 3631 3673 3695 Israel,

2089 3731 2274 3786 videre
2304 3730 2493 3799 incipis
2522 3727 2689 3782 Deum
2734 3737 2834 3795 per
2876 3723 3193 3778 munditiam
3233 3721 3429 3786 cordis,
3474 3735 3679 3792 pugnas

2092 3835 2312 3877 necesse
2337 3827 2420 3874 est
2447 3825 2506 3873 ut
2533 3817 2834 3870 daimonum
2876 3813 3116 3884 patiaris.
3153 3810 3259 3867 S'ed
3287 3825 3507 3866 securus
3536 3819 3674 3874 esto,

2093 3917 2219 3986 quia
2248 3916 2326 3970 sic
2353 3927 2452 3984 pro
2481 3919 2535 3966 te
2559 3907 2816 3964 Dominus
2843 3913 3065 3978 pugnat,
3090 3912 3150 3958 ut
3177 3903 3426 3960 concidat
3444 3903 3680 3960 cervices

2095 4022 2305 4074 eorum,
2329 4007 2375 4060 si
2401 4011 2582 4058 tamen
2603 4008 2661 4056 tu
2689 4013 2797 4055 non
2825 3995 3119 4054 cessaveris
3145 3993 3392 4066 prteliari,
3421 4001 3480 4048 ut
3508 3992 3683 4062 possis

2097 4103 2279 4157 dicere
2311 4119 2323 4153 :
2355 4099 2475 4155 Non
2518 4101 2809 4168 potuerunt
2858 4089 2988 4146 mihi
3011 4128 3026 4154 ,
3075 4089 3202 4144 licet
3253 4100 3413 4157 super
3465 4084 3685 4140 dorsum

2097 4209 2280 4249 meum
2309 4191 2705 4246 fabricaverunt
2727 4192 3069 4257 peccatores;
3094 4182 3146 4238 id
3169 4189 3268 4246 est,
3294 4180 3420 4235 licet
3444 4177 3686 4251 pondera

2099 4287 2280 4358 gravia
2313 4283 2713 4338 tribulationum
2743 4293 2905 4348 super
2931 4292 3018 4332 me
3051 4282 3333 4346 ponentes,
3368 4273 3686 4328 incurvave-

2099 4380 2210 4434 rint
2255 4392 2359 4443 me,
2401 4383 2455 4430 et
2491 4370 2926 4444 prolongaverint
2973 4367 3283 4438 iniquitates
3329 4381 3470 4432 suas,
3503 4362 3556 4418 id
3585 4373 3686 4428 est,

2101 4486 2282 4526 moras
2309 4468 2535 4524 fecerint
2573 4467 2629 4520 in
2668 4461 3046 4526 afflictionibus
3090 4461 3224 4526 suis,
3252 4455 3446 4528 quibus
3472 4471 3561 4512 me
3588 4455 3690 4510 tri-

2103 4563 2440 4618 bulaverunt.
2472 4559 2732 4613 Dominus
2751 4564 2929 4620 autem
2945 4554 3092 4624 justo
3107 4551 3308 4624 judicio
3328 4566 3427 4607 suo
3447 4549 3696 4606 concidet

2025 4642 2077 4704 Ι)
2102 4653 2338 4711 cervices
2367 4665 2574 4706 eorum.
2609 4649 2854 4704 Habeant
2872 4655 3082 4717 partem
3111 4661 3232 4700 cum
3255 4644 3333 4698 eis
3359 4642 3614 4698 Pharismi
3641 4649 3697 4696 et

2105 4745 2342 4801 lueretici
2389 4757 2595 4806 omnes,
2626 4741 2719 4812 qui
2755 4739 2943 4794 odiunt
2983 4735 3134 4803 Sion,
3167 4735 3221 4790 id
3258 4743 3360 4803 est,
3390 4736 3483 4807 qui
3510 4733 3698 4789 odiunt

2103 4836 2400 4893 Ecclesiam
2440 4833 2657 4890 Christi.
2700 4830 2855 4887 Fiant
2901 4830 3042 4886 sicut
3085 4827 3268 4884 fenum
3296 4835 3582 4890 tectorum,
3609 4823 3694 4878 vel

2109 5124 2290 5189 partes
2338 5114 2715 5170 haereticorum
2760 5111 2826 5166 ad
2873 5120 3132 5179 personas
3180 5103 3314 5155 altas
3353 5097 3574 5160 vadunt,
3606 5095 3702 5154 ubi

2104 5209 2257 5280 quasi
2284 5207 2446 5264 falces
2475 5206 2599 5262 fena
2628 5203 2923 5260 secantium
2952 5194 3291 5252 sacerdotum
3321 5190 3573 5256 evadant,
3603 5189 3700 5245 sed

2107 5302 2185 5356 sic
2212 5301 2284 5356 ibi
2314 5309 2604 5370 antequam
2636 5295 2933 5352 avellantur
2968 5293 3232 5342 arescent.
3264 5283 3385 5341 Non
3425 5286 3568 5341 enim
3597 5284 3700 5339 im-

2110 5395 2220 5466 plet
2243 5409 2460 5449 manum
2483 5404 2634 5446 suam
2661 5403 2727 5444 ex
2757 5385 2835 5440 eis
2857 5381 2951 5454 qui
2977 5386 3144 5434 metet
3169 5382 3336 5436 verba
3364 5393 3573 5445 eorum,
3597 5393 3700 5433 nec

2111 5489 2258 5542 sinus
2285 5502 2411 5542 suos
2440 5482 2664 5552 implent
2684 5478 2722 5533 ii
2749 5476 2840 5545 qui
2869 5473 3177 5544 manipulos
3204 5489 3392 5530 eorum
3422 5474 3700 5541 colligunt.

2111 5581 2191 5638 Ex
2221 5581 2470 5638 omnibus
2494 5575 2636 5630 enim
2665 5571 2757 5641 qui
2785 5567 3137 5642 praeteribunt
3157 5569 3224 5625 ab
3245 5568 3504 5640 apostolis
3533 5564 3705 5624 sancti

2114 5691 2281 5746 usque
2325 5671 2506 5735 hodie,
2551 5667 2666 5722 sive
2710 5664 2804 5735 qui
2850 5673 2996 5730 sunt,
3045 5678 3142 5720 seu
3177 5663 3270 5734 qui
3308 5650 3684 5732 praeterierunt

2115 5766 2290 5820 nullus
2335 5773 2430 5815 eos
2475 5757 2750 5814 benedixit
2790 5759 2846 5814 in
2889 5757 3108 5814 nomine
3156 5753 3388 5810 Domini.
3433 5749 3501 5804 Et
3540 5747 3634 5819 qui
3675 5764 3705 5810 α

2116 5853 2178 5905 B.
2226 5848 2476 5917 apostolo
2516 5846 2700 5916 Petro,
2748 5857 2843 5905 aut
2874 5849 2942 5904 ab
2979 5846 3260 5918 apostolis,
3291 5843 3376 5922 vel
3412 5857 3446 5900 a
3472 5841 3705 5914 posteris
