4244 6258
641 280 745 335 555

1895 270 2164 329 ARNOBII
2198 268 2500 328 JUNIORIS

3806 276 3912 332 556

643 400 785 457 sunt,
809 391 862 447 ld
882 398 984 455 est,
1010 390 1105 459 qui
1130 389 1187 443 in
1210 388 1317 443 ﬁde
1344 398 1471 443 sunt
1498 388 1624 443 Iesu
1650 387 1847 442 Christi
1880 407 1891 440 :
1924 396 1984 442 ut
2010 402 2042 442 e
2090 402 2221 442 con-
2246 389 2301 451 Α
2323 385 2569 443 extende.
2608 387 2687 443 Ibi
2749 387 2893 444 enim
2943 389 3216 445 mandavit
3259 389 3519 446 Dominus
3571 388 3906 446 benedictio-

642 484 807 540 trario
853 482 1027 537 omnis
1072 481 1303 537 assertio
1343 489 1539 551 praeter
1566 480 1704 535 hanc
1757 480 1898 535 lucet
1924 479 2143 549 quidem
2167 479 2223 535 in

644 575 841 635 verbis,
872 580 927 626 et
946 570 1111 626 habet
1128 572 1388 627 materias
1407 571 1808 628 acclamationis
1827 578 1882 626 et
1909 569 2223 626 admiratio-

640 667 727 724 nis
746 664 1027 729 humanae;
1054 663 1172 729 sed,
1202 664 1306 718 sub
1323 663 1505 719 modio
1533 650 1728 734 posita,
1753 678 1860 717 non
1887 662 2028 718 lucet
2047 662 2112 718 iis
2131 662 2224 732 qui

640 761 698 816 in
725 756 888 812 domo
915 762 1062 819 sunt,
1115 755 1213 811 sed
1239 772 1378 827 quos
1425 755 1692 811 invenerit
1731 755 1919 810 subtus
1962 752 2220 809 modium.

643 848 846 905 Subtus
872 844 1111 903 modium
1136 847 1285 903 enim
1321 836 1541 917 degunt,
1568 847 1661 917 qui
1707 859 2009 901 mensuram
2063 852 2226 900 rectae

647 940 775 997 ﬁdei
807 946 1032 995 utuntur
1084 939 1373 1007 inversam,
1403 940 1495 1009 qui
1546 946 1671 995 sunt
1719 938 1918 994 inimici
1971 938 2220 1003 lucernae,

644 1047 806 1102 quam
832 1030 1067 1102 Spiritus
1097 1037 1315 1086 sanctus
1352 1044 1453 1100 per
1479 1028 1752 1099 apostolos
1778 1029 1987 1099 paravit
2011 1024 2226 1084 Christo

641 1138 745 1180 suo
790 1122 1019 1180 Domino
1065 1130 1271 1179 nostro.
1315 1122 1563 1177 Inimicos
1601 1136 1728 1190 ergo
1758 1118 1874 1189 ejus
1902 1120 2073 1176 induit
2095 1137 2227 1177 con-

643 1214 856 1271 fusione
874 1214 1251 1279 anathematis,
1276 1220 1333 1269 et
1357 1228 1518 1283 super
1541 1211 1810 1266 Christum
1831 1210 2005 1267 ﬂoriet
2022 1213 2223 1269 sancti-

645 1306 825 1381 licatio
852 1306 989 1375 ejus,
1011 1322 1110 1377 per
1136 1304 1316 1362 omnia
1344 1305 1532 1361 saecula
1561 1304 1895 1359 saeculorum.
1923 1303 2110 1360 Amen.

1126 1436 1437 1493 PSALMUS
1474 1435 1727 1492 CXXXII.

1134 1547 1415 1605 Canticum
1441 1548 1720 1618 graduum.

717 1664 852 1720 Ecce
867 1681 1022 1738 quam
1040 1664 1227 1719 bonum
1246 1670 1297 1718 et
1314 1679 1465 1735 quam
1476 1662 1763 1734 jucundum
1783 1663 2017 1718 habitare
2033 1666 2222 1735 fratres

2325 492 2468 545 nem,
2498 486 2555 534 et
2585 485 2843 536 aeternam
2871 479 3038 534 vitam
3064 493 3232 550 usque
3259 480 3315 536 in
3341 480 3538 537 secula
3567 480 3904 541 saeculorum.

2325 567 2515 625 Amen.

2783 636 3005 695 PSALM
3013 637 3096 694 US
3131 637 3410 696 CXXXIII.

2810 730 3087 787 Canticum
3124 732 3403 801 graduum.

2397 842 2533 899 Ecce
2559 860 2695 899 nunc
2718 843 2998 899 benedicite
3024 842 3268 909 Domino,
3292 860 3472 899 omnes
3491 846 3628 899 serui
3673 844 3901 902 Domini.

2328 930 2433 1001 Qui
2450 935 2601 990 statis
2619 935 2676 989 in
2702 934 2855 991 domo
2875 933 3107 1000 Domini,
3129 934 3187 987 in
3213 934 3366 988 atriis
3386 934 3571 989 domus
3601 932 3701 988 Dei
3720 936 3901 990 nostri.
3956 932 3961 935 ’

2328 1024 2397 1080 In
2416 1024 2648 1081 noctibus
2671 1025 2901 1081 extollite
2918 1042 3103 1079 manus
3130 1032 3329 1080 vestras
3355 1026 3409 1079 in
3430 1033 3634 1092 sancta,
3682 1034 3733 1080 et
3758 1025 3907 1082 bene-

2328 1118 2482 1173 dicite
2507 1116 2749 1173 Domino.
2774 1116 3051 1172 Benedicat
3070 1115 3325 1173 Dominus
3346 1125 3395 1172 te
3411 1133 3477 1172 ea:
3506 1116 3658 1187 Sion,
3680 1120 3765 1190 qui
3786 1120 3904 1190 fecit

2327 1210 2507 1268 calum
2532 1218 2584 1266 et
2610 1218 2821 1265 terram.

2887 1295 3320 1337 comnrumu.
3652 1352 3653 1355 η

2398 1395 2647 1452 Pervenit
2670 1396 2866 1465 gradus
2892 1396 2961 1451 ad
2985 1388 3321 1461 charitatem,
3344 1402 3401 1450 et
3414 1393 3504 1450 ubi
3522 1395 3772 1465 superius
3801 1396 3903 1452 iret

2326 1504 2436 1545 non
2463 1488 2686 1544 invenit.
2716 1486 2851 1542 Nam
2868 1486 3127 1557 quidquid
3147 1486 3255 1555 egit
3275 1493 3498 1557 quartus
3525 1486 3764 1543 decimus
3781 1499 3903 1555 gra‘

2325 1581 2445 1647 dus,
2488 1581 2543 1636 in
2589 1581 2778 1651 quinto
2825 1579 3036 1636 decimo
3083 1576 3295 1651 prolicit
3346 1576 3773 1634 ascendentibus.
3822 1578 3902 1638 Ad

2325 1673 2643 1729 charitatem
2668 1672 2814 1728 enim
2840 1687 2873 1726 a
2903 1670 3168 1727 discordia
3196 1669 3504 1726 fraternitas
3524 1668 3695 1724 divisa
3719 1684 3902 1726 rever~

644 1759 701 1812 in
726 1757 915 1810 unum!
934 1753 1081 1811 Sicut
1100 1761 1412 1826 unguentum
1438 1754 1493 1808 in
1521 1754 1705 1824 capite,
1729 1754 1864 1825 quod
1885 1754 2145 1810 descendit
2161 1758 2217 1811 in
2247 1764 2297 1828 Β
2322 1764 2469 1832 mur,
2500 1771 2557 1820 et
2594 1762 2729 1818 nunt
2752 1778 2939 1819 omnes
2982 1762 3109 1819 boni
3131 1761 3226 1832 qui
3270 1760 3487 1816 fuerant
3523 1774 3713 1816 omnes
3745 1760 3895 1815 mali.

644 1849 858 1905 barbam
879 1890 894 1915 ,
944 1846 1156 1904 barbam
1199 1846 1406 1913 Aaron;
1456 1846 1591 1917 quod
1650 1845 1910 1899 descendit
1959 1847 2014 1899 in
2076 1864 2223 1901 oram

643 1942 929 1997 uestimenti
973 1942 1104 2011 ejus.
1148 1939 1296 1995 Sicut
1342 1956 1428 1994 ros
1469 1937 1702 1993 Hermon
1746 1940 1831 2009 qui
1872 1938 2129 1993 descendit
2164 1942 2222 1995 in

644 2042 871 2091 montem
893 2032 1041 2087 Sion.
1069 2031 1324 2096 Quoniam
1351 2032 1458 2086 illic
1482 2031 1745 2085 mandavit
1775 2029 2027 2085 Dominus
2071 2031 2221 2087 bene-

645 2125 937 2192 dictionem,
960 2133 1010 2181 et
1030 2125 1185 2180 vitam
1212 2140 1370 2196 usque
1396 2124 1452 2177 in
1480 2124 1742 2178 saeculum.

1204 2225 1636 2269 COIIENTARIUI.

714 2317 773 2373 In
800 2316 973 2388 primo
992 2316 1201 2393 cantico
1221 2314 1479 2383 graduum
1508 2314 1668 2385 positi
1689 2313 1742 2368 in
1770 2313 2082 2383 captivitate
2107 2314 2221 2370 cla-

642 2422 852 2463 mamus
890 2406 1206 2461 tribulantes
1254 2406 1322 2460 ad
1350 2405 1537 2470 Deum,
1567 2413 1623 2460 et
1656 2402 1873 2465 exaudit
1894 2419 2012 2459 nos.
2040 2404 2100 2459 In
2127 2420 2217 2460 se-

640 2497 817 2555 cundo
836 2496 1005 2567 gradu
1032 2495 1100 2551 ad
1120 2504 1339 2552 montes
1365 2494 1551 2552 oculos
1569 2494 1879 2559 levavimus,
1904 2494 2046 2550 unde
2071 2495 2220 2551 venit

640 2588 897 2643 auxilium
949 2586 1178 2653 Domini,
1209 2602 1316 2656 quo
1356 2584 1688 2641 custodimur
1741 2584 1809 2639 ab
1856 2585 2005 2640 omni
2051 2585 2213 2661 malo.

640 2676 824 2733 Tertio
851 2676 1016 2746 gradu
1036 2674 1383 2731 ascendentes
1400 2675 1642 2730 venimus
1660 2674 1729 2730 ad
1746 2673 1964 2731 domum
1983 2675 2213 2731 Domini.

640 2766 901 2833 Quartum
948 2765 1170 2834 gradum
1220 2766 1473 2834 aggressi,
1522 2766 1708 2821 oculos
1752 2780 1888 2835 quos
1914 2763 1982 2820 ad
2008 2773 2218 2821 montes

637 2854 1024 2924 Ievaveramus,
1050 2867 1177 2913 tunc
1205 2858 1499 2913 levavimus
1529 2858 1597 2913 ad
1626 2858 1812 2915 cmlos.
1843 2858 1902 2914 In
1921 2860 2110 2929 quinto
2130 2861 2215 2915 in-

640 2949 882 3003 venimus
934 2949 1333 3018 persecutiones
1389 2948 1693 3013 hominum,
1743 2959 1799 3004 et
1851 2948 2215 3005 defensionem

639 3040 754 3096 Dei.
787 3040 847 3096 In
897 3050 1052 3097 sexto
1099 3042 1380 3096 haereticos
1405 3039 1735 3095 declinantes
1775 3040 1828 3095 in
1870 3040 2212 3109 obligatione,

2325 1856 2485 1912 Modo
2511 1855 2673 1912 dicite
2706 1854 2856 1921 mihi,
2879 1852 3009 1926 quid
3036 1852 3364 1910 convenistis
3403 1865 3591 1907 omnes
3634 1850 3688 1907 in
3737 1863 3899 1907 unum

2323 1966 2441 2017 vos,
2480 1949 2573 2021 qui
2600 1947 2795 2004 fratres
2830 1946 3207 2013 nominamini,
3234 1953 3329 2000 aut
3354 1942 3497 2000 unde
3531 1943 3662 1999 estis
3689 1958 3897 2009 omnes,

2321 2041 2536 2108 fratres,
2575 2038 2861 2097 ostendite.
2898 2039 2975 2094 De
3011 2053 3141 2104 uno,
3179 2038 3373 2108 inquit,
3396 2034 3557 2091 Patre
3579 2034 3815 2100 Christo,
3846 2045 3898 2091 et

2322 2134 2391 2190 de
2438 2148 2542 2189 una
2585 2139 2761 2189 matre
2804 2130 3066 2188 Ecclesia.
3110 2129 3238 2186 Ideo
3280 2144 3409 2199 ergo
3453 2129 3802 2185 convenimus
3845 2130 3898 2186 in

2321 2231 2505 2291 unum,
2536 2224 2789 2294 quianos
2814 2237 3001 2279 servos
3025 2221 3342 2291 agnovimus
3364 2220 3597 2277 Domini.
3619 2219 3786 2275 Datur
3802 2235 3897 2275 no~

2320 2317 2404 2373 bis
2430 2329 2767 2386 responsum,
2794 2320 2850 2369 et
2875 2312 3069 2369 dicitur
3095 2329 3110 2365 :
3142 2310 3296 2368 Nunc
3327 2323 3456 2380 ergo
3481 2310 3604 2379 quia
3638 2310 3693 2364 in
3735 2324 3896 2366 unum

2321 2408 2647 2466 convenistis
2674 2422 2879 2471 omnes,
2904 2405 3207 2461 benedicite
3234 2403 3536 2469 Dominum,
3566 2418 3771 2469 omnes,
3816 2405 3896 2458 in-

2319 2500 2455 2570 quit,
2484 2498 2625 2555 servi
2648 2496 2878 2553 Domini.
2909 2492 2977 2550 Et
3002 2496 3127 2566 quia
3153 2500 3336 2566 potest
3358 2493 3483 2559 dici,
3511 2508 3697 2549 omnes
3718 2493 3896 2549 homi-

2320 2605 2418 2647 nes
2449 2589 2591 2647 servi
2617 2588 2830 2644 Domini
2856 2594 2999 2653 sunt,
3036 2584 3315 2656 respondit
3352 2602 3365 2638 :
3397 2583 3511 2654 Ego
3552 2584 3703 2641 vobis
3729 2586 3895 2642 servis

2318 2680 2460 2747 dico,
2489 2679 2582 2749 qui
2606 2678 2759 2735 statis
2778 2678 2833 2733 in
2860 2676 3023 2733 domo
3042 2674 3277 2739 Domini,
3299 2675 3392 2747 qui
3418 2675 3689 2731 meruistis
3716 2666 3893 2744 ingrel

2318 2774 2373 2831 di
2391 2772 2630 2838 domum,
2660 2770 2715 2825 in
2740 2784 2849 2840 qua
2875 2768 3163 2838 requth
3190 2766 3330 2823 Deus
3369 2781 3493 2821 cum
3532 2766 3718 2822 amicis
3760 2767 3890 2833 suis,

2317 2873 2374 2920 et
2399 2862 2646 2935 epulatur
2681 2875 2804 2916 cum
2841 2858 3099 2930 apoétolis
3125 2858 3251 2915 suis.
3302 2855 3415 2912 Soli
3442 2869 3571 2925 ergo
3606 2856 3643 2911 ii
3669 2856 3890 2912 benedi-

2319 2964 2444 3013 cent
2466 2954 2770 3019 Dominum,
2821 2951 2914 3021 qui
2953 2951 3097 3006 intus
3141 2950 3195 3004 in
3237 2946 3400 3004 domo
3440 2948 3614 3003 sunt?
3642 2947 3777 3014 Non,
3809 2948 3892 3002 in-

2316 3046 2452 3117 quit,
2479 3044 2581 3101 soli
2601 3043 2724 3115 ipsi,
2751 3041 2847 3098 sed
2864 3048 2921 3097 et
2945 3039 2982 3096 ii
3002 3040 3094 3111 qui
3120 3037 3295 3094 adhuc
3313 3038 3369 3093 in
3397 3038 3548 3094 atriis
3568 3036 3756 3093 domus
3774 3054 3893 3094 con-

638 3133 880 3205 prazcipit
908 3133 1167 3187 Dominus
1196 3130 1352 3186 tradi.
1385 3130 1444 3185 In
1472 3131 1700 3200 septimo
1723 3130 1911 3200 gradu,
1968 3130 2091 3187 facti
2129 3147 2218 3186 su-
2242 3141 2292 3207 ο
2319 3138 2531 3194 sistunt.
2563 3134 2632 3189 Et
2657 3149 2773 3201 vos,
2804 3148 2839 3189 ο
2866 3131 3254 3196 catechumeni,
3281 3138 3337 3185 et
3361 3145 3478 3197 vos,
3510 3129 3698 3200 inquit,
3728 3130 3819 3198 qui
3839 3130 3891 3187 in

637 3239 757 3279 mus
780 3224 1041 3287 laetantes,
1063 3223 1155 3292 qui
1173 3222 1443 3277 fueramus
1470 3229 1596 3276 ante
1621 3221 1912 3293 plorantes.
1944 3220 2001 3276 In
2023 3229 2214 3279 octavo

637 3312 824 3383 gradu,
872 3309 1227 3368 aediﬁcantem
1262 3311 1482 3368 domum
1508 3319 1770 3375 sanctam,
1819 3327 1924 3365 non
1949 3311 2216 3367 habentem

637 3402 895 3458 maculam
939 3418 1099 3474 neque
1135 3418 1320 3472 rugam
1350 3400 1567 3473 (Ephes.
1606 3401 1697 3472 v),
1729 3401 2028 3456 invenimus
2060 3401 2216 3457 Chri-

636 3502 798 3549 stum.
830 3493 887 3549 In
936 3508 1080 3549 nono
1106 3493 1275 3562 gradu
1304 3492 1531 3548 vidimus
1550 3493 1801 3551 timentes
1826 3492 2128 3559 Dominum,
2158 3501 2215 3550 et

636 3584 971 3641 ambulantes
999 3584 1054 3640 in
1082 3585 1181 3641 viis
1205 3583 1340 3654 ejus.
1365 3583 1422 3639 In
1449 3583 1658 3640 decimo
1677 3584 1845 3654 gradu
1866 3585 2010 3656 passi
2031 3601 2215 3642 sumus

638 3693 863 3751 pugnas,
894 3685 951 3734 et
968 3677 1024 3732 in
1042 3676 1311 3747 adjutorio
1337 3675 1436 3733 Dei
1460 3676 1736 3733 victoriam
1756 3677 2015 3747 cepimus.
2037 3676 2095 3732 In
2123 3694 2217 3733 un-

636 3768 844 3826 decimo
871 3767 1040 3839 gradu
1067 3775 1269 3824 tantam
1299 3768 1721 3826 misericordiam
1771 3767 1869 3824 Dei
1895 3770 2211 3837 invenimus,

639 3870 699 3918 ut
742 3878 839 3935 per
866 3863 1038 3933 ipsam
1060 3861 1442 3917 redimeremur
1469 3860 1537 3915 ab
1564 3860 1809 3916 omnibus
1849 3860 2217 3930 iniquitatibus

635 3956 853 4011 nostris.
883 3952 944 4010 In
969 3952 1288 4009 duodecimo
1308 3950 1477 4020 gradu
1522 3951 1819 4006 invenimus
1845 3958 2214 4021 contemptum

635 4044 839 4110 mundi,
888 4045 944 4099 in
969 4055 1079 4114 quo
1128 4058 1238 4099 non
1282 4042 1549 4096 exaltatur
1569 4056 1665 4096 cor
1684 4048 1942 4095 nostrum.
1976 4041 2033 4095 In
2055 4043 2215 4100 tertio

635 4137 846 4193 decimo
872 4136 1040 4207 gradu
1067 4134 1214 4190 illum
1259 4147 1421 4202 quem
1473 4133 1529 4188 in
1573 4132 1811 4203 Ephrata
1853 4132 2209 4201 audieramus,

637 4230 937 4285 invenimus
964 4229 1017 4282 in
1052 4227 1255 4297 campis
1280 4226 1443 4281 silvas.
1476 4225 1552 4281 lbi
1581 4227 1881 4282 invenimus
1905 4227 2097 4283 Filium
2117 4227 2214 4283 Dei

638 4336 761 4375 cum
787 4320 986 4375 sanctis
1012 4320 1123 4373 suis
1167 4317 1525 4373 exsultatione
1548 4316 1923 4373 exsultantem.
1951 4319 2029 4373 Ibi
2057 4334 2213 4389 para-

528 4442 531 4445 »
639 4420 749 4464 tam
776 4411 1046 4465 lucernam
1064 4410 1277 4480 plenam
1298 4408 1420 4463 oleo
1449 4408 1661 4474 Izetitize,
1694 4408 1994 4465 vincentem
2015 4410 2211 4467 obscu-

2316 3228 2469 3284 atriis
2491 3226 2682 3283 domus
2701 3224 2797 3281 Dei
2823 3224 2992 3281 nostri
3011 3223 3185 3289 statis,
3206 3230 3262 3278 et
3288 3221 3431 3278 intus
3450 3221 3653 3290 ingredi
3681 3237 3788 3276 non
3807 3237 3892 3276 ain

2314 3319 2472 3385 detis,
2502 3326 2557 3375 et
2582 3333 2680 3373 vos
2718 3316 2877 3372 simul
2904 3314 3145 3372 extollite
3187 3330 3377 3369 manus
3412 3323 3623 3369 vestras
3652 3312 3792 3369 intus
3829 3314 3884 3369 in

2314 3419 2498 3471 sancta
2522 3418 2851 3475 sanctorum,
2882 3417 2938 3465 et
2968 3409 3128 3464 simul
3166 3406 3467 3463 benedicite
3503 3405 3809 3473 Dominum,
3839 3407 3891 3463 in

2317 3503 2514 3562 vexillo
2559 3505 2734 3561 crucis
2773 3503 3011 3559 levantes
3059 3509 3272 3557 sanctas
3318 3515 3528 3565 manus,
3568 3501 3687 3555 sine
3726 3501 3805 3555 ira
3840 3508 3891 3558 et

2314 3597 2700 3669 disceptatione
2725 3596 2778 3651 in
2798 3602 2957 3651 nocte
2984 3593 3141 3663 hujus
3169 3591 3367 3659 saeculi,
3389 3601 3643 3662 tanquam
3670 3592 3891 3647 lumina-

2315 3690 2395 3746 ria
2436 3689 2695 3755 lucentes,
2744 3695 2801 3741 ut
2846 3700 2944 3757 per
2986 3687 3086 3740 vos
3131 3682 3479 3739 benedicatur
3522 3680 3775 3737 Dominus
3819 3696 3890 3740 ex

2315 3777 2466 3842 Sion,
2490 3777 2585 3847 qui
2610 3775 2736 3831 fecit
2755 3775 2950 3831 caelum
2978 3782 3035 3830 et
3059 3780 3280 3840 terram,
3308 3774 3401 3843 qui
3427 3781 3609 3843 regnat
3635 3772 3690 3827 in
3712 3785 3884 3827 saecu-

2316 3868 2364 3922 la
2392 3867 2727 3923 saeculorum.
2759 3866 2950 3920 Amen.

2774 3954 3086 4012 PSALMUS
3122 3952 3402 4010 CXXXIV.

2981 4045 3229 4101 Alleluia.
3384 4038 3390 4046 ’

2386 4138 2620 4194 Laudate
2645 4154 2831 4193 nomen
2859 4136 3092 4202 Domini,
3124 4136 3351 4203 laudate,
3390 4134 3541 4201 serui,
3589 4132 3884 4189 Dominum.

2317 4228 2416 4294 Qui
2441 4229 2591 4284 statis
2612 4229 2668 4283 in
2696 4227 2847 4284 domo
2866 4226 3099 4290 Domini,
3128 4228 3184 4281 in
3211 4227 3359 4280 atriis
3379 4225 3558 4279 donnts
3580 4221 3680 4278 Dei
3706 4223 3887 4279 nostri.

2314 4319 2551 4375 Laudate
2588 4317 2869 4374 Dominum
2906 4318 3028 4389 quia
3055 4315 3215 4372 bonus
3243 4314 3520 4379 Dominus,
3566 4312 3771 4385 psallite
3796 4328 3890 4365 no-

2314 4414 2440 4467 mini
2467 4412 2577 4482 ejus
2604 4414 2844 4484 quoniam
2883 4426 3055 4464 suave.
3106 4406 3362 4472 Quoniam
3397 4404 3562 4462 Iacob
3604 4405 3755 4477 elegit
3796 4403 3889 4457 sibi

635 4502 850 4557 ritatem
876 4499 1077 4565 mundi,
1108 4506 1168 4553 ut
1214 4498 1305 4568 qui
1345 4508 1499 4553 erant
1518 4500 1751 4555 tenebris
1772 4502 2081 4571 urgentibus
2100 4501 2210 4556 dis-
2236 4508 2289 4569 Ι)
2315 4504 2585 4568 Dominus,
2627 4501 2796 4557 Israel
2842 4502 2895 4554 in
2937 4500 3308 4571 possessionem
3342 4498 3461 4553 sibi.
3507 4493 3645 4562 Quia
3680 4512 3773 4567 ego
3801 4511 3889 4549 co-

633 4592 820 4665 juncti,
869 4598 925 4646 et
951 4605 1049 4662 per
1072 4588 1477 4646 aediﬁcationem
1530 4591 1771 4662 superba:
1800 4592 1960 4648 turris
1987 4608 2018 4648 a
2043 4608 2102 4648 se
2128 4594 2209 4648 in-

633 4684 807 4739 vicem
826 4682 1077 4752 separati,
1108 4695 1249 4739 nunc
1267 4695 1456 4737 omnes
1482 4683 1805 4738 conveniant
1832 4684 1886 4738 in
1934 4699 2118 4749 unum,
2148 4695 2210 4740 ut

630 4774 764 4831 illud
807 4774 1007 4829 malum
1042 4772 1323 4829 consilium
1370 4772 1465 4829 Dei
1492 4773 1715 4830 consilio
1742 4775 2063 4845 probaretur
2089 4790 2208 4831 esse

630 4874 950 4923 correctum.
974 4864 1174 4921 Videas
1191 4873 1407 4921 sanctus
1426 4864 1674 4936 Spiritus,
1696 4866 2044 4922 exclamavit:
2069 4865 2208 4923 Ecce

630 4976 790 5033 quam
833 4960 1035 5017 bonum
1063 4961 1138 5015 et‘
1167 4974 1328 5029 quam
1352 4958 1642 5028 jucundum
1667 4960 1909 5016 habitare
1937 4959 2129 5016 fratres
2152 4961 2208 5016 in

632 5051 821 5108 unum!
846 5050 1056 5108 Habent
1081 5051 1224 5107 enim
1249 5056 1573 5119 unguentum
1598 5050 1916 5117 chrismatis,
1949 5050 2093 5119 quod
2113 5050 2208 5106 de-

576 5132 583 5159 ³
630 5144 839 5198 scendit
865 5143 933 5199 de
955 5145 1131 5215 capite
1157 5143 1212 5200 in
1238 5142 1479 5208 barbam,
1511 5142 1614 5196 hoc
1640 5149 1742 5207 est,
1773 5142 1841 5197 de
1892 5140 2103 5197 Christo
2152 5144 2206 5197 in

630 5231 935 5288 virtutibus.
950 5232 1099 5289 Sicut
1116 5234 1259 5291 enim
1269 5233 1447 5304 capilli
1460 5232 1652 5302 capitis
1661 5240 1715 5287 et
1734 5231 1912 5287 barbae
1935 5241 2207 5302 unguento

630 5322 997 5391 infunduntur,
1052 5327 1133 5381 sic
1178 5328 1401 5382 virtutes
1453 5341 1661 5391 omnes,
1692 5340 1811 5394 qua:
1852 5332 2040 5380 contra
2078 5324 2207 5379 vitia

628 5414 903 5470 luctantur
924 5416 1185 5484 quotidie,
1214 5424 1273 5472 ut
1299 5419 1514 5474 vincere
1540 5417 1771 5482 valeant,
1801 5414 2001 5473 Christi
2027 5416 2204 5472 infun-

568 5542 571 5543 ν
629 5505 831 5563 duntur
848 5504 1066 5561 auxilio.
1097 5505 1233 5562 Nota
1255 5516 1433 5563 tamen
1451 5508 1769 5564 Chrismatis
1795 5515 2128 5563 sacramenta
2148 5507 2203 5562 in

632 5606 906 5668 querito
930 5597 1140 5667 capitis,
1162 5606 1219 5654 et
1243 5612 1425 5653 rorem
1448 5598 1687 5655 Hermon
1716 5599 2127 5656 descendentem
2149 5599 2203 5653 in

631 5698 867 5747 montem
920 5690 1071 5758 Sion,
1136 5691 1203 5747 ad
1264 5690 1425 5747 fontis
1489 5692 1687 5748 undam
1750 5708 1901 5761 aqum
1955 5692 2204 5762 perennis

2312 4597 2463 4669 gnavi
2498 4594 2635 4667 quod
2662 4610 2878 4665 magnus
2908 4602 2983 4647 est
3009 4590 3281 4657 Dominus,
3324 4600 3375 4645 et
3402 4588 3543 4644 Deus
3571 4595 3747 4644 noster
3780 4600 3889 4658 pro

2314 4685 2547 4743 omnibus
2568 4685 2685 4740 diis.
2720 4684 2907 4739 Omnia
2944 4699 3254 4756 quacunque
3292 4682 3449 4737 voluit
3486 4678 3741 4735 Dominus
3770 4678 3889 4750 {scit

2309 4779 2366 4832 in
2394 4778 2519 4832 caelo
2544 4777 2667 4831 etin
2692 4784 2850 4837 terra,
2880 4776 2934 4829 in
2962 4775 3095 4828 mari
3113 4774 3233 4828 etin
3248 4772 3481 4828 omnibus
3500 4769 3717 4842 abyssis.
3744 4767 3887 4823 Edu-

2313 4887 2432 4925 cens
2451 4866 2606 4922 nubes
2635 4864 2700 4921 ab
2724 4876 2954 4921 extremo
2976 4875 3146 4929 terrae,
3182 4866 3390 4936 fulgura
3418 4865 3474 4917 in
3492 4864 3717 4933 pluviam
3747 4862 3885 4932 fecit.

2317 4958 2419 5025 Qui
2444 4958 2689 5031 produxit
2726 4965 2899 5013 ventos
2938 4958 3002 5011 de
3047 4956 3301 5010 thesauris
3344 4956 3471 5021 suis,
3520 4955 3605 5027 qui
3641 4954 3891 5024 percussit

2309 5052 2651 5124 primogenita
2698 5047 2948 5120 Egypti,
2996 5046 3060 5101 ab
3098 5048 3303 5102 homine
3327 5063 3481 5119 usque
3509 5046 3579 5099 ad
3606 5062 3782 5116 pecus.
3816 5042 3885 5098 Et

2308 5144 2448 5198 misit
2474 5144 2625 5215 signa
2651 5149 2702 5196 et
2728 5140 2965 5211 prodigia
2984 5139 3040 5193 in
3068 5138 3236 5193 medio
3258 5139 3351 5201 tui,
3386 5136 3634 5208 As'ggpte,
3660 5137 3723 5189 in
3748 5134 3890 5188 Pha-

2307 5252 2520 5290 raonem
2542 5244 2593 5288 et
2628 5236 2684 5288 in
2712 5250 2887 5288 omnes
2912 5248 3085 5287 servos
3112 5231 3246 5301 ejus.
3297 5227 3398 5294 Qui
3437 5229 3689 5300 percussit
3716 5238 3889 5299 gentes

2306 5326 2515 5387 multas,
2545 5330 2594 5378 et
2615 5322 2802 5376 occidit
2824 5337 2969 5394 reges
2991 5322 3169 5392 fortes.
3191 5318 3334 5375 Seon
3361 5334 3534 5389 regem
3562 5316 3890 5370 Amorrth-

2308 5434 2442 5482 rum,
2472 5426 2521 5470 et
2550 5415 2629 5487 0g
2650 5430 2818 5485 regem
2842 5412 3039 5478 Busan,
3058 5421 3110 5467 et
3127 5411 3487 5481 omniasregna
3515 5406 3789 5463 Chanaan.
3823 5407 3891 5462 Et

2309 5507 2450 5562 dedit
2472 5515 2662 5560 terram
2699 5522 2875 5560 eorum
2906 5504 3283 5565 hwreditatem,
3326 5500 3681 5557 hereditatem
3720 5499 3890 5555 Israel

2310 5598 2496 5671 populo
2517 5614 2629 5652 suo.
2658 5596 2901 5663 Domine,
2932 5612 3115 5651 nomen
3140 5603 3282 5648 tuum
3307 5595 3363 5647 in
3388 5599 3635 5646 internum
3660 5608 3677 5655 ;
3708 5589 3891 5643 Domi-

2314 5706 2397 5754 ne.
2428 5689 2721 5749 memoriale
2743 5698 2883 5743 tuum
2910 5690 2964 5743 in
3004 5686 3384 5761 generationem
3406 5692 3457 5737 et
3483 5683 3885 5752 generationem.
3965 5668 3971 5675 ’
