4244 6258
400 345 500 405 557

1305 351 1769 441 COMMENTARII
1805 355 1874 410 IN
1909 355 2236 416 PSALMOS.
2282 359 2470 418 PSAL.
2513 365 2766 424 CXXXV.

3570 378 3676 432 558

403 466 537 534 Quia
556 464 814 536 iudicabit
835 465 1085 521 Dominus
1103 468 1346 539 populum
1367 485 1533 535 suum,
1558 478 1607 524 et
1625 473 1680 525 in
1702 475 1858 526 servis
1879 474 1986 526 suis
2011 475 2066 536 Δ
2089 476 2293 534 scilicet
2319 481 2541 537 consilia
2568 494 2898 557 respuentes,
2922 496 2978 544 et
2996 488 3092 545 Dei
3113 489 3334 546 consilia
3356 492 3676 562 amplecten-

401 558 781 630 deprecabitur.
811 559 1104 615 Simulacra
1128 563 1356 632 gentium
1391 573 1661 634 argentum
1698 576 1750 620 et
1777 583 1979 635 aurum,

403 668 563 723 opera
601 669 847 705 manuum
870 652 1151 707 hominum.
1186 651 1258 707 0s
1299 653 1492 708 habent
1540 664 1590 710 et
1627 674 1730 712 non
1770 659 1986 732 loquen-

405 752 504 810 tur,
532 744 706 799 oculos
727 743 911 800 habent
932 753 982 798 et
999 762 1103 799 non
1124 745 1384 800 videbunt.
1415 749 1578 803 Aures
1595 749 1781 806 habent
1803 760 1852 806 et
1878 771 1983 809 non

404 841 634 905 audient,
660 857 820 914 neque
845 841 982 895 enim
1018 851 1096 896 est
1113 843 1326 913 spiritus
1351 846 1404 897 in
1431 861 1521 898 ore
1539 848 1788 918 ipsorum.
1822 848 1985 904 Simi-

401 933 474 986 les
504 932 608 988 illis
630 933 765 1003 ﬁant
781 935 867 1004 qui
890 933 1087 1006 faciunt
1110 952 1192 1000 ea,
1236 943 1286 989 et
1313 952 1489 991 omnes
1526 941 1610 1010 qui
1637 941 1903 1010 conﬁdunt
1929 944 1985 998 in

399 1027 496 1080 eis.
529 1025 726 1080 Domus
746 1024 935 1092 Israel,
966 1026 1247 1083 benedicite
1281 1027 1541 1097 Domino;
1574 1032 1754 1086 domus
1782 1037 1980 1101 Aaron,

395 1117 678 1172 benedieite
700 1116 954 1185 Domino;
981 1118 1184 1174 Domus
1223 1120 1367 1186 Levi,
1399 1122 1684 1177 benedicite
1723 1123 1980 1191 Domino;

387 1211 478 1283 qui
521 1211 707 1267 timetis
728 1209 1030 1277 Dominum,
1077 1211 1360 1267 benedicite
1398 1212 1640 1268 Domino.
1671 1212 1980 1271 Benedictus

383 1301 646 1358 Dominus
674 1318 742 1357 e:c
762 1300 896 1356 Sion
921 1304 1008 1374 qui
1037 1303 1237 1356 habitat
1267 1305 1323 1357 in
1348 1302 1658 1358 Jerusalem.
1695 1292 1701 1298 ’

969 1409 1404 1450 (ΞΟΙΙΕΝΤΔΒΠΙΜ.

443 1486 616 1541 Scala
646 1485 749 1541 ista
787 1483 939 1553 cujus
967 1492 1128 1554 caput
1152 1485 1405 1555 pertingit
1445 1487 1498 1540 in
1528 1487 1720 1541 caelum
1749 1487 1978 1556 quinde-

373 1580 498 1636 cini
522 1577 719 1646 gradus
761 1576 926 1631 habet
954 1575 1008 1646 in
1037 1575 1274 1645 quinque
1301 1577 1452 1632 libris
1481 1576 1669 1648 Moysi,
1719 1586 1774 1632 et
1801 1579 1855 1632 in
1884 1579 1979 1635 de.

377 1687 505 1728 cem
532 1669 817 1741 prmeeptis
845 1667 1014 1735 legis:
1037 1667 1114 1721 ibi
1140 1667 1277 1738 lapis
1304 1667 1371 1722 ad
1400 1677 1563 1738 caput
1589 1667 1756 1724 Jacob
1783 1679 1978 1729 unctus

381 1770 480 1828 est,
513 1760 606 1815 hic
631 1759 805 1830 ipsum
833 1765 993 1828 caput
1019 1766 1238 1813 unctum
1268 1758 1336 1814 ad
1363 1775 1454 1815 ros
1482 1759 1719 1816 Hermon
1739 1761 1977 1818 destina-

2065 572 2335 644 -tes.‘lpsc
2362 576 2506 631 enim
2535 579 2713 634 omnia
2741 597 3073 652 quzecuuque
3100 582 3270 638 voluit
3298 583 3422 640 fecit
3450 587 3502 640 in
3531 588 3670 643 cmlo

2083 672 2139 718 et
2166 664 2222 718 iu
2250 673 2410 732 terra,
2443 668 2496 722 in
2527 669 2662 724 mari
2684 672 2812 726 etin
2839 673 3063 744 abyssis.
3094 674 3215 745 Ipse
3244 677 3398 731 nobis
3417 678 3672 748 produxit

2082 755 2252 813 nubes
2279 757 2347 812 ab
2375 761 2630 816 extremis
2656 771 2834 830 terrae,
2865 764 2918 819 id
2943 772 3046 831 est,
3093 766 3252 822 ﬁnem
3281 768 3538 826 facientes
3561 779 3670 827 ter-

2082 847 2226 902 renis
2253 852 2726 920 occupationibus;
2750 855 2848 910 hos
2874 856 3039 911 veluti
3067 858 3238 914 nubes
3266 861 3484 915 exhibet
3511 877 3667 918 mune

2081 936 2151 994 do
2176 957 2188 991 :
2216 949 2439 1010 propter
2459 943 2601 1011 quod
2640 953 2695 1000 et
2723 945 2930 1015 fulgura
2960 948 3013 1002 in
3042 949 3276 1019 pluviam
3305 949 3450 1018 fecit,
3482 954 3535 1009 id
3563 964 3662 1022 est,

2083 1037 2140 1084 ut
2169 1031 2220 1084 in
2252 1032 2372 1101 igne
2399 1031 2642 1104 fulgureo
2680 1038 2965 1094 interﬁciat
2994 1040 3285 1110 inimicum,
3311 1050 3366 1098 et
3386 1044 3523 1098 unda
3549 1046 3667 1116 plus

2081 1125 2182 1178 via:
2209 1125 2391 1180 abluat
2417 1138 2778 1196 peccatorem.
2827 1130 2897 1184 Et
2923 1132 3045 1200 quis
3071 1134 3176 1189 hoc
3209 1134 3382 1190 facit?
3424 1135 3517 1192 Ille
3551 1138 3666 1194 sine

2081 1216 2260 1282 dubio,
2291 1219 2383 1296 qui
2410 1220 2655 1290 producit
2683 1231 2871 1279 ventos
2905 1224 2974 1280 de
3001 1225 3268 1283 thesauris
3307 1229 3437 1294 suis,
3468 1230 3519 1285 id
3559 1238 3662 1296 est,

2081 1295 2355 1377 apostolos
2377 1309 2444 1365 de
2468 1313 2711 1368 sensibus
2739 1315 2868 1369 suis.
2897 1315 3046 1372 Sicut
3073 1318 3215 1372 enim
3240 1320 3389 1374 venti
3418 1321 3660 1387 navibus,

2078 1398 2152 1453 ita
2181 1401 2411 1470 apostoli
2437 1403 2733 1459 animabus.
2765 1404 2950 1462 Ventis
2976 1405 3245 1472 ﬂantibus,
3277 1424 3440 1465 naves
3467 1411 3536 1466 ad
3564 1412 3660 1467 de-

2078 1491 2309 1547 siderata
2338 1495 2682 1564 pertingunt;
2713 1506 2770 1552 et
2795 1499 3052 1568 apostolis
3081 1500 3513 1570 praedicantibus,
3546 1504 3660 1558 ani-

2078 1582 2264 1645 mzefad
2283 1575 2553 1638 Christum
2581 1587 2676 1655 qui
2703 1595 2787 1642 est
2815 1602 2942 1643 vere
2962 1597 3171 1658 portus,
3197 1591 3536 1660 perveniunt.
3561 1591 3661 1659 Qui

2078 1673 2344 1740 percussit
2389 1675 2744 1744 primogenita
2775 1677 2830 1731 in
2857 1693 3018 1734 cruce
3063 1680 3290 1748 positus,
3341 1689 3390 1736 et
3435 1681 3507 1739 ita
3537 1698 3661 1752 per-

2077 1763 2261 1828 cussit,
2289 1771 2348 1818 ut
2373 1781 2481 1819 non
2509 1765 2731 1832 homini,
2768 1783 2876 1822 non
2897 1768 3089 1838 pecudi
3118 1769 3365 1826 crederet
3389 1785 3506 1826 esse
3532 1787 3660 1842 par-

381 1863 495 1910 tum
524 1860 630 1919 est,
651 1866 759 1907 non
788 1852 855 1908 ad
880 1866 1040 1907 omne
1067 1867 1158 1907 ros
1184 1850 1440 1908 Hermon.
1475 1852 1588 1908 Ros
1609 1855 1751 1909 enim
1775 1858 1975 1912 montis
2002 1846 2052 1907 Β
2076 1854 2326 1909 cendum.
2396 1854 2664 1926 Quidquid
2731 1860 2873 1914 enim
2939 1859 3250 1931 Egyptium
3314 1871 3397 1919 est
3414 1905 3429 1931 ,
3504 1865 3660 1926 simul

381 1960 482 2016 per
511 1943 798 2000 circuitum
824 1943 986 1998 habet
1011 1943 1330 2009 descensus;
1373 1960 1474 1999 nos
1500 1945 1570 1999 ad
1597 1946 1728 2001 illud
1769 1963 1860 2002 ros
1887 1957 1972 2002 at-

383 2036 660 2104 tingimus,
685 2034 830 2104 quod
855 2034 1132 2090 descendit
1158 2035 1211 2089 in
1233 2043 1470 2091 montem
1498 2035 1648 2104 Sion,
1674 2039 1850 2093 solum
1873 2040 1973 2095 hu-

383 2129 472 2200 jus
499 2129 640 2184 roris
679 2127 880 2183 fontem
908 2136 1031 2197 post
1069 2136 1398 2196 unguentum
1445 2129 1748 2186 chrismatis
1787 2135 1970 2202 requi-

382 2228 588 2285 rentes,
619 2219 796 2290 quiin
839 2227 1076 2274 montem
1104 2209 1257 2285 Sion,
1300 2219 1354 2273 id
1391 2229 1491 2284 est,
1536 2221 1590 2276 in
1632 2223 1970 2279 altitudinem

381 2313 520 2368 situs
573 2310 825 2366 Ecclesiae
875 2310 1091 2381 proﬂuit
1139 2312 1306 2377 venis,
1355 2322 1410 2367 et
1454 2314 1528 2368 ita
1560 2313 1877 2372 Trinitatem
1915 2318 1969 2373 in

379 2421 487 2461 una
526 2402 736 2460 Deitate
773 2404 1066 2473 conjungit,
1111 2413 1169 2459 ut
1213 2412 1269 2460 et
1314 2413 1423 2461 tres
1473 2421 1598 2461 vere
1635 2407 1808 2463 dicam
1850 2424 1970 2465 esse

376 2512 659 2568 personas,
685 2504 740 2551 et
770 2512 932 2550 uuam
958 2511 1088 2552 vere
1115 2496 1291 2552 dicam
1331 2513 1451 2553 esse
1477 2499 1850 2555 substantiam.
1879 2501 1968 2557 Sic

374 2591 520 2645 enim
550 2588 796 2644 laudatur
824 2603 855 2642 a
883 2589 1054 2643 servis
1083 2589 1362 2645 Dominus.
1395 2587 1485 2644 Sic
1512 2605 1708 2644 nomen
1730 2589 1846 2658 ejus
1869 2607 1966 2646 ve-

278 2697 286 2706 ’
372 2696 434 2738 re
462 2679 731 2736 laudabile
755 2679 1097 2750 praedicatur,
1141 2694 1263 2734 cum
1306 2681 1361 2734 in
1403 2678 1666 2734 Trinitate
1687 2681 1882 2745 unitas,
1915 2689 1971 2736 et

372 2776 427 2831 in
463 2774 674 2829 unitate
715 2771 949 2827 Trinitas
989 2788 1086 2828 ore
1113 2771 1328 2838 dicitur,
1379 2779 1434 2826 et
1473 2781 1693 2842 pectore
1720 2775 1967 2829 contine-

373 2877 462 2922 tur
489 2885 503 2921 :
540 2875 669 2921 tunc
695 2866 983 2920 asserimus
1009 2865 1264 2935 quoniam
1281 2865 1468 2921 bonus
1500 2875 1554 2921 et
1600 2867 1862 2937 benignus
1887 2879 1968 2924 est

371 2957 666 3022 Dominus;
689 2971 813 3010 nam
827 2956 874 3010 si
894 2956 996 3010 sibi
1011 2955 1271 3025 majorem
1290 2963 1499 3026 partem
1519 2956 1743 3014 Deitatis
1761 2959 1968 3015 dicatur

372 3051 541 3104 Pater
569 3062 866 3111 assumere,
895 3056 986 3102 aut
1013 3047 1236 3117 gradum
1262 3047 1366 3104 sibi
1391 3064 1550 3119 supra
1579 3049 1770 3105 Filium
1793 3052 1966 3106 homi-

370 3144 459 3198 nis
489 3140 785 3204 vindicare,
819 3156 925 3196 non
954 3147 1012 3196 ut
1038 3141 1213 3196 bonus
1244 3141 1508 3207 laudatur,
1539 3141 1634 3196 sed
1662 3151 1719 3196 ut
1740 3144 1966 3198 aemulus

2076 1961 2200 2000 cum
2259 1949 2500 2018 principe
2570 1948 2788 2022 Egypti
2853 1951 3100 2007 ﬂuctibus
3156 1955 3450 2024 mergitur,
3521 1958 3659 2026 perit

2075 2053 2198 2092 cum
2239 2037 2538 2103 Pharaone.
2581 2051 2637 2096 et
2682 2057 2804 2098 cum
2849 2047 3095 2102 omnibus
3139 2049 3306 2106 servis
3354 2051 3486 2118 ejus.
3524 2050 3658 2106 Cum

2075 2143 2204 2199 ergo
2258 2138 2478 2185 ventum
2525 2141 2669 2188 esset
2733 2133 2801 2189 ad
2851 2150 3043 2204 aquam
3091 2153 3210 2208 quae
3267 2139 3422 2194 nobis
3475 2140 3659 2198 salutis

2074 2221 2216 2275 viam
2245 2223 2480 2299 aperuit,
2503 2231 2558 2278 et
2585 2239 2774 2281 omnes
2797 2227 2892 2300 qui
2922 2243 3021 2284 nos
3047 2231 3506 2300 persequeuntur
3525 2245 3657 2301 ope-

2073 2311 2199 2373 ruit,
2234 2319 2360 2366 tunc
2387 2311 2621 2368 confessi
2643 2329 2828 2369 sumus
2849 2331 3043 2371 nomen
3068 2317 3275 2373 Domini
3296 2319 3350 2372 in
3377 2328 3655 2388 aeternum,

2072 2410 2128 2456 et
2153 2404 2485 2472 suscepimus
2518 2406 2830 2461 memoriale
2858 2405 2994 2476 ejus,
3025 2415 3084 2462 ut
3111 2409 3182 2464 sit
3208 2409 3262 2464 in
3291 2410 3448 2465 nobis
3476 2410 3531 2464 iu
3557 2425 3657 2464 ste-

2069 2494 2246 2549 culum
2276 2497 2455 2549 seculi
2491 2495 2769 2552 credentes
2795 2505 3075 2553 venturum
3113 2500 3393 2570 judicium,
3433 2502 3489 2556 in
3535 2516 3644 2570 quo

2069 2593 2192 2642 'cum
2216 2586 2536 2656 judicaverit
2567 2589 2715 2644 vivos
2741 2597 2797 2644 et
2823 2599 3085 2654 mortuos,
3129 2592 3182 2646 in
3223 2591 3354 2646 solis
3379 2593 3490 2648 suis
3517 2607 3649 2648 con-

2068 2679 2329 2736 solabitur
2372 2681 2565 2735 servis.
2597 2679 2788 2735 Melior
2826 2681 2968 2735 enim
2998 2681 3071 2736 ibi
3099 2681 3401 2736 invenietur
3419 2681 3654 2738 iornica~

2068 2777 2155 2823 tor
2181 2768 2534 2835 Christianus,
2554 2785 2715 2839 quam
2729 2771 3056 2826 castissimus
3085 2771 3386 2826 idololatra.
3415 2770 3648 2828 Simula—

2067 2877 2158 2916 cra
2185 2862 2328 2916 enim
2359 2863 2413 2916 in
2442 2862 2636 2931 quibus
2679 2877 2828 2932 spem
2875 2863 3081 2930 habuit,
3124 2865 3376 2920 habentia
3415 2867 3656 2927 membra

2067 2953 2249 3008 omnia
2275 2953 2392 3008 sine
2437 2968 2617 3018 sensu,
2666 2961 2722 3007 et
2768 2969 2984 3024 capsam
3031 2955 3148 3011 sine
3186 2956 3398 3026 spiritu.
3444 2955 3654 3014 Similes

2068 3043 2172 3098 illis
2201 3051 2358 3098 erunt
2385 3043 2717 3099 conlidentes
2744 3044 2800 3098 in
2842 3045 2940 3108 eis,
2991 3045 3045 3100 id
3084 3052 3186 3112 est,
3217 3046 3378 3102 simili
3411 3047 3654 3104 incendio
3732 3119 3738 3124 _

2067 3133 2462 3200 conﬂabuntur,
2490 3151 2597 3190 non
2625 3137 2758 3190 utin
2784 3136 3062 3207 aliquibus
3091 3137 3276 3193 formis
3304 3138 3652 3208 deducantur,

370 3237 796 3308 blaSphematur.
829 3234 968 3289 Nihil
997 3234 1207 3305 ergogin
1228 3233 1340 3290 Deo
1360 3234 1533 3303 majus
1548 3243 1654 3300 est,
1681 3237 1806 3305 quia
1826 3251 1965 3292 nun;
1987 3216 2036 3281 ε
2068 3223 2164 3279 sed
2205 3233 2264 3280 ut
2307 3235 2511 3279 aeterno
2557 3234 2942 3282 consumantur
2978 3227 3242 3283 incendio.
3294 3227 3421 3284 Sola
3465 3230 3654 3288 domus

370 3345 533 3401 quam
562 3329 798 3384 senescit
826 3325 1004 3382 Pater.
1036 3326 1178 3381 Nihil
1206 3327 1382 3382 minus
1409 3327 1462 3381 in
1493 3326 1791 3397 Filio,quia
1819 3345 1961 3383 nun-

368 3436 529 3490 quam
561 3420 778 3475 crescit.
812 3417 914 3474 Ubi
941 3419 1086 3473 enim
1113 3418 1288 3487 majus
1331 3419 1530 3488 aliquid
1558 3427 1614 3474 et
1653 3421 1827 3476 minus
1856 3428 1958 3488 est,

371 3520 425 3566 et
450 3511 648 3582 majori
669 3509 940 3566 defectum
963 3510 1202 3564 minatur
1237 3508 1612 3576 grandaevitas,
1644 3517 1699 3565 et
1736 3512 1964 3580 pollice-

373 3613 456 3660 tur
499 3613 635 3660 :etas
684 3604 876 3660 minori
919 3601 1242 3674 profectum.
1283 3601 1378 3657 llis
1416 3603 1669 3670 gradibus
1713 3603 1966 3661 divinitas

371 3704 540 3764 caret,
584 3696 711 3766 quia
754 3711 865 3751 non
909 3700 994 3749 est
1035 3691 1182 3748 Deus
1227 3699 1528 3763 temporum
1574 3693 1863 3763 posterior.
1906 3693 1964 3748 Si

371 3791 513 3845 enim
536 3798 776 3860 tempora
807 3789 985 3858 aliqua
1006 3795 1132 3842 ante
1159 3785 1331 3841 Deum
1358 3785 1594 3851 fuerunt,
1617 3783 1821 3840 facitmt
1839 3800 1963 3840 eum

369 3882 636 3952 majorem
663 3882 756 3950 qui
775 3879 934 3936 Pater
962 3887 1045 3936 est
1065 3887 1121 3934 et
1146 3879 1411 3934 minorem
1430 3894 1554 3934 eum
1574 3879 1666 3948 qui
1686 3878 1872 3935 Filius.
1905 3878 1963 3936 Si

375 3989 504 4029 vero
535 3980 660 4028 ante
686 3974 865 4028 omnia
891 3974 1121 4041 genitus,
1153 3979 1364 4041 tempus
1389 3968 1464 4024 illi
1495 3985 1833 4040 nequaquam
1864 3986 1962 4040 po-

376 4065 478 4120 tuit
505 4064 878 4120 necessitatem
906 4064 1200 4134 imponere,
1233 4063 1359 4133 quia
1389 4069 1446 4116 ut
1473 4071 1616 4118 esset
1640 4071 1851 4134 tempus
1891 4062 1960 4116 ab

373 4171 442 4211 eo
471 4156 698 4226 sumpsit
721 4153 1014 4210 exordium.
1046 4152 1134 4209 Sic
1160 4167 1290 4221 ergo
1320 4154 1436 4208 laus
1472 4152 1684 4207 Domini
1723 4153 1961 4208 celebra-

372 4255 476 4313 tur,
501 4247 557 4303 in
586 4261 692 4316 qua
715 4244 872 4300 laude
898 4245 1195 4300 canendum
1237 4252 1338 4310 est,
1369 4244 1628 4315 quoniam
1654 4241 1823 4298 Jacob
1842 4242 1956 4297 ele-

366 4337 441 4406 git
467 4336 570 4392 sibi
597 4335 876 4391 Dominus.
908 4333 1078 4400 Hunc,
1122 4336 1311 4405 inquit,
1344 4335 1524 4403 elegit,
1571 4334 1661 4404 qui
1700 4333 1957 4403 supplan-

369 4436 446 4482 tat
473 4427 851 4498 voluptuosum
879 4426 1184 4491 consilium,
1221 4436 1276 4482 et
1296 4427 1437 4481 hunc
1463 4426 1626 4480 habet
1655 4425 1708 4478 in
1737 4439 1952 4493 posses-

367 4519 594 4585 sionem,
618 4518 710 4589 qui
732 4517 930 4574 mundo
961 4518 1126 4573 corde
1152 4517 1332 4572 studet
1363 4515 1532 4572 Deum
1565 4516 1763 4570 videre.
1799 4513 1951 4569 Sicut

2064 3315 2232 3371 Israel
2261 3315 2314 3370 in
2359 3315 2441 3370 his
2479 3317 2572 3385 qui
2601 3316 2802 3372 mundo
2829 3317 2993 3372 corde
3021 3317 3204 3374 vident
3247 3317 3438 3384 Deum,
3472 3320 3521 3375 id
3553 3329 3654 3386 est,

2066 3406 2122 3460 in
2172 3405 2434 3476 apostolis
2468 3405 2687 3462 fundata
2733 3407 2848 3478 ipsa
2886 3409 3215 3476 liberabitur,
3261 3411 3314 3464 in
3343 3426 3446 3482 qua
3491 3411 3653 3467 domo

2064 3496 2334 3552 benedicit
2363 3497 2541 3553 Aaron
2572 3498 2628 3552 iu
2665 3499 3050 3565 sacerdotibus,
3082 3508 3136 3555 et
3164 3499 3293 3555 Levi
3315 3500 3370 3553 in
3397 3502 3652 3556 ministris

2064 3603 2189 3643 cum
2215 3588 2300 3642 his
2323 3588 2415 3656 qui
2438 3588 2629 3642 timent
2658 3589 2963 3653 Dominum,
3006 3589 3060 3643 id
3088 3597 3188 3654 est,
3220 3605 3339 3644 cum
3369 3591 3514 3644 omni
3558 3606 3652 3661 ρο-

2064 3682 2193 3752 pulo
2221 3681 2543 3746 Christiano,
2573 3681 2666 3750 qui
2691 3681 2745 3734 in
2763 3680 2988 3736 canticis
3013 3679 3280 3734 Davidicis
3306 3680 3490 3750 psallit
3517 3681 3651 3736 alle-

2065 3771 2195 3838 luia,
2227 3771 2556 3827 benedicens
2601 3769 2890 3824 Dominum
2933 3785 2998 3824 ex
3042 3768 3192 3845 Sion,
3231 3770 3323 3839 qui
3368 3769 3572 3827 habitat
3599 3773 3652 3833 in

2061 3862 2378 3919 Jerusalem.
2430 3863 2582 3918 Illam
2629 3857 2910 3918 venturam
2951 3861 3018 3917 de
3065 3862 3232 3929 caelis,
3276 3864 3556 3934 prophetis
3579 3875 3650 3924 -et

2062 3957 2324 4027 apostolis
2343 3955 2787 4011 concionantibus
2813 3953 3095 4022 credimus,
3121 3955 3175 4010 in
3204 3971 3308 4026 qua
3328 3965 3518 4026 regnat
3546 3956 3650 4013 Pa-

2061 4057 2145 4104 ter
2171 4064 2293 4105 cum
2320 4048 2456 4105 Filio
2503 4057 2558 4104 et
2594 4046 2795 4119 Spiritu
2823 4056 3010 4103 sancto
3039 4063 3136 4118 per
3175 4047 3422 4104 universa
3451 4049 3645 4104 smcula

2060 4139 2400 4194 saeculorum.
2435 4139 2625 4194 Amen.

2556 4228 2872 4285 PSALMUS
2909 4227 3168 4286 CXXXV.

2594 4323 2842 4390 Alleluia,
2881 4324 3113 4379 alleluia.

2143 4413 2474 4484 Conﬁtemini
2522 4413 2748 4470 Domino
2794 4417 3038 4487 quoniam
3093 4414 3273 4479 bonus,
3320 4417 3561 4488 quoniam
3597 4417 3648 4475 in

2063 4516 2311 4561 cternum
2338 4506 2694 4562 misericordia
2738 4508 2871 4579 ejus.
2897 4505 3230 4579 Conﬁtemini
3271 4505 3380 4562 Deo
3419 4508 3648 4573 deorum,

365 4610 506 4664 enim
546 4583 714 4665 Jacob
751 4609 1125 4680 supplantator
1170 4607 1382 4671 dicitur,
1432 4608 1510 4662 sic
1565 4604 1728 4660 Israel
1770 4604 1955 4659 videns
1980 4583 2320 4672 unoniam.
2348 4595 2683 4669 Con/itemini
2725 4598 2952 4656 Domino
2993 4601 3336 4667 dominorum,
3385 4606 3646 4674 quoniam.

364 4697 548 4757 Deum.
581 4699 735 4756 Tunc
760 4693 1040 4770 cognoscit
1088 4700 1233 4770 quod
1282 4712 1505 4767 magnus
1550 4707 1633 4751 est
1674 4696 1951 4761 Dominus,

362 4807 481 4847 cum
509 4792 760 4848 habuerit
782 4790 1189 4850 mundissimum
1215 4799 1423 4861 pectus.
1449 4787 1604 4856 Quod
1621 4786 1666 4842 si
1693 4785 1954 4840 mundum

362 4898 468 4938 non
489 4882 670 4949 luerit,
698 4896 951 4951 magnum
975 4881 1050 4934 illi
1078 4880 1290 4936 videtur
1317 4880 1422 4934 hoc
1464 4877 1716 4932 saeculum
1735 4915 1748 4940 ,
1781 4883 1837 4928 et
1862 4885 1955 4929 aut

363 4988 618 5044 personas
659 4956 962 5037 mirabitur,
996 4980 1089 5027 aut
1115 4971 1543 5042 pulchritudines
1585 4969 1798 5022 illicitas
1840 4976 1953 5024 stu-

364 5064 526 5135 pebit.
554 5063 690 5120 Cum
715 5079 842 5120 vero
883 5062 1113 5118 mundus
1139 5061 1300 5118 fuerit
1327 5061 1557 5126 animus,
1591 5058 1722 5112 nihil
1745 5056 1952 5127 judicat

362 5155 746 5222 admirandum,
774 5156 874 5210 nisi
902 5154 1078 5210 solum
1103 5154 1294 5219 Deum,
1325 5153 1542 5208 ethunc
1569 5165 1679 5222 pra:
1702 5149 1951 5204 omnibus

360 5247 457 5302 diis
483 5246 836 5302 admirabitur
862 5243 1051 5300 Deum.
1084 5243 1367 5312 Quomodo
1397 5259 1507 5314 prte
1536 5242 1784 5315 omnibus
1813 5240 1949 5294 diis?

357 5337 554 5394 Cautus
580 5344 831 5395 cantator
877 5336 1134 5392 ausculta.
1159 5334 1258 5390 Dii
1297 5335 1523 5406 gentium
1568 5332 1848 5394 dwmonia,
1893 5329 1950 5382 hi

358 5432 533 5486 mirari
563 5447 664 5487 nos
682 5431 874 5486 volunt
891 5429 1316 5501 pulchritudines
1335 5428 1620 5499 perituras,
1651 5425 1800 5480 verbi
1819 5438 1949 5478 cau-

355 5540 432 5588 sa,
460 5528 514 5580 in
540 5526 774 5590 mmniis,
809 5525 861 5579 in
890 5525 1156 5596 personis,
1200 5524 1253 5578 in
1282 5521 1468 5590 gloriis
1498 5519 1702 5585 mundi,
1733 5518 1789 5572 in
1816 5531 1946 5571 con-

355 5617 694 5686 cupiscentiis
724 5617 978 5687 fugitivis.
1027 5615 1162 5672 Cum
1209 5629 1340 5686 ergo
1385 5629 1497 5685 pra:
1526 5611 1776 5668 omnibus
1803 5612 1946 5664 hunc

314 5767 322 5793 |
351 5703 522 5763 Deum
557 5717 803 5766 nostrum
829 5717 1030 5764 aeterna
1061 5707 1229 5764 nobis
1255 5704 1631 5793 ostendentem
1661 5701 1942 5774 amplecti-

356 5800 496 5866 mur,
522 5807 655 5855 tunc
671 5815 796 5858 eum
821 5815 930 5872 pra:
957 5800 1208 5859 omnibus
1226 5798 1328 5854 diis
1354 5790 1702 5859 honoramus,
1731 5794 1944 5853 illorum

1295 5905 1505 5934 ⁸-..1νν

2060 4689 2162 4757 Qui
2214 4693 2336 4764 fecit
2360 4690 2619 4756 mirabilia
2667 4709 2860 4762 magna
2895 4695 3056 4756 solus,
3102 4695 3365 4765 quoniam.
3400 4692 3503 4759 Qui
3529 4697 3647 4766 fecit

2056 4783 2211 4838 calas
2237 4784 2294 4835 in
2313 4781 2593 4846 intellectu,
2617 4784 2880 4854 quoniam.
2912 4779 3013 4847 Qui
3031 4783 3256 4853 ﬁrmavit
3284 4794 3474 4840 terram
3499 4802 3647 4855 super

2057 4891 2241 4945 aquas,
2270 4874 2530 4946 quoniam.
2560 4871 2662 4938 Qui
2693 4876 2814 4947 fecit
2837 4874 3118 4930 luminaria
3145 4894 3354 4948 magna,
3380 4878 3642 4947 quoniam.

2058 4965 2232 5022 Solem
2253 4967 2308 5019 in
2321 4973 2624 5036 potestatem
2648 4965 2770 5030 diei,
2794 4969 3057 5040 quoniam.
3092 4966 3295 5021 Lunam
3325 4972 3375 5018 et
3395 4965 3570 5018 stellas
3592 4965 3645 5017 in

2059 5067 2360 5130 potestatem
2389 5060 2575 5124 noctis,
2616 5060 2882 5130 quoniam.
2918 5056 3019 5121 Qui
3061 5057 3307 5127 percussit
3356 5053 3644 5126 Egyptum

2056 5170 2170 5207 cum
2217 5153 2575 5225 primogenitis
2628 5167 2823 5216 eorum,
2873 5150 3133 5222 quoniam.
3173 5145 3240 5198 In
3264 5162 3422 5200 manu
3451 5150 3643 5218 potenti

2055 5253 2105 5297 et
2127 5242 2336 5298 brachio
2362 5244 2582 5308 excelso,
2615 5240 2876 5314 quoniam.
2908 5235 3008 5300 Qui
3052 5235 3222 5289 diuisit
3245 5251 3390 5290 mare
3411 5235 3642 5292 Rubrum

2055 5337 2111 5390 in
2135 5336 2431 5402 divisiones,
2463 5335 2726 5407 quoniam.
2772 5329 2843 5383 Et
2868 5328 3046 5382 eduxit
3075 5326 3246 5382 Israel
3294 5346 3385 5400 per
3417 5331 3640 5386 medium

2053 5427 2185 5497 ejus,
2217 5427 2478 5497 quoniam.
2513 5422 2582 5476 Et
2609 5421 2831 5475 excussit
2852 5418 3185 5474 Pharaonem
3199 5429 3249 5474 et
3267 5423 3502 5476 virtutem
3531 5427 3641 5493 ejus

2051 5517 2106 5571 in
2131 5518 2265 5570 mari
2295 5513 2488 5578 Rubro,
2506 5510 2783 5583 quoniam.
2818 5505 2919 5573 Qui
2949 5506 3184 5565 traducit
3229 5511 3472 5582 populum
3495 5528 3638 5564 suum

2052 5626 2144 5680 per
2172 5608 2448 5671 desertum,
2476 5602 2737 5675 quoniam.
2784 5599 2886 5667 Qui
2912 5605 3163 5674 percussit
3211 5619 3357 5673 reges
3389 5600 3637 5671 magnos,

2052 5700 2316 5772 Quoniam.
2338 5695 2407 5750 Et
2428 5693 2614 5750 οοεὶἀὶι
2642 5710 2786 5773 reges
2812 5697 2995 5767 fortes,
3021 5694 3283 5766 quoniam.
3311 5691 3450 5747 Seon
3474 5705 3636 5759 regem

2055 5791 2486 5854 Amorrhteorum.
2526 5789 2795 5859 quoniam.
2852 5786 2923 5841 Et
2953 5783 3033 5857 09
3074 5801 3244 5854 regem
3273 5783 3476 5848 Busan,
3513 5797 3627 5851 φω-
