4244 6258
1066 285 1123 297 Α

570 398 693 459 839

1895 382 2164 440 ARNOBII
2202 380 2501 438 JUNIORIS

3728 372 3831 425 540

576 520 733 575 uiam.
766 515 836 571 Et
862 514 1001 570 dedit
1026 521 1214 567 terram
1256 524 1433 563 eorum
1462 504 1835 568 hmaditatem,
1882 500 2141 573 quoniam.
2176 494 2565 565 LQuicunque
2620 493 2761 547 enim
2808 490 3001 544 viderit
3053 489 3212 543 Dem»
3260 490 3312 541 in
3357 486 3561 541 Christo
3588 487 3837 542 mundum

578 608 946 664 Hmaditatem
973 600 1143 656 Israel
1186 616 1331 654 servo
1359 615 1471 665 suo,
1516 597 1778 670 quoniam.
1814 590 1950 658 Quia
1975 593 2031 645 in
2070 590 2160 643 Itu-

578 698 792 752 mih’tate
815 701 994 749 nostra
1013 708 1210 746 mmor
1229 691 1329 762 fuit
1348 688 1533 752 nostri,
1558 685 1820 758 quoniam.
1853 681 1923 735 Et
1946 680 2165 736 redemit

579 802 672 843 nos
692 786 757 840 ab
798 784 1023 839 inimicis
1045 782 1253 844 nostris,
1286 780 1549 852 quoniam.
1585 773 1686 839 Qui
1714 774 1805 827 dat
1831 788 2000 827 escam
2019 771 2165 825 omni

580 878 744 938 carni,
770 875 1031 948 quoniam.
1059 869 1388 940 Con/iternini
1415 866 1545 933 Deo,
1576 864 1709 930 ctuti,
1739 862 2000 935 quoniam.
2024 858 2164 915 Con-

583 967 797 1040 ﬁtemini
846 963 1073 1018 Domino
1112 961 1455 1023 dominorum,
1519 956 1761 1028 quoniam
1812 955 1871 1008 in
1915 961 2163 1008 internum

582 1057 936 1115 misericordia
966 1056 1097 1126 ejus.

625 1172 633 1175 -
1166 1136 1601 1180 οοιιειηλιιιυι.
1630 1175 1637 1196 ι
1882 1190 1893 1199 Χ

654 1242 914 1297 Venimus
940 1239 1010 1293 ad
1039 1237 1251 1292 allciuia
1280 1235 1423 1305 quod
1450 1233 1648 1303 duplex
1675 1230 1945 1295 scribitur,
1975 1228 2033 1282 in
2056 1241 2166 1296 quo

586 1333 715 1389 illud
743 1331 1048 1394 considero,
1078 1327 1222 1397 quod
1250 1341 1351 1380 nec
1378 1341 1506 1380 caro
1551 1324 1671 1379 sine
1695 1322 1893 1385 anima,
1921 1334 2027 1373 nec
2051 1317 2168 1371 ani-

587 1437 671 1480 ma
694 1424 812 1478 sine
838 1435 1003 1477 carne
1026 1417 1227 1489 poterit
1254 1416 1480 1470 Domino
1506 1410 1769 1469 confiteri.
1801 1409 1923 1464 Duo
1950 1421 2079 1476 ergo
2111 1408 2168 1461 in

588 1529 755 1570 unum
800 1511 909 1566 duo
957 1508 1170 1565 eliciuia
1215 1506 1520 1569 decentem,
1553 1510 1613 1557 ut
1650 1502 1779 1557 dum
1817 1505 1942 1555 sunt
1978 1498 2032 1552 in
2060 1512 2169 1551 uno

588 1605 710 1660 vitae
738 1602 901 1672 hujus
924 1599 1175 1663 transitu,
1206 1594 1495 1653 conﬁtendi
1544 1592 1787 1649 ordinem
1815 1597 2053 1653 teneant,
2084 1586 2167 1642 di-

588 1704 675 1752 cat
720 1708 847 1749 caro
892 1691 1105 1746 alleluia
1134 1704 1309 1753 suum,
1340 1686 1481 1741 dicat
1535 1684 1711 1738 annua
1758 1674 1932 1737 suurn.
1964 1679 2171 1749 Duplex

589 1785 752 1843 homo
778 1792 880 1858 est,
914 1783 1112 1854 duplex
1152 1780 1365 1836 alleluia
1412 1784 1515 1834 est.
1564 1776 1801 1844 Uterque
1841 1771 2172 1829 confitemini

2262 588 2620 644 conciliantem
2641 583 2740 638 sibi
2761 582 2804 655 (l
2824 580 2943 637 Cor.
2966 580 3042 653 v),
3062 580 3229 635 israel
3248 580 3437 645 factus,
3463 586 3652 650 utpote
3671 580 3837 635 Deum

2259 681 2465 745 videns,
2520 677 2767 734 educitur
2810 675 2878 730 de
2931 682 3075 729 terra
3122 671 3345 744 Egypti
3378 687 3539 742 quam
3578 675 3841 743 percussit

2262 773 2537 830 Dominus.
2566 770 2637 825 Et
2654 767 2925 839 quomodo
2946 766 3197 837 ejicitur‘ll
3214 765 3273 820 ln
3292 781 3475 832 manu,
3494 765 3687 836 inquit,
3719 766 3841 823 forti

2263 873 2321 923 et
2344 865 2568 921 brachio
2596 862 2829 919 excelso.
2860 858 3058 929 Utique
3103 859 3159 912 in
3198 857 3481 913 altitudine
3501 858 3698 913 crucis
3733 858 3847 912 ele-

2249 966 2391 1021 ,vato
2412 957 2654 1022 brachio,
2698 969 2808 1024 quo
2836 951 3073 1008 excussit
3100 948 3437 1005 Pharaonem
3462 957 3518 1005 et
3549 949 3845 1005 exercitum

2266 1050 2402 1122 ejus,
2426 1050 2479 1105 id
2508 1055 2609 1115 est,
2639 1047 2693 1102 in
2743 1046 2958 1118 abysso,
2985 1043 3078 1098 ubi
3103 1049 3323 1098 aeterna
3344 1042 3585 1097 tenebrae
3608 1057 3849 1098 commo-

2265 1149 2454 1198 rantur
2472 1141 2528 1196 iu
2548 1139 2687 1194 sinu.
2714 1136 2782 1191 Et
2810 1134 3105 1190 trausducit
3133 1133 3387 1204 populum
3410 1148 3565 1188 suum
3590 1133 3646 1187 in
3666 1132 3850 1188 deser-

2266 1239 2401 1298 tum,
2429 1231 2677 1295 videlicet
2705 1228 2772 1283 ad
2816 1227 3096 1283 consilium
3124 1227 3193 1281 ab
3227 1226 3475 1281 omnibus
3502 1225 3650 1281 curis
3676 1241 3847 1281 since»

2269 1324 2474 1379 laribus
2502 1323 2737 1376 alienum
2770 1338 2783 1372 :
2808 1320 2880 1374 ibi
2897 1328 2952 1373 et
2979 1317 3159 1373 educit
3184 1331 3379 1385 aquam
3407 1315 3477 1371 de
3503 1324 3659 1386 petra
3678 1316 3843 1387 rupis,

2270 1422 2327 1469 et
2354 1413 2586 1484 percutit
2613 1412 2872 1467 adversus
2902 1424 3025 1464 eum
3067 1415 3301 1462 armatas
3325 1416 3512 1475 gentes
3551 1408 3764 1474 multas,
3797 1408 3849 1463 id

2273 1512 2373 1568 est,
2397 1503 2755 1572 cogitationes
2782 1501 3012 1569 iniquas,
3044 1506 3100 1554 et
3118 1513 3271 1567 reges
3297 1500 3481 1565 fortes,
3505 1499 3559 1554 id
3583 1507 3681 1563 est,
3701 1500 3850 1570 prin-

2273 1595 2420 1665 cipes
2447 1592 2589 1647 aeris
2611 1590 2771 1660 hujus
2798 1589 3001 1644 mundi.
3035 1587 3102 1643 Et
3130 1588 3272 1643 Seon
3302 1603 3483 1658 regem
3508 1574 3854 1645 Amorrbteo-

2272 1699 2410 1739 rum.
2442 1680 2784 1737 Amorrhaeos
2831 1678 3098 1735 Hebraico
3142 1693 3392 1733 sermone
3440 1686 3727 1742 extraneos
3773 1680 3855 1734 ius

2275 1781 2663 1844 terpretantur.
2686 1771 2888 1839 Regem
2909 1785 3040 1839 ergo
3070 1768 3520 1836 Amon'bzeorum,
3546 1769 3605 1828 id
3627 1778 3730 1833 est,
3761 1785 3856 1829 ομ

591 1874 839 1942 Domino,
879 1875 1055 1945 primo
1076 1873 1332 1943 quoniam
1367 1871 1560 1935 bonus,
1592 1874 1647 1923 et
1675 1872 1861 1936 postea
1890 1864 2031 1919 bona
2060 1862 2176 1917 βυο-
2202 1867 2252 1929 Β
2278 1873 2606 1931 traneorum,
2644 1863 2900 1919 interﬁcit
2923 1862 3201 1918 Dominus.
3228 1862 3296 1917 Et
3320 1876 3502 1932 regem
3527 1863 3718 1919 Busan.
3749 1862 3859 1919 Da.-

591 1971 662 2025 rit
688 1965 959 2024 confessio
981 1963 1104 2018 ﬁdei
1125 1970 1343 2018 nostrae.
1367 1959 1519 2015 Tunc
1537 1958 1779 2014 dicamus
1801 1973 1814 2010 :
1840 1953 1899 2008 in
1920 1953 2173 2011 secutum

592 2056 959 2115 misericordia
988 2054 1123 2124 ejus.
1154 2053 1271 2108 Non
1300 2058 1483 2123 potest
1512 2049 1697 2120 perire
1739 2046 2007 2103 confessio
2036 2044 2171 2114 ejus,

596 2150 765 2221 quiin
796 2148 903 2202 isto
927 2145 1124 2201 saeculo
1150 2157 1249 2199 sua
1283 2143 1482 2198 delicta
1511 2132 1748 2195 accusat.
1779 2136 2021 2191 Inveniet
2060 2134 2178 2190 sine

594 2240 757 2295 dubio
782 2239 1039 2309 pientem
1067 2235 1187 2301 Dei,
1215 2234 1308 2304 qui
1342 2247 1501 2297 suam
1519 2231 1570 2286 ei
1596 2228 1993 2295 conkssionem
2016 2227 2176 2281 obtu-

595 2332 718 2388 lerit
758 2349 772 2385 :
805 2331 851 2387 si
902 2329 1143 2400 quotidie
1189 2328 1419 2398 accipiat
1467 2322 1863 2381 confessionem
1915 2326 2175 2386 nostram,

595 2423 837 2494 quotidie
862 2438 1012 2477 suam
1046 2421 1203 2477 nobis
1231 2419 1527 2475 bonitatem
1557 2415 1815 2485 impartit.
1847 2412 1914 2467 Et
1939 2413 1986 2467 si
2010 2425 2107 2467 nos
2126 2411 2181 2465 in

596 2514 902 2571 conﬁtendo
931 2529 1038 2569 non
1065 2511 1392 2576 deﬁciamus,
1421 2507 1692 2579 quomodo
1719 2505 1812 2561 ille
1836 2505 1891 2559 in
1919 2504 2181 2558 miseren-

598 2606 668 2662 do
695 2604 971 2662 cessabit?
1001 2603 1368 2666 Peccavimus,
1398 2614 1595 2671 negare
1622 2614 1730 2654 non
1753 2611 2056 2669 possumus,
2088 2594 2185 2648 ba-

599 2695 789 2752 bemus
811 2693 979 2750 'multa
1008 2701 1247 2765 peccata.
1279 2693 1449 2749 Aliter
1476 2692 1557 2747 eis
1583 2706 1694 2745 non
1732 2688 2052 2754 carebimus,
2083 2684 2185 2740 nisi

601 2788 843 2860 quotidie
898 2796 957 2842 ut
993 2786 1150 2842 nobis
1175 2786 1532 2841 dimittantur.
1564 2783 1847 2839 Dominum
1878 2793 2183 2836 exoremus.

500 2866 505 2871 ’
602 2878 876 2948 Siquidem
904 2876 1023 2945 eius
1063 2875 1309 2932 doctrina
1337 2875 1425 2941 sit,
1458 2872 1674 2928 Dimitte
1722 2869 1869 2927 nobis
1896 2868 2068 2924 debita
2092 2883 2188 2923 no-

603 2975 710 3020 stra
738 2965 952 3037 (Matth.
984 2965 1080 3036 Vt).
1105 2964 1474 3021 Conﬁteamur
1514 2980 1612 3019 nos
1638 2963 1910 3018 debitores
1933 2959 2184 3027 debitori,

502 3110 509 3113 _
604 3071 727 3110 nam
757 3065 813 3110 et
838 3072 937 3112 nos
964 3057 1236 3113 debitores
1277 3072 1463 3113 sumus
1488 3055 1622 3119 Deo,
1655 3063 1710 3111 et
1738 3055 1879 3111 Deus
1913 3062 1998 3109 est
2035 3052 2189 3108 nobis

604 3146 837 3202 debitor.
869 3146 1141 3217 Rogemus
1167 3163 1237 3203 ne
1264 3133 1723 3216 exigamur'quod
1765 3146 2042 3201 debemus.
2075 3142 2188 3199 Ro-

2276 1975 2373 2015 san
2410 1955 2737 2028 profundum
2770 1954 2982 2010 Hebraei
3017 1955 3221 2011 dicunt.
3254 1955 3323 2010 Et
3348 1970 3535 2026 mem
3560 1971 3697 2027 ergo
3733 1973 3858 2029 pro.

2276 2049 2447 2117 fundi,
2478 2048 2573 2118 qui
2600 2063 2702 2103 nos
2726 2046 2796 2101 de
2822 2047 3190 2118 superioribus
3230 2047 3298 2102 ad
3326 2046 3583 2105 inferiora
3615 2050 3731 2105 vult
3766 2050 3859 2106 du-

2278 2156 2419 2207 cere,
2443 2146 2498 2195 et
2520 2140 2665 2194 hunc
2687 2138 2943 2194 interﬁcit
2968 2136 3234 2215 Christus,
3263 2148 3319 2195 et
3348 2141 3533 2196 omnia
3560 2156 3725 2211 regna
3753 2142 3863 2211 eius

2278 2233 2373 2303 qui
2397 2239 2482 2289 est
2508 2232 2696 2288 irrisor
2721 2230 3006 2299 interﬁcit;
3037 2231 3207 2288 Cbam
3231 2233 3376 2288 enim
3422 2233 3614 2289 irrisor
3641 2235 3864 2304 exponi-

2278 2332 2385 2379 tur.
2412 2322 2555 2393 Ergo
2575 2338 2699 2379 cum
2718 2324 2820 2379 hos
2844 2338 3033 2380 omnes
3050 2323 3385 2381 interfecerit
3405 2326 3565 2382 nobis
3587 2326 3864 2392 Dominus,

2281 2420 2409 2469 tunc
2434 2412 2526 2467 dat
2552 2420 2753 2468 terram
2780 2428 2992 2480 eorum,
3036 2414 3095 2468 id
3136 2421 3237 2482 est,
3270 2431 3497 2489 corpora
3551 2426 3757 2484 nostra,
3807 2419 3863 2471 in

2288 2502 2483 2572 quibus
2509 2501 2587 2556 illi
2613 2502 2931 2571 regnabant,
2954 2502 3050 2558 dat
3072 2518 3192 2558 eam
3211 2504 3369 2560 nobis
3384 2505 3441 2560 in
3457 2505 3826 2563 hereditatem
3853 2526 3866 2561 :

2284 2594 2335 2651 si
2359 2603 2539 2651 tamen
2575 2594 2703 2651 facti
2739 2594 2907 2651 israel
2926 2595 3096 2652 Deum
3126 2597 3310 2653 videre
3349 2613 3445 2670 per
3469 2598 3647 2666 ﬁdem,
3678 2610 3735 2658 et
3762 2619 3868 2661 non

2284 2703 2389 2760 per
2410 2688 2649 2759 speciem
2676 2690 2975 2759 cupiamus.
3008 2689 3201 2745 Videat
3225 2692 3488 2761 posthaec
3514 2694 3868 2753 humilitatem

2286 2788 2547 2847 nostram,
2578 2787 2635 2836 et
2652 2780 2847 2837 liberet
2875 2796 2977 2838 nos
2993 2781 3066 2837 de
3089 2797 3253 2838 manu
3272 2785 3513 2840 omnium
3535 2786 3868 2847 inimicorum

2287 2876 2615 2928 nostrorum.
2640 2870 2733 2928 Sic
2752 2872 2899 2927 enim
2917 2880 2972 2928 et
3002 2873 3057 2927 in
3079 2874 3189 2929 alio
3212 2874 3423 2946 psalmo
3443 2874 3540 2943 ait,
3568 2878 3661 2949 qui
3678 2879 3867 2935 libera.

2287 2971 2406 3019 tum
2432 2978 2493 3019 se
2521 2978 2645 3020 esse
2667 2964 2903 3020 cantavit
2934 2982 2948 3018 :
2982 2963 3299 3022 Humiliatus
3343 2984 3475 3032 sum,
3518 2970 3710 3040 inquit,
3737 2974 3868 3027 etii.

2291 3055 2486 3111 suasit
2510 3073 2595 3111 me
2623 3054 2740 3129 (Ps.
2773 3054 2939 3128 oxrv).
2956 3056 3246 3117 Videamus
3275 3060 3360 3116 isti
3379 3061 3487 3118 duo
3512 3064 3763 3120 versiculi
3782 3066 3868 3135 qui

2291 3156 2597 3218 supersunt,
2628 3163 2737 3219 quo
2763 3150 3060 3205 intendant.
3093 3150 3197 3218 Qui
3217 3153 3309 3208 dat
3335 3169 3516 3210 escam
3537 3158 3684 3212 omni
3704 3158 3869 3213 carni.

603 3250 790 3306 gemus
817 3252 886 3292 ne
913 3236 1101 3292 reddat
1128 3236 1273 3306 quod
1293 3237 1472 3292 debet.
1496 3235 1588 3290 Va:
1616 3249 1745 3304 ergo
1774 3236 1946 3301 nobis,
1972 3234 2019 3288 si
2044 3232 2190 3302 quod
2216 3234 2262 3300 6
2291 3237 2364 3295 Et
2387 3238 2717 3296 conﬁtemini
2768 3240 2882 3297 Deo
2910 3242 3052 3308 oculi,
3079 3244 3237 3312 quasi
3258 3245 3351 3312 qui
3379 3244 3526 3301 dicat
3557 3264 3571 3299 :-
3599 3246 3752 3314 Cteli,
3793 3255 3869 3304 te—

607 3328 864 3383 debemus
884 3327 1143 3395 exegerit.
1177 3327 1316 3381 Nihil
1347 3326 1498 3390 dicis,
1529 3326 1683 3395 quasi
1711 3340 1817 3380 non
1846 3324 1989 3379 Deus
2017 3323 2189 3379 omni-

607 3428 819 3493 potens,
862 3428 916 3475 et
955 3432 1120 3488 regna
1158 3418 1418 3475 calorum
1446 3418 1639 3474 debeat
1664 3432 1784 3488 quae
1809 3418 2072 3488 promisit.
2098 3416 2192 3472 Vte

607 3508 778 3579 nobis,
806 3514 850 3568 si
879 3512 1027 3582 quod
1043 3510 1538 3581 debet.reddiderit.
1571 3509 1771 3565 Verum
1798 3510 1922 3589 quia
1943 3511 2063 3581 pius
2087 3517 2187 3576 est,

608 3614 665 3662 et
690 3605 833 3661 Deus
859 3604 1083 3661 deorum
1131 3614 1233 3673 est,
1266 3612 1322 3660 et
1364 3604 1621 3659 Dominus
1649 3602 2009 3671 dominorum,
2041 3604 2193 3676 quasi

609 3698 705 3768 qui
730 3698 866 3752 nihil
891 3697 1093 3767 indiget
1112 3696 1380 3768 rogandus
1393 3682 1478 3753 est
1498 3704 1555 3751 ut
1575 3695 1828 3752 dimittat.
1852 3694 1997 3752 Sane
2024 3704 2080 3751 tu
2101 3696 2195 3765 qui

609 3790 1030 3846 misericordiam
1057 3789 1284 3860 ﬂagitas,
1331 3791 1470 3846 scias
1498 3790 1623 3859 quia
1654 3806 1761 3846 non
1801 3768 2060 3855 invenies,
2094 3789 2196 3844 nisi

610 3884 769 3939 recta:
802 3882 923 3937 iidei
973 3881 1139 3938 fueris
1184 3882 1525 3939 confessione
1576 3881 1881 3938 decoratus.
1926 3879 2196 3938 Conﬁtere

578 4024 589 4033 .
612 3990 741 4045 ergo
774 3977 915 4031 hunc
942 3991 1061 4032 esse
1089 3973 1259 4032 Deum
1283 3983 1454 4040 tuum,
1481 3975 1577 4047 qui
1602 3973 1725 4029 fecit
1744 3974 1929 4037 caelos,
1957 3974 2009 4028 in
2034 3974 2193 4028 intel-

612 4063 753 4122 lectu
787 4076 992 4133 nostro,
1025 4075 1082 4121 ut
1108 4066 1342 4135 ipsorum
1372 4064 1529 4119 nobis
1566 4063 1714 4118 solus
1742 4063 2082 4133 pulchrescat
2108 4078 2195 4117 as-

616 4165 833 4227 pectus;
865 4158 956 4227 qui
1004 4156 1242 4211 fundavit
1268 4163 1463 4209 terram
1508 4166 1674 4222 super
1701 4162 1884 4220 aquas,
1918 4160 1977 4206 ut
2003 4166 2198 4222 corpus

614 4254 856 4302 nostrum
886 4246 1025 4301 unda
1056 4246 1197 4300 sacri
1238 4243 1574 4315 baptismatis
1618 4243 1899 4306 abluatur;
1931 4243 2022 4310 qui
2071 4242 2198 4298 iecit

614 4337 893 4391 luminaria
922 4336 1030 4393 duo
1056 4351 1250 4405 magna
1280 4335 1446 4400 solus,
1473 4349 1638 4388 unum
1670 4334 1722 4388 in
1762 4333 1850 4389 die
1872 4334 1995 4389 novi
2017 4333 2199 4388 Testa-

613 4429 796 4494 menti,
826 4430 973 4498 quod
1025 4430 1165 4484 sicut
1194 4429 1279 4483 sol
1320 4428 1497 4482 radiat
1544 4428 1597 4482 in
1655 4427 1855 4482 lumine
1894 4429 2193 4497 agentibus,

613 4516 759 4570 aliud
795 4519 847 4571 in
879 4526 1036 4573 nocte
1059 4517 1275 4586 judaica
1303 4518 1763 4573 conversantibus.
1796 4517 1857 4572 in
1885 4534 2028 4575 novo
2054 4519 2197 4574 enim

616 4615 804 4676 aperte
829 4607 977 4676 quod
1026 4608 1236 4676 legitur,
1270 4610 1407 4663 sicut
1434 4609 1487 4664 in
1516 4610 1603 4664 die
1630 4610 1683 4664 in
1713 4611 1825 4680 ipsa
1851 4611 2033 4665 iittera
2068 4627 2193 4682 per—
2222 4612 2283 4675 Ι)

614 4696 875 4751 lustratur
900 4712 931 4752 a
958 4696 1191 4764 Christo,
1224 4698 1321 4768 qui
1357 4707 1441 4754 est
1466 4698 1564 4755 Sui
1584 4715 1744 4756 verus
1760 4700 1997 4770 justitite.
2025 4700 2087 4756 in
2101 4718 2197 4758 vs-

614 4788 715 4845 teri
742 4797 923 4845 autem
953 4791 1051 4846 sub
1078 4790 1269 4846 litterae
1309 4793 1561 4860 tegmine,
1586 4792 1742 4861 quasi
1783 4793 1839 4847 in
1867 4801 2027 4849 nocte
2051 4794 2196 4865 posi-

615 4886 745 4945 tum,
795 4896 827 4936 a
852 4881 998 4947 luna,
1030 4882 1084 4937 id
1111 4889 1211 4948 est,
1247 4883 1315 4937 ab
1343 4881 1585 4939 Ecclesia
1633 4883 2035 4951 manifestatur;
2081 4886 2194 4956 ipsa

611 4974 756 5030 enim
802 4982 885 5030 est
937 4975 1063 5030 luna
1092 4990 1212 5045 qua:
1247 4976 1443 5032 crescit
1488 4977 1541 5031 in
1582 4979 1800 5044 sanctis,
1848 4960 2115 5036 decrescit
2140 4982 2194 5034 in

614 5069 1009 5138 peccatoribus,
1064 5069 1207 5124 lucet
1252 5068 1310 5123 in
1350 5069 1586 5125 tenebris
1630 5071 1942 5140 ignorantite
1986 5072 2192 5142 positis,

616 5159 777 5214 habet
823 5167 879 5214 et
918 5161 1105 5216 stelhs
1137 5160 1192 5215 in
1220 5160 1470 5230 gradibus
1497 5163 1626 5219 suis.
1675 5163 1844 5217 Aliter
1871 5164 2015 5219 enim
2054 5164 2198 5220 lucet

615 5247 669 5300 in
710 5248 982 5334 episcopo,
1015 5252 1174 5307 aliter
1200 5252 1253 5306 in
1283 5253 1616 5325 presbytero,
1649 5254 1807 5307 aliter
1846 5254 1897 5308 in
1943 5254 2189 5319 diacono,

618 5336 748 5391 etin
769 5341 978 5394 actoris
1010 5342 1238 5407 clericis,
1285 5344 1337 5397 in
1364 5345 1557 5413 quibus
1579 5343 2190 5413 [immatur-Dominus,

613 5427 706 5495 qui
733 5428 995 5503 percussit
1024 5428 1314 5509 Egyptum
1362 5450 1485 5488 cum
1527 5434 1808 5511 primitivis
1849 5450 2056 5500 eorum,
2090 5443 2199 5491 ter-

614 5532 725 5572 ram
769 5516 973 5572 scilicet
998 5523 1464 5588 superstitionibus
1492 5526 1704 5595 plenam
1744 5542 1863 5581 cum
1893 5525 2191 5594 daemoniis,

615 5610 707 5679 qui
762 5609 814 5662 in
862 5622 926 5662 ea
969 5608 1169 5677 degunt
1205 5613 1339 5679 :qui
1390 5614 1515 5670 ideo
1538 5617 1881 5686 ιιι-ἱπποκοηὶιὶ
1924 5617 2191 5683 dicuntur,

615 5700 739 5769 quia
768 5697 947 5753 nullus
975 5700 1241 5756 vetustior
1266 5708 1358 5755 aut
1384 5704 1535 5773 prior
1561 5707 1614 5760 in
1644 5715 1870 5777 peccato
1896 5707 2189 5768 daemoniis.

615 5790 819 5856 Quibus
849 5792 1133 5864 percussb,
1165 5792 1407 5848 educitur
1454 5794 1623 5850 israei
1659 5798 1729 5853 de
1763 5800 1940 5856 medio
1985 5816 2190 5864 eorum.

2293 3341 2405 3388 stes
2448 3332 2578 3388 estis
2604 3333 2731 3402 quia
2774 3334 2952 3389 omnis
2993 3349 3127 3390 caro
3149 3334 3355 3402 alitum,
3388 3336 3682 3405 hostium,
3714 3354 3870 3409 pecu.

2292 3421 2439 3489 dun,
2473 3429 2639 3492 atque
2662 3424 2967 3494 repentium
3008 3440 3041 3485 a
3067 3424 3185 3482 Deo
3206 3427 3445 3496 pascitur
3476 3446 3495 3482 ει
3520 3429 3627 3485 hoc
3651 3429 3871 3486 conﬁte-

2294 3513 2428 3568 mini
2454 3528 2569 3578 vos,
2600 3529 2634 3569 ο
2653 3514 2795 3580 celi,
2826 3513 3119 3596 Dominum
3160 3515 3289 3572 dare
3316 3532 3497 3573 esum
3522 3521 3671 3575 omni
3696 3521 3871 3589 carni;

2296 3611 2392 3660 aut
2416 3618 2517 3660 vos
2540 3603 2817 3671 homines,
2839 3604 3012 3661 Deum
3038 3606 3160 3662 celi
3188 3606 3393 3679 credite
3418 3623 3637 3665 creasse
3661 3611 3873 3666 univer-

2294 3714 2374 3766 sa,
2404 3707 2462 3755 et
2482 3691 2703 3772 pascere
2728 3700 2928 3767 omnia,
2958 3715 3083 3771 quae
3113 3702 3522 3758 anathemabiﬁs
3553 3702 3873 3765 Manichacus

2296 3793 2585 3863 denegans,
2622 3808 2840 3849 carnem
2862 3809 3079 3849 omnem
3106 3793 3323 3851 diabolo
3348 3794 3474 3851 dicit
3492 3804 3710 3853 auctore
3736 3810 3873 3852 conc

2295 3892 2461 3949 stare,
2509 3892 2565 3939 et
2592 3883 2710 3953 ejus
2745 3883 3045 3940 ministerio
3086 3885 3159 3941 ad
3199 3883 3572 3957 pinguedinem
3617 3886 3870 3955 saginari.

2296 3973 2408 4031 Nos
2432 3981 2612 4030 autem
2663 3973 3020 4034 conﬁtemur
3048 3976 3195 4033 hunc
3234 3976 3409 4041 Deum
3449 3992 3569 4034 esse
3595 3977 3737 4045 emli,
3784 3980 3875 4049 qui

2297 4066 2390 4123 dat
2415 4081 2594 4121 escam
2648 4067 2797 4122 omni
2842 4068 3022 4134 carni;
3053 4075 3111 4125 et
3137 4070 3275 4135 sicut
3314 4070 3419 4126 iste
3468 4071 3711 4140 pomus
3733 4071 3873 4137 fecit,

2296 4162 2372 4217 ita
2399 4161 2674 4246 faciamus,
2708 4170 2768 4217 ut
2796 4176 2895 4233 per
2920 4163 3131 4231 singula
3170 4164 3331 4219 verba
3379 4164 3735 4221 confessionis
3782 4181 3876 4220 nor

2298 4260 2427 4309 stris
2461 4263 2741 4311 cantemus
2767 4272 2785 4302 ετ
2815 4252 3085 4322 Quoniam
3123 4256 3183 4310 in
3215 4257 3471 4312 mulum

2299 4346 2434 4415 ejus,
2466 4345 2523 4401 id
2547 4357 2650 4411 est,
2677 4345 2779 4402 Dei
2807 4348 2978 4403 nostri
3005 4346 3197 4415 Patris,
3231 4356 3287 4404 et
3314 4348 3453 4417 Filii,
3486 4352 3579 4421 qui
3606 4359 3794 4419 regnat
3820 4352 3873 4409 in

2297 4439 2501 4494 unitate
2527 4438 2769 4506 Deitatis,
2799 4448 2923 4494 ante
2946 4442 3143 4507 omnia,
3176 4450 3229 4497 et
3258 4457 3417 4508 nunc,
3467 4450 3524 4497 et
3551 4456 3783 4512 semper,
3812 4453 3867 4497 et

2298 4546 2399 4601 per
2418 4532 2599 4586 omnia
2626 4532 2821 4587 saecula
2843 4531 3179 4586 saeculorum.
3216 4530 3405 4587 Amen.

2776 4663 2854 4723 PS
2863 4664 3091 4725 ALMUS
3126 4664 3405 4731 CXXXVI.

2732 4776 2962 4843 Alleluia
2995 4779 3235 4849 psalmus
3268 4778 3456 4843 David.

2374 4886 2544 4960 Super
2565 4889 2783 4959 ﬂumina
2813 4886 3117 4962 Babylonis,
3143 4891 3253 4945 illis
3298 4891 3531 4955 redimis
3553 4901 3604 4953 et
3626 4893 3877 4962 ﬂoris-us,

2302 4978 2425 5034 dum
2451 4980 2837 5035 reoordomuur
2855 4982 2947 5044 tui,
2973 4979 3121 5037 Sion.
3149 4980 3219 5036 hs
3237 4962 3490 5041 salicibus
3504 4985 3567 5037 ita
3581 4984 3756 5038 modio
3769 4985 3880 5054 ejus

2303 5069 2659 5139 suspendimus
2685 5087 2886 5141 organa
2906 5082 3104 5126 nostra.
3140 5068 3282 5136 Quia
3312 5073 3419 5128 illic
3444 5075 3888 5146 iratamgw

2301 5174 2396 5212 nos
2418 5160 2503 5229 qui
2525 5160 2751 5229 captivos
2773 5159 3033 5215 danaum:
3048 5178 3165 5229 nos,
3193 5162 3345 5218 verba
3372 5166 3688 5227 cantionum.
3711 5165 3783 5220 Et
3800 5167 3886 5240 qui

2300 5248 2627 5305 abduxerunt
2672 5268 2787 5317 nos,
2833 5252 3077 5325 hymnum
3120 5265 3337 5312 om
3375 5256 3523 5314 nobis
3564 5260 3633 5321 de
3669 5261 3883 5314 canticis

2303 5341 2454 5397 Sion.
2489 5340 2756 5406 Quomdo
2796 5344 3123 5402 cantabimur
3146 5349 3403 5405 cautim
3431 5348 3643 5405 Βοηὶιί
3671 5353 3884 5408 inter"
