4244 6258
663 395 768 452 διδ

1979 381 2249 442 ARNOBII
2285 381 2584 440 JUNIORIS

3822 397 3934 452 546

663 521 828 577 tuam,
857 519 912 566 et
939 509 1219 566 veritatem
1256 517 1421 564 tuam.
1453 508 1592 566 Nihil
1617 507 1761 564 aliud
1805 503 2092 562 conﬁtetur
2115 502 2233 559 ani—
2256 502 2316 565 Α
2337 500 2632 558 habitauero
2660 504 2714 557 in
2743 505 2987 561 extremis
3013 507 3195 563 maris.
3227 505 3436 564 Etenim
3461 509 3588 566 ittue
3625 527 3810 568 manus
3837 497 3926 572 ιᾶα

662 620 750 659 ma
777 604 888 658 Deo
915 603 970 656 in
991 609 1282 671 conspectu
1311 601 1646 670 angelorum,
1672 598 1777 653 nisi
1814 596 2235 652 misericordiam

660 708 766 761 qua
806 691 1114 761 redemptus
1141 699 1242 758 est,
1272 699 1327 746 et
1372 705 1479 759 qua
1525 689 1765 746 eruditus
1809 695 1892 743 est
1930 687 2234 743 veritatem.

660 783 830 851 Quam
856 783 1174 838 veritatem?
1201 782 1352 839 Hanc
1367 783 1485 838 sine
1507 782 1692 847 dubio,
1720 781 1776 835 in
1802 795 1908 850 qua
1930 777 2240 849 magniﬁca-

659 883 771 930 tum
800 883 883 930 est
908 890 1068 944 super
1099 875 1282 930 omnia
1328 889 1524 930 nomen
1565 873 1682 942 ejus
1721 878 1984 927 sanctum.
2031 868 2238 925 Nomen

658 967 801 1022 enim
829 975 912 1022 est
936 967 1040 1023 hoc
1064 965 1202 1039 quod
1236 975 1492 1040 estsuper
1522 981 1672 1020 omne
1713 979 1901 1019 nomen
1930 961 2121 1034 (Phil.,
2150 960 2234 1032 rx).-

659 1056 948 1112 Videamus
975 1071 1118 1111 nunc
1157 1072 1266 1126 quo
1303 1057 1492 1112 ordine
1520 1055 1587 1110 ad
1612 1056 1718 1124 hoc
1743 1054 1915 1125 possit
1942 1053 2149 1122 attingi.
2179 1053 2237 1108 In

656 1162 992 1218 quacunque,
1016 1148 1206 1217 inquit,
1231 1147 1317 1203 die
1338 1148 1657 1203 invocavero
1678 1155 1750 1213 te,
1767 1146 2027 1201 velociter
2045 1146 2238 1201 exaudi

656 1254 760 1295 me.
792 1239 860 1294 Et
885 1241 1009 1309 quia
1037 1254 1134 1310 per
1157 1238 1519 1294 inﬁrmitatem
1545 1253 1700 1294 suam
1730 1237 1989 1293 diminuta
2008 1244 2092 1292 est
2117 1237 2236 1291 ani-

656 1345 745 1384 ma
775 1345 923 1396 mea;
956 1338 1014 1384 tu
1034 1330 1328 1400 multiplica
1352 1345 1471 1385 eam
1500 1330 1556 1383 in
1583 1329 1781 1384 virtute
1807 1337 1918 1383 tua.
1949 1328 2066 1384 Non
2093 1328 2236 1383 enim

655 1420 1096 1492 poteritseipsam
1109 1435 1299 1476 eruere
1319 1421 1494 1474 anima
1515 1419 1583 1474 de
1602 1419 1912 1489 muscipulis
1931 1419 2232 1485 occultatis,

655 1519 710 1566 et
729 1511 797 1567 de
820 1510 990 1567 foveis
1015 1512 1189 1576 caecis,
1221 1512 1274 1566 in
1303 1512 1498 1582 quibus
1525 1521 1751 1580 regnant
1778 1511 1910 1566 vitia
1937 1527 2098 1582 super
2118 1527 2232 1579 eos,

655 1601 745 1670 qui
790 1601 1095 1657 inciderunt
1137 1616 1301 1672 super
1328 1602 1424 1656 eis.
1473 1599 1544 1656 Ut
1571 1616 1700 1670 ergo
1726 1601 1957 1657 Domino
1982 1603 2235 1658 vitiorum

655 1697 964 1767 eripiamur,
1018 1698 1073 1751 in
1117 1697 1316 1752 virtute
1361 1696 1574 1752 Domini
1618 1694 1983 1760 conﬁdamus,
2026 1705 2086 1752 ut
2122 1697 2237 1768 ipse

655 1787 974 1857 multiplicet
1012 1788 1244 1842 animam
1286 1796 1527 1842 nostram
1571 1787 1628 1842 in
1667 1787 1866 1842 virtute
1910 1802 2025 1842 sua.
2055 1786 2234 1843 Conﬂ-

2341 592 2550 647 deducet
2575 611 2674 658 me,
2698 603 2750 649 et
2773 595 2960 650 tenebit
2997 614 3079 652 me
3104 599 3318 655 dextera
3345 609 3454 656 tua.
3487 601 3559 656 Et
3585 604 3700 660 dixi
3729 621 3748 660 :
3783 605 3921 663 For-

2337 685 2475 739 sitan
2501 685 2720 741 tenebras
2745 686 3112 743 conculcabunt
3140 707 3240 758 me,
3261 699 3314 745 et
3335 708 3444 748 nos:
3471 693 3781 751 ittuminatio
3809 715 3923 752 mea

2336 775 2392 828 in
2421 774 2616 830 deliciis
2643 779 2790 831 meis.
2818 775 2952 853 Quia
2981 778 3204 836 tenebrat
3222 797 3328 836 non
3353 781 3766 841 obscurabuntur
3792 804 3824 840 a
3851 797 3917 854 te,

2337 875 2388 920 et
2413 883 2519 921 nos
2535 868 2678 921 sicut
2705 868 2814 923 dies
2841 868 3236 938 illuminabitur,
3262 873 3395 928 sicut
3441 873 3660 930 teneer
3686 876 3817 946 ejus,
3845 879 3921 931 ita

2338 965 2388 1011 et
2411 957 2581 1014 lumen
2608 958 2738 1029 ejus.
2773 957 2908 1024 Quia
2954 971 3008 1016 tu
3043 962 3313 1033 possedisti
3356 983 3503 1021 renes
3548 984 3710 1036 meos,
3745 985 3921 1023 susce-

2338 1047 2464 1118 pisti
2484 1065 2567 1102 me
2588 1048 2654 1103 de
2677 1057 2822 1106 utero
2847 1054 3032 1107 matris
3057 1069 3204 1110 mete.
3235 1054 3531 1126 Confitebor
3557 1059 3649 1113 tibi
3676 1061 3921 1132 quoniam

2339 1141 2636 1198 terribiliter
2677 1146 3044 1216 magnificatus
3096 1163 3171 1213 es,
3222 1147 3486 1203 mirabilia
3530 1167 3688 1220 opera
3715 1160 3825 1215 tua.
3866 1159 3920 1206 et
3950 1145 3974 1198 κ

2336 1233 2512 1287 anima
2537 1251 2653 1289 mea
2697 1244 2968 1307 cognoscet
3012 1238 3186 1292 nimis.
3217 1236 3341 1294 Non
3391 1247 3470 1294 est
3507 1241 3816 1297 occultatum
3857 1259 3918 1298 es

2335 1340 2502 1378 meum
2528 1341 2562 1378 a
2605 1333 2655 1379 te
2680 1326 2815 1398 quod
2851 1328 3019 1398 fecisti
3053 1330 3108 1382 in
3137 1330 3362 1396 occulto,
3386 1340 3438 1384 et
3479 1332 3767 1388 substantia
3799 1352 3930 1397 mea

2334 1417 2390 1469 in
2443 1417 2777 1486 inferioribus
2824 1426 2994 1473 terras.
3051 1417 3415 1492 Imperfectum
3463 1439 3629 1477 meum
3679 1425 3916 1480 viderunt

2335 1505 2469 1560 oculi
2496 1508 2590 1570 tui,
2622 1514 2672 1560 et
2698 1509 2754 1561 in
2782 1505 2912 1562 libro
2942 1516 3026 1563 tuo
3053 1525 3228 1564 omnes
3256 1511 3554 1578 scribentur,
3577 1513 3685 1568 dies
3713 1517 3917 1587 forma-

2336 1596 2524 1650 buntur
2549 1606 2601 1650 et
2627 1613 2776 1653 nemo
2801 1600 2860 1652 in
2895 1600 2987 1654 eis.
3013 1598 3146 1654 Mihi
3183 1609 3353 1655 autem
3391 1604 3544 1659 nimis
3584 1605 3916 1677 honorificati

2337 1696 2456 1741 sunt
2483 1689 2638 1743 amici
2661 1687 2755 1754 tui,
2777 1689 2939 1766 Deus,
2963 1692 3118 1745 nimis
3144 1694 3467 1764 confortatus
3494 1705 3571 1750 est
3596 1698 3914 1766 principatus

2336 1793 2536 1833 eorum.
2567 1777 2923 1835 Dinumerabo
2960 1798 3066 1847 eos,
3100 1792 3150 1836 et
3182 1800 3337 1854 super
3363 1801 3577 1840 arenam
3607 1787 3916 1860 multiplica-

668 1884 882 1933 ιεεωιωι
925 1878 1041 1944 tibi,
1090 1877 1334 1944 nomine,
1379 1893 1568 1934 omnes
1615 1892 1770 1947 reges
1811 1883 1988 1943 teme,
2036 1878 2090 1933 id
2129 1887 2230 1947 est,
2262 1879 2312 1940 Β
2337 1871 2545 1938 buntur,
2571 1874 2844 1928 exsurrexi
2868 1882 2921 1928 et
2955 1875 3125 1930 adhuc
3165 1893 3278 1930 sum
3317 1887 3498 1932 tecum.
3546 1879 3608 1935 Si
3645 1882 3912 1950 occideris,

657 1984 845 2025 omnes
873 1968 1101 2039 apostoli
1127 1969 1286 2038 :quia
1314 1967 1542 2023 terrenis
1566 1967 1928 2038 voluptatibus
1949 1967 2234 2037 imperant,

652 2072 807 2126 reges
836 2066 992 2112 terra:
1017 2058 1124 2113 hoc
1162 2057 1281 2112 loco
1318 2057 1448 2113 dicti
1492 2065 1615 2112 sunt
1654 2057 1775 2128 ipsi,
1816 2057 1908 2126 qui
1955 2058 2236 2115 audierunt

654 2149 817 2202 verba
863 2163 934 2203 ex
977 2162 1072 2204 ore
1113 2155 1225 2214 tuo,
1255 2147 1480 2203 Domine
1505 2146 1633 2203 Jesu
1673 2145 1903 2202 Christe.
1938 2146 2044 2218 Ipsi
2071 2147 2235 2202 etiam

651 2247 873 2294 cantant
901 2240 955 2293 in
983 2237 1207 2294 canticis
1229 2238 1458 2294 Domino
1486 2238 1771 2293 canticum.
1797 2238 1938 2294 Duas
1961 2254 2048 2294 res
2067 2239 2230 2305 canit,

652 2328 810 2383 unius
836 2329 1004 2398 partis
1027 2328 1328 2392 victoriam,
1360 2329 1578 2383 alterius
1605 2327 1978 2398 perditionem.
2003 2327 2236 2385 Cantent

650 2436 798 2490 ergo,
827 2423 953 2491 quia
980 2434 1172 2489 magna
1194 2429 1278 2476 est
1313 2420 1482 2488 gloria
1505 2419 1736 2484 Domini,
1767 2419 1982 2488 quando
2029 2419 2083 2474 in
2112 2421 2234 2476 altis

650 2513 826 2568 crucis
852 2512 1116 2578 habitans,
1147 2510 1386 2581 respexit
1430 2510 1650 2564 humilia
1686 2508 2001 2574 inferorum,
2043 2517 2097 2565 et
2123 2496 2232 2566 alta

648 2603 713 2659 de
743 2604 902 2674 longe
927 2603 1200 2672 cognovit.
1229 2600 1423 2658 Postea
1444 2603 1588 2658 enim
1606 2603 1742 2657 vidit
1767 2603 1968 2658 inferos
1995 2611 2052 2659 et
2075 2604 2231 2672 longe

649 2695 819 2751 factus
847 2704 950 2762 est,
981 2711 1091 2750 non
1137 2695 1312 2751 solum
1359 2712 1390 2750 a
1423 2695 1593 2761 caelis,
1623 2695 1717 2751 sed
1762 2696 1830 2751 ab
1877 2697 1991 2767 ipsa
2037 2704 2180 2752 terra
2212 2714 2226 2750 :

647 2785 823 2858 abyssi
853 2785 1118 2857 profunda
1140 2786 1474 2842 descendens
1498 2786 1674 2850 scidit,
1717 2795 1774 2842 et
1817 2788 1941 2857 quia
1977 2787 2102 2843 inde
2144 2804 2232 2856 re-_

533 2907 552 2915 -
648 2884 944 2931 verteretur
983 2876 1051 2931 ad
1096 2891 1339 2946 superos,
1382 2883 1439 2932 et
1481 2876 1606 2947 quia
1636 2891 1666 2930 a
1695 2877 1937 2948 superbis
1964 2886 2231 2932 remearet

648 2969 715 3023 ad
744 2970 927 3024 caelos.
959 2968 1049 3024 Sic
1092 2983 1222 3038 ergo
1263 2970 1370 3023 alta
1395 2968 1463 3023 de
1511 2969 1668 3036 longe
1705 2970 1973 3038 cognovit,
2015 2969 2228 3039 quando

648 3060 982 3114 ambulantes
1010 3073 1107 3115 nos
1132 3061 1187 3114 in
1226 3059 1404 3115 medio
1439 3060 1800 3114 tribulationis
1836 3057 2106 3116 viviﬁcare
2142 3060 2226 3114 di-

645 3159 839 3221 gnatus
866 3159 948 3206 est
972 3151 1257 3217 visitando,
1281 3159 1338 3206 et
1357 3166 1519 3220 super
1536 3151 1644 3206 iras
1664 3151 2000 3208 inimicorum
2020 3159 2228 3206 nostro-

2334 1959 2498 2026 Deus,
2519 1970 2842 2032 peccatores;
2862 1965 2959 2018 uiri
2982 1968 3310 2038 sanguinum,
3334 1967 3590 2023 destinate
3611 1987 3643 2023 a
3661 1988 3759 2025 me.
3781 1970 3912 2036 Quia

2335 2048 2509 2104 dicitis
2549 2052 2604 2105 in
2630 2054 2942 2124 cogitatione
2976 2071 2994 2107 :
3027 2055 3299 2126 Accipiunt
3323 2059 3379 2111 in
3416 2060 3644 2113 vanitate
3687 2063 3912 2116 civitates

2333 2155 2474 2194 suas.
2507 2139 2700 2196 Nonne
2722 2144 2808 2216 qui
2828 2143 3047 2199 oderunt
3076 2155 3144 2211 te,
3171 2145 3406 2213 Domine,
3431 2149 3662 2216 oderam,
3693 2159 3742 2205 et
3762 2170 3913 2224 super

2332 2235 2570 2290 inimicos
2597 2245 2710 2291 tuos
2741 2236 3097 2294 tabescebam?
3124 2239 3366 2312 Perfecto
3393 2241 3513 2297 odio
3541 2243 3750 2299 oderam
3773 2245 3909 2311 illos,

2330 2327 2533 2382 inimici
2576 2330 2845 2399 factisunt
2872 2332 3017 2386 mihi.
3051 2331 3227 2387 Proba
3261 2351 3364 2401 me,
3397 2333 3568 2401 Deus,
3595 2345 3646 2391 et
3671 2341 3799 2394 scito
3827 2358 3912 2396 cor

2331 2434 2535 2484 meum;
2563 2422 2830 2493 interroga
2876 2438 2957 2476 me
3000 2431 3051 2476 et
3090 2439 3340 2494 cognosce
3387 2427 3596 2480 semitas
3632 2445 3794 2482 meas.
3842 2430 3912 2485 Et

2331 2508 2446 2562 uide
2473 2510 2518 2562 si
2545 2510 2629 2564 nia
2672 2512 2964 2584 iniquitatis
2990 2513 3045 2567 in
3085 2530 3169 2567 me
3197 2523 3301 2581 est,
3341 2524 3392 2569 et
3419 2516 3580 2571 deduc
3606 2535 3688 2574 me
3730 2522 3787 2574 in
3829 2523 3910 2576 ria

2332 2609 2545 2656 (eterna.

2342 2741 2344 2743 _
2357 2715 2366 2740 ι
2896 2690 3328 2732 οοιιιειητλιιιυι.

2401 2785 2646 2852 Domine,
2677 2788 2920 2859 probasti
2945 2803 3062 2857 me,
3103 2790 3319 2860 quando
3346 2791 3415 2846 ad
3461 2793 3706 2849 militiam
3753 2804 3895 2851 tuam

2330 2879 2532 2934 accessi
2549 2883 2568 2932 :‘
2593 2887 2650 2935 et
2675 2881 2973 2950 cognovisti
2999 2896 3086 2936 me
3106 2883 3332 2938 militem
3361 2894 3509 2940 tuum
3551 2901 3671 2943 esse
3695 2889 3904 2957 quando

2329 2973 2578 3041 pugnavi.
2611 2973 2744 3040 Quis
2768 2981 2948 3029 autem
2977 2975 3048 3030 sit
3061 2975 3216 3031 miles
3234 2975 3331 3032 Dei
3352 2976 3554 3033 iudicat
3571 2979 3903 3036 beatissimus

2328 3062 2542 3131 Paulus,
2565 3077 2688 3120 cum
2715 3065 2865 3120 illum
2893 3067 3157 3137 approbat
3181 3067 3277 3124 Dei
3309 3082 3432 3126 esse
3455 3069 3703 3138 militem,
3729 3074 3820 3141 qui
3845 3089 3902 3128 se

2328 3171 2360 3210 a
2412 3156 2641 3224 negotiis
2693 3157 3037 3215 metuaribus
3083 3159 3242 3215 tollit.
3285 3159 3488 3215 Verum
3533 3162 3791 3231 quoniam
3836 3163 3903 3218 de

646 3258 766 3298 rum
794 3241 1034 3297 extendit
1076 3257 1266 3298 manus
1309 3258 1463 3308 suas,
1506 3243 1679 3298 crucis
1723 3242 2018 3312 patibulum
2047 3243 2226 3314 perte-
2253 3239 2301 3305 C
2330 3246 2623 3302 moralibus
2649 3256 2787 3318 pene
2810 3249 3058 3305 omnibus
3094 3250 3316 3320 psalmis
3359 3251 3688 3310 instituimus
3713 3255 3904 3326 mysti-

644 3331 832 3398 rendo,
860 3332 1074 3401 quando
1100 3332 1327 3388 salvavit
1369 3348 1468 3388 nos
1493 3332 1713 3387 dextera
1759 3332 1894 3402 ejus.
1939 3332 2046 3404 Ipsi
2090 3334 2225 3390 dici-

644 3439 782 3488 mus,
817 3423 1058 3489 Domine,
1091 3423 1327 3479 retribue
1350 3432 1570 3495 propter
1590 3439 1695 3479 me.
1723 3424 1949 3496 Propter
1967 3442 2056 3482 me
2083 3428 2225 3482 enim

643 3523 699 3570 et
742 3522 899 3569 natus
927 3523 981 3569 et
1005 3529 1193 3585 passus
1220 3530 1300 3580 es,
1333 3515 1582 3581 Domine;
1625 3516 1987 3580 misericordia
2032 3525 2126 3572 tua
2170 3519 2225 3574 in

642 3615 921 3663 mternum.
953 3607 1069 3662 Non
1115 3607 1258 3662 enim
1304 3608 1587 3678 temporali
1627 3623 1726 3664 nos
1765 3608 2028 3665 beneﬁcio
2069 3611 2225 3667 rede-

640 3699 800 3764 misti,
831 3699 926 3754 sed
947 3702 1149 3754 aeterno
1189 3699 1387 3754 auxilio
1416 3707 1520 3754 tuae
1547 3700 1927 3757 misericordias
1959 3701 2218 3758 liberasti.

640 3789 812 3861 Opera
842 3806 1093 3848 manuum
1123 3799 1332 3846 tuarum
1354 3807 1464 3846 non
1493 3793 1730 3847 omittas.
1763 3791 1937 3864 Opera
1966 3811 2222 3850 manuum

641 3893 852 3940 tuarum
873 3899 1075 3948 sumus,
1099 3884 1223 3954 quia
1249 3883 1458 3940 factura
1481 3893 1572 3939 tua
1593 3901 1807 3940 sumus:
1833 3893 1887 3940 et
1913 3887 2036 3955 quia
2057 3903 2224 3957 opera

535 4034 545 4044 ,
640 3991 894 4030 manuum
925 3985 1132 4031 tuarum
1161 3988 1257 4045 per
1284 3990 1448 4046 Opera
1477 3990 1733 4029 manuum
1762 3983 2066 4030 nostrarum
2103 3977 2223 4058 fue-_

641 4078 762 4124 rant
808 4070 1158 4138 interempta,
1208 4082 1398 4122 manus
1443 4074 1549 4120 tua:
1594 4082 1694 4135 pro
1744 4067 1979 4135 peccatis
2027 4069 2223 4124 nostris

637 4159 782 4216 cruci
811 4156 984 4213 affixas
1011 4166 1155 4220 sunt,
1187 4164 1246 4212 ut
1273 4170 1440 4226 opera
1468 4171 1564 4210 sua
1592 4170 1714 4224 quae
1733 4170 1832 4225 per
1857 4156 2060 4224 lignum
2088 4142 2223 4212 οοίι-⁵

634 4251 977 4320 οιιρίεθθηῐίω
1003 4250 1292 4320 perierant,
1339 4248 1467 4317 ipsa:
1495 4263 1683 4302 manus
1705 4262 1826 4315 qua:
1852 4255 1981 4303 tunc
2005 4264 2223 4305 creave-

637 4346 778 4404 rant,
810 4339 936 4409 ipsa:
965 4354 1105 4393 nunc
1135 4353 1233 4407 per
1257 4337 1432 4391 crucis
1456 4337 1656 4404 lignum
1686 4337 1878 4391 iterum
1905 4345 2222 4408 repararent

636 4431 690 4484 in
719 4431 967 4499 passione
1011 4430 1218 4484 Domini
1270 4428 1440 4483 nostri
1480 4425 1608 4482 Jesu
1647 4425 1864 4493 Christi,
1895 4429 1987 4496 qui
2034 4437 2221 4497 regnat

635 4536 758 4575 cum
787 4520 945 4574 Patre
972 4529 1028 4574 et
1071 4520 1272 4590 Spiritu
1312 4527 1517 4584 sancto,
1546 4535 1645 4590 per
1671 4520 1848 4576 omnia
1895 4521 2085 4577 saecula
2110 4537 2218 4576 saa-

637 4614 902 4669 culorum.
939 4613 1125 4669 Amen.

1083 4703 1306 4760 PSALM
1316 4703 1398 4759 US
1422 4703 1750 4759 CXXXVIII.

643 4866 648 4868 _
1057 4795 1113 4850 In
1148 4793 1307 4850 ﬁnem
1333 4796 1570 4866 psalmus
1600 4795 1784 4850 David.

702 4888 941 4954 Domine,
972 4885 1200 4959 probasti
1220 4903 1300 4940 me
1326 4895 1375 4940 et
1393 4874 1677 4958 cognovisti
1705 4903 1816 4952 me,
1849 4896 1904 4940 tu
1931 4889 2213 4960 cognovisti

631 4981 908 5035 sessionem
935 4995 1102 5034 meam
1141 4987 1190 5032 et
1218 4979 1639 5032 resurrectionem
1679 4995 1867 5032 meam.
1902 4977 2212 5033 Intellexisti

629 5073 968 5143 cogitationes
987 5057 1222 5124 meas'de
1255 5068 1422 5140 longe,
1462 5072 1699 5123 semitam
1739 5086 1905 5123 meam
1933 5079 1981 5122 et
2010 5072 2213 5141 funicu-

629 5163 736 5216 lum
763 5179 931 5217 meum
958 5163 1297 5234 investigasti.
1327 5160 1390 5214 Et
1419 5179 1596 5215 omnes
1618 5164 1727 5215 vias
1748 5179 1890 5216 meas
1909 5163 2209 5232 prwvidisti,

629 5257 750 5326 quia
780 5272 882 5309 non
907 5265 981 5310 est
1008 5273 1172 5310 sermo
1209 5258 1264 5310 in
1312 5257 1489 5326 lingua
1526 5271 1659 5309 mea.
1693 5253 1844 5320 Ecce,
1876 5253 2117 5321 Domine,
2159 5266 2211 5310 tu

631 5346 912 5414 cognovisti
941 5349 1114 5399 omnia
1142 5347 1421 5399 novissima
1450 5353 1499 5398 et
1519 5345 1747 5414 antiqua,
1774 5353 1826 5396 tu
1853 5347 2090 5415 formasti
2111 5363 2207 5410 me,

629 5442 680 5487 st
699 5435 920 5505 posuisti
948 5450 1101 5503 super
1122 5452 1202 5488 me
1230 5453 1437 5490 manum
1475 5445 1635 5488 tuam.
1683 5433 1734 5485 Μ
1743 5435 1942 5489 irabitis
1970 5438 2108 5506 facta
2136 5445 2211 5490 est

628 5527 847 5580 scientia
877 5533 962 5579 tua
990 5542 1055 5580 ea:
1084 5532 1518 5598 me:confortata
1562 5536 1640 5583 est
1683 5536 1731 5582 et
1770 5543 1874 5582 non
1920 5537 2094 5599 potero
2142 5529 2210 5582 ad

626 5634 763 5672 eam.
796 5613 909 5680 Quo
934 5615 1015 5671 ibo
1045 5634 1076 5670 a
1104 5619 1289 5688 spiritu
1316 5628 1426 5682 tuo,
1455 5630 1504 5674 et
1529 5637 1628 5693 quo
1656 5636 1688 5673 a
1710 5619 1844 5693 facie
1871 5627 1957 5672 tua
1980 5619 2212 5690 fugiam?

629 5711 694 5767 Si
720 5710 996 5765 ascendero
1042 5711 1096 5765 in
1138 5711 1336 5778 coelum,
1371 5721 1422 5765 tu
1449 5713 1556 5766 illic
1602 5729 1687 5778 es;
1725 5713 1772 5766 si
1817 5709 2128 5776 descendam
2155 5711 2209 5764 in

627 5797 906 5866 infernum,
939 5803 1079 5854 ades.
1110 5801 1170 5855 Si
1200 5818 1461 5867 sumpsero
1489 5819 1684 5857 nennas
1713 5821 1854 5856 meas
1884 5803 2131 5867 diluculo,
2162 5789 2211 5856 et

2326 3353 2468 3403 cum,
2502 3351 2645 3394 nunc
2669 3340 2726 3394 in
2753 3337 2917 3396 Petro
2954 3341 3200 3411 apostolo
3245 3340 3580 3398 declaremus
3627 3341 3894 3400 effectum.

2327 3427 2572 3493 Domine,
2602 3429 2843 3499 probasti
2869 3442 2984 3497 me;
3034 3446 3121 3486 me
3149 3431 3366 3502 quando
3385 3434 3621 3499 vocasti,
3651 3435 3904 3503 cognovi-

2324 3519 2424 3584 sti;
2454 3520 2784 3588 cognovisti,
2827 3520 3040 3590 quando
3081 3522 3399 3592 prazsumpsi
3439 3529 3496 3577 et
3535 3537 3696 3578 ausus
3719 3521 3796 3579 fui
3823 3524 3904 3579 di-

2326 3624 2451 3664 cere
2499 3627 2512 3662 :
2549 3609 2775 3666 Etiamsi
2802 3626 2884 3665 me
2909 3619 3142 3682 oporteat
3173 3613 3306 3666 mori
3344 3621 3537 3678 tecum,
3567 3630 3672 3668 non
3715 3614 3766 3668 te
3804 3631 3895 3669 nes

2325 3700 2456 3772 gabo
2481 3699 2666 3772 (Matt.
2715 3700 2896 3770 xxvr).
2931 3699 3012 3755 Tu
3039 3707 3221 3756 autem
3247 3703 3546 3770 cognovisti
3581 3717 3775 3758 omnes
3801 3698 3917 3759 co-'

2323 3792 2611 3862 gita'tiones
2636 3807 2786 3847 meas
2812 3792 2970 3860 longe
3004 3799 3291 3861 antequam
3337 3807 3432 3849 eas
3457 3793 3764 3861 cogitarem.
3796 3791 3915 3848 Se-'

2323 3883 2508 3937 mitam
2553 3898 2731 3938 meam
2772 3890 2828 3938 et
2871 3883 3223 3962 directionem
3251 3898 3427 3938 meam
3452 3882 3802 3951 investigasti,
3841 3892 3896 3938 et

2323 3987 2511 4028 omnes
2540 3974 2651 4028 vias
2678 3987 2828 4028 meas
2854 3973 3143 4044 praevidisti
3174 3983 3232 4028 et
3256 3975 3516 4044 probasti,
3546 3982 3601 4029 et
3629 3974 3760 4045 quia
3787 3990 3896 4030 non

2322 4073 2439 4121 erat
2462 4066 2616 4121 dolus
2645 4067 2698 4120 in
2738 4067 2916 4135 lingua
2943 4083 3064 4122 mea
3107 4083 3227 4124 cum
3255 4067 3489 4123 dicerem
3521 4086 3535 4120 :
3564 4066 3794 4122 Etiamsi
3820 4085 3901 4123 me

2323 4166 2579 4227 oporteret
2602 4160 2732 4212 mori
2763 4165 2945 4224 tecum,
2984 4175 3089 4213 non
3117 4167 3166 4213 te
3206 4157 3400 4230 negabo
3426 4157 3598 4231 (Ibid.
3617 4157 3661 4229 ).
3692 4156 3775 4212 Tu
3801 4173 3896 4213 au-

2321 4254 2434 4302 tem
2461 4247 2705 4302 formasti
2731 4264 2838 4315 me,
2859 4257 2914 4304 et
2933 4249 3159 4319 posuisti
3187 4264 3353 4318 super
3378 4262 3467 4303 me
3494 4255 3893 4328 manumltuam.

2319 4339 2568 4395 Firmasti
2597 4357 2683 4396 me
2710 4341 2777 4396 de
2793 4332 2896 4395 'tua
2921 4342 3255 4413 przescientia
3283 4339 3428 4410 quod
3455 4355 3632 4396 essem
3675 4347 3898 4409 negatu-

2319 4445 2430 4496 rus,
2461 4438 2516 4486 et
2542 4432 2768 4501 posuisti
2792 4447 3008 4487 manum
3036 4441 3182 4486 tuam
3211 4447 3374 4502 super
3391 4449 3499 4499 me,
3528 4441 3589 4487 ut
3616 4439 3896 4503 peccatum

2319 4519 2568 4592 lacrymaa
2594 4531 2969 4591 sequerentur.
3002 4521 3260 4577 Mirabilis
3287 4521 3428 4576 facta
3450 4531 3532 4578 est
3558 4522 3893 4592 praescientia

2239 4613 2294 4674 D
2319 4616 2429 4676 tua,
2460 4627 2528 4666 ex
2552 4627 2639 4666 me
2666 4612 2968 4668 confortata
2997 4620 3097 4680 est,
3130 4628 3238 4669 non
3267 4622 3460 4684 potero
3507 4614 3578 4669 ad
3625 4629 3769 4680 eam,
3800 4629 3893 4669 co-

2317 4709 2476 4759 natus
2495 4719 2614 4759 sum
2642 4719 2751 4760 non
2781 4718 3000 4773 negare,
3025 4707 3247 4776 promisi
3274 4722 3359 4761 me
3378 4708 3544 4761 etiam
3567 4709 3707 4762 mori
3723 4708 3892 4776 magis

2316 4795 2534 4864 eligere,
2565 4810 2728 4864 quam
2757 4797 3004 4864 negantis
3043 4797 3246 4852 crimen
3287 4797 3580 4861 incurrere,
3613 4797 3710 4852 sed
3758 4812 3895 4866 prze~

2314 4884 2538 4938 scientia
2567 4892 2657 4938 tua
2686 4883 2760 4938 ita
2787 4884 3086 4941 confortata
3115 4894 3224 4950 est,
3255 4893 3314 4940 ut
3340 4901 3449 4941 non
3489 4886 3784 4956 potuissem
3821 4887 3894 4946 ad

2314 4991 2452 5032 eam.
2483 4976 2620 5043 Quid
2647 4993 2793 5034 nunc
2819 4976 3048 5032 faciam?
3075 4976 3275 5047 Negavi
3303 4977 3587 5034 Dominum
3629 4985 3686 5032 et
3711 4980 3889 5047 magi-

2311 5077 2512 5135 strum;
2544 5085 2662 5136 nec,
2695 5078 2754 5124 ut
2781 5069 3000 5140 quidam
3029 5071 3337 5140 opinantur,
3367 5071 3640 5126 hominem
3666 5071 3889 5140 negavi;

2313 5175 2415 5230 ego
2435 5161 2583 5215 illum
2609 5162 2800 5230 negavi
2828 5161 2917 5216 cini
2938 5160 3050 5216 dixi
3082 5180 3096 5215 :
3131 5160 3207 5216 Tu
3233 5179 3290 5217 es
3318 5159 3554 5216 Christus
3598 5159 3766 5215 Filius
3793 5159 3892 5215 Dei

2316 5252 2505 5326 (Joan.
2539 5250 2659 5323 x1);
2691 5252 2841 5308 illum
2867 5251 3058 5320 negavi
3085 5267 3246 5322 quem
3275 5251 3501 5322 pedibus
3529 5251 3890 5307 ambulantem

2313 5359 2477 5414 super
2524 5343 2695 5398 undas
2732 5352 2987 5413 expertus
3032 5358 3184 5409 sum,
3237 5343 3385 5398 illum
3429 5343 3593 5413 quem
3621 5357 3758 5399 voce
3782 5342 3891 5398 vidi

2312 5438 2425 5490 sola
2455 5443 2734 5491 vocantem
2757 5442 2999 5490 mortuos
3025 5436 3093 5491 de
3117 5436 3384 5507 sepulcro,
3415 5435 3565 5491 illum
3585 5451 3746 5507 quem
3777 5451 3889 5492 cm-

2312 5526 2377 5582 lis
2405 5527 2710 5597 patentibus
2734 5525 2845 5580 vidi
2872 5540 2994 5581 cum
3023 5525 3208 5598 Moyse
3247 5535 3303 5583 et
3329 5525 3467 5594 Elia,
3499 5535 3557 5582 et
3583 5541 3774 5584 vocem
3799 5543 3892 5583 su-

2311 5630 2410 5687 per
2426 5627 2549 5671 eum
2579 5613 2754 5671 Patris
2779 5615 2847 5672 de
2867 5617 3044 5674 cmlo:
3080 5615 3186 5672 Hic
3211 5625 3289 5672 est
3331 5615 3502 5672 Filius
3529 5635 3693 5685 meus,
3723 5620 3891 5691 ipsum

2312 5709 2486 5764 audite
2516 5707 2537 5782 (
2565 5706 2718 5764 Matt.
2748 5707 2922 5781 xvu);
2951 5709 3103 5765 illum
3124 5708 3218 5780 qui
3251 5723 3427 5766 cacus
3465 5716 3614 5766 tactu
3643 5725 3743 5766 suo
3765 5709 3890 5765 illu~

2312 5802 2552 5868 minavit,
2580 5803 2674 5871 qui
2699 5801 2875 5858 verbo
2901 5792 3144 5871 leprosos
3170 5801 3465 5868 mundavit,
3487 5801 3579 5870 qui
3612 5801 3765 5870 jussu
3789 5801 3888 5856 dae-
