4244 6258
272 403 372 460 545

1126 341 1593 452 COMMENTARII
1631 388 1696 444 IN
1737 382 2066 441 PSALMOS.
2111 380 2302 440 PSAL.
2344 381 2667 440 CXXXVIII.

3438 383 3544 440 846

271 515 453 573 monia
482 513 710 584 expulit,
738 519 794 566 et
812 508 1004 565 multas
1033 507 1258 562 virtutes
1281 522 1390 560 suae
1419 503 1645 558 Deitatis
1677 508 1854 556 osten-
1879 498 1930 558 Α
1957 503 2117 564 atque
2155 495 2423 550 dicentem
2479 512 2492 546 :
2537 492 2657 560 Quo
2688 491 2776 547 ibo
2806 505 2837 546 a
2887 490 3078 562 spiritu
3123 498 3237 557 tuo,
3285 499 3340 547 et
3375 505 3484 563 quo
3513 511 3544 551 a

275 607 369 662 dit.
403 603 542 671 Quid
570 618 710 657 nunc
741 600 982 664 facimus,
1031 597 1329 652 Novatiane
1349 637 1364 661 ,
1414 591 1686 665 perdimus
1715 606 1848 661 apo-

230 700 243 759 ἱ
277 697 470 754 stolum
493 694 735 758 Petrum,
766 707 832 746 an
863 690 1150 759 recipimus
1190 693 1552 742 revertentem
1585 683 1652 739 ad
1693 682 1852 738 Chri-

277 730 470 754 swm...
497 730 518 748 ι
538 730 735 758 eum”,
766 730 832 746 ....
866 730 1150 759 .νν.,,.......,
1191 730 1552 742 .υ.ν...,.--ν---
1585 730 1652 739 ,μ
1700 730 1821 738 ---η

228 730 452 860 istum?
481 787 618 843 Ecce
644 784 888 840 Christus
916 797 1037 838 eum
1066 780 1291 850 recepit,
1328 786 1382 832 tu
1413 777 1581 846 ejicis.
1616 775 1720 831 Sed
1743 776 1854 830 cla-

249 863 387 936 imat
410 887 598 936 contra
627 886 678 931 te
707 874 938 929 Paulus:
972 872 1035 927 Si
1075 870 1218 925 Deus
1240 870 1500 941 justiﬁcal
1523 907 1539 932 ,
1582 874 1639 920 tu
1686 879 1854 935 quare

276 969 584 1025 condemnas
612 964 794 1042 (Rom.
825 962 994 1034 vm)?
1037 961 1184 1017 Dicis
1229 967 1378 1016 certe
1425 957 1710 1028 baptizatis
1747 970 1855 1010 non

274 1063 475 1118 debere
502 1056 882 1131 pmnitentibus
908 1053 1202 1110 subveniri.
1236 1050 1375 1107 Ecce
1405 1049 1654 1120 apostolo
1680 1045 1857 1118 pugni-

275 1153 406 1209 tenti
443 1151 789 1215 succurritur,
816 1148 908 1218 qui
931 1154 1017 1202 est
1049 1146 1426 1216 episcoporum
1456 1142 1770 1212 episcopus;
1802 1146 1858 1194 et

271 1243 442 1314 major
469 1241 668 1314 gradus
693 1240 940 1296 redditur
990 1237 1254 1308 ploranti,
1295 1251 1456 1306 quam
1486 1233 1731 1289 sublatus
1774 1239 1858 1286 est

269 1334 576 1403 deneganti.
597 1331 755 1400 Quod
775 1338 839 1386 ut
858 1331 1104 1396 doceam,
1129 1328 1261 1383 illud
1283 1326 1532 1391 ostendo,
1558 1325 1701 1394 quod
1731 1323 1854 1377 nul-

271 1427 348 1483 lus
374 1427 749 1499 apostolorum
779 1440 978 1480 nomen
1007 1423 1238 1494 pastoris
1267 1419 1493 1490 accepit.
1526 1419 1684 1473 Solus
1712 1419 1854 1471 enim

271 1520 524 1576 Dominus
563 1517 722 1574 Jesus
765 1516 1014 1573 Christus
1059 1515 1272 1573 dicebat
1304 1532 1316 1566 :
1362 1511 1475 1584 Ego
1527 1528 1639 1566 sum
1677 1519 1856 1580 pastor

271 1611 468 1680 bonus;
498 1619 552 1667 et
581 1611 772 1666 iterum
809 1609 961 1674 :Me,
1008 1609 1200 1678 inquit,
1247 1613 1527 1678 sequuntur
1568 1620 1682 1658 oves
1727 1619 1857 1657 mea:

271 1709 289 1775 (
315 1705 478 1760 Joan.
507 1721 562 1760 xi
583 1705 624 1776 ).
649 1703 766 1760 Hoc
791 1717 922 1772 ergo
951 1716 1148 1756 nomen
1177 1707 1443 1761 sanctum,
1480 1704 1536 1751 et
1556 1695 1724 1765 ipsius
1751 1709 1852 1748 no-

269 1798 423 1853 minis
453 1805 777 1868 potestatem
828 1803 954 1866 post
998 1792 1454 1849 resurrectionem
1497 1803 1652 1843 suam
1692 1785 1854 1842 Petro

1958 589 2095 644 facie
2115 599 2204 643 tua
2237 589 2471 659 fugiam?
2491 586 2617 643 Scio
2637 586 2761 656 quia
2791 594 2848 641 tu
2877 602 2936 642 es
2955 585 3201 641 Christus
3229 585 3396 642 Filius
3423 587 3540 652 Dei,

1956 695 2118 750 quam
2147 681 2427 736 scientiam
2457 695 2561 734 non
2601 679 2729 733 mihi
2759 679 3000 734 reuelauit
3041 696 3164 744 caro
3211 688 3263 733 et
3309 681 3540 752 sanguis,

1956 775 2050 828 sed
2077 774 2240 829 Pater
2283 784 2396 828 tuus
2437 775 2522 846 qui
2551 775 2607 828 in
2646 772 2783 829 caelis
2822 772 2940 844 εει(
2968 771 3129 827 Joan.
3164 789 3213 828 γι
3235 771 3275 844 ).
3308 771 3427 839 Quo
3457 773 3544 828 fu-

1956 866 2257 937 giam?'qui
2288 874 2342 921 te
2368 866 2538 921 Deum
2573 867 2702 921 novi
2737 874 2794 921 et
2836 866 3265 937 omnipotentem
3301 865 3494 934 agnovi
3527 883 3540 919 :

1956 960 2083 1014 siin
2112 959 2280 1015 cmlos
2327 960 2620 1016 ascendero
2663 968 2721 1014 tu
2749 960 2860 1016 illic
2902 976 2989 1026 es;
3032 959 3078 1014 si
3118 959 3449 1016 descendero
3488 960 3543 1017 in

1958 1049 2248 1114 infernum,
2281 1049 2428 1104 ades.
2461 1049 2540 1103 Ibi
2565 1050 2709 1104 enim
2739 1065 2836 1120 per
2881 1051 3188 1121 passionem
3237 1051 3542 1121 specialiter

1957 1140 2325 1196 descendisti?
2353 1141 2444 1195 ubi
2487 1156 2585 1211 per
2631 1142 2929 1212 potentiam
2967 1151 3136 1209 tuam,
3179 1142 3316 1198 sicut
3339 1142 3542 1214 ubique

1957 1232 2281 1302 generaliter
2300 1239 2495 1304 praesto
2518 1249 2597 1288 es.
2628 1231 2685 1288 Si
2713 1249 2994 1304 sumpsero
3013 1249 3218 1304 pennas
3241 1249 3390 1289 meas
3419 1241 3544 1290 ante

1958 1321 2151 1377 lucem.
2186 1321 2397 1378 Pennas
2426 1324 2534 1378 hoc
2560 1324 2681 1380 loco
2725 1339 2826 1394 pro
2866 1323 3283 1392 cogitationibus
3328 1325 3542 1394 posuit,

1957 1429 2076 1484 qua:
2114 1416 2398 1486 repentino
2410 1417 2593 1472 volatu
2623 1417 2820 1486 ubique
2847 1425 2991 1482 sunt,
3022 1417 3074 1471 in
3110 1417 3270 1482 caelo,
3295 1417 3348 1472 in
3375 1426 3543 1484 terra,

1957 1505 2011 1560 in
2042 1507 2254 1578 abysso,
2285 1517 2340 1563 et
2369 1508 2675 1578 ubicunque
2722 1507 2915 1564 ﬁniunt
2943 1509 3135 1562 maria.
3179 1507 3236 1563 Si
3281 1523 3430 1578 ergo,
3463 1509 3545 1564 in-

1956 1599 2090 1667 quit,
2123 1606 2180 1653 et
2206 1599 2261 1652 in
2305 1599 2477 1655 lucem
2510 1600 2922 1660 resurrectionis
2963 1608 3068 1654 tuae
3097 1599 3287 1655 vadam
3318 1601 3545 1656 ubicun-

1958 1705 2067 1760 que
2110 1691 2554 1747 inaccessibilitas
2594 1692 2734 1747 solet
2754 1691 3037 1760 fugitivum
3078 1691 3409 1748 abscondere
3441 1711 3454 1744 :
3488 1700 3546 1746 ut

1958 1783 2086 1841 illuc
2113 1786 2192 1841 ire
2218 1786 2441 1856 possim,
2474 1801 2666 1841 manus
2693 1794 2784 1840 tua
2803 1785 3032 1840 deducet
3059 1799 3168 1852 me,
3207 1795 3263 1841 et
3289 1787 3444 1855 quasi
3468 1786 3547 1842 fu-

269 1892 554 1963 poenitenti
602 1891 887 1956 concessit,
936 1897 992 1944 et
1038 1895 1260 1958 negatus
1303 1883 1547 1952 negatori
1587 1896 1686 1936 suo
1715 1880 1857 1935 hanc
1883 1877 2182 1947 Bgitivum
2229 1877 2436 1933 tenebit
2479 1894 2566 1934 me
2624 1878 2846 1934 dextera
2889 1886 3000 1933 tua.
3050 1877 3191 1933 Ante
3233 1879 3406 1935 lucem
3434 1880 3541 1946 hic,

267 2000 428 2054 quam
463 1984 611 2040 solus
638 1983 842 2047 habuit,
873 1981 1057 2036 tribuit
1083 1985 1407 2051 potestatem
1431 1995 1444 2030 :
1470 1982 1530 2031 ut
1553 1989 1661 2031 non
1681 1973 1858 2028 solum

268 2090 620 2146 recuperasse
647 2073 792 2143 quod
813 2073 1084 2137 amiserat,
1115 2073 1452 2142 probaretur,
1479 2084 1668 2126 verum
1693 2067 1858 2122 etiam

271 2174 328 2220 et
349 2166 525 2220 multo
557 2164 787 2235 amplius
813 2162 1144 2234 pmnitendo,
1181 2165 1353 2232 'quam
1399 2163 1645 2232 negando
1674 2158 1856 2231 perdi-

267 2258 448 2324 derat,
484 2257 796 2328 acquisisse.
826 2255 940 2312 Hoc
973 2255 1224 2324 magister
1250 2256 1424 2311 bonus
1448 2255 1506 2310 in
1530 2255 1704 2310 electo
1733 2271 1746 2306 :
1776 2252 1857 2306 di-

269 2349 512 2419 scipulus
541 2348 741 2404 Christi
766 2348 811 2403 si
838 2348 1048 2416 integro
1077 2347 1257 2402 animo
1303 2352 1492 2417 peccet
1512 2385 1527 2411 ,
1557 2352 1774 2417 oportet
1797 2351 1860 2399 ut

269 2449 494 2508 renuat;
527 2442 600 2496 ita
643 2442 851 2510 integro
897 2440 1078 2494 animo
1119 2439 1413 2510 pmuiteat,
1453 2439 1500 2494 si
1528 2438 1772 2494 evenerit
1797 2444 1858 2491 ut

270 2535 567 2604 delinquat.
602 2533 711 2590 Nec
739 2533 840 2589 sibi
871 2548 1066 2589 noxam
1106 2533 1422 2603 permittere
1449 2531 1610 2587 debet
1638 2537 1698 2585 ut
1739 2545 1859 2586 cre-

267 2635 404 2696 scat,
435 2636 492 2684 et
512 2643 631 2698 quae
668 2635 819 2683 tanto
865 2626 1024 2684 citius
1048 2626 1318 2694 vincitur;
1366 2634 1574 2696 quanto
1619 2633 1674 2682 et
1701 2625 1858 2681 citius

268 2728 620 2791 repugnatur.
653 2719 814 2777 Certe
841 2720 1018 2776 omnis
1046 2721 1305 2776 sanctitas
1331 2719 1398 2774 ad
1427 2719 1597 2774 Deum
1621 2718 1786 2783 ducit,
1805 2725 1862 2773 et

269 2828 432 2868 omne
460 2820 746 2884 peccatum
775 2811 843 2866 ad
889 2811 1192 2878 diabolum;
1222 2819 1280 2866 et
1306 2811 1406 2866 sub
1446 2810 1677 2865 Domino
1715 2810 1860 2865 bono

266 2905 472 2975 positi,
524 2903 799 2974 quomodo
850 2903 1118 2958 credimus
1157 2903 1313 2958 nobis
1346 2900 1755 2972 possibilitatem
1795 2899 1862 2955 ad

262 2998 548 3054 diabolum
578 2997 741 3051 eundi
765 3011 1100 3060 concessam,
1133 3004 1188 3052 et
1218 2994 1526 3051 revertendi
1581 2993 1648 3048 ad
1680 2993 1864 3049 Domi-

263 3105 393 3143 num
430 3087 798 3153 denegatam?
840 3085 992 3142 Addo
1040 3085 1224 3141 aliud:
1256 3094 1403 3141 certe
1445 3085 1718 3142 hominem
1765 3099 1865 3156 per

263 3188 558 3251 peccatum
589 3196 619 3233 a
649 3196 708 3236 se
746 3179 1002 3236 recedere
1045 3179 1188 3234 Deus
1225 3195 1334 3235 non
1361 3179 1493 3245 vult,
1526 3187 1580 3235 et
1606 3185 1860 3249 peccato-

1959 1981 2088 2026 ante
2115 1973 2566 2028 resurrectionem
2595 1973 2776 2044 posuit
2807 1972 3120 2028 Salvatoris.
3151 1970 3289 2040 Quia
3309 1973 3364 2027 in
3393 1980 3545 2029 tene-

1959 2065 2071 2121 bris
2099 2065 2199 2120 fuit
2227 2082 2389 2122 omne
2417 2069 2670 2123 saeculum
2695 2068 2914 2137 jacente
2937 2068 3167 2125 Domino
3197 2070 3250 2125 in
3273 2070 3542 2140 sepulcro,

1959 2158 2014 2214 in
2042 2175 2152 2230 quo
2180 2168 2425 2231 tempore
2446 2162 2763 2231 pmnitentia
2803 2161 2948 2218 Petri
2986 2163 3220 2233 apostoli
3263 2164 3540 2233 agebatur,

1959 2251 2013 2306 in
2039 2266 2142 2321 qua
2179 2251 2344 2308 etiam
2371 2252 2483 2308 dixi
2526 2271 2539 2306 :
2582 2251 2829 2309 Forsitan
2870 2255 3108 2311 tenebrae
3151 2256 3544 2312 conculcabunt

1958 2360 2066 2401 me.
2100 2345 2170 2399 Et
2198 2347 2370 2402 tribus
2409 2347 2785 2416 negationibus
2810 2348 2922 2404 suis
2947 2355 3055 2405 tres
3091 2349 3335 2420 fugarum
3361 2358 3548 2422 partes

1957 2437 2173 2494 clausas
2202 2453 2344 2505 esse,
2373 2441 2419 2495 si
2445 2439 2520 2494 ibi
2556 2439 2792 2510 fugeret,
2824 2441 3177 2508 memorabat,
3210 2443 3264 2498 in
3288 2443 3446 2508 coelo,
3491 2444 3547 2500 in

1959 2529 2173 2586 inferno
2199 2538 2254 2586 et
2283 2532 2339 2585 in
2380 2532 2671 2601 postremis
2700 2533 2885 2589 maris.
2919 2533 3061 2604 Ergo
3089 2535 3323 2590 tenebras
3348 2549 3548 2603 negare

1959 2629 2105 2687 sunt,
2139 2629 2194 2677 et
2216 2621 2401 2691 fugere
2429 2623 2769 2679 conculcatio
2799 2624 3163 2679 tenebrarum.
3194 2623 3308 2681 Hoc
3328 2625 3542 2692 timens,

1960 2728 2031 2767 ne
2059 2713 2128 2768 ab
2148 2713 2227 2768 eis
2255 2713 2676 2784 comprehensus
2697 2755 2712 2779 ,
2763 2714 2831 2769 ab
2859 2715 2989 2784 ipsis
3018 2717 3254 2771 tenebris
3299 2717 3540 2772 calcare-

1961 2812 2068 2870 tur,
2099 2805 2252 2874 quasi
2275 2805 2513 2862 tenebris
2540 2805 2830 2874 subjectus,
2872 2807 3128 2876 operibus
3154 2815 3298 2863 esset
3334 2807 3545 2863 deditus

1959 2897 2329 2963 tenebrarum,
2361 2897 2564 2954 habeas
2587 2906 2798 2954 reatum
2826 2915 3142 2970 perennem,
3185 2901 3342 2973 juges
3369 2901 3547 2974 lacry-

1962 3005 2100 3058 mas,
2131 2991 2347 3047 dolores
2369 2999 2620 3046 :eternos.
2651 2989 2767 3046 Hoc
2793 2992 2940 3048 enim
2968 2993 3132 3049 modo
3159 2977 3549 3050 conculcantur

1964 3081 2202 3138 tenebra:
2230 3082 2423 3140 mortis
2451 3081 2640 3152 hujus,
2669 3097 2776 3153 qua
2805 3084 3164 3155 corporaliter
3182 3086 3462 3142 morimur.
3493 3085 3550 3145 Si

1964 3188 2098 3231 vero
2127 3174 2394 3243 moriens,
2445 3175 2639 3246 inquit,
2689 3191 2800 3232 non
2847 3177 3208 3234 conculcabor
3233 3193 3265 3233 a
3295 3179 3549 3246 tenebris,

257 3281 377 3327 rem
400 3271 470 3327 ad
505 3287 568 3326 se
589 3271 774 3328 venire
807 3271 949 3326 Deus
971 3271 1099 3326 νυιι,
1123 3269 1181 3325 Si
1211 3270 1341 3326 illud
1369 3271 1546 3342 potuit,
1573 3271 1686 3326 ﬁeri
1714 3269 1861 3340 quod
1886 3252 1935 3317 Ο
1965 3264 2063 3320 sed
2103 3263 2174 3320 ad
2209 3264 2432 3323 delicias
2476 3275 2792 3324 sanctorum
2820 3270 3048 3340 attingo,
3081 3286 3191 3327 nox
3218 3271 3334 3343 ipsa
3363 3272 3554 3328 mortis

264 3360 404 3418 Deus
433 3379 553 3419 non
582 3363 714 3429 vult,
744 3370 947 3434 quanto
975 3362 1144 3432 magis
1172 3363 1278 3418 hoc
1322 3363 1520 3432 poterit
1570 3361 1686 3416 ﬁeri
1713 3360 1862 3430 quod

263 3452 404 3509 Deus
426 3453 590 3508 vult?
619 3452 744 3509 Ideo
773 3453 1008 3524 denique
1037 3452 1294 3521 cogitatio
1343 3452 1551 3522 peccati
1581 3467 1688 3507 non
1719 3459 1803 3506 est
1829 3465 1862 3505 a

265 3546 375 3602 Deo
403 3547 684 3618 prohibita
711 3562 811 3617 per
832 3555 1110 3610 naturam,
1141 3545 1235 3600 sed
1268 3559 1366 3614 per
1403 3545 1687 3615 imperium
1729 3557 1864 3614 prae-

266 3649 574 3709 ceptorum,
605 3647 664 3694 ut
684 3639 884 3694 laboris
911 3639 962 3694 ei
989 3653 1169 3709 pugna
1199 3637 1559 3703 incumbente,
1582 3637 1862 3707 prtemium

271 3730 337 3786 de
365 3731 667 3787 certamine
691 3731 1022 3802 proveniret.
1069 3729 1252 3784 Voluit
1301 3729 1445 3784 enim
1475 3727 1618 3783 Deus
1661 3726 1866 3782 homini

270 3825 452 3893 operis
494 3824 868 3893 fatigationem
911 3822 1236 3892 relinquere,
1288 3837 1358 3877 ne
1398 3821 1452 3874 in
1481 3821 1662 3892 aliqua
1697 3820 1867 3875 detri-

271 3917 445 3972 menti
478 3924 638 3988 parte
668 3916 946 3986 praemium
989 3915 1294 3987 impediret.
1326 3914 1471 3970 Duos
1499 3921 1651 3970 certe
1695 3913 1863 3968 bono-

269 4023 396 4062 rum
424 4016 484 4062 et
509 4007 773 4062 malorum
793 4007 1022 4077 pepulos
1050 4022 1171 4062 esse
1201 4022 1360 4062 nemo
1389 4007 1590 4075 estqui
1615 4005 1860 4061 nesciat:

271 4101 456 4157 bonos
483 4098 710 4155 dicimus
738 4099 1034 4163 credentes,
1086 4109 1142 4156 et
1167 4100 1435 4171 pessimos
1477 4115 1585 4154 non
1635 4099 1862 4155 creden-

272 4198 394 4257 tes;
426 4205 543 4246 non
586 4189 868 4246 credentes
909 4205 1026 4247 esse
1052 4193 1150 4247 sub
1190 4191 1426 4258 diabolo,
1479 4199 1534 4246 et
1581 4191 1864 4247 credentes

263 4299 396 4364 esse
439 4285 544 4340 sub
584 4283 718 4341 Deo.
769 4283 958 4356 Magna
992 4286 1302 4356 praedicatio
1341 4294 1452 4353 tua,
1487 4301 1520 4340 ο
1543 4286 1859 4352 Novatiane,

270 4377 362 4445 qui
385 4391 606 4432 servum
646 4377 844 4432 diaboli
874 4379 942 4433 ad
971 4386 1023 4434 te
1052 4394 1232 4444 vocas,
1282 4386 1338 4433 et
1375 4393 1591 4433 servum
1621 4378 1716 4432 Dei
1746 4393 1777 4432 a
1808 4385 1864 4431 te

271 4469 496 4538 repellis
523 4488 538 4522 :
568 4470 722 4539 quasi
749 4471 840 4540 qui
870 4471 1003 4527 velis
1031 4471 1197 4525 Deum
1226 4471 1422 4526 lucrari
1450 4468 1595 4538 quod
1629 4484 1737 4524 non
1767 4468 1864 4522 ba-

262 4559 390 4636 Vbet,
419 4565 477 4614 et
504 4559 732 4629 perdere
770 4561 916 4630 quod
964 4562 1144 4617 habet.
1175 4560 1292 4617 Huc
1335 4560 1558 4631 adjicias
1605 4566 1660 4615 et
1710 4557 1858 4627 illud,

1963 3356 2289 3414 illuminatio
2314 3358 2419 3414 erit
2438 3357 2494 3413 in
2520 3359 2729 3417 deliciis
2757 3365 2910 3417 meis.
2941 3361 3020 3418 Ibi
3045 3363 3190 3419 enim
3229 3365 3440 3420 habebo
3470 3364 3554 3418 ιιι-

1962 3466 2082 3508 cem
2110 3467 2287 3509 meam
2315 3450 2588 3511 Christum
2616 3470 2797 3511 meum
2820 3497 2836 3523 ,
2867 3456 2960 3525 qui
2989 3473 3097 3512 non
3137 3458 3340 3527 patitur
3366 3457 3553 3513 obscuv

1961 3545 2180 3600 ritatem
2227 3545 2609 3614 tenebrarum,
2650 3547 2703 3602 in
2743 3545 2899 3616 cujus
2953 3554 3243 3619 conspectu
3305 3565 3414 3604 nox
3474 3549 3551 3602 si-

1963 3645 2055 3691 cut
2082 3637 2198 3692 dies
2227 3637 2631 3695 illuminabitur.
2657 3638 2808 3694 Sicut
2849 3637 3084 3694 tenebrae
3111 3638 3245 3707 ejus,
3276 3639 3351 3693 ita
3387 3646 3440 3693 et
3468 3638 3550 3693 lu-

1963 3709 2088 3784 men
2113 3728 2248 3798 ejus.
2275 3729 2392 3785 Hoc
2409 3739 2599 3786 contra
2628 3729 2978 3784 Manichacum
3006 3730 3099 3799 qui
3131 3729 3290 3794 dicit,
3330 3729 3550 3786 alterius

1963 3821 2220 3892 principis
2245 3829 2370 3878 sunt
2399 3822 2652 3887 tenebrae,
2686 3821 2910 3876 alterius
2937 3821 3192 3892 principis
3221 3823 3312 3876 lux
3341 3831 3437 3878 est.
3471 3823 3547 3879 De

1965 3922 2152 3969 nostro
2176 3921 2358 3970 autem
2385 3913 2498 3969 Deo
2519 3921 2576 3970 et
2600 3921 2880 3969 cantamus
2917 3919 2973 3968 et
3008 3912 3297 3980 credimus,
3325 3915 3448 3983 quia
3479 3915 3554 3969 si!

1963 4015 2058 4062 cut
2077 4007 2314 4064 tenebra:
2341 4006 2460 4078 ejus
2491 4015 2636 4069 sunt.
2667 4007 2740 4064 ita
2769 4014 2825 4062 et
2872 4005 3050 4062 lumen
3079 4005 3196 4076 ejus
3234 4015 3337 4062 est.
3387 4007 3554 4062 Tene-

1964 4096 2075 4152 brae
2099 4099 2244 4154 enim
2273 4115 2382 4156 non
2425 4099 2676 4156 omnibus
2717 4099 2978 4155 creaturis
3011 4099 3299 4154 obscurum
3329 4099 3550 4155 faciunt.

1966 4188 2243 4259 Siquidem
2265 4199 2321 4247 et
2349 4190 2477 4247 ferae
2506 4207 2647 4262 pene
2675 4207 2881 4259 omnes,
2913 4190 3010 4247 sed
3030 4198 3087 4246 et
3123 4199 3286 4246 carne
3313 4190 3552 4247 noctium

1965 4280 2169 4336 nullum
2192 4283 2469 4351 patiuntur
2487 4283 2803 4349 obscurum;
2834 4282 2930 4338 sed
2975 4289 3032 4337 et
3055 4297 3180 4338 aves
3221 4282 3405 4337 multa:
3430 4289 3556 4337 sunt

1964 4388 2084 4442 qua:
2111 4374 2166 4428 in
2195 4376 2444 4431 noctibus
2468 4377 2670 4432 volant.
2705 4373 2858 4432 Unde
2876 4375 3136 4432 docemur
3155 4384 3406 4432 naturam
3426 4392 3556 4434 ocu-

1966 4467 2048 4522 los
2076 4475 2293 4522 nostros
2317 4483 2348 4523 a
2370 4467 2628 4526 Creatore
2656 4469 2797 4525 hanc
2823 4484 2943 4525 esse
2965 4470 3204 4538 sortitos,
3237 4478 3297 4526 ut
3319 4469 3376 4526 in
3404 4478 3558 4527 tene-

1966 4560 2270 4616 brisvidere
2295 4576 2403 4616 non
2417 4563 2644 4632 possint;
2663 4563 2804 4619 Deus
2823 4564 2968 4620 enim
3012 4563 3079 4619 ad
3111 4564 3356 4635 requiem
3385 4564 3559 4622 homi~

269 4651 418 4723 quod
445 4652 622 4722 possit
647 4622 1052 4710 Deus-mortuos
1079 4655 1364 4720 suscitare,
1398 4622 1454 4708 et
1482 4652 1724 4709 inﬁrmos
1751 4653 1861 4708 sal-
1887 4622 1945 4686 Β
1966 4667 2096 4707 num
2115 4659 2306 4708 noctes
2334 4622 2584 4719 insiituit,
2614 4661 2673 4708 ut
2711 4655 3077 4724 generationis
3116 4622 3367 4712 humanae
3390 4655 3560 4727 quieti

273 4758 402 4803 vare
426 4762 539 4803 non
566 4747 756 4818 possit.
790 4747 924 4802 Nam
949 4747 1209 4804 increduli
1253 4747 1453 4803 mortui
1481 4755 1625 4814 sunt,
1657 4756 1712 4804 et
1748 4762 1866 4803 cre-

271 4835 463 4894 dentes
484 4880 502 4905 ,
552 4837 681 4895 licet
717 4846 1034 4909 peccatores
1081 4840 1208 4904 sint,
1239 4839 1428 4896 vivunt
1466 4841 1520 4894 in
1553 4839 1867 4895 inﬁrmitate

270 4944 388 4985 sua.
420 4930 491 4986 Et
517 4931 566 4987 si
605 4929 856 4988 Salvator
878 4940 1064 4988 noster
1091 4934 1271 4999 habet,
1325 4933 1490 4988 immo
1531 4933 1656 5001 quia
1703 4932 1868 4987 habet

268 5007 523 5095 peritiam
567 5032 815 5081 mortuos
854 5019 1171 5092 s'uscitandi,
1221 5025 1496 5096 quomodo
1544 5041 1654 5081 non
1705 5025 1868 5080 habet

271 5130 610 5188 quaecunque
633 5117 836 5173 fuerint
859 5119 1200 5174 inﬁrmitates
1236 5117 1496 5174 curandi?
1522 5116 1603 5172 Ex
1631 5125 1862 5188 utroque

233 5241 238 5245 -
266 5205 442 5280 latere
469 5207 878 5278 blasphematur
905 5211 1060 5265 vobis
1077 5249 1092 5274 ,
1124 5211 1215 5280 qui
1245 5210 1631 5281 pmnitentibus
1659 5210 1864 5278 negatis

271 5297 545 5358 eﬁectum.
571 5298 631 5354 Si
660 5300 805 5354 enim
834 5316 995 5370 posse
1022 5317 1146 5356 eum
1166 5301 1374 5357 docetis
1395 5300 1730 5357 inﬁrmitates
1750 5301 1866 5354 ani-

269 5405 374 5444 mae
401 5406 616 5456 curare,
660 5392 757 5447 sed
800 5392 964 5458 nolle,
1014 5393 1238 5462 impium
1287 5393 1537 5462 arguitis;
1569 5393 1615 5448 si
1645 5392 1783 5448 velle
1811 5399 1866 5446 et

264 5500 381 5560 non
409 5500 574 5555 posse
602 5479 728 5541 eum
752 5485 978 5541 forsitan
1007 5485 1272 5550 dixeritis,
1305 5502 1336 5541 a
1365 5486 1575 5543 Deitate
1617 5485 1863 5542 excludi-

266 5576 341 5651 tis
365 5595 378 5628 :
410 5585 468 5632 et
494 5585 682 5633 manet
701 5579 858 5634 vobis
887 5594 956 5634 ex
982 5586 1214 5649 utroque
1250 5579 1420 5642 latere
1457 5580 1859 5646 condemnatio,

270 5682 397 5723 cum
453 5669 666 5737 negatis
713 5668 929 5725 familize
975 5670 1072 5725 Dei
1101 5670 1350 5741 pereunti
1396 5686 1558 5741 posse
1603 5671 1860 5740 succurri.

269 5758 705 5836 Hactenuscum
743 5762 1046 5819 Novatiano
1092 5763 1195 5818 sim
1240 5764 1469 5820 locutus.
1515 5761 1868 5817 Revertamur

269 5853 336 5907 ad
376 5846 692 5925 apostolum
735 5856 1088 5927 poenitentem
1112 5897 1128 5924 ,
1171 5864 1228 5913 et
1272 5855 1489 5911 ﬂentem
1531 5855 1866 5910 amarissime

1967 4745 2140 4816 possit
2160 4759 2279 4800 esse
2299 4745 2623 4800 consultum.
2655 4745 2827 4817 Ipsius
2852 4760 2982 4815 ergo
3019 4754 3145 4801 sunt
3179 4749 3434 4815 tenebm,
3466 4764 3560 4804 cu~

1961 4835 2054 4906 jus
2079 4844 2163 4893 est
2186 4835 2311 4902 lux,
2357 4836 2503 4906 quod
2540 4836 2863 4892 Manichacus
2908 4845 3088 4906 negat.
3131 4836 3251 4909 Ipse
3278 4845 3361 4892 est
3397 4837 3559 4893 etiam

1968 4925 2198 4983 Creator
2225 4942 2514 4996 corporum
2549 4933 2878 4992 nostrorum,
2911 4937 3100 4983 contra
3128 4929 3273 4998 quod
3315 4925 3557 4993 suscipit,

1970 5021 2058 5076 cui
2091 5021 2144 5074 in
2178 5021 2431 5090 prmsenti
2467 5020 2734 5090 pmnitens
2775 5019 2970 5077 Petrus
2998 5023 3074 5076 ait
3106 5040 3118 5074 :
3161 5020 3241 5074 Tu
3273 5016 3558 5088 possedisti

1970 5129 2129 5168 renes
2153 5128 2324 5179 meos,
2365 5113 2458 5182 qui
2485 5114 2768 5185 suscepisti
2789 5129 2877 5168 me
2905 5129 2974 5167 ex
3003 5121 3156 5166 utero
3182 5108 3370 5162 matris
3399 5121 3554 5160 meae.

1971 5208 2122 5264 Sicut
2150 5209 2206 5262 in
2227 5223 2324 5263 ore
2373 5208 2498 5264 dum
2527 5209 2800 5280 loquimur
2819 5199 2875 5261 et
2908 5206 2962 5259 in
3003 5205 3167 5272 operta
3218 5200 3400 5268 aliquo
3429 5199 3558 5256 dum

1972 5315 2284 5371 operamur,
2334 5301 2509 5356 cordis
2570 5299 2740 5355 nostri
2798 5296 3032 5363 cogitata
3075 5290 3436 5360 ostendimus;
3484 5293 3560 5352 ita

1971 5391 2115 5460 quod
2145 5391 2199 5445 in
2220 5391 2384 5447 corde
2409 5391 2724 5459 cogitamus,
2749 5392 3040 5452 antequam
3067 5381 3298 5440 dicendo
3318 5383 3405 5440 vel
3431 5401 3560 5457 ope-

1973 5482 2146 5539 rando
2183 5482 2468 5554 pandatur,
2495 5494 2527 5534 a
2554 5479 2773 5534 renibus
2813 5474 3065 5544 gignitur,
3097 5475 3389 5532 secundum
3428 5474 3560 5532 illud

1967 5563 2116 5647 quod
2144 5575 2200 5630 in
2240 5574 2349 5630 alio
2377 5570 2584 5643 psalmo
2627 5565 2854 5623 dicimus
2879 5564 3012 5630 Deo,
3057 5565 3203 5637 quod
3241 5581 3349 5621 non
3381 5561 3559 5620 solum

1968 5667 2156 5734 corda,
2184 5664 2359 5723 sedet
2375 5675 2532 5719 renes
2550 5665 2837 5716 scrutetur.
2884 5656 3020 5713 Cum
3051 5673 3182 5727 ergo
3219 5657 3349 5712 dicit
3386 5653 3559 5724 poeni.
3602 5678 3604 5680 τ

1969 5758 2222 5814 tensDeo
2253 5775 2268 5811 :
2303 5751 2567 5822 Quoniam
2605 5759 2667 5806 tu
2693 5751 2984 5823 possedisti
3014 5764 3174 5806 renes
3213 5761 3383 5809 meos,
3429 5743 3560 5806 dicit

1968 5841 2020 5908 ei
2051 5868 2064 5904 :
2095 5848 2232 5915 Quia
2262 5847 2336 5902 ita
2362 5844 2460 5900 tibi
2489 5844 2545 5900 in
2568 5860 2656 5903 mc
2681 5844 2814 5904 nihil
2834 5843 3106 5902 occultum
3125 5835 3227 5908 eSt,
3251 5844 3312 5894 ut
3339 5851 3447 5894 non
3466 5850 3557 5892 so.
