4244 6258
653 419 753 475 5151

1965 390 2235 449 ΑκΝοΒιι
2270 387 2571 448 JUNIONS

3801 383 3909 440 558

655 547 772 588 rum
792 529 925 585 istos
941 521 1086 580 solos
1109 515 1375 590 percutiat
1398 513 1490 583 qui
1514 519 1814 566 venenosas
1833 521 1983 562 escas
2001 504 2234 559 esurien-
2256 504 2306 566 Α
2331 502 2451 569 bus,
2471 503 2655 590 habet,
2679 502 2917 573 inquam,
2938 499 3107 556 habet
3130 511 3337 564 servos,
3363 504 3422 556 et
3439 495 3723 590 benignos,
3745 503 3804 554 et
3821 497 3909 568 ju-

653 625 798 681 tibus
822 615 1070 674 tradunt?
1097 611 1227 681 Ego.
1251 609 1458 664 aestimo
1508 605 1573 660 ad
1627 602 1748 658 illos
1794 600 1963 667 magis
2007 598 2224 654 tendere

653 711 992 772 sententiam,
1037 705 1130 776 qui
1171 718 1265 758 eos
1311 701 1431 756 cibo
1477 697 1675 753 salubri
1725 709 1833 750 non
1877 690 2138 746 reﬁciunt.
2167 689 2226 744 Si

653 805 798 862 enim
823 798 1070 858 catholici
1092 797 1341 851 doctores
1365 789 1664 855 reﬁcerent,
1689 786 1925 842 haeretici
1951 783 2226 852 subripere

653 917 761 958 non
780 897 1042 954 valerent.
1069 890 1218 946 Unde
1245 889 1346 943 iste
1373 901 1551 940 sermo
1572 879 1948 940 comminantis
1969 877 2224 947 judicium

653 994 772 1064 plus
800 989 867 1044 ad
895 1002 994 1042 nos
1017 998 1177 1053 quam
1200 981 1269 1035 ad
1296 979 1417 1035 illos
1446 976 1677 1044 attingit.
1706 974 1815 1029 Nos
1834 972 1996 1053 enim,
2020 985 2119 1025 nos
2147 969 2227 1022 in-

652 1099 846 1155 quam,
878 1081 981 1135 isto
1021 1072 1450 1132 comminationis
1495 1069 1710 1124 stimulo
1757 1066 2072 1128 excitamur,
2120 1077 2226 1132 quo

653 1176 888 1230 facturus
930 1170 1125 1238 legitur
1171 1168 1310 1221 Deus
1331 1163 1588 1234 judicium
1617 1160 1820 1230 inopis,
1851 1165 1907 1214 et
1933 1156 2227 1212 vindictam

653 1264 926 1338 pauperis.
977 1259 1269 1329 Siquidem,
1300 1263 1360 1310 ut
1385 1254 1647 1325 propheta
1696 1257 1942 1314 testatur,
1991 1248 2230 1338 dicturus

653 1334 738 1412 est
764 1334 794 1408 ἰ
843 1353 985 1409 Ecce
1029 1350 1111 1404 lac
1155 1345 1477 1409 comedistis,
1528 1350 1579 1396 et
1623 1341 1760 1394 lanis
1804 1334 2231 1408 cooperiebamini

655 1445 870 1521 (Eucti.
902 1440 1084 1509 xxxrv)
1104 1477 1118 1502 ,
1151 1445 1207 1492 et
1233 1452 1364 1492 oves
1389 1448 1525 1488 mea:
1545 1449 1577 1486 a
1605 1430 1744 1501 lupis
1772 1430 1967 1487 invasa:
1994 1433 2147 1521 sunt,
2176 1431 2232 1521 et

573 1529 582 1538 ’
655 1519 779 1593 dum
808 1551 916 1591 non
963 1529 1292 1604 procurastis
1337 1541 1537 1597 pascua
1585 1523 1838 1585 salubria,
1887 1523 1955 1575 ab
2005 1519 2231 1574 inimicis

655 1628 788 1684 meis
828 1626 908 1680 eis
954 1631 1079 1677 sunt
1122 1620 1302 1676 herbae
1344 1615 1599 1672 morbida:
1634 1619 1948 1685 procurate.
1995 1609 2232 1664 Caveant

655 1732 783 1788 ergo
811 1730 1017 1780 omnes,
1064 1713 1157 1782 qui
1198 1719 1425 1781 possunt
1471 1722 1622 1763 escas
1669 1705 1828 1760 utiles
1873 1701 2231 1758 esurientibus

656 1811 804 1866 dare.
833 1807 1090 1869 Caveant,
1122 1805 1358 1874 inquam,
1390 1801 1514 1870 quia
1542 1799 1588 1854 si
1616 1799 1684 1853 ab
1711 1796 1842 1867 ipsis
1885 1794 2076 1849 vitales
2123 1808 2232 1848 non

2326 603 2459 659 stos,
2481 594 2577 651 sed
2598 588 2707 650 non
2734 609 2921 650 sumus
2950 592 3099 661 digni
3126 590 3332 647 notit'ne
3356 605 3568 648 eorum.
3597 589 3800 646 Beatus
3823 590 3909 647 cui

2325 685 2638 742 conceditur
2663 684 2761 740 Dei
2781 683 3038 739 famulum
3066 697 3246 750 nosse,
3267 684 3361 752 qui
3388 681 3645 754 corripiat
3665 683 3722 738 in
3748 683 3908 740 mise-

2325 780 2556 836 ricordia
2573 818 2589 845 ,
2630 785 2688 835 et
2731 779 2977 849 increpet
3001 777 3058 832 in
3085 790 3271 831 amore
3296 773 3415 831 Dei.
3449 775 3542 830 Va:
3569 783 3753 832 autem
3780 773 3908 829 mihi

2326 879 2384 928 et
2409 872 2546 928 meis
2570 870 2854 935 similibus,
2895 869 3020 940 quia
3063 868 3120 923 in
3145 867 3319 924 vicem
3361 867 3519 924 nobis
3560 867 3687 923 oleo
3731 866 3908 938 capita

2329 963 2740 1034 impinguamus,
2761 969 2817 1017 et
2838 960 3115 1017 adulantes
3137 960 3293 1016 nobis
3320 959 3550 1016 invicem
3577 959 3633 1015 in
3660 959 3908 1031 pruenti

2328 1053 2516 1124 positi,
2545 1060 2764 1109 sanctos
2812 1067 2911 1108 nos
2937 1066 3194 1108 vocamus
3231 1057 3290 1107 et
3332 1066 3443 1106 non
3487 1065 3610 1107 nos.
3643 1049 3908 1107 Ahsentes

2327 1160 2459 1200 vero
2487 1159 2586 1200 nos
2613 1144 2686 1198 ita
2711 1142 3043 1208 mordemus,
3071 1143 3234 1212 atque
3273 1143 3608 1213 percutimus
3623 1183 3639 1208 ,
3669 1150 3730 1197 ut
3757 1147 3908 1198 recte

2331 1238 2550 1294 canibus
2576 1251 2970 1307 comparemur.
2994 1233 3226 1311 Horum,
3258 1234 3450 1306 inquit,
3475 1234 3652 1291 oleum
3669 1273 3684 1299 ,
3716 1233 3772 1289 id
3796 1240 3902 1298 est,

2330 1328 2523 1384 horum
2548 1328 2784 1383 adulatio
2803 1368 2819 1396 ,
2850 1343 2957 1382 non
2978 1327 3274 1398 impinguet
3299 1334 3462 1398 caput
3486 1342 3684 1404 meum.
3709 1325 3780 1380 At
3797 1341 3910 1381 ma-

2331 1418 2412 1488 gis
2439 1417 2614 1474 oratio
2641 1433 2764 1475 mea
2792 1417 2847 1472 in
2876 1417 3227 1487 beneplacitis
3252 1431 3470 1484 eorum,
3493 1416 3546 1471 id
3571 1425 3680 1483 est,
3702 1432 3802 1473 oro
3831 1431 3906 1473 ne

2329 1511 2576 1582 placeant
2602 1511 2734 1565 mihi
2759 1525 2881 1586 quxe
2907 1510 3244 1580 beneplacita
3271 1518 3396 1565 sunt
3420 1511 3517 1576 eis,
3545 1511 3636 1580 qui
3663 1510 3906 1582 absorpti

2331 1610 2456 1658 sunt
2475 1602 2648 1671 juncti
2670 1609 2856 1673 petrae.
2889 1601 3105 1657 Judices
3143 1617 3331 1658 eorum
3345 1602 3496 1672 juxta
3535 1611 3748 1672 petram
3778 1611 3906 1658 sunt

2324 1694 2596 1758 haeretici,
2639 1710 2748 1750 non
2791 1709 2954 1764 super
2979 1702 3228 1765 petram:
3260 1710 3383 1750 nam
3410 1694 3456 1750 si
3490 1709 3654 1766 super
3697 1702 3905 1765 petram

2333 1795 2519 1854 erant,
2566 1787 2844 1843 absorberi
2870 1802 2979 1842 non
3017 1795 3286 1856 poterant.
3318 1787 3473 1844 Nunc
3497 1795 3678 1844 autem
3716 1785 3905 1842 funda-

656 1897 963 1968 acceperint
989 1895 1139 1950 cibos
1155 1934 1170 1959 ,
1197 1873 1269 1947 ab
1301 1889 1544 1945 hostibus
1569 1886 1826 1942 mortales
1848 1884 2142 1954 accipient,
2173 1888 2229 1937 et
2252 1873 2304 1934 Β
2331 1887 2571 1936 mentum
2598 1887 2765 1950 petrze
2790 1878 2976 1934 solidae
3001 1879 3388 1948 relinquentes,
3423 1879 3578 1949 juxta
3606 1879 3773 1950 ipsam
3812 1897 3907 1952 pe-

612 2024 624 2031 ο
658 1986 1010 2061 judicabimur
1037 1983 1091 2038 in
1116 1982 1318 2051 judicio
1336 2022 1350 2046 ,
1371 1979 1525 2050 quod
1562 1979 1666 2033 erit
1689 1977 1947 2046 judicium
1989 1976 2225 2043 inopum,

659 2087 716 2135 et
740 2078 974 2134 vindicta
1001 2089 1315 2147 pauperum.
1340 2071 1491 2126 Tunc
1516 2071 1632 2126 sine
1661 2069 1841 2133 dubio,
1871 2067 2086 2137 quando
2101 2065 2232 2134 justi

662 2168 1057 2226 conﬁtebuntur
1083 2165 1286 2221 nomini
1313 2169 1520 2228 sancto,
1542 2170 1598 2216 et
1616 2160 1932 2232 habitabunt
1957 2159 2090 2214 recti
2112 2172 2233 2212 cum

559 2275 567 2283 '
661 2259 894 2324 Christo,
925 2257 1016 2328 qui
1044 2261 1230 2325 regnat
1257 2269 1380 2308 cum
1407 2250 1567 2306 Patre
1595 2258 1650 2306 et
1676 2250 1878 2320 Spiritu
1905 2255 2108 2314 sancto,
2139 2261 2236 2317 per

664 2350 841 2407 omnia
867 2347 1061 2404 saecula
1089 2345 1422 2401 saeculorum.
1455 2341 1646 2396 Amen.
1697 2380 1703 2408 λ

1196 2473 1511 2532 PSALMUS
1547 2471 1701 2528 CXL.

1515 2582 1699 2637 David.

737 2707 978 2769 Domine,
999 2701 1216 2756 clamaui
1234 2699 1304 2753 ad
1325 2708 1393 2762 te,
1415 2697 1603 2751 exaudi
1622 2711 1732 2776 me;
1753 2693 1962 2748 intende
1989 2693 2096 2776 vgci
2117 2705 2242 2744 mete

1215 2583 1458 2639 Psalmus

2329 1979 2468 2026 tram
2499 1969 2761 2025 fabricant
2790 1968 2843 2023 in
2872 1983 3057 2032 arena,
3077 1968 3168 2024 ubi
3188 1969 3344 2024 nido’s
3363 1984 3491 2026 suos
3517 1978 3904 2035 construentes,

2331 2076 2454 2117 cum
2472 2061 2584 2116 suis
2614 2059 2852 2128 parvulis
2880 2058 3254 2114 absorbentur.
3288 2057 3404 2114 Non
3424 2073 3504 2125 se,
3530 2057 3717 2128 inquit,
3747 2074 3908 2115 excu-

2333 2159 2474 2215 sent,
2520 2165 2698 2206 sermo
2743 2148 3106 2219 propheticus,
3149 2147 3247 2204 sed
3293 2147 3512 2204 audiant
3557 2148 3722 2205 verba
3768 2164 3904 2216 mea,

2335 2241 2587 2311 quoniam
2609 2247 2930 2311 potuerunt;
2963 2239 3164 2293 habent
3182 2253 3422 2305 sensum,
3445 2239 3740 2311 ingenium,
3760 2239 3911 2296 intel-

2336 2331 2628 2400 ligentiam.
2672 2329 2906 2384 Andiant
2953 2330 3116 2385 verba
3166 2345 3305 2396 mea,
3355 2330 3550 2386 tollant
3592 2346 3688 2386 sua
3726 2331 3908 2387 verba.

2339 2421 2589 2487 Audiant,
2621 2421 2867 2492 aperiant
2892 2419 3131 2475 auditum
3171 2437 3327 2476 suum
3364 2421 3544 2478 verbis
3570 2423 3724 2478 meis.
3764 2421 3913 2479 Sicut

2339 2511 2638 2568 crassitudo
2667 2521 2824 2566 terrae
2867 2519 3108 2567 eructuat
3149 2527 3312 2582 super
3355 2520 3585 2578 terram,
3613 2512 3914 2584 ubicunque

2339 2620 2520 2660 macra
2549 2613 2692 2660 terra
2719 2609 2803 2659 est
2820 2643 2834 2669 ,
2865 2611 2922 2658 et
2947 2603 3136 2659 sabulo
3164 2619 3447 2674 arenaeque
3471 2606 3767 2675 permixta,
3807 2620 3914 2661 non

2343 2696 2606 2766 excrepit.
2639 2694 2858 2764 Pinguis
2887 2703 3067 2750 autem
3094 2703 3238 2751 terra
3275 2697 3347 2751 ita
3376 2712 3434 2754 se
3459 2698 3651 2768 aperit,
3684 2706 3744 2752 ut
3768 2699 3916 2767 quasi

669 2817 784 2856 cum
811 2799 1096 2852 clamavero
1116 2793 1184 2846 ad
1206 2801 1272 2846 te.
1297 2790 1567 2860 Diriguit"
1590 2788 1754 2842 οναῑίο
1779 2803 1892 2840 mea
1920 2787 2050 2838 είσειι
2069 2785 2245 2838 ίηοεη-
2344 2808 2407 2848 os
2426 2807 2582 2846 suum
2609 2789 2746 2846 caelo
2775 2797 3021 2859 apertum
3049 2789 3322 2855 ostendat,
3352 2798 3412 2844 ut
3433 2789 3691 2860 quidquid
3719 2806 3751 2846 e
3771 2792 3916 2846 ccelis

671 2909 784 2947 sum
809 2893 865 2945 in
891 2895 1163 2959 wispectu
1192 2894 1297 2948 tuo,
1319 2883 1530 2937 ειευαιὶο
1557 2895 1800 2934 manuum
1827 2893 2056 2932 mearum
2082 2876 2245 2930 δαετί·
2345 2883 2508 2940 fuerit
2529 2881 2780 2944 missum,
2812 2882 3058 2937 sitienter
3111 2883 3350 2952 excipiat
3384 2901 3395 2935 :
3429 2883 3530 2947 ita,
3581 2883 3783 2953 inquit,
3833 2884 3916 2938 isti

671 2985 845 3055 ﬁcium
869 2979 1224 3052 vespertinum.
1257 2975 1421 3040 Pone,
1446 2969 1687 3038 Domine,
1709 2970 1993 3025 custodiam
2014 2969 2091 3023 ονί
2111 2982 2242 3031 meo.
2347 2973 2567 3030 audiant
2591 2973 2755 3028 verba
2793 2985 2914 3028 mea
2952 2973 3091 3027 sicut
3136 2973 3434 3029 crassitudo
3480 2982 3637 3030 terra:
3680 2983 3916 3031 eructuat

671 3085 721 3130 et
745 3074 933 3129 ostium
959 3069 1356 3125 circumstantia
1384 3065 1532 3122 labiis
1562 3067 1704 3120 meis.
1751 3062 1874 3116 Non
1912 3062 2132 3116 declines
2160 3076 2249 3114 cor
2348 3066 2403 3120 in
2425 3064 2606 3134 fruge,
2635 3063 2917 3128 frumenti,
2951 3064 3060 3118 vini
3087 3072 3142 3118 et
3170 3064 3308 3128 olei,
3337 3072 3393 3120 et
3428 3080 3588 3136 quam
3619 3065 3828 3136 pinguis
3852 3067 3918 3120 sit

672 3182 840 3220 meum
863 3167 918 3218 in
939 3161 1088 3217 verba
1113 3161 1347 3222 malitiaz,
1372 3158 1442 3210 ad
1467 3155 1794 3211 excusandas
1821 3154 2174 3208 excusationes
2193 3152 2248 3205 in
2349 3155 2485 3212 infra
2505 3171 2585 3222 se,
2608 3171 2770 3227 super
2789 3169 2849 3210 se
2871 3163 3133 3210 eructuat.
3160 3154 3426 3227 Dissipata
3445 3165 3571 3212 sunt
3597 3173 3718 3214 ossa
3740 3167 3918 3213 nostra

671 3259 912 3331 peccatis.
945 3253 1072 3310 Cum
1111 3251 1399 3307 hominibus
1442 3248 1768 3319 operantibus
1809 3248 2128 3316 iniquitatem
2145 3285 2160 3309 ,
2197 3251 2248 3298 et
2273 3232 2322 3302 C
2350 3263 2505 3304 secus
2532 3247 2817 3303 infernum.
2845 3246 3060 3302 Graecus
3081 3246 3226 3309 dicit,
3251 3262 3383 3302 ossa.
3400 3264 3608 3304 eorum.
3639 3249 3763 3305 Sive
3791 3263 3919 3317 ergo

672 3365 776 3403 non
796 3343 1174 3402 communicabo
1196 3359 1308 3395 cum
1328 3341 1498 3394 electis
1518 3336 1967 3406 eorum.Corripiet
1985 3352 2066 3389 me
2077 3336 2250 3405 justus

673 3441 726 3493 in
755 3434 1126 3497 misericordia,
1157 3441 1205 3486 et
1229 3432 1513 3501 increpabit
1539 3446 1651 3494 me;
1681 3429 1846 3482 oleum
1873 3435 2044 3480 autem
2070 3443 2250 3498 pecca-

676 3529 800 3582 toris
843 3542 946 3580 non
987 3525 1265 3595 impinguet
1309 3529 1464 3591 caput
1500 3537 1686 3575 meum.
1714 3509 1971 3583 Quoniam
1998 3518 2163 3572 adhuc
2202 3526 2252 3572 et

675 3620 841 3672 oratio
869 3633 983 3672 mea
1009 3617 1066 3670 in
1093 3613 1424 3686 beneplacitis
1449 3628 1647 3677 eorum,
1687 3610 1914 3680 absorpti
1942 3618 2062 3663 sunt
2082 3609 2253 3680 juncti

676 3719 834 3780 petra
853 3708 1056 3780 judices
1076 3723 1270 3762 eorum.
1310 3705 1532 3759 Audient
1556 3702 1704 3758 verba
1737 3719 1850 3775 mea
1877 3703 2116 3774 quoniam
2155 3717 2250 3772 po-

678 3807 904 3864 tuerunt,
932 3800 1065 3852 sicut
1086 3795 1373 3851 crassitudo
1396 3803 1546 3848 terra:
1571 3801 1754 3863 erupta
1773 3800 1850 3846 est
1869 3808 2021 3863 super
2043 3801 2247 3866 terram.

677 3887 945 3960 Dissipata
966 3895 1083 3943 sunt
1106 3904 1222 3943 ossa
1251 3895 1428 3941 nostra
1455 3902 1598 3940 secus
1618 3887 1908 3955 infernum,
1937 3885 2057 3953 quia
2089 3882 2156 3934 ad
2182 3890 2251 3946 te,

677 3978 927 4045 Domine,
972 3979 1107 4034 oculi
1150 3979 1281 4042 mei;
1311 3979 1365 4030 in
1410 3983 1459 4030 te
1499 3978 1720 4046 speravi,
1750 3989 1854 4027 non
1896 3976 2102 4043 auferas
2131 3973 2251 4025 ani-

676 4086 814 4123 mam
855 4086 1038 4123 meam.
1082 4065 1294 4121 Custodi
1329 4082 1411 4119 me
1447 4083 1481 4118 a
1519 4065 1696 4134 laqueo
1716 4078 1861 4133 quem
1883 4060 2254 4115 absconderant

677 4159 821 4224 mihi,
851 4168 901 4211 et
927 4175 960 4212 a
981 4157 1242 4213 scandatis
1269 4155 1588 4224 operan'tium
1609 4153 1948 4225 iniquitatem.
1975 4151 2170 4205 Cadent
2196 4155 2252 4206 in

677 4251 923 4305 retiacqu
959 4253 1070 4322 ejus
1109 4256 1439 4320 peccatores;
1479 4245 1814 4318 singulariter
1838 4260 1948 4297 sum
1969 4261 2061 4314 ego
2089 4244 2251 4299 donec

678 4351 963 4400 transeam.
1515 4405 1536 4420 .

1201 4456 1204 4457 ν
1239 4425 1672 4467 COIIBNTARIUI.

755 4522 900 4578 Ordo
926 4523 1116 4594 psalmi
1143 4523 1234 4592 qui
1264 4521 1423 4578 ﬁdem
1451 4523 1660 4595 accepit
1686 4523 1738 4578 in
1763 4523 2038 4594 praesentis
2063 4523 2254 4594 psalmi

2352 3346 2554 3403 nostra,
2585 3339 2698 3394 sive
2725 3351 2914 3394 eorum
2948 3354 3070 3394 ossa
3097 3353 3251 3395 seats
3278 3337 3544 3396 infernum
3571 3341 3742 3412 posita
3768 3341 3920 3397 dissi-

2350 3439 2565 3501 pantur.
2613 3427 2764 3485 Sicut
2805 3444 2927 3485 cera
2967 3445 3121 3485 secus
3148 3429 3324 3486 focum
3352 3432 3526 3500 posita
3555 3432 3834 3498 mollescit,
3866 3433 3918 3487 in

2350 3520 2471 3577 foco
2497 3529 2675 3576 autem
2707 3521 3186 3592 massaliquescit,
3227 3529 3281 3578 et
3308 3522 3544 3595 deperit;
3572 3524 3645 3579 ita
3674 3540 3795 3580 ossa
3823 3541 3920 3580 no-

2352 3619 2464 3668 stra
2515 3627 2672 3669 secus
2718 3609 2980 3668 infernum
3026 3611 3200 3681 posita
3248 3612 3598 3689 mollescunt,
3630 3615 3683 3668 in
3712 3613 3918 3672 inferno

2353 3712 2530 3761 autem
2557 3719 2748 3759 massa:
2774 3703 3091 3772 liquescunt.
3142 3701 3272 3756 Nam
3295 3701 3446 3771 juxta
3485 3704 3748 3760 infernum
3777 3713 3921 3772 sunt,

2351 3795 2566 3865 quando
2606 3794 2759 3863 juxta
2799 3793 2918 3848 illos
2963 3808 3146 3848 sumus
3167 3831 3182 3856 ,
3231 3794 3322 3862 qui
3355 3794 3504 3850 nobis
3539 3793 3777 3850 fomitem
3817 3795 3921 3848 tri-

2351 3887 2522 3942 buunt
2567 3885 2943 3955 delinquendi,
2992 3886 3104 3940 sive
3131 3885 3341 3954 quando
3377 3885 3478 3940 illis
3505 3885 3922 3955 cogitationibus

2353 3995 2459 4034 non
2489 3979 2784 4034 resistimus
2809 3993 2928 4048 quae
2967 3993 3027 4034 se
3055 3979 3302 4048 ingerunt
3329 3979 3547 4049 turpiter
3573 3978 3771 4043 menti;
3805 3979 3925 4034 sive

2351 4070 2565 4139 quando
2601 4071 2913 4126 societatem
2947 4078 3187 4126 nostram
3227 4070 3501 4126 diversitas
3526 4084 3688 4125 sexus
3711 4068 3922 4138 inquie-

2363 4171 2472 4228 tat;
2503 4163 2616 4218 sive
2643 4163 2855 4234 quando
2875 4162 3065 4219 talibus
3079 4162 3368 4232 jungimur,
3391 4161 3584 4232 quibus
3607 4159 3924 4216 Christiana:

2352 4256 2549 4325 regula:
2580 4272 2686 4312 non
2715 4256 2889 4325 placet
2916 4271 3123 4322 cursus,
3155 4255 3268 4310 sive
3288 4253 3503 4326 quando
3524 4254 3798 4324 jungimur
3822 4253 3924 4307 hie‘

2351 4347 2533 4402 reticis
2555 4389 2569 4414 ,
2599 4357 2655 4402 et
2680 4347 2834 4418 quasi
2862 4347 2961 4402 sub
2989 4347 3166 4417 specie
3204 4345 3478 4412 amicitiaa,
3519 4359 3642 4400 cum
3671 4344 3752 4398 his
3775 4342 3923 4398 vide-

2352 4456 2472 4496 mur
2500 4441 2635 4497 inire
2661 4441 2995 4507 conﬂictum,
3045 4448 3099 4494 et
3135 4455 3241 4494 non
3281 4444 3465 4510 aperta
3499 4435 3693 4504 fronte,
3724 4444 3784 4490 ut
3811 4434 3922 4489 Ro.

2309 4555 2320 4603 ‘_
2353 4535 2496 4589 mani
2543 4542 2729 4590 contra
2770 4535 3028 4589 barbaros
3066 4547 3444 4603 repugnamus.
3498 4530 3576 4586 Ibi
3605 4529 3925 4602 dissipantur

678 4614 983 4671 extenditur
1001 4621 1226 4669 textum.
1344 4615 1486 4671 enim
1515 4615 1649 4671 dixit
1671 4635 1684 4669 ζ
1708 4615 1868 4686 Eripe
1887 4633 1984 4680 me,
2008 4616 2248 4681 Domine,
2276 4596 2332 4658 Β
2354 4641 2475 4684 ossa
2499 4634 2682 4682 nostra
2721 4626 2874 4695 juxta
2923 4626 3096 4696 posita
3114 4596 3147 4692 ξ
3179 4596 3236 4680 εἰ
3277 4639 3429 4679 secus
3459 4623 3633 4692 ipsum
3659 4596 3920 4677 inf—emam

677 4705 747 4761 ab
785 4705 989 4761 homine
1030 4706 1187 4774 malo,
1233 4713 1336 4763 etc.
1387 4706 1516 4772 Hic,
1549 4707 2047 4775 Domine,'clamavi
2076 4710 2144 4766 ad
2175 4719 2245 4776 te,

678 4798 871 4856 exaudi
898 4814 1004 4854 me.
1034 4797 1101 4852 Et
1128 4807 1186 4855 ut
1212 4800 1522 4855 ostenderet
1546 4810 1604 4856 se
1631 4800 1699 4856 de
1740 4800 2002 4857 haereticis
2028 4803 2247 4870 dixisse,

676 4891 769 4963 qui
795 4891 1032 4960 cogitant
1056 4890 1287 4946 malitias
1313 4891 1368 4944 in
1396 4891 1578 4958 corde,
1610 4891 1697 4946 hic
1723 4889 1851 4946 dicit
1892 4909 1904 4944 :
1935 4891 2051 4947 Non
2080 4892 2248 4947 decli-

676 4997 775 5038 nes
801 4997 897 5038 cor
923 4996 1101 5038 meum
1129 4981 1184 5035 in
1210 4981 1374 5036 verba
1402 4981 1633 5046 malitim,
1666 4983 1759 5038 sed
1785 4997 1927 5052 pone
1953 4983 2248 5038 custodiam

677 5074 760 5130 ori
799 5088 954 5138 meo,
985 5081 1042 5130 et
1079 5073 1276 5130 ostium
1323 5074 1736 5129 circumstantia:
1784 5076 1939 5131 labiis
1984 5077 2156 5132 meis:
2186 5092 2254 5132 ne

675 5164 815 5221 forte
840 5165 966 5221 dum
993 5166 1170 5222 studio
1195 5165 1538 5222 defendendae
1579 5167 1819 5223 veritatis
1855 5183 2022 5224 conor
2057 5169 2255 5226 multos

677 5254 919 5323 proferre
944 5273 1236 5323 sermones,
1270 5257 1534 5312 oﬁendam
1563 5266 1618 5312 et
1636 5258 1862 5312 habeam
1890 5266 2099 5328 partem
2128 5275 2251 5316 cum

678 5341 984 5399 hominibus
1030 5338 1376 5418 operantibus
1423 5348 1778 5418 iniquitatem.
1827 5346 1932 5416 sed
1979 5351 2103 5420 quia
2149 5351 2255 5406 hoc

678 5445 832 5500 rogo,
864 5441 924 5486 ut
951 5449 1056 5490 non
1075 5441 1442 5495 communicer
1463 5456 1583 5494 cum
1603 5440 1791 5496 electis
1819 5455 2026 5507 eorum,
2055 5451 2252 5512 priesta

678 5523 811 5578 mihi
834 5528 1225 5594 eorreptionem
1248 5537 1410 5596 tuam,
1434 5540 1492 5585 ut
1517 5532 1588 5586 sit
1607 5532 1784 5602 justus
1803 5533 1932 5587 mihi
1961 5533 2252 5604 imperans,

677 5613 831 5684 cujus
857 5629 1012 5670 meus
1031 5631 1185 5672 error
1203 5621 1502 5688 corrigatur
1528 5623 1801 5693 exemplo.
1830 5621 2256 5694 lncomparabile

677 5705 876 5762 donum
897 5707 992 5763 Dei
1013 5715 1116 5774 est,
1145 5709 1359 5778 quando
1380 5713 1534 5769 nobis
1552 5715 1856 5784 quicunque
1881 5730 2043 5787 super
2060 5715 2254 5773 faciem

679 5807 835 5856 terra:
869 5801 1046 5870 justus
1090 5802 1408 5860 ostenditur.
1452 5803 1627 5862 Habet
1653 5806 1795 5863 Deus
1821 5800 1971 5866 dives
1997 5809 2052 5866 in
2079 5810 2254 5866 omni-

2353 4721 2632 4779 collocata.
2681 4719 2738 4775 Si
2786 4733 2911 4774 vero
2949 4718 3040 4772 uni
3068 4719 3259 4773 h’orum
3287 4731 3383 4786 per
3404 4715 3572 4786 ipsam
3599 4713 3923 4769 vicinitatem

2353 4811 2609 4866 fuerimus
2637 4809 2901 4878 adjuncti,
2949 4824 3058 4863 non
3085 4807 3258 4862 solum
3285 4821 3438 4872 ossa,
3469 4803 3564 4862 sed
3591 4812 3646 4860 et
3673 4804 3786 4873 ipsa
3811 4802 3925 4878 ani-

2354 4915 2440 4955 ma
2468 4900 2775 4970 dissipatur.
2835 4899 3084 4955 Dicamus
3121 4911 3248 4967 ergo
3277 4912 3400 4954 cum
3438 4896 3674 4950 clamore
3701 4911 3712 4948 :
3741 4892 3822 4948 Ad
3848 4900 3922 4957 te,

2353 4990 2596 5056 Domine,
2627 4991 2869 5057 Domine,
2898 4990 3039 5046 oculi
3075 4989 3214 5054 mei,
3243 4990 3298 5044 in
3336 4996 3389 5043 te
3416 4986 3661 5057 speravi,
3689 4999 3798 5040 non
3828 5000 3926 5038 au--

2354 5079 2495 5134 feras
2521 5079 2752 5133 animam
2776 5094 2978 5145 meam,
3011 5093 3119 5134 non
3145 5092 3267 5133 eam
3294 5075 3505 5132 auferas
3530 5075 3598 5130 de
3627 5074 3764 5129 libro
3781 5073 3930 5136 vitte,

2355 5170 2445 5226 ubi
2472 5178 2597 5225 sunt
2623 5169 2899 5233 catholici,
2942 5179 2998 5224 et
3042 5169 3097 5223 in
3139 5169 3278 5224 libro
3315 5167 3504 5223 mortis
3547 5167 3779 5228 inseras,
3839 5162 3932 5216 ubi

2355 5263 2726 5318 haereticorum
2774 5261 3146 5317 conventicula
3196 5259 3640 5324 condemnantur,
3689 5254 3787 5311 sed
3832 5269 3931 5308 cu-

2318 5403 2329 5415 .
2355 5355 2496 5411 stodi
2537 5369 2625 5410 me
2651 5370 2682 5408 a
2711 5353 2902 5424 laqueo
2929 5367 3088 5422 quem
3131 5359 3431 5407 statuerunt
3456 5348 3612 5414 mihi,
3636 5355 3693 5402 et
3718 5361 3752 5401 a
3777 5360 3937 5402 scan-

2355 5444 2492 5501 dalis
2526 5445 2861 5516 operantium
2907 5444 3264 5522 iniquitatem.
3326 5440 3404 5496 lbi
3443 5440 3588 5522 enim
3615 5435 3937 5494 retiaculum

2356 5511 2694 5592 tetenderunt
2713 5574 2730 5599 ,
2775 5541 2835 5589 ut
2870 5533 2924 5588 in
2953 5511 3060 5589 uno
3086 5531 3155 5588 de
3175 5531 3365 5605 quibus
3391 5511 3552 5601 supra
3578 5527 3811 5583 diximus
3840 5539 3938 5580 ca-

2355 5627 2507 5699 piant
2527 5627 2620 5692 ibi,
2650 5625 2743 5682 ubi
2769 5625 2967 5700 cadunt
2993 5633 3326 5695 peccatores,
3348 5637 3379 5676 a
3400 5621 3593 5692 quibus
3615 5619 3701 5674 his
3729 5617 3942 5672 alienus

2357 5719 2598 5783 effectus,
2620 5715 2959 5786 singulariter
2975 5715 3152 5771 vivam
3178 5713 3354 5770 donec
3380 5726 3589 5777 exeam,
3613 5709 3728 5765 sive
3757 5718 3941 5762 trans-

2355 5825 2496 5866 eam.
2552 5807 2742 5866 Melius
2768 5813 2851 5864 est
2876 5807 3019 5864 enim
3045 5804 3175 5861 mihi
3203 5802 3442 5861 solitaria
3466 5798 3806 5859 conversatio
3837 5794 3944 5850 ba-
