4244 6258
380 426 484 487 555

1200 421 1668 478 COMMENTARJI
1705 421 1772 476 IN
1810 421 2138 477 PSALMOS.
2182 421 2372 474 PSAL.
2415 420 2612 474 CXL“.

3525 422 3632 477 δδι

381 544 511 598 bens
537 541 702 595 vitam
727 581 743 606 ,
789 553 945 609 quam
993 546 1051 592 ut
1098 538 1150 591 in
1201 536 1537 591 multitudine
1583 543 1946 599 conversatus,
1983 539 2025 595 Α
2055 536 2170 589 stis.
2204 535 2353 590 Tunc
2380 533 2592 603 quando
2620 533 2760 601 perit
2787 533 2886 586 ista
2916 530 3037 601 fuga
3068 549 3098 586 a
3131 534 3314 599 nobis,
3343 541 3398 589 et
3418 549 3525 590 non
3548 545 3631 591 est

381 640 607 685 mortem
639 631 920 684 incurram.
972 626 1322 694 Singulariter
1370 624 1654 679 vivendum
1699 632 1809 686 est,
1857 623 1948 677 ubi

381 721 609 775 societas
647 721 766 772 vitae
809 717 1084 787 praesentis
1126 723 1342 770 aeterna:
1369 716 1488 768 vitae
1512 715 1808 768 commodis
1851 713 1947 766 ad-

380 818 642 874 versatur,
690 807 839 876 cujus
883 806 1141 861 retiaculo
1188 821 1403 860 oremus
1432 807 1712 870 instanter,
1737 813 1794 858 ut
1821 803 1949 857 diri-

379 906 534 969 gatur
561 899 731 954 oratio
760 905 936 951 nostra
989 897 1043 950 in
1090 903 1379 963 conspectu
1409 895 1523 960 Dei,
1554 895 1692 950 sicut
1719 894 1948 964 thymia-

380 992 538 1046 matis
564 991 851 1045 incensum.
902 987 992 1043 Sic
1015 988 1158 1042 enim
1198 987 1251 1040 in
1277 985 1464 1041 Graeco
1493 986 1773 1054 psallitur:
1807 983 1946 1037 Diri-

379 1090 532 1150 gatur
557 1081 730 1137 oratio
752 1087 933 1133 nostra
957 1079 1010 1131 in
1037 1084 1329 1146 conspectu
1351 1077 1444 1130 Dei
1471 1076 1607 1129 sicut
1633 1074 1945 1145 thymiama,

376 1169 425 1222 id
456 1176 573 1233 est,
626 1167 763 1221 utin
793 1167 1016 1221 odorem
1066 1166 1346 1219 suavitatis
1389 1162 1707 1218 sacriﬁcium
1751 1171 1948 1218 nostrai

371 1259 632 1312 orationis
659 1257 908 1326 accipiat.
951 1253 1279 1308 Sacriﬁcium
1315 1263 1557 1308 nostrum
1584 1253 1946 1322 vespertinum

319 1389 323 1396 .
369 1351 458 1413 sit,
486 1349 539 1402 id
569 1355 680 1412 est,
708 1349 862 1416 juxta
892 1346 1051 1399 ﬁnem
1080 1346 1212 1399 lucis
1239 1345 1396 1414 hujus
1417 1384 1432 1408 ,
1461 1361 1563 1414 qua
1593 1345 1722 1398 hora
1753 1343 1820 1397 ab
1846 1343 1946 1396 hac

368 1442 489 1494 luce
535 1440 843 1507 migramus.
894 1437 1043 1493 Tunc
1090 1438 1230 1491 enim
1259 1437 1312 1490 in
1352 1435 1614 1490 sacriﬁcio
1640 1434 1946 1503 vespertino

370 1547 571 1594 sumus,
604 1531 676 1585 ibi
707 1538 790 1584 est
816 1538 930 1584 tota
976 1539 1172 1584 nostrae
1203 1527 1545 1596 cogitationis
1574 1526 1816 1594 ponenda
1864 1526 1945 1578 in-

373 1624 540 1677 tentio
565 1662 580 1687 ,
629 1630 686 1676 ut
729 1621 967 1676 levantes
1011 1629 1448 1678 manusnostras
1489 1618 1541 1670 in
1570 1617 1721 1684 signo
1750 1616 1942 1680 crucis,

373 1716 498 1769 dum
525 1715 591 1769 ad
619 1715 898 1768 Dominum
928 1712 1196 1782 pergimus
1219 1751 1234 1776 ,
1282 1710 1612 1778 gratulemur
1648 1709 1700 1762 in
1729 1706 1944 1763 Christo

373 1804 497 1859 Jesu
528 1804 752 1860 Domino
779 1810 964 1859 nostro
987 1842 1002 1868 ,
1033 1802 1125 1878 qui
1162 1801 1216 1855 in
1246 1800 1450 1855 unitate
1482 1799 1706 1853 Deitatis
1732 1798 1864 1851 vivit
1890 1805 1946 1852 et

2053 625 2319 692 cogitatus
2339 665 2352 688 ,
2383 640 2488 678 non
2518 623 2862 692 compunctio
2889 638 2954 677 ex
2994 622 3186 678 allectu
3215 624 3397 693 aliquo
3425 627 3516 693 qui
3544 641 3632 680 re-

2052 716 2230 783 quirat
2275 714 2534 778 animam;
2584 729 2685 768 nec
2729 712 2866 767 redit
2909 714 2976 767 ad
3004 729 3220 768 sensum
3250 729 3429 768 meum
3459 723 3518 768 ut
3543 729 3631 769 re-

2052 806 2259 874 quiram
2309 805 2540 856 animam
2585 819 2760 857 meam
2789 844 2802 867 ,
2855 810 2909 857 et
2951 803 3124 857 dicam
3170 803 3280 856 illi:
3314 802 3446 870 Age,
3477 811 3630 858 actus
3707 867 3724 882 .

2051 911 2202 950 meos
2249 896 2359 949 noli
2408 895 2631 965 perdere
2654 935 2668 958 ,
2717 895 2861 964 quod
2897 902 3048 949 tanto
3076 902 3318 964 tempore
3347 895 3623 950 laborasti.

2052 988 2178 1042 Hmc
2204 1003 2345 1041 nunc
2373 987 2515 1040 dico.
2566 985 2774 1052 Quare?
2815 985 2947 1050 Quia
2977 985 3172 1040 defecit
3211 986 3263 1038 in
3293 1001 3378 1040 me
3406 985 3628 1055 spiritus

2049 1093 2222 1141 meus,
2237 1088 2479 1147 tempore
2498 1076 2711 1144 quando
2732 1077 2785 1130 in
2804 1076 2890 1130 via
2905 1091 3010 1143 qua
3041 1076 3379 1130 ambulabam
3395 1076 3624 1131 abscon-

2049 1171 2242 1225 derant
2270 1170 2493 1238 laqueos
2517 1168 2666 1221 mihi.
2699 1167 2766 1220 Et
2791 1168 2914 1236 quia
2946 1168 3105 1236 periit
3132 1167 3252 1236 fuga
3283 1183 3316 1222 a
3343 1183 3448 1232 me,
3480 1168 3625 1223 aliud

2049 1276 2157 1328 quo
2185 1261 2383 1329 possim
2411 1259 2641 1313 evadere
2677 1259 2889 1328 penitus
2929 1275 3038 1313 non
3065 1259 3303 1324 habebo,
3353 1259 3453 1313 nisi
3496 1259 3624 1314 totis

2048 1352 2253 1406 viribus
2283 1351 2510 1405 clamem
2539 1349 2604 1402 ad
2634 1361 2716 1413 te,
2746 1349 2968 1402 Domine
2995 1367 3005 1400 ε
3038 1348 3269 1404 Pereant
3303 1351 3480 1404 omnia
3505 1365 3624 1418 qua:

2050 1441 2102 1493 in
2131 1440 2331 1494 mundo
2357 1450 2501 1500 sunt,
2534 1446 2590 1492 tu
2619 1451 2742 1506 spes
2769 1453 2918 1502 mea;
2950 1446 3007 1490 tu
3040 1439 3214 1506 portio
3243 1453 3362 1492 mea
3391 1438 3446 1492 in
3476 1446 3621 1492 terra

2048 1529 2356 1584 viventium.
2408 1526 2627 1581 Intende
2674 1528 2727 1581 in
2774 1528 3072 1582 orationem
3121 1543 3325 1591 meam,
3372 1528 3623 1596 quoniam

2051 1619 2365 1673 humiliatus
2393 1632 2511 1671 sum
2538 1617 2714 1670 niulis.
2765 1616 2973 1672 Tenent
3013 1633 3097 1670 me
3145 1626 3364 1686 peccata
3393 1632 3541 1682 mea,
3571 1627 3625 1671 et

2042 1722 2228 1792 jugum
2267 1727 2420 1764 suum
2461 1717 2756 1779 posuerunt
2783 1724 2944 1779 super
2970 1723 3055 1762 me
3077 1749 3091 1771 ,
3135 1725 3228 1777 per
3256 1716 3474 1778 peccata
3503 1724 3624 1762 mea

2048 1805 2318 1874 principes
2346 1803 2596 1856 vitiorum
2622 1808 2677 1855 et
2703 1801 3002 1856 criminum.
3023 1800 3120 1864 Tu,
3141 1801 3304 1854 libera
3333 1816 3418 1855 me
3447 1817 3477 1854 a
3499 1816 3624 1871 per-

373 1904 561 1965 regnat
589 1911 710 1950 cum
747 1894 907 1950 Patre
946 1903 1000 1949 et
1027 1893 1228 1964 Spiritu
1256 1901 1443 1948 sancto
1463 1933 1477 1958 ,
1525 1907 1621 1961 per
1643 1891 1822 1946 omnia
1846 1905 1946 1944 εω-
1973 1900 2021 1961 B
2046 1894 2393 1962 sequentibus
2420 1907 2507 1946 me
2525 1931 2540 1956 ,
2572 1891 2827 1960 quoniam
2863 1891 3146 1946 confortati
3175 1901 3299 1945 sunt
3328 1907 3489 1961 super
3517 1907 3622 1954 me,

374 1991 494 2044 cula
522 1976 856 2042 seculorum.
885 1985 1073 2040 Amen.

897 2095 1210 2152 PSALMUS
1245 2095 1417 2152 CXLI.

451 2188 759 2243 Intellectus
785 2187 968 2254 David,
996 2202 1119 2242 cum
1144 2195 1284 2242 esset
1316 2187 1369 2240 in
1397 2201 1650 2256 spelunca
1679 2187 1872 2241 oratio.

461 2304 597 2357 Voce
623 2320 736 2357 mea
771 2302 841 2356 ad
867 2301 1144 2356 Dominum
1174 2300 1422 2365 clamavi,
1451 2317 1570 2354 voce
1598 2317 1713 2354 mea
1741 2301 1812 2352 ad
1840 2299 1949 2353 Do-

383 2396 578 2448 minum
599 2393 892 2463 deprecatus
913 2408 1042 2444 sum.
1077 2389 1302 2460 E/fundo
1323 2392 1376 2443 in
1399 2400 1667 2461 conspectu
1697 2391 1805 2460 ejus
1836 2406 1953 2442 ora-

380 2486 568 2536 tionem
589 2499 773 2545 meam,
803 2491 850 2534 et
879 2481 1257 2535 tribulationem
1289 2497 1456 2535 meam
1489 2489 1610 2534 ante
1636 2483 1802 2550 ipsum
1823 2496 1948 2550 pro-

376 2576 575 2628 nuntio.
615 2572 680 2626 In
710 2573 988 2642 deﬁciendo
1011 2588 1074 2625 ex
1103 2589 1182 2626 me
1207 2574 1444 2643 spiritum
1471 2590 1668 2636 meum,
1701 2581 1749 2626 et
1781 2583 1830 2625 tu
1858 2589 1948 2625 co-

373 2669 593 2738 gnovisti
640 2668 847 2721 semitas
888 2683 1046 2719 meas.
1096 2665 1162 2718 In
1208 2668 1289 2718 via
1331 2666 1427 2718 hac
1473 2682 1571 2736 qua
1602 2650 1946 2729 ambulabam,

371 2759 750 2814 absconderunt
795 2757 997 2826 superbi
1038 2757 1274 2826 laqueum
1313 2772 1499 2809 meum.
1549 2754 1950 2809 Considerabam

368 2852 438 2904 ad
465 2852 732 2904 dexteram
769 2859 816 2902 et
841 2849 1073 2902 videbam
1097 2887 1112 2912 ,
1157 2857 1206 2900 et
1249 2864 1351 2901 non
1377 2857 1488 2901 erat
1515 2850 1600 2918 qui
1629 2856 1950 2918 cognosceret

365 2961 464 2996 me.
507 2943 672 2995 Periit
701 2944 824 3012 fuga
867 2958 899 2993 a
929 2958 1027 3004 me,
1059 2949 1110 2992 et
1136 2957 1238 2994 non
1257 2950 1333 2993 est
1359 2942 1442 3011 qui
1472 2941 1696 3010 requirat
1723 2941 1950 2993 animam

360 3025 560 3087 meam.
603 3031 831 3085 Clamavi
853 3031 921 3084 ad
943 3041 1007 3096 te,
1033 3029 1284 3094 Domine;
1308 3031 1417 3084 dixi
1449 3029 1565 3105 :Tu
1595 3047 1647 3084 es
1675 3047 1788 3101 spes
1810 3046 1943 3094 mea,

358 3124 543 3193 portio
586 3139 700 3175 mea
743 3124 795 3174 in
844 3130 982 3174 terra
1025 3123 1311 3175 viventium.
1357 3119 1576 3174 Intende
1604 3121 1675 3173 ad
1700 3124 1946 3191 depreca-

360 3217 562 3268 tionem
593 3229 789 3276 meam,
831 3213 950 3283 quia
979 3212 1274 3265 humiliatus
1302 3229 1413 3287 sum
1441 3214 1614 3266 nimis.
1653 3212 1840 3267 Libera
1865 3230 1946 3267 me

363 3322 394 3357 a
424 3301 843 3375 persequentibus
881 3319 996 3367 me,
1031 3303 1273 3373 quoniam
1315 3305 1589 3373 confortati
1634 3314 1755 3357 sunt
1793 3321 1946 3374 super

365 3411 463 3448 me.
495 3392 647 3446 Educ
676 3392 739 3446 de
772 3391 1004 3445 custodia
1032 3393 1262 3445 animam
1301 3410 1467 3447 meam
1494 3394 1564 3446 ad
1595 3393 1946 3464 conﬁtendum

370 3484 570 3537 nomini
603 3493 716 3547 tuo;
741 3499 820 3535 me
841 3491 1140 3552 exspectant
1160 3482 1310 3551 justi,
1334 3483 1494 3537 donec
1523 3484 1772 3538 retribuas
1795 3485 1939 3538 mihi.

939 3604 1042 3644 COII
1049 3605 1152 3644 [EN
1158 3605 1352 3644 TARlUI
1359 3629 1372 3643 .

437 3707 575 3759 Cum
609 3721 637 3756 a
669 3704 800 3759 facie
825 3702 1000 3758 Saulis
1029 3701 1222 3755 lateret
1247 3701 1300 3754 in
1343 3700 1594 3770 spelunca
1622 3699 1787 3754 David
1816 3710 1948 3770 pro:

367 3799 525 3866 fugus
548 3837 562 3860 ,
611 3796 769 3849 istum
806 3793 1077 3863 psalmum
1123 3790 1318 3859 legitur
1361 3790 1636 3845 cecinisse.
1673 3790 1833 3854 Voce,
1864 3789 1946 3843 in-

367 3889 504 3955 quit,
537 3896 658 3941 mea
699 3885 766 3940 ad
807 3885 1087 3939 Dominum
1129 3882 1372 3947 clamavi,
1405 3890 1460 3937 et
1497 3897 1629 3938 voce
1677 3898 1796 3937 mea
1837 3881 1943 3937 Do-

368 3979 579 4029 minum
624 3975 940 4044 deprecatus
989 3989 1128 4028 sum.
1175 3968 1402 4027 Eﬁ'uudo
1432 3973 1484 4026 in
1513 3981 1803 4042 conspectu
1828 3973 1944 4042 ejus

371 4068 678 4121 orationem
706 4081 876 4120 meam
903 4073 958 4120 et
984 4065 1380 4119 tribulationem
1410 4080 1586 4124 meam
1615 4075 1738 4121 ante
1767 4068 1941 4137 ipsum

369 4157 689 4226 pronuntio.
729 4155 786 4209 In
818 4156 1022 4210 defectu
1049 4155 1209 4222 enim,
1241 4157 1332 4220 ait,
1353 4155 1568 4224 spiritus
1593 4158 1719 4222 mei,
1750 4158 1822 4212 ibi
1848 4173 1942 4213 co-

367 4247 608 4314 gnovisti
651 4247 866 4301 semitas
913 4260 1076 4300 meas.
1115 4246 1192 4301 lbi
1218 4247 1422 4311 clama,
1454 4262 1486 4301 ο
1515 4246 1836 4312 Christiane,
1867 4249 1941 4304 ibi

330 4375 334 4379 -
363 4336 585 4392 effunde
613 4337 666 4390 in
695 4347 980 4406 conspectu
1006 4337 1101 4391 Dei
1129 4337 1427 4391 orationem
1457 4345 1600 4390 tuam
1625 4377 1639 4401 ,
1672 4336 1744 4391 ibi
1773 4339 1942 4392 tribu-

364 4428 626 4482 lationem
672 4435 816 4482 tuam
858 4427 1172 4498 pronuntia,
1217 4436 1324 4482 non
1365 4427 1584 4498 perditis
1611 4429 1800 4495 rebus,
1832 4445 1964 4504 non,

363 4521 731 4584 facultatibus,
764 4535 870 4574 non
896 4533 1146 4588 agrorum
1175 4518 1396 4585 ﬁnibus,
1423 4519 1506 4573 vel
1534 4519 1616 4573 his
1643 4535 1760 4590 quae
1786 4521 1940 4575 nobis

2048 1992 2104 2039 et
2119 1983 2254 2038 educ
2268 1983 2336 2037 de
2349 1996 2564 2038 carcere
2579 1982 2809 2035 animam
2826 1995 3018 2035 meam.
3037 1981 3184 2035 Tunc
3201 1981 3340 2034 enim
3354 1996 3624 2036 carcerem

2047 2073 2250 2142 patitur
2268 2072 2446 2125 anima
2460 2078 2663 2136 nostra,
2685 2071 2811 2126 dum
2830 2067 2955 2125 hinc
2976 2071 3098 2126 inde
3121 2072 3275 2126 nobis
3293 2071 3532 2127 clausum
3559 2073 3626 2127 ad

2048 2165 2354 2228 lectionem,
2380 2165 2467 2219 vel
2488 2165 2806 2230 orationem,
2836 2165 3016 2233 veLad
3039 2165 3237 2219 bonum
3261 2180 3494 2226 cursum,
3513 2165 3626 2218 sive

2047 2257 2232 2311 mundi
2275 2257 2657 2326 occupationes
2679 2297 2694 2320 ,
2759 2257 2872 2312 sive
2917 2272 3191 2326 corporeae
3239 2257 3625 2313 delectationes

2053 2346 2316 2402 efﬁciunt.
2366 2348 2501 2413 Nec,
2546 2356 2605 2402 ut
2631 2347 2846 2416 quidam
2872 2356 3082 2418 putant,
3115 2363 3312 2417 corpus
3335 2349 3625 2402 humanum

2050 2453 2324 2494 carcerem
2356 2440 2612 2495 audemus
2635 2440 2846 2507 dicere,
2873 2441 3016 2509 quod
3047 2442 3286 2511 templum
3306 2439 3402 2495 Dei
3432 2440 3625 2495 Paulus

2051 2528 2327 2596 apostolus
2367 2543 2488 2583 esse
2533 2537 2762 2584 testatur
2799 2528 2865 2601 (ll
2893 2527 3012 2583 Cor.
3043 2534 3152 2598 xvn)
3183 2548 3194 2582 :
3227 2530 3321 2584 sed
3349 2544 3624 2584 carcerem

2049 2621 2299 2690 patimur,
2331 2621 2547 2688 quando
2576 2636 2736 2676 orare
2773 2636 2880 2676 non
2908 2621 3176 2684 delectat,
3227 2620 3438 2689 quando
3476 2620 3623 2674 fasti-

2049 2714 2224 2768 dimur
2250 2713 2305 2766 in
2333 2713 2662 2781 spiritalibus
2683 2712 2834 2777 cibis,
2865 2721 2922 2768 et
2952 2721 3076 2766 tunc
3105 2711 3481 2767 necessitatum
3509 2695 3622 2764 ter-

2049 2819 2297 2859 renarum
2341 2803 2587 2858 claustris
2609 2841 2624 2865 ,
2676 2815 2819 2857 nunc
2861 2801 3276 2858 delectationum
3318 2801 3470 2856 ostiis
3495 2815 3621 2855 con-

2049 2893 2182 2948 clusi
2211 2891 2506 2946 deticimus.
2567 2890 2737 2946 Verus
2775 2905 2961 2946 carcer
3000 2891 3190 2946 anima:
3219 2891 3273 2945 in
3303 2899 3354 2945 te
3382 2898 3495 2956 est,
3527 2907 3621 2961 pro

2050 2999 2158 3054 quo
2205 2984 2332 3038 totis
2376 2982 2578 3036 viribus
2623 2990 2706 3036 est
2749 2981 3086 3037 clamandum
3131 2981 3199 3036 ad
3246 2981 3534 3048 Christum,
3568 2989 3620 3036 ut

2051 3071 2244 3126 educat
2270 3071 2338 3124 de
2384 3083 2600 3125 carcere
2644 3069 2750 3125 hoc
2794 3069 2998 3136 animas
3028 3078 3239 3126 nostras
3268 3069 3336 3124 ad
3362 3068 3619 3125 conﬁten-

2049 3162 2176 3216 dum
2204 3163 2405 3216 nomini
2433 3177 2531 3217 suo
2549 3201 2565 3228 ,
2607 3169 2666 3216 ut
2705 3162 2923 3233 incipiat
2950 3178 3070 3218 eam
3097 3163 3386 3220 delectatio
3414 3163 3619 3219 confos—

1971 3258 2014 3320 ο
2048 3255 2214 3309 sionis
2259 3255 2506 3309 excolere
2528 3296 2543 3321 ,
2592 3270 2710 3324 quae
2754 3255 2965 3310 deserta
3007 3253 3146 3311 facta
3175 3266 3258 3310 est
3283 3256 3542 3310 orationis
3568 3264 3618 3310 et

2049 3344 2315 3409 lectionis,
2346 3355 2401 3399 et
2425 3346 2683 3415 spiritalis
2697 3347 2939 3402 exercitii
2959 3347 3164 3402 cultura
3193 3355 3454 3403 cessante.
3485 3344 3618 3400 Cum

2047 3450 2175 3504 ergo
2203 3452 2270 3490 ex
2298 3437 2401 3491 hoc
2428 3453 2644 3492 carcere
2671 3436 2919 3492 eduxeris
2943 3440 3177 3492 anin'tam
3203 3453 3394 3501 meam,
3425 3445 3480 3490 et
3505 3451 3616 3490 cm‘

2046 3541 2178 3596 pero
2207 3535 2356 3582 recto
2385 3535 2573 3582 tenore
2597 3515 2843 3583 conﬁteri
2869 3529 3072 3581 nomini
3103 3535 3221 3590 tuo,
3255 3535 3382 3580 tunc
3409 3541 3494 3578 me
3521 3541 3612 3578 ex-

2045 3623 2290 3684 spectant
2329 3615 2459 3684 justi
2503 3616 2678 3670 donec
2722 3616 2852 3670 mihi
2880 3616 3143 3670 retribuas
3170 3615 3223 3667 in
3252 3613 3464 3667 Christo
3491 3610 3628 3666 Jestr

2046 3706 2271 3762 Domino
2301 3715 2505 3771 nostro,
2537 3706 2628 3775 qui
2653 3713 2840 3774 regnat
2867 3722 2986 3760 cum
3018 3704 3175 3758 Patre
3199 3711 3254 3758 et
3271 3702 3468 3772 Spiritu
3489 3717 3614 3757 san-

2045 3806 2133 3853 cto
2164 3799 2218 3852 in
2246 3800 2437 3854 saecula
2467 3797 2800 3852 saeculorum.
2829 3796 3018 3851 Αωθιι.

2561 3904 2871 3962 PSALMUS
2906 3877 3117 3961 cxw.

2079 3999 2324 4056 Psalmus
2352 3999 2548 4067 David,
2579 3999 2792 4069 quando
2829 4000 3251 4069 persequebatur
3287 4011 3411 4052 eum
3440 3995 3579 4053 ﬁlius

2627 4076 2756 4127 suus
2776 4071 3033 4125 .Absalon.

2114 4159 2354 4226 Domine,
2385 4161 2576 4214 exaudi
2605 4161 2891 4214 orationem
2929 4175 3124 4222 meam,
3163 4156 3370 4211 auribus
3413 4157 3612 4227 percipe

2043 4249 2445 4306 obsecrationem
2471 4268 2638 4306 meam
2663 4253 2718 4305 in
2743 4252 2952 4305 veritate
2975 4260 3060 4304 tua
3079 4291 3092 4316 ,
3136 4249 3322 4304 exaudi
3343 4265 3422 4303 me
3449 4250 3503 4302 in
3526 4259 3613 4302 tua

2034 4340 2260 4408 justitia.
2315 4341 2381 4394 Et
2400 4359 2502 4396 non
2533 4344 2691 4396 intres
2718 4343 2772 4395 in
2793 4341 2990 4413 judicio
3019 4357 3131 4394 cum
3169 4358 3310 4396 servo
3350 4349 3464 4405 tuo,
3494 4341 3614 4411 quia

2042 4449 2145 4488 non
2165 4434 2538 4503 justiﬁcabitur
2558 4439 2613 4490 in
2637 4445 2907 4507 conspectu
2938 4447 3020 4490 tuo
3049 4437 3216 4491 omnis
3248 4436 3440 4490 vivens.
3477 4432 3611 4498 Quia

2041 4533 2328 4593 persecutus
2357 4535 2432 4580 est
2467 4529 2704 4582 inimicus
2744 4531 2972 4584 animam
3011 4547 3176 4583 meam
3199 4569 3214 4594 ,
3245 4529 3529 4583 humiliavit
3556 4529 3610 4581 in

359 4609 615 4679 deposito
663 4624 890 4678 corpore
935 4609 1234 4663 necessaria
1283 4609 1496 4678 penitus
1534 4625 1641 4663 non
1671 4619 1810 4676 sunt,
1841 4611 1937 4665 sed
1962 4623 2017 4684 ι)
2041 4624 2178 4670 terra
2204 4615 2359 4669 vitam
2377 4633 2560 4670 meam.
2595 4615 2873 4673 Collocavit
2896 4637 2975 4674 me
2994 4622 3046 4674 in
3071 4619 3295 4674 obscuris
3317 4621 3447 4673 sicut
3470 4636 3611 4673 mor-

359 4703 412 4756 in
462 4700 681 4756 defectu
727 4700 943 4770 spiritus
993 4699 1099 4765 tui,
1129 4700 1202 4754 ibi
1240 4708 1355 4755 esto
1384 4701 1658 4755 sollicitus.
1692 4701 1768 4756 lbi
1796 4703 1937 4756 enim

356 4797 769 4856 cognoscuntur
812 4789 1018 4845 semitae
1067 4797 1190 4844 tute.
1234 4789 1483 4845 Defectus
1527 4791 1743 4860 spiritus
1769 4791 1938 4845 nostri

356 4892 462 4948 cst,
512 4881 735 4953 quando
784 4897 882 4937 nos
927 4882 1220 4937 carnalium
1261 4897 1438 4936 rerum
1476 4882 1820 4937 necessitates
1848 4891 1940 4940 aut

355 4973 751 5028 delectationes
808 4973 1080 5027 invadunt.
1156 4972 1234 5027 lbi
1283 4972 1426 5027 enim
1473 4973 1766 5028 absconditi
1817 4983 1940 5028 sunt

356 5062 534 5130 laquei
565 5063 724 5123 nobis
751 5078 782 5116 a
809 5061 1025 5117 diabolo
1069 5070 1125 5117 et
1161 5061 1416 5116 ministris
1444 5061 1574 5131 ejus.
1628 5061 1775 5119 Tunc
1806 5079 1938 5119 con-

353 5152 660 5206 sideramus
706 5153 772 5205 ad
815 5153 1130 5218 dexteram,
1179 5153 1229 5207 id
1257 5159 1369 5218 est,
1421 5152 1489 5207 ad
1533 5153 1837 5221 lectionem,
1868 5154 1936 5209 ad

274 5241 278 5245 ’
351 5241 681 5304 orationem,
711 5240 777 5293 ad
804 5241 1066 5309 psalmum
1089 5280 1105 5306 ,
1152 5248 1207 5295 et
1234 5257 1341 5296 non
1363 5242 1710 5309 delectamur,
1740 5243 1833 5299 sed
1861 5245 1938 5299 sic

351 5329 596 5384 redimus
625 5331 820 5395 maesti,
856 5339 913 5384 ut
937 5331 1026 5384 vix
1046 5332 1296 5402 nosipsos
1323 5347 1614 5401 agnoscere
1640 5336 1931 5390 valeamus.

348 5416 613 5473 Extranei
658 5420 815 5474 nobis
857 5419 990 5474 ﬁunt
1032 5421 1133 5490 ipsi
1179 5423 1358 5491 apices
1402 5425 1590 5490 sancti,
1623 5433 1678 5479 et
1701 5425 1854 5493 quasi
1881 5426 1936 5480 in

349 5514 547 5561 extero
577 5507 776 5576 positi,
825 5509 1180 5578 nosmetipsos
1218 5524 1508 5578 agnoscere
1535 5528 1644 5566 non
1669 5513 1927 5568 valemus.

349 5594 506 5650 Tunc
534 5597 694 5665 periit
722 5595 842 5665 fuga
869 5613 899 5650 a
927 5599 1112 5664 nobis,
1143 5607 1198 5653 et
1233 5599 1361 5653 illud
1386 5600 1529 5668 quod
1555 5602 1709 5656 nobis
1737 5603 1933 5657 clamat

347 5685 648 5755 Apostolus
675 5707 686 5740 :
719 5687 908 5759 Fugite
930 5690 1618 5762 fornicationem(lCor.v1),
1642 5709 1748 5748 non
1770 5694 1930 5748 surda

343 5795 483 5834 aure
515 5783 821 5836 transimus.
851 5782 998 5839 [ntus
1026 5793 1110 5839 est
1135 5787 1275 5840 enim
1305 5785 1520 5853 malum,
1551 5788 1693 5842 intus
1719 5794 1802 5842 est
1825 5787 1927 5843 ho-

638 5874 912 5935 Ρηιιοι.
957 5877 1119 5937 Llll.

2039 4715 2150 4761 tuos
2179 4708 2374 4774 swculi,
2401 4718 2451 4761 et
2470 4711 2712 4764 atwiatus
2733 4721 2808 4764 est
2835 4729 2986 4781 super
3015 4729 3093 4765 me
3113 4715 3323 4782 spiritus
3361 4729 3498 4765 meus
3517 4730 3534 4776 ;
3556 4713 3612 4764 in

2040 4813 2120 4848 me
2162 4794 2421 4850 turbatum
2464 4807 2540 4850 est
2579 4815 2666 4852 cor
2693 4816 2879 4853 meum.
2923 4799 3121 4853 Memor
3147 4801 3224 4870 fui
3251 4800 3448 4854 dierum
3475 4801 3610 4852 anti-

2039 4903 2253 4958 quorum
2276 4929 2290 4953 ,
2333 4889 2608 4944 meditatus
2651 4907 2763 4944 sum
2802 4893 2856 4945 in
2887 4891 3122 4945 omnibus
3147 4892 3380 4962 operibus
3410 4895 3528 4954 tuis,
3559 4900 3608 4942 et

2039 4978 2094 5030 in
2123 4977 2274 5047 factis
2303 4993 2546 5031 manuum
2569 4989 2770 5034 tuarum
2793 4982 3096 5036 meditabar.
3146 4980 3391 5050 Expandi
3425 4994 3608 5030 manus

2041 5081 2179 5119 meas
2204 5065 2274 5118 ad
2302 5076 2385 5120 te:
2409 5069 2585 5122 anima
2613 5085 2725 5123 mea
2752 5071 2884 5123 sicut
2904 5079 3042 5122 terra
3069 5069 3182 5120 sine
3207 5082 3341 5135 aqua
3373 5063 3478 5115 tibi.
3505 5062 3607 5116 Ve-

2039 5157 2214 5211 lociter
2236 5157 2426 5210 exaudi
2456 5175 2553 5222 me,
2584 5159 2826 5225 Domine,
2852 5160 3035 5229 defecit
3054 5157 3261 5224 spiritus
3289 5169 3449 5207 meus.
3484 5153 3607 5210 Non

2039 5254 2238 5298 avertas
2265 5247 2448 5315 faciem
2479 5257 2616 5302 tuam
2645 5264 2676 5300 a
2703 5263 2814 5312 me,
2856 5255 2906 5300 et
2931 5245 3115 5298 similis
3137 5259 3225 5298 ero
3253 5241 3578 5300 descendenti
3589 5279 3606 5288 -

2038 5333 2128 5389 bus
2156 5338 2210 5390 in
2233 5340 2419 5392 lacum.
2466 5340 2704 5392 Auditam
2751 5340 2834 5408 {ac
2877 5335 3001 5388 mihi
3029 5350 3178 5389 mane
3202 5337 3606 5392 misericordiam

2041 5434 2201 5491 tuam,
2229 5430 2348 5498 quia
2376 5429 2432 5481 in
2461 5438 2508 5481 te
2535 5427 2751 5498 speravi.
2786 5424 2981 5480 Notam
3009 5427 3093 5496 [ac
3120 5427 3247 5481 milii
3267 5429 3398 5482 viam
3425 5431 3480 5482 in
3508 5446 3610 5500 qua

2037 5516 2318 5583 ambulem,
2345 5520 2464 5589 quia
2498 5518 2566 5569 ad
2597 5526 2642 5569 te
2662 5516 2821 5569 levavi
2852 5517 3079 5570 animam
3107 5534 3290 5572 meam.
3344 5518 3503 5589 Eripe
3529 5535 3610 5572 me

2041 5609 2104 5662 de
2130 5611 2352 5664 inimicis
2371 5609 2516 5672 meis,
2546 5607 2786 5672 Domine,
2813 5610 2931 5680 quia
2959 5611 3029 5662 ad
3052 5619 3097 5664 te
3118 5612 3354 5682 confugi;
3377 5609 3502 5662 doce
3528 5624 3608 5661 mo

2035 5701 2208 5770 [acere
2226 5702 2535 5755 voluntatem
2560 5708 2718 5764 tuam,
2746 5703 2865 5771 quia
2888 5701 3024 5756 Deus
3047 5719 3185 5756 meus
3205 5719 3258 5754 es
3281 5713 3350 5753 tu.
3382 5697 3615 5767 Spiritug.

2035 5799 2147 5844 tuus
2175 5789 2332 5846 bonus
2371 5788 2584 5844 deducet
2609 5805 2690 5844 me
2727 5793 2781 5846 in
2809 5801 2999 5850 terram
3027 5800 3247 5854 rectam;
3281 5795 3488 5861 propter
3514 5804 3618 5872 no-_

3173 5878 3249 5938 18
