  <div class='ocr_page' id='page_1' title='image "/cluster/home/n/w/nwhite01/storage/ocr_20150623/53/hvd.32044073505232/283.png"; bbox 0 0 4244 6258; ppageno 0'>
   <div class='ocr_carea' id='block_1_1' title="bbox 1127 296 1429 321">
    <p class='ocr_par' dir='ltr' id='par_1_1' title="bbox 1127 296 1429 321">
     <span class='ocr_line' id='line_1_1' title="bbox 1127 296 1429 321; baseline -0.003 0"><span class='ocrx_word' id='word_1_1' title='bbox 1127 297 1159 309; x_wconf 53' lang='grc' dir='ltr'><strong>λλ</strong></span> <span class='ocrx_word' id='word_1_2' title='bbox 1198 309 1212 321; x_wconf 53' lang='grc' dir='ltr'><strong>τι</strong></span> <span class='ocrx_word' id='word_1_3' title='bbox 1228 296 1429 321; x_wconf 54' lang='grc' dir='ltr'><strong>νιιουεηι</strong></span> 
     </span>
    </p>
   </div>
   <div class='ocr_carea' id='block_1_2' title="bbox 551 358 3826 454">
    <p class='ocr_par' dir='ltr' id='par_1_2' title="bbox 551 358 3826 454">
     <span class='ocr_line' id='line_1_2' title="bbox 551 358 3826 454; baseline -0.013 1"><span class='ocrx_word' id='word_1_4' title='bbox 551 395 661 454; x_wconf 67' lang='lat' dir='ltr'><strong>sse</strong></span> <span class='ocrx_word' id='word_1_5' title='bbox 765 371 771 377; x_wconf 81' lang='grc'><strong>’</strong></span> <span class='ocrx_word' id='word_1_6' title='bbox 1490 405 1501 412; x_wconf 86' lang='grc'><strong>-</strong></span> <span class='ocrx_word' id='word_1_7' title='bbox 1876 377 2147 435; x_wconf 69' lang='lat' dir='ltr'><strong>annosa</strong></span> <span class='ocrx_word' id='word_1_8' title='bbox 2181 373 2481 431; x_wconf 80' lang='lat' dir='ltr'><strong>JUNIORIS</strong></span> <span class='ocrx_word' id='word_1_9' title='bbox 3718 358 3826 426; x_wconf 64' lang='lat' dir='ltr'><strong>sse</strong></span> 
     </span>
    </p>
   </div>
   <div class='ocr_carea' id='block_1_3' title="bbox 551 468 3825 567">
    <p class='ocr_par' dir='ltr' id='par_1_3' title="bbox 551 468 3825 567">
     <span class='ocr_line' id='line_1_3' title="bbox 551 468 3825 567; baseline -0.006 -7"><span class='ocrx_word' id='word_1_10' title='bbox 551 524 668 565; x_wconf 78' lang='lat' dir='ltr'><strong>men</strong></span> <span class='ocrx_word' id='word_1_11' title='bbox 723 511 895 565; x_wconf 81' lang='lat' dir='ltr'><strong>tuum,</strong></span> <span class='ocrx_word' id='word_1_12' title='bbox 947 497 1190 563; x_wconf 78' lang='lat' dir='ltr'><strong>Domino,</strong></span> <span class='ocrx_word' id='word_1_13' title='bbox 1223 494 1504 567; x_wconf 64' lang='lat' dir='ltr'><strong>vitiﬁcabis</strong></span> <span class='ocrx_word' id='word_1_14' title='bbox 1652 493 1710 548; x_wconf 83' lang='lat' dir='ltr'><strong>in</strong></span> <span class='ocrx_word' id='word_1_15' title='bbox 1747 493 1986 564; x_wconf 65' lang='lat' dir='ltr'><strong>aequitate</strong></span> <span class='ocrx_word' id='word_1_16' title='bbox 2023 499 2134 544; x_wconf 87' lang='lat' dir='ltr'><strong>tua.</strong></span> <span class='ocrx_word' id='word_1_17' title='bbox 2162 488 2214 550; x_wconf 78' lang='grc' dir='ltr'>Α</span> <span class='ocrx_word' id='word_1_18' title='bbox 2240 485 2305 542; x_wconf 91' lang='lat' dir='ltr'><strong>ad</strong></span> <span class='ocrx_word' id='word_1_19' title='bbox 2335 493 2621 557; x_wconf 90' lang='lat' dir='ltr'><strong>patronum</strong></span> <span class='ocrx_word' id='word_1_20' title='bbox 2652 482 2820 549; x_wconf 90' lang='lat' dir='ltr'><strong>vadit,</strong></span> <span class='ocrx_word' id='word_1_21' title='bbox 2870 479 2948 539; x_wconf 90' lang='lat' dir='ltr'><strong>sic</strong></span> <span class='ocrx_word' id='word_1_22' title='bbox 2974 497 3034 538; x_wconf 91' lang='lat' dir='ltr'><strong>se</strong></span> <span class='ocrx_word' id='word_1_23' title='bbox 3056 481 3125 538; x_wconf 83' lang='lat' dir='ltr'><strong>ab</strong></span> <span class='ocrx_word' id='word_1_24' title='bbox 3148 498 3215 538; x_wconf 90' lang='lat' dir='ltr'><strong>eo</strong></span> <span class='ocrx_word' id='word_1_25' title='bbox 3242 481 3463 537; x_wconf 89' lang='lat' dir='ltr'><strong>liberari</strong></span> <span class='ocrx_word' id='word_1_26' title='bbox 3492 479 3755 551; x_wconf 78' lang='lat' dir='ltr'><strong>postulat,</strong></span> <span class='ocrx_word' id='word_1_27' title='bbox 3780 479 3825 540; x_wconf 86' lang='lat' dir='ltr'><strong>si</strong></span> 
     </span>
    </p>
   </div>
   <div class='ocr_carea' id='block_1_4' title="bbox 551 573 3824 653">
    <p class='ocr_par' dir='ltr' id='par_1_4' title="bbox 551 573 3824 653">
     <span class='ocr_line' id='line_1_4' title="bbox 551 573 3824 653; baseline -0.007 -1"><span class='ocrx_word' id='word_1_28' title='bbox 551 597 757 653; x_wconf 84' lang='lat' dir='ltr'><strong>Educes</strong></span> <span class='ocrx_word' id='word_1_29' title='bbox 787 592 849 647; x_wconf 82' lang='lat' dir='ltr'><strong>de</strong></span> <span class='ocrx_word' id='word_1_30' title='bbox 871 587 1204 645; x_wconf 82' lang='lat' dir='ltr'><strong>tribulatione</strong></span> <span class='ocrx_word' id='word_1_31' title='bbox 1230 587 1461 640; x_wconf 84' lang='lat' dir='ltr'><strong>animam</strong></span> <span class='ocrx_word' id='word_1_32' title='bbox 1480 600 1671 649; x_wconf 87' lang='lat' dir='ltr'><strong>meam,</strong></span> <span class='ocrx_word' id='word_1_33' title='bbox 1692 582 1817 639; x_wconf 84' lang='lat' dir='ltr'><strong>etin</strong></span> <span class='ocrx_word' id='word_1_34' title='bbox 1845 579 2137 635; x_wconf 85' lang='lat' dir='ltr'><strong>misericor-</strong></span> <span class='ocrx_word' id='word_1_35' title='bbox 2239 585 2301 632; x_wconf 90' lang='lat' dir='ltr'><strong>ut</strong></span> <span class='ocrx_word' id='word_1_36' title='bbox 2326 576 2442 648; x_wconf 89' lang='lat' dir='ltr'><strong>ejus</strong></span> <span class='ocrx_word' id='word_1_37' title='bbox 2462 583 2719 647; x_wconf 84' lang='lat' dir='ltr'><strong>agnoscat</strong></span> <span class='ocrx_word' id='word_1_38' title='bbox 2737 574 3066 631; x_wconf 72' lang='lat' dir='ltr'><strong>voluntatem</strong></span> <span class='ocrx_word' id='word_1_39' title='bbox 3100 582 3309 629; x_wconf 89' lang='lat' dir='ltr'><strong>exorat.</strong></span> <span class='ocrx_word' id='word_1_40' title='bbox 3348 573 3549 629; x_wconf 90' lang='lat' dir='ltr'><strong>Dubius</strong></span> <span class='ocrx_word' id='word_1_41' title='bbox 3577 581 3661 629; x_wconf 89' lang='lat' dir='ltr'><strong>est</strong></span> <span class='ocrx_word' id='word_1_42' title='bbox 3679 574 3824 629; x_wconf 87' lang='lat' dir='ltr'><strong>enim</strong></span> 
     </span>
    </p>
   </div>
   <div class='ocr_carea' id='block_1_5' title="bbox 553 670 2135 755">
    <p class='ocr_par' dir='ltr' id='par_1_5' title="bbox 553 670 2135 755">
     <span class='ocr_line' id='line_1_5' title="bbox 553 670 2135 755; baseline -0.013 -10"><span class='ocrx_word' id='word_1_43' title='bbox 553 691 643 745; x_wconf 86' lang='lat' dir='ltr'><strong>dia</strong></span> <span class='ocrx_word' id='word_1_44' title='bbox 678 695 769 741; x_wconf 89' lang='lat' dir='ltr'><strong>tua</strong></span> <span class='ocrx_word' id='word_1_45' title='bbox 807 680 1071 755; x_wconf 71' lang='lat' dir='ltr'><strong>disperdat</strong></span> <span class='ocrx_word' id='word_1_46' title='bbox 1117 696 1294 735; x_wconf 86' lang='lat' dir='ltr'><strong>omnes</strong></span> <span class='ocrx_word' id='word_1_47' title='bbox 1328 679 1566 734; x_wconf 84' lang='lat' dir='ltr'><strong>inimicos</strong></span> <span class='ocrx_word' id='word_1_48' title='bbox 1593 692 1759 737; x_wconf 84' lang='lat' dir='ltr'><strong>meos.</strong></span> <span class='ocrx_word' id='word_1_49' title='bbox 1834 671 1905 729; x_wconf 78' lang='lat' dir='ltr'><strong>Et</strong></span> <span class='ocrx_word' id='word_1_50' title='bbox 1955 670 2135 743; x_wconf 77' lang='lat' dir='ltr'><strong>perdes</strong></span> 
     </span>
    </p>
   </div>
   <div class='ocr_carea' id='block_1_6' title="bbox 519 764 2135 856">
    <p class='ocr_par' dir='ltr' id='par_1_6' title="bbox 519 764 2135 856">
     <span class='ocr_line' id='line_1_6' title="bbox 519 764 2135 856; baseline -0.013 -20"><span class='ocrx_word' id='word_1_51' title='bbox 519 838 537 856; x_wconf 57' lang='grc'><em>,</em></span> <span class='ocrx_word' id='word_1_52' title='bbox 553 794 730 837; x_wconf 69' lang='lat' dir='ltr'><strong>omnes</strong></span> <span class='ocrx_word' id='word_1_53' title='bbox 754 776 844 849; x_wconf 84' lang='lat' dir='ltr'><strong>qui</strong></span> <span class='ocrx_word' id='word_1_54' title='bbox 863 773 1111 830; x_wconf 64' lang='lat' dir='ltr'><strong>tribulam</strong></span> <span class='ocrx_word' id='word_1_55' title='bbox 1129 770 1357 827; x_wconf 80' lang='lat' dir='ltr'><strong>animam</strong></span> <span class='ocrx_word' id='word_1_56' title='bbox 1384 784 1552 824; x_wconf 83' lang='lat' dir='ltr'><strong>meant</strong></span> <span class='ocrx_word' id='word_1_57' title='bbox 1568 806 1586 835; x_wconf 89' lang='lat'><strong>,</strong></span> <span class='ocrx_word' id='word_1_58' title='bbox 1613 764 1857 839; x_wconf 85' lang='lat' dir='ltr'><strong>quoniam</strong></span> <span class='ocrx_word' id='word_1_59' title='bbox 1888 779 1982 835; x_wconf 82' lang='lat' dir='ltr'><strong>ego</strong></span> <span class='ocrx_word' id='word_1_60' title='bbox 2021 777 2135 817; x_wconf 81' lang='lat' dir='ltr'><strong>ser-</strong></span> 
     </span>
    </p>
   </div>
   <div class='ocr_carea' id='block_1_7' title="bbox 551 881 945 928">
    <p class='ocr_par' dir='ltr' id='par_1_7' title="bbox 551 881 945 928">
     <span class='ocr_line' id='line_1_7' title="bbox 551 881 945 928; baseline -0.02 1"><span class='ocrx_word' id='word_1_61' title='bbox 551 889 645 928; x_wconf 72' lang='grc' dir='ltr'><strong>υιιε</strong></span> <span class='ocrx_word' id='word_1_62' title='bbox 670 881 787 926; x_wconf 68' lang='lat' dir='ltr'><strong>tuus</strong></span> <span class='ocrx_word' id='word_1_63' title='bbox 812 883 945 924; x_wconf 78' lang='lat' dir='ltr'><strong>sum.</strong></span> 
     </span>
    </p>
   </div>
   <div class='ocr_carea' id='block_1_8' title="bbox 1107 945 1563 997">
    <p class='ocr_par' dir='ltr' id='par_1_8' title="bbox 1107 945 1563 997">
     <span class='ocr_line' id='line_1_8' title="bbox 1107 945 1563 997; baseline -0.02 -6"><span class='ocrx_word' id='word_1_64' title='bbox 1107 966 1110 968; x_wconf 57' lang='grc' dir='ltr'><em>η</em></span> <span class='ocrx_word' id='word_1_65' title='bbox 1128 945 1563 997; x_wconf 69' lang='lat' dir='ltr'><strong>contremuerunt.</strong></span> 
     </span>
    </p>
   </div>
   <div class='ocr_carea' id='block_1_9' title="bbox 562 1036 2137 1112">
    <p class='ocr_par' dir='ltr' id='par_1_9' title="bbox 562 1036 2137 1112">
     <span class='ocr_line' id='line_1_9' title="bbox 562 1036 2137 1112; baseline -0.015 1"><span class='ocrx_word' id='word_1_66' title='bbox 562 1092 573 1103; x_wconf 60' lang='grc' dir='ltr'><strong>ς</strong></span> <span class='ocrx_word' id='word_1_67' title='bbox 624 1055 717 1112; x_wconf 89' lang='lat' dir='ltr'><strong>Sic</strong></span> <span class='ocrx_word' id='word_1_68' title='bbox 761 1050 1036 1109; x_wconf 81' lang='lat' dir='ltr'><strong>inchoavit</strong></span> <span class='ocrx_word' id='word_1_69' title='bbox 1079 1046 1382 1111; x_wconf 83' lang='lat' dir='ltr'><strong>Psalmista,</strong></span> <span class='ocrx_word' id='word_1_70' title='bbox 1407 1042 1552 1100; x_wconf 89' lang='lat' dir='ltr'><strong>utin</strong></span> <span class='ocrx_word' id='word_1_71' title='bbox 1590 1047 1851 1097; x_wconf 89' lang='lat' dir='ltr'><strong>terrorem</strong></span> <span class='ocrx_word' id='word_1_72' title='bbox 1898 1036 2137 1092; x_wconf 77' lang='lat' dir='ltr'><strong>mitteret</strong></span> 
     </span>
    </p>
   </div>
   <div class='ocr_carea' id='block_1_10' title="bbox 555 1125 2136 1208">
    <p class='ocr_par' dir='ltr' id='par_1_10' title="bbox 555 1125 2136 1208">
     <span class='ocr_line' id='line_1_10' title="bbox 555 1125 2136 1208; baseline -0.015 -5"><span class='ocrx_word' id='word_1_73' title='bbox 555 1161 719 1203; x_wconf 89' lang='lat' dir='ltr'><strong>omne</strong></span> <span class='ocrx_word' id='word_1_74' title='bbox 760 1145 1054 1199; x_wconf 88' lang='lat' dir='ltr'><strong>humanum</strong></span> <span class='ocrx_word' id='word_1_75' title='bbox 1080 1137 1270 1208; x_wconf 71' lang='lat' dir='ltr'><strong>genus.</strong></span> <span class='ocrx_word' id='word_1_76' title='bbox 1318 1135 1448 1202; x_wconf 84' lang='lat' dir='ltr'><strong>Quis</strong></span> <span class='ocrx_word' id='word_1_77' title='bbox 1493 1129 1879 1188; x_wconf 77' lang='lat' dir='ltr'><strong>enim-audeat</strong></span> <span class='ocrx_word' id='word_1_78' title='bbox 1917 1127 2028 1185; x_wconf 88' lang='lat' dir='ltr'><strong>Deo</strong></span> <span class='ocrx_word' id='word_1_79' title='bbox 2056 1125 2136 1180; x_wconf 88' lang='lat' dir='ltr'><strong>di-</strong></span> 
     </span>
    </p>
   </div>
   <div class='ocr_carea' id='block_1_11' title="bbox 553 1220 2137 1296">
    <p class='ocr_par' dir='ltr' id='par_1_11' title="bbox 553 1220 2137 1296">
     <span class='ocr_line' id='line_1_11' title="bbox 553 1220 2137 1296; baseline -0.013 -1"><span class='ocrx_word' id='word_1_80' title='bbox 553 1255 680 1296; x_wconf 86' lang='lat' dir='ltr'><strong>cere</strong></span> <span class='ocrx_word' id='word_1_81' title='bbox 705 1258 718 1292; x_wconf 90' lang='lat'><strong>:</strong></span> <span class='ocrx_word' id='word_1_82' title='bbox 739 1235 950 1291; x_wconf 81' lang='lat' dir='ltr'><strong>Exaudi</strong></span> <span class='ocrx_word' id='word_1_83' title='bbox 979 1248 1069 1289; x_wconf 89' lang='lat' dir='ltr'><strong>me</strong></span> <span class='ocrx_word' id='word_1_84' title='bbox 1114 1232 1170 1287; x_wconf 88' lang='lat' dir='ltr'><strong>in</strong></span> <span class='ocrx_word' id='word_1_85' title='bbox 1193 1230 1423 1287; x_wconf 75' lang='lat' dir='ltr'><strong>veritate</strong></span> <span class='ocrx_word' id='word_1_86' title='bbox 1453 1236 1543 1283; x_wconf 87' lang='lat' dir='ltr'><strong>tua</strong></span> <span class='ocrx_word' id='word_1_87' title='bbox 1560 1268 1575 1293; x_wconf 93' lang='lat'><strong>,</strong></span> <span class='ocrx_word' id='word_1_88' title='bbox 1608 1232 1665 1282; x_wconf 87' lang='lat' dir='ltr'><strong>et</strong></span> <span class='ocrx_word' id='word_1_89' title='bbox 1689 1225 1743 1280; x_wconf 89' lang='lat' dir='ltr'><strong>in</strong></span> <span class='ocrx_word' id='word_1_90' title='bbox 1772 1231 1865 1278; x_wconf 88' lang='lat' dir='ltr'><strong>tua</strong></span> <span class='ocrx_word' id='word_1_91' title='bbox 1887 1220 2137 1293; x_wconf 76' lang='lat' dir='ltr'><strong>iustitia?</strong></span> 
     </span>
    </p>
   </div>
   <div class='ocr_carea' id='block_1_12' title="bbox 553 1312 2134 1395">
    <p class='ocr_par' dir='ltr' id='par_1_12' title="bbox 553 1312 2134 1395">
     <span class='ocr_line' id='line_1_12' title="bbox 553 1312 2134 1395; baseline -0.016 -6"><span class='ocrx_word' id='word_1_92' title='bbox 553 1332 755 1388; x_wconf 78' lang='lat' dir='ltr'><strong>Verum</strong></span> <span class='ocrx_word' id='word_1_93' title='bbox 776 1329 921 1385; x_wconf 87' lang='lat' dir='ltr'><strong>enim</strong></span> <span class='ocrx_word' id='word_1_94' title='bbox 948 1332 1004 1381; x_wconf 90' lang='lat' dir='ltr'><strong>et</strong></span> <span class='ocrx_word' id='word_1_95' title='bbox 1025 1324 1228 1395; x_wconf 87' lang='lat' dir='ltr'><strong>justum</strong></span> <span class='ocrx_word' id='word_1_96' title='bbox 1257 1328 1339 1379; x_wconf 88' lang='lat' dir='ltr'><strong>est</strong></span> <span class='ocrx_word' id='word_1_97' title='bbox 1365 1326 1423 1375; x_wconf 91' lang='lat' dir='ltr'><strong>ut</strong></span> <span class='ocrx_word' id='word_1_98' title='bbox 1440 1317 1534 1388; x_wconf 92' lang='lat' dir='ltr'><strong>qui</strong></span> <span class='ocrx_word' id='word_1_99' title='bbox 1555 1315 1860 1387; x_wconf 82' lang='lat' dir='ltr'><strong>peccaverit</strong></span> <span class='ocrx_word' id='word_1_100' title='bbox 1886 1312 2134 1385; x_wconf 81' lang='lat' dir='ltr'><strong>puniatur</strong></span> 
     </span>
    </p>
   </div>
   <div class='ocr_carea' id='block_1_13' title="bbox 555 1400 2136 1485">
    <p class='ocr_par' dir='ltr' id='par_1_13' title="bbox 555 1400 2136 1485">
     <span class='ocr_line' id='line_1_13' title="bbox 555 1400 2136 1485; baseline -0.013 -9"><span class='ocrx_word' id='word_1_101' title='bbox 555 1422 838 1478; x_wconf 82' lang='lat' dir='ltr'><strong>acerrime.</strong></span> <span class='ocrx_word' id='word_1_102' title='bbox 887 1414 1138 1485; x_wconf 74' lang='lat' dir='ltr'><strong>Cmpisti,</strong></span> <span class='ocrx_word' id='word_1_103' title='bbox 1170 1412 1433 1482; x_wconf 88' lang='lat' dir='ltr'><strong>propheta</strong></span> <span class='ocrx_word' id='word_1_104' title='bbox 1453 1452 1467 1474; x_wconf 94' lang='lat'><strong>,</strong></span> <span class='ocrx_word' id='word_1_105' title='bbox 1501 1407 1767 1478; x_wconf 86' lang='lat' dir='ltr'><strong>principio</strong></span> <span class='ocrx_word' id='word_1_106' title='bbox 1795 1405 1911 1470; x_wconf 88' lang='lat' dir='ltr'><strong>tali,</strong></span> <span class='ocrx_word' id='word_1_107' title='bbox 1940 1400 2136 1472; x_wconf 90' lang='lat' dir='ltr'><strong>aliquid</strong></span> 
     </span>
    </p>
   </div>
   <div class='ocr_carea' id='block_1_14' title="bbox 544 1493 2138 1585">
    <p class='ocr_par' dir='ltr' id='par_1_14' title="bbox 544 1493 2138 1585">
     <span class='ocr_line' id='line_1_14' title="bbox 544 1493 2138 1585; baseline -0.012 -17"><span class='ocrx_word' id='word_1_108' title='bbox 544 1510 832 1585; x_wconf 73' lang='lat' dir='ltr'><strong>iungendo</strong></span> <span class='ocrx_word' id='word_1_109' title='bbox 858 1509 1218 1574; x_wconf 85' lang='lat' dir='ltr'><strong>subsequere,</strong></span> <span class='ocrx_word' id='word_1_110' title='bbox 1248 1515 1306 1557; x_wconf 88' lang='lat' dir='ltr'><strong>ut</strong></span> <span class='ocrx_word' id='word_1_111' title='bbox 1356 1501 1648 1571; x_wconf 89' lang='lat' dir='ltr'><strong>psallentes</strong></span> <span class='ocrx_word' id='word_1_112' title='bbox 1674 1497 1941 1566; x_wconf 83' lang='lat' dir='ltr'><strong>respirare</strong></span> <span class='ocrx_word' id='word_1_113' title='bbox 1966 1493 2138 1566; x_wconf 87' lang='lat' dir='ltr'><strong>possi-</strong></span> 
     </span>
    </p>
   </div>
   <div class='ocr_carea' id='block_1_15' title="bbox 554 1592 2137 1666">
    <p class='ocr_par' dir='ltr' id='par_1_15' title="bbox 554 1592 2137 1666">
     <span class='ocr_line' id='line_1_15' title="bbox 554 1592 2137 1666; baseline -0.013 -5"><span class='ocrx_word' id='word_1_114' title='bbox 554 1619 694 1662; x_wconf 89' lang='lat' dir='ltr'><strong>mus.</strong></span> <span class='ocrx_word' id='word_1_115' title='bbox 727 1602 845 1657; x_wconf 81' lang='lat' dir='ltr'><strong>Non</strong></span> <span class='ocrx_word' id='word_1_116' title='bbox 878 1601 1049 1656; x_wconf 84' lang='lat' dir='ltr'><strong>intres</strong></span> <span class='ocrx_word' id='word_1_117' title='bbox 1068 1640 1085 1666; x_wconf 94' lang='lat'><strong>,</strong></span> <span class='ocrx_word' id='word_1_118' title='bbox 1116 1596 1318 1665; x_wconf 89' lang='lat' dir='ltr'><strong>inquit,</strong></span> <span class='ocrx_word' id='word_1_119' title='bbox 1348 1596 1425 1649; x_wconf 90' lang='lat' dir='ltr'><strong>-in</strong></span> <span class='ocrx_word' id='word_1_120' title='bbox 1457 1592 1660 1662; x_wconf 88' lang='lat' dir='ltr'><strong>judicio</strong></span> <span class='ocrx_word' id='word_1_121' title='bbox 1684 1605 1807 1647; x_wconf 90' lang='lat' dir='ltr'><strong>cum</strong></span> <span class='ocrx_word' id='word_1_122' title='bbox 1834 1603 1993 1644; x_wconf 90' lang='lat' dir='ltr'><strong>servo</strong></span> <span class='ocrx_word' id='word_1_123' title='bbox 2022 1595 2137 1643; x_wconf 88' lang='lat' dir='ltr'><strong>tuo.</strong></span> 
     </span>
    </p>
   </div>
   <div class='ocr_carea' id='block_1_16' title="bbox 554 1679 2137 1764">
    <p class='ocr_par' dir='ltr' id='par_1_16' title="bbox 554 1679 2137 1764">
     <span class='ocr_line' id='line_1_16' title="bbox 554 1679 2137 1764; baseline -0.015 -10"><span class='ocrx_word' id='word_1_124' title='bbox 554 1694 675 1753; x_wconf 81' lang='lat' dir='ltr'><strong>Hoc</strong></span> <span class='ocrx_word' id='word_1_125' title='bbox 700 1708 831 1764; x_wconf 84' lang='lat' dir='ltr'><strong>ergo</strong></span> <span class='ocrx_word' id='word_1_126' title='bbox 857 1690 1076 1749; x_wconf 86' lang='lat' dir='ltr'><strong>voluisti</strong></span> <span class='ocrx_word' id='word_1_127' title='bbox 1103 1688 1283 1744; x_wconf 87' lang='lat' dir='ltr'><strong>dicere</strong></span> <span class='ocrx_word' id='word_1_128' title='bbox 1308 1704 1320 1739; x_wconf 90' lang='lat'><strong>:</strong></span> <span class='ocrx_word' id='word_1_129' title='bbox 1365 1684 1580 1741; x_wconf 71' lang='lat' dir='ltr'><strong>iustitia</strong></span> <span class='ocrx_word' id='word_1_130' title='bbox 1607 1691 1697 1739; x_wconf 88' lang='lat' dir='ltr'><strong>tua</strong></span> <span class='ocrx_word' id='word_1_131' title='bbox 1725 1687 1826 1747; x_wconf 91' lang='lat' dir='ltr'><strong>est,</strong></span> <span class='ocrx_word' id='word_1_132' title='bbox 1868 1688 1927 1736; x_wconf 90' lang='lat' dir='ltr'><strong>ut</strong></span> <span class='ocrx_word' id='word_1_133' title='bbox 1951 1679 2137 1734; x_wconf 87' lang='lat' dir='ltr'><strong>Domi-</strong></span> 
     </span>
    </p>
   </div>
   <div class='ocr_carea' id='block_1_17' title="bbox 556 1768 2139 1856">
    <p class='ocr_par' dir='ltr' id='par_1_17' title="bbox 556 1768 2139 1856">
     <span class='ocr_line' id='line_1_17' title="bbox 556 1768 2139 1856; baseline -0.013 -11"><span class='ocrx_word' id='word_1_134' title='bbox 556 1804 659 1845; x_wconf 85' lang='lat' dir='ltr'><strong>nus</strong></span> <span class='ocrx_word' id='word_1_135' title='bbox 704 1789 759 1842; x_wconf 85' lang='lat' dir='ltr'><strong>in</strong></span> <span class='ocrx_word' id='word_1_136' title='bbox 790 1784 994 1856; x_wconf 88' lang='lat' dir='ltr'><strong>judicio</strong></span> <span class='ocrx_word' id='word_1_137' title='bbox 1029 1782 1233 1837; x_wconf 87' lang='lat' dir='ltr'><strong>intrare</strong></span> <span class='ocrx_word' id='word_1_138' title='bbox 1268 1793 1389 1835; x_wconf 91' lang='lat' dir='ltr'><strong>cum</strong></span> <span class='ocrx_word' id='word_1_139' title='bbox 1427 1790 1587 1832; x_wconf 89' lang='lat' dir='ltr'><strong>servo</strong></span> <span class='ocrx_word' id='word_1_140' title='bbox 1634 1779 1968 1831; x_wconf 89' lang='lat' dir='ltr'><strong>contemnas.</strong></span> <span class='ocrx_word' id='word_1_141' title='bbox 2010 1768 2139 1836; x_wconf 86' lang='lat' dir='ltr'><strong>Quis</strong></span> 
     </span>
    </p>
   </div>
   <div class='ocr_carea' id='block_1_18' title="bbox 2237 667 3822 740">
    <p class='ocr_par' dir='ltr' id='par_1_18' title="bbox 2237 667 3822 740">
     <span class='ocr_line' id='line_1_18' title="bbox 2237 667 3822 740; baseline 0 -16"><span class='ocrx_word' id='word_1_142' title='bbox 2237 669 2305 724; x_wconf 92' lang='lat' dir='ltr'><strong>de</strong></span> <span class='ocrx_word' id='word_1_143' title='bbox 2351 678 2582 740; x_wconf 90' lang='lat' dir='ltr'><strong>patrono</strong></span> <span class='ocrx_word' id='word_1_144' title='bbox 2633 676 2949 738; x_wconf 83' lang='lat' dir='ltr'><strong>susceptus,</strong></span> <span class='ocrx_word' id='word_1_145' title='bbox 2999 667 3042 722; x_wconf 89' lang='lat' dir='ltr'><strong>si</strong></span> <span class='ocrx_word' id='word_1_146' title='bbox 3090 683 3201 722; x_wconf 91' lang='lat' dir='ltr'><strong>non</strong></span> <span class='ocrx_word' id='word_1_147' title='bbox 3239 674 3295 722; x_wconf 91' lang='lat' dir='ltr'><strong>et</strong></span> <span class='ocrx_word' id='word_1_148' title='bbox 3327 682 3480 722; x_wconf 90' lang='lat' dir='ltr'><strong>suam</strong></span> <span class='ocrx_word' id='word_1_149' title='bbox 3509 667 3822 724; x_wconf 81' lang='lat' dir='ltr'><strong>indicaverit</strong></span> 
     </span>
    </p>
   </div>
   <div class='ocr_carea' id='block_1_19' title="bbox 2236 759 3825 833">
    <p class='ocr_par' dir='ltr' id='par_1_19' title="bbox 2236 759 3825 833">
     <span class='ocr_line' id='line_1_19' title="bbox 2236 759 3825 833; baseline 0.001 -16"><span class='ocrx_word' id='word_1_150' title='bbox 2236 762 2592 819; x_wconf 86' lang='lat' dir='ltr'><strong>voluntatem.</strong></span> <span class='ocrx_word' id='word_1_151' title='bbox 2637 760 2706 815; x_wconf 88' lang='lat' dir='ltr'><strong>Et</strong></span> <span class='ocrx_word' id='word_1_152' title='bbox 2734 760 2857 817; x_wconf 90' lang='lat' dir='ltr'><strong>ideo</strong></span> <span class='ocrx_word' id='word_1_153' title='bbox 2887 768 3086 833; x_wconf 81' lang='lat' dir='ltr'><strong>.postea</strong></span> <span class='ocrx_word' id='word_1_154' title='bbox 3114 776 3274 833; x_wconf 89' lang='lat' dir='ltr'><strong>quam</strong></span> <span class='ocrx_word' id='word_1_155' title='bbox 3312 760 3447 816; x_wconf 81' lang='lat' dir='ltr'><strong>dixit</strong></span> <span class='ocrx_word' id='word_1_156' title='bbox 3475 759 3588 817; x_wconf 92' lang='lat' dir='ltr'><strong>Deo</strong></span> <span class='ocrx_word' id='word_1_157' title='bbox 3613 779 3629 816; x_wconf 87' lang='lat'><strong>:</strong></span> <span class='ocrx_word' id='word_1_158' title='bbox 3661 761 3745 816; x_wconf 81' lang='lat' dir='ltr'><strong>Ad</strong></span> <span class='ocrx_word' id='word_1_159' title='bbox 3773 769 3825 818; x_wconf 92' lang='lat' dir='ltr'><strong>te</strong></span> 
     </span>
    </p>
   </div>
   <div class='ocr_carea' id='block_1_20' title="bbox 2237 852 3819 925">
    <p class='ocr_par' dir='ltr' id='par_1_20' title="bbox 2237 852 3819 925">
     <span class='ocr_line' id='line_1_20' title="bbox 2237 852 3819 925; baseline -0.001 -14"><span class='ocrx_word' id='word_1_160' title='bbox 2237 854 2488 924; x_wconf 81' lang='lat' dir='ltr'><strong>confugi,</strong></span> <span class='ocrx_word' id='word_1_161' title='bbox 2518 854 2713 925; x_wconf 85' lang='lat' dir='ltr'><strong>adjecit</strong></span> <span class='ocrx_word' id='word_1_162' title='bbox 2742 871 2755 908; x_wconf 89' lang='lat'><strong>:</strong></span> <span class='ocrx_word' id='word_1_163' title='bbox 2795 853 2940 910; x_wconf 87' lang='lat' dir='ltr'><strong>Doce</strong></span> <span class='ocrx_word' id='word_1_164' title='bbox 2973 869 3059 909; x_wconf 87' lang='lat' dir='ltr'><strong>me</strong></span> <span class='ocrx_word' id='word_1_165' title='bbox 3089 852 3265 909; x_wconf 83' lang='lat' dir='ltr'><strong>facere</strong></span> <span class='ocrx_word' id='word_1_166' title='bbox 3290 854 3622 910; x_wconf 88' lang='lat' dir='ltr'><strong>voluntatem</strong></span> <span class='ocrx_word' id='word_1_167' title='bbox 3652 862 3819 910; x_wconf 90' lang='lat' dir='ltr'><strong>tuam.</strong></span> 
     </span>
    </p>
   </div>
   <div class='ocr_carea' id='block_1_21' title="bbox 2236 931 3824 1017">
    <p class='ocr_par' dir='ltr' id='par_1_21' title="bbox 2236 931 3824 1017">
     <span class='ocr_line' id='line_1_21' title="bbox 2236 931 3824 1017; baseline -0.001 -14"><span class='ocrx_word' id='word_1_168' title='bbox 2236 948 2333 1003; x_wconf 83' lang='lat' dir='ltr'><strong>Vis</strong></span> <span class='ocrx_word' id='word_1_169' title='bbox 2361 962 2509 1017; x_wconf 85' lang='lat' dir='ltr'><strong>ergo,</strong></span> <span class='ocrx_word' id='word_1_170' title='bbox 2539 962 2572 1002; x_wconf 92' lang='grc' dir='ltr'><strong>ο</strong></span> <span class='ocrx_word' id='word_1_171' title='bbox 2591 947 2774 1013; x_wconf 90' lang='lat' dir='ltr'><strong>homo,</strong></span> <span class='ocrx_word' id='word_1_172' title='bbox 2798 946 3000 1001; x_wconf 82' lang='lat' dir='ltr'><strong>habere</strong></span> <span class='ocrx_word' id='word_1_173' title='bbox 3021 952 3309 1017; x_wconf 90' lang='lat' dir='ltr'><strong>patronum</strong></span> <span class='ocrx_word' id='word_1_174' title='bbox 3335 931 3643 1013; x_wconf 86' lang='lat' dir='ltr'><strong>Dominum,</strong></span> <span class='ocrx_word' id='word_1_175' title='bbox 3677 947 3824 1002; x_wconf 80' lang='lat' dir='ltr'><strong>disce</strong></span> 
     </span>
    </p>
   </div>
   <div class='ocr_carea' id='block_1_22' title="bbox 2235 1034 3819 1108">
    <p class='ocr_par' dir='ltr' id='par_1_22' title="bbox 2235 1034 3819 1108">
     <span class='ocr_line' id='line_1_22' title="bbox 2235 1034 3819 1108; baseline -0.003 -14"><span class='ocrx_word' id='word_1_176' title='bbox 2235 1039 2569 1095; x_wconf 84' lang='lat' dir='ltr'><strong>voluntatem</strong></span> <span class='ocrx_word' id='word_1_177' title='bbox 2598 1037 2731 1106; x_wconf 86' lang='lat' dir='ltr'><strong>ejus.</strong></span> <span class='ocrx_word' id='word_1_178' title='bbox 2773 1036 2883 1093; x_wconf 85' lang='lat' dir='ltr'><strong>Fac</strong></span> <span class='ocrx_word' id='word_1_179' title='bbox 2918 1036 3062 1108; x_wconf 91' lang='lat' dir='ltr'><strong>quod</strong></span> <span class='ocrx_word' id='word_1_180' title='bbox 3091 1036 3231 1101; x_wconf 88' lang='lat' dir='ltr'><strong>vult,</strong></span> <span class='ocrx_word' id='word_1_181' title='bbox 3263 1044 3317 1090; x_wconf 90' lang='lat' dir='ltr'><strong>et</strong></span> <span class='ocrx_word' id='word_1_182' title='bbox 3355 1034 3514 1091; x_wconf 85' lang='lat' dir='ltr'><strong>faciet</strong></span> <span class='ocrx_word' id='word_1_183' title='bbox 3548 1036 3694 1107; x_wconf 88' lang='lat' dir='ltr'><strong>quod</strong></span> <span class='ocrx_word' id='word_1_184' title='bbox 3718 1037 3819 1091; x_wconf 90' lang='lat' dir='ltr'><strong>vis.</strong></span> 
     </span>
    </p>
   </div>
   <div class='ocr_carea' id='block_1_23' title="bbox 2237 1125 3817 1199">
    <p class='ocr_par' dir='ltr' id='par_1_23' title="bbox 2237 1125 3817 1199">
     <span class='ocr_line' id='line_1_23' title="bbox 2237 1125 3817 1199; baseline 0.001 -17"><span class='ocrx_word' id='word_1_185' title='bbox 2237 1127 2479 1184; x_wconf 77' lang='lat' dir='ltr'><strong>Diximus</strong></span> <span class='ocrx_word' id='word_1_186' title='bbox 2502 1142 2632 1198; x_wconf 86' lang='lat' dir='ltr'><strong>ergo</strong></span> <span class='ocrx_word' id='word_1_187' title='bbox 2668 1136 2938 1199; x_wconf 86' lang='lat' dir='ltr'><strong>patrono:</strong></span> <span class='ocrx_word' id='word_1_188' title='bbox 2982 1125 3144 1199; x_wconf 87' lang='lat' dir='ltr'><strong>Eripe</strong></span> <span class='ocrx_word' id='word_1_189' title='bbox 3181 1142 3268 1181; x_wconf 88' lang='lat' dir='ltr'><strong>mc</strong></span> <span class='ocrx_word' id='word_1_190' title='bbox 3296 1125 3362 1182; x_wconf 88' lang='lat' dir='ltr'><strong>de</strong></span> <span class='ocrx_word' id='word_1_191' title='bbox 3404 1126 3634 1185; x_wconf 87' lang='lat' dir='ltr'><strong>inimicis</strong></span> <span class='ocrx_word' id='word_1_192' title='bbox 3663 1129 3817 1183; x_wconf 90' lang='lat' dir='ltr'><strong>meis.</strong></span> 
     </span>
    </p>
   </div>
   <div class='ocr_carea' id='block_1_24' title="bbox 2235 1217 3907 1290">
    <p class='ocr_par' dir='ltr' id='par_1_24' title="bbox 2235 1217 3907 1290">
     <span class='ocr_line' id='line_1_24' title="bbox 2235 1217 3907 1290; baseline 0.001 -16"><span class='ocrx_word' id='word_1_193' title='bbox 2235 1219 2442 1276; x_wconf 88' lang='lat' dir='ltr'><strong>Inimici</strong></span> <span class='ocrx_word' id='word_1_194' title='bbox 2465 1221 2620 1277; x_wconf 87' lang='lat' dir='ltr'><strong>nobis</strong></span> <span class='ocrx_word' id='word_1_195' title='bbox 2647 1229 2772 1275; x_wconf 88' lang='lat' dir='ltr'><strong>sunt</strong></span> <span class='ocrx_word' id='word_1_196' title='bbox 2806 1219 3025 1290; x_wconf 84' lang='lat' dir='ltr'><strong>spiritus</strong></span> <span class='ocrx_word' id='word_1_197' title='bbox 3064 1217 3351 1282; x_wconf 89' lang='lat' dir='ltr'><strong>immundi,</strong></span> <span class='ocrx_word' id='word_1_198' title='bbox 3391 1220 3481 1290; x_wconf 82' lang='lat' dir='ltr'><strong>qui</strong></span> <span class='ocrx_word' id='word_1_199' title='bbox 3506 1227 3634 1274; x_wconf 90' lang='lat' dir='ltr'><strong>tunc</strong></span> <span class='ocrx_word' id='word_1_200' title='bbox 3662 1235 3694 1274; x_wconf 89' lang='lat' dir='ltr'><strong>a</strong></span> <span class='ocrx_word' id='word_1_201' title='bbox 3724 1235 3823 1275; x_wconf 86' lang='lat' dir='ltr'><strong>no—</strong></span> <span class='ocrx_word' id='word_1_202' title='bbox 3901 1242 3907 1249; x_wconf 65' lang='grc' dir='ltr'><strong><em>ν</em></strong></span> 
     </span>
    </p>
   </div>
   <div class='ocr_carea' id='block_1_25' title="bbox 2236 1309 3822 1383">
    <p class='ocr_par' dir='ltr' id='par_1_25' title="bbox 2236 1309 3822 1383">
     <span class='ocr_line' id='line_1_25' title="bbox 2236 1309 3822 1383; baseline -0.002 -15"><span class='ocrx_word' id='word_1_203' title='bbox 2236 1313 2321 1368; x_wconf 89' lang='lat' dir='ltr'><strong>bis</strong></span> <span class='ocrx_word' id='word_1_204' title='bbox 2350 1311 2593 1382; x_wconf 82' lang='lat' dir='ltr'><strong>fugiunt,</strong></span> <span class='ocrx_word' id='word_1_205' title='bbox 2641 1311 2857 1383; x_wconf 86' lang='lat' dir='ltr'><strong>quando</strong></span> <span class='ocrx_word' id='word_1_206' title='bbox 2887 1312 2943 1366; x_wconf 89' lang='lat' dir='ltr'><strong>in</strong></span> <span class='ocrx_word' id='word_1_207' title='bbox 2970 1311 3125 1367; x_wconf 87' lang='lat' dir='ltr'><strong>nobis</strong></span> <span class='ocrx_word' id='word_1_208' title='bbox 3153 1311 3392 1373; x_wconf 85' lang='lat' dir='ltr'><strong>sentiunt</strong></span> <span class='ocrx_word' id='word_1_209' title='bbox 3416 1309 3673 1383; x_wconf 73' lang='lat' dir='ltr'><strong>Spiritum</strong></span> <span class='ocrx_word' id='word_1_210' title='bbox 3697 1328 3822 1366; x_wconf 88' lang='lat' dir='ltr'><strong>san-</strong></span> 
     </span>
    </p>
   </div>
   <div class='ocr_carea' id='block_1_26' title="bbox 2236 1402 3821 1481">
    <p class='ocr_par' dir='ltr' id='par_1_26' title="bbox 2236 1402 3821 1481">
     <span class='ocr_line' id='line_1_26' title="bbox 2236 1402 3821 1481; baseline -0.001 -19"><span class='ocrx_word' id='word_1_211' title='bbox 2236 1413 2403 1463; x_wconf 86' lang='lat' dir='ltr'><strong>ctum.</strong></span> <span class='ocrx_word' id='word_1_212' title='bbox 2443 1404 2513 1460; x_wconf 86' lang='lat' dir='ltr'><strong>Et</strong></span> <span class='ocrx_word' id='word_1_213' title='bbox 2532 1404 2654 1461; x_wconf 85' lang='lat' dir='ltr'><strong>ideo</strong></span> <span class='ocrx_word' id='word_1_214' title='bbox 2681 1402 2952 1475; x_wconf 88' lang='lat' dir='ltr'><strong>rogandus</strong></span> <span class='ocrx_word' id='word_1_215' title='bbox 2980 1413 3062 1461; x_wconf 91' lang='lat' dir='ltr'><strong>est</strong></span> <span class='ocrx_word' id='word_1_216' title='bbox 3089 1402 3325 1475; x_wconf 86' lang='lat' dir='ltr'><strong>Spiritus</strong></span> <span class='ocrx_word' id='word_1_217' title='bbox 3350 1412 3589 1471; x_wconf 86' lang='lat' dir='ltr'><strong>sanctus,</strong></span> <span class='ocrx_word' id='word_1_218' title='bbox 3620 1415 3678 1481; x_wconf 85' lang='lat' dir='ltr'><strong>ut</strong></span> <span class='ocrx_word' id='word_1_219' title='bbox 3705 1405 3821 1476; x_wconf 89' lang='lat' dir='ltr'><strong>ipse</strong></span> 
     </span>
    </p>
   </div>
   <div class='ocr_carea' id='block_1_27' title="bbox 2238 1482 3819 1574">
    <p class='ocr_par' dir='ltr' id='par_1_27' title="bbox 2238 1482 3819 1574">
     <span class='ocr_line' id='line_1_27' title="bbox 2238 1482 3819 1574; baseline -0.001 -23"><span class='ocrx_word' id='word_1_220' title='bbox 2238 1495 2472 1553; x_wconf 87' lang='lat' dir='ltr'><strong>deducat</strong></span> <span class='ocrx_word' id='word_1_221' title='bbox 2506 1482 2616 1552; x_wconf 84' lang='lat' dir='ltr'><strong>nos</strong></span> <span class='ocrx_word' id='word_1_222' title='bbox 2660 1497 2716 1551; x_wconf 91' lang='lat' dir='ltr'><strong>in</strong></span> <span class='ocrx_word' id='word_1_223' title='bbox 2746 1503 2965 1552; x_wconf 85' lang='lat' dir='ltr'><strong>terram.</strong></span> <span class='ocrx_word' id='word_1_224' title='bbox 2994 1494 3174 1574; x_wconf 20' lang='lat' dir='ltr'><strong>ITerra</strong></span> <span class='ocrx_word' id='word_1_225' title='bbox 3201 1496 3344 1551; x_wconf 90' lang='lat' dir='ltr'><strong>enim</strong></span> <span class='ocrx_word' id='word_1_226' title='bbox 3383 1496 3622 1568; x_wconf 91' lang='lat' dir='ltr'><strong>corporis</strong></span> <span class='ocrx_word' id='word_1_227' title='bbox 3651 1497 3819 1552; x_wconf 86' lang='lat' dir='ltr'><strong>nostri</strong></span> 
     </span>
    </p>
   </div>
   <div class='ocr_carea' id='block_1_28' title="bbox 2242 1586 3819 1658">
    <p class='ocr_par' dir='ltr' id='par_1_28' title="bbox 2242 1586 3819 1658">
     <span class='ocr_line' id='line_1_28' title="bbox 2242 1586 3819 1658; baseline 0 -15"><span class='ocrx_word' id='word_1_228' title='bbox 2242 1597 2369 1644; x_wconf 91' lang='lat' dir='ltr'><strong>tunc</strong></span> <span class='ocrx_word' id='word_1_229' title='bbox 2394 1595 2545 1647; x_wconf 86' lang='lat' dir='ltr'><strong>recta</strong></span> <span class='ocrx_word' id='word_1_230' title='bbox 2570 1597 2674 1656; x_wconf 90' lang='lat' dir='ltr'><strong>est,</strong></span> <span class='ocrx_word' id='word_1_231' title='bbox 2718 1604 2841 1646; x_wconf 89' lang='lat' dir='ltr'><strong>cum</strong></span> <span class='ocrx_word' id='word_1_232' title='bbox 2889 1590 2943 1643; x_wconf 88' lang='lat' dir='ltr'><strong>in</strong></span> <span class='ocrx_word' id='word_1_233' title='bbox 2990 1602 3057 1643; x_wconf 85' lang='lat' dir='ltr'><strong>ea</strong></span> <span class='ocrx_word' id='word_1_234' title='bbox 3101 1594 3185 1643; x_wconf 87' lang='lat' dir='ltr'><strong>est</strong></span> <span class='ocrx_word' id='word_1_235' title='bbox 3210 1586 3439 1658; x_wconf 83' lang='lat' dir='ltr'><strong>Spiritus</strong></span> <span class='ocrx_word' id='word_1_236' title='bbox 3476 1598 3708 1644; x_wconf 89' lang='lat' dir='ltr'><strong>sanctus.</strong></span> <span class='ocrx_word' id='word_1_237' title='bbox 3752 1588 3819 1643; x_wconf 83' lang='lat' dir='ltr'><strong>Et</strong></span> 
     </span>
    </p>
   </div>
   <div class='ocr_carea' id='block_1_29' title="bbox 2239 1679 3822 1751">
    <p class='ocr_par' dir='ltr' id='par_1_29' title="bbox 2239 1679 3822 1751">
     <span class='ocr_line' id='line_1_29' title="bbox 2239 1679 3822 1751; baseline -0.001 -15"><span class='ocrx_word' id='word_1_238' title='bbox 2239 1681 2669 1751; x_wconf 87' lang='lat' dir='ltr'><strong>quotiescunque</strong></span> <span class='ocrx_word' id='word_1_239' title='bbox 2705 1695 2856 1735; x_wconf 87' lang='lat' dir='ltr'><strong>suam</strong></span> <span class='ocrx_word' id='word_1_240' title='bbox 2883 1679 3026 1735; x_wconf 87' lang='lat' dir='ltr'><strong>viam</strong></span> <span class='ocrx_word' id='word_1_241' title='bbox 3068 1679 3222 1735; x_wconf 89' lang='lat' dir='ltr'><strong>nobis</strong></span> <span class='ocrx_word' id='word_1_242' title='bbox 3249 1679 3471 1750; x_wconf 86' lang='lat' dir='ltr'><strong>spiritus</strong></span> <span class='ocrx_word' id='word_1_243' title='bbox 3494 1695 3726 1750; x_wconf 87' lang='lat' dir='ltr'><strong>nequam</strong></span> <span class='ocrx_word' id='word_1_244' title='bbox 3754 1680 3822 1735; x_wconf 84' lang='lat' dir='ltr'><strong>ad</strong></span> 
     </span>
    </p>
   </div>
   <div class='ocr_carea' id='block_1_30' title="bbox 2241 1769 3820 1842">
    <p class='ocr_par' dir='ltr' id='par_1_30' title="bbox 2241 1769 3820 1842">
     <span class='ocr_line' id='line_1_30' title="bbox 2241 1769 3820 1842; baseline 0.001 -18"><span class='ocrx_word' id='word_1_245' title='bbox 2241 1772 2620 1828; x_wconf 78' lang='lat' dir='ltr'><strong>ambulandum</strong></span> <span class='ocrx_word' id='word_1_246' title='bbox 2648 1771 2962 1842; x_wconf 85' lang='lat' dir='ltr'><strong>ingesserit,</strong></span> <span class='ocrx_word' id='word_1_247' title='bbox 2990 1771 3151 1828; x_wconf 87' lang='lat' dir='ltr'><strong>toties</strong></span> <span class='ocrx_word' id='word_1_248' title='bbox 3170 1769 3399 1828; x_wconf 83' lang='lat' dir='ltr'><strong>deducet</strong></span> <span class='ocrx_word' id='word_1_249' title='bbox 3426 1787 3526 1827; x_wconf 92' lang='lat' dir='ltr'><strong>nos</strong></span> <span class='ocrx_word' id='word_1_250' title='bbox 3545 1772 3599 1826; x_wconf 93' lang='lat' dir='ltr'><strong>in</strong></span> <span class='ocrx_word' id='word_1_251' title='bbox 3621 1779 3820 1826; x_wconf 83' lang='lat' dir='ltr'><strong>terram</strong></span> 
     </span>
    </p>
   </div>
   <div class='ocr_carea' id='block_1_31' title="bbox 556 1861 2165 1947">
    <p class='ocr_par' dir='ltr' id='par_1_31' title="bbox 556 1863 2140 1947">
     <span class='ocr_line' id='line_1_31' title="bbox 556 1863 2140 1947; baseline -0.015 -8"><span class='ocrx_word' id='word_1_252' title='bbox 556 1882 701 1939; x_wconf 86' lang='lat' dir='ltr'><strong>enim</strong></span> <span class='ocrx_word' id='word_1_253' title='bbox 743 1880 812 1934; x_wconf 91' lang='lat' dir='ltr'><strong>ad</strong></span> <span class='ocrx_word' id='word_1_254' title='bbox 849 1873 1307 1947; x_wconf 89' lang='lat' dir='ltr'><strong>comparationem</strong></span> <span class='ocrx_word' id='word_1_255' title='bbox 1356 1880 1498 1924; x_wconf 87' lang='lat' dir='ltr'><strong>tuam</strong></span> <span class='ocrx_word' id='word_1_256' title='bbox 1534 1864 1915 1937; x_wconf 76' lang='lat' dir='ltr'><strong>justiticahitur</strong></span> <span class='ocrx_word' id='word_1_257' title='bbox 1953 1863 2140 1928; x_wconf 84' lang='lat' dir='ltr'><strong>homo,</strong></span> 
     </span>
    </p>
   </div>
   <div class='ocr_carea' id='block_1_32' title="bbox 2256 1861 3821 1947">
    <p class='ocr_par' dir='ltr' id='par_1_32' title="bbox 2256 1861 3821 1932">
     <span class='ocr_line' id='line_1_32' title="bbox 2256 1861 3821 1932; baseline 0 -14"><span class='ocrx_word' id='word_1_258' title='bbox 2256 1870 2482 1931; x_wconf 81' lang='lat' dir='ltr'><strong>rectam;</strong></span> <span class='ocrx_word' id='word_1_259' title='bbox 2530 1872 2587 1919; x_wconf 89' lang='lat' dir='ltr'><strong>et</strong></span> <span class='ocrx_word' id='word_1_260' title='bbox 2612 1863 2658 1919; x_wconf 90' lang='lat' dir='ltr'><strong>si</strong></span> <span class='ocrx_word' id='word_1_261' title='bbox 2686 1870 2871 1919; x_wconf 88' lang='lat' dir='ltr'><strong>nostra</strong></span> <span class='ocrx_word' id='word_1_262' title='bbox 2897 1863 3090 1918; x_wconf 89' lang='lat' dir='ltr'><strong>merita</strong></span> <span class='ocrx_word' id='word_1_263' title='bbox 3116 1861 3343 1928; x_wconf 79' lang='lat' dir='ltr'><strong>desunt,</strong></span> <span class='ocrx_word' id='word_1_264' title='bbox 3386 1861 3551 1917; x_wconf 85' lang='lat' dir='ltr'><strong>immo</strong></span> <span class='ocrx_word' id='word_1_265' title='bbox 3579 1862 3704 1932; x_wconf 87' lang='lat' dir='ltr'><strong>quia</strong></span> <span class='ocrx_word' id='word_1_266' title='bbox 3727 1861 3821 1919; x_wconf 86' lang='lat' dir='ltr'><strong>de—</strong></span> 
     </span>
    </p>
   </div>
   <div class='ocr_carea' id='block_1_33' title="bbox 558 1951 2142 2045">
    <p class='ocr_par' dir='ltr' id='par_1_33' title="bbox 558 1951 2142 2045">
     <span class='ocr_line' id='line_1_33' title="bbox 558 1951 2142 2045; baseline -0.015 -15"><span class='ocrx_word' id='word_1_267' title='bbox 558 1970 802 2045; x_wconf 86' lang='lat' dir='ltr'><strong>quamvis</strong></span> <span class='ocrx_word' id='word_1_268' title='bbox 828 1975 1096 2033; x_wconf 86' lang='lat' dir='ltr'><strong>sanctum,</strong></span> <span class='ocrx_word' id='word_1_269' title='bbox 1128 1964 1360 2020; x_wconf 73' lang='lat' dir='ltr'><strong>electura</strong></span> <span class='ocrx_word' id='word_1_270' title='bbox 1377 2001 1391 2026; x_wconf 91' lang='lat'><strong>,</strong></span> <span class='ocrx_word' id='word_1_271' title='bbox 1423 1968 1481 2015; x_wconf 91' lang='lat' dir='ltr'><strong>et</strong></span> <span class='ocrx_word' id='word_1_272' title='bbox 1508 1957 1799 2023; x_wconf 81' lang='lat' dir='ltr'><strong>mundum,</strong></span> <span class='ocrx_word' id='word_1_273' title='bbox 1825 1962 1883 2013; x_wconf 82' lang='lat' dir='ltr'><strong>et</strong></span> <span class='ocrx_word' id='word_1_274' title='bbox 1908 1951 2142 2045; x_wconf 72' lang='lat' dir='ltr'><strong>laudabi-</strong></span> 
     </span>
    </p>
   </div>
   <div class='ocr_carea' id='block_1_34' title="bbox 557 2044 2143 2130">
    <p class='ocr_par' dir='ltr' id='par_1_34' title="bbox 557 2044 2143 2130">
     <span class='ocr_line' id='line_1_34' title="bbox 557 2044 2143 2130; baseline -0.015 -9"><span class='ocrx_word' id='word_1_275' title='bbox 557 2044 666 2121; x_wconf 86' lang='lat' dir='ltr'><strong>lem</strong></span> <span class='ocrx_word' id='word_1_276' title='bbox 709 2064 764 2118; x_wconf 89' lang='lat' dir='ltr'><strong>iu</strong></span> <span class='ocrx_word' id='word_1_277' title='bbox 810 2065 1105 2130; x_wconf 86' lang='lat' dir='ltr'><strong>conspectu</strong></span> <span class='ocrx_word' id='word_1_278' title='bbox 1152 2063 1267 2119; x_wconf 87' lang='lat' dir='ltr'><strong>tuo,</strong></span> <span class='ocrx_word' id='word_1_279' title='bbox 1316 2052 1369 2108; x_wconf 87' lang='lat' dir='ltr'><strong>id</strong></span> <span class='ocrx_word' id='word_1_280' title='bbox 1416 2060 1520 2117; x_wconf 88' lang='lat' dir='ltr'><strong>est,</strong></span> <span class='ocrx_word' id='word_1_281' title='bbox 1568 2049 1637 2106; x_wconf 90' lang='lat' dir='ltr'><strong>ad</strong></span> <span class='ocrx_word' id='word_1_282' title='bbox 1680 2044 2143 2118; x_wconf 85' lang='lat' dir='ltr'><strong>comparationem</strong></span> 
     </span>
    </p>
   </div>
   <div class='ocr_carea' id='block_1_35' title="bbox 560 2138 2143 2223">
    <p class='ocr_par' dir='ltr' id='par_1_35' title="bbox 560 2138 2143 2223">
     <span class='ocr_line' id='line_1_35' title="bbox 560 2138 2143 2223; baseline -0.014 -11"><span class='ocrx_word' id='word_1_283' title='bbox 560 2165 726 2223; x_wconf 91' lang='lat' dir='ltr'><strong>tuam,</strong></span> <span class='ocrx_word' id='word_1_284' title='bbox 755 2155 870 2210; x_wconf 80' lang='lat' dir='ltr'><strong>sive</strong></span> <span class='ocrx_word' id='word_1_285' title='bbox 895 2151 1074 2207; x_wconf 84' lang='lat' dir='ltr'><strong>divina</strong></span> <span class='ocrx_word' id='word_1_286' title='bbox 1092 2147 1325 2219; x_wconf 80' lang='lat' dir='ltr'><strong>judicia,</strong></span> <span class='ocrx_word' id='word_1_287' title='bbox 1355 2145 1473 2201; x_wconf 76' lang='lat' dir='ltr'><strong>sive</strong></span> <span class='ocrx_word' id='word_1_288' title='bbox 1509 2144 1743 2199; x_wconf 83' lang='lat' dir='ltr'><strong>humana</strong></span> <span class='ocrx_word' id='word_1_289' title='bbox 1772 2138 2004 2209; x_wconf 79' lang='lat' dir='ltr'><strong>probare</strong></span> <span class='ocrx_word' id='word_1_290' title='bbox 2033 2151 2143 2191; x_wconf 87' lang='lat' dir='ltr'><strong>non</strong></span> 
     </span>
    </p>
   </div>
   <div class='ocr_carea' id='block_1_36' title="bbox 561 2226 2144 2320">
    <p class='ocr_par' dir='ltr' id='par_1_36' title="bbox 561 2226 2144 2320">
     <span class='ocr_line' id='line_1_36' title="bbox 561 2226 2144 2320; baseline -0.014 -17"><span class='ocrx_word' id='word_1_291' title='bbox 561 2252 804 2320; x_wconf 86' lang='lat' dir='ltr'><strong>possunt.</strong></span> <span class='ocrx_word' id='word_1_292' title='bbox 831 2242 1019 2299; x_wconf 87' lang='lat' dir='ltr'><strong>Omnis</strong></span> <span class='ocrx_word' id='word_1_293' title='bbox 1044 2240 1189 2297; x_wconf 84' lang='lat' dir='ltr'><strong>enim</strong></span> <span class='ocrx_word' id='word_1_294' title='bbox 1216 2234 1560 2309; x_wconf 81' lang='lat' dir='ltr'><strong>pulchritudo</strong></span> <span class='ocrx_word' id='word_1_295' title='bbox 1590 2241 1645 2289; x_wconf 84' lang='lat' dir='ltr'><strong>te</strong></span> <span class='ocrx_word' id='word_1_296' title='bbox 1671 2237 1935 2302; x_wconf 64' lang='lat' dir='ltr'><strong>praesente</strong></span> <span class='ocrx_word' id='word_1_297' title='bbox 1959 2226 2144 2320; x_wconf 76' lang='lat' dir='ltr'><strong>dolor-</strong></span> 
     </span>
    </p>
   </div>
   <div class='ocr_carea' id='block_1_37' title="bbox 561 2319 2145 2397">
    <p class='ocr_par' dir='ltr' id='par_1_37' title="bbox 561 2319 2145 2397">
     <span class='ocr_line' id='line_1_37' title="bbox 561 2319 2145 2397; baseline -0.015 -2"><span class='ocrx_word' id='word_1_298' title='bbox 561 2319 663 2394; x_wconf 85' lang='lat' dir='ltr'><strong>mis</strong></span> <span class='ocrx_word' id='word_1_299' title='bbox 682 2345 783 2394; x_wconf 87' lang='lat' dir='ltr'><strong>est.</strong></span> <span class='ocrx_word' id='word_1_300' title='bbox 813 2335 1000 2391; x_wconf 85' lang='lat' dir='ltr'><strong>Omnis</strong></span> <span class='ocrx_word' id='word_1_301' title='bbox 1034 2329 1296 2388; x_wconf 75' lang='lat' dir='ltr'><strong>fortitudo</strong></span> <span class='ocrx_word' id='word_1_302' title='bbox 1334 2335 1390 2383; x_wconf 88' lang='lat' dir='ltr'><strong>te</strong></span> <span class='ocrx_word' id='word_1_303' title='bbox 1408 2332 1673 2397; x_wconf 67' lang='lat' dir='ltr'><strong>praesente</strong></span> <span class='ocrx_word' id='word_1_304' title='bbox 1693 2322 1918 2383; x_wconf 77' lang='lat' dir='ltr'><strong>inﬁrma.</strong></span> <span class='ocrx_word' id='word_1_305' title='bbox 1946 2319 2145 2376; x_wconf 85' lang='lat' dir='ltr'><strong>Omnes</strong></span> 
     </span>
    </p>
   </div>
   <div class='ocr_carea' id='block_1_38' title="bbox 562 2409 2146 2496">
    <p class='ocr_par' dir='ltr' id='par_1_38' title="bbox 562 2409 2146 2496">
     <span class='ocr_line' id='line_1_38' title="bbox 562 2409 2146 2496; baseline -0.017 -9"><span class='ocrx_word' id='word_1_306' title='bbox 562 2431 763 2487; x_wconf 63' lang='lat' dir='ltr'><strong>divitias</strong></span> <span class='ocrx_word' id='word_1_307' title='bbox 804 2435 860 2482; x_wconf 86' lang='lat' dir='ltr'><strong>te</strong></span> <span class='ocrx_word' id='word_1_308' title='bbox 892 2430 1159 2496; x_wconf 56' lang='lat' dir='ltr'><strong>prasente</strong></span> <span class='ocrx_word' id='word_1_309' title='bbox 1197 2418 1536 2475; x_wconf 85' lang='lat' dir='ltr'><strong>mendicitas.</strong></span> <span class='ocrx_word' id='word_1_310' title='bbox 1589 2412 1776 2473; x_wconf 75' lang='lat' dir='ltr'><strong>Omnis</strong></span> <span class='ocrx_word' id='word_1_311' title='bbox 1796 2410 2007 2482; x_wconf 79' lang='lat' dir='ltr'><strong>iustitia</strong></span> <span class='ocrx_word' id='word_1_312' title='bbox 2045 2409 2146 2462; x_wconf 88' lang='lat' dir='ltr'><strong>bu-</strong></span> 
     </span>
    </p>
   </div>
   <div class='ocr_carea' id='block_1_39' title="bbox 564 2501 2148 2590">
    <p class='ocr_par' dir='ltr' id='par_1_39' title="bbox 564 2501 2148 2590">
     <span class='ocr_line' id='line_1_39' title="bbox 564 2501 2148 2590; baseline -0.016 -10"><span class='ocrx_word' id='word_1_313' title='bbox 564 2538 723 2580; x_wconf 86' lang='lat' dir='ltr'><strong>mana</strong></span> <span class='ocrx_word' id='word_1_314' title='bbox 752 2529 806 2575; x_wconf 90' lang='lat' dir='ltr'><strong>te</strong></span> <span class='ocrx_word' id='word_1_315' title='bbox 824 2524 1089 2590; x_wconf 65' lang='lat' dir='ltr'><strong>praesente</strong></span> <span class='ocrx_word' id='word_1_316' title='bbox 1128 2512 1411 2582; x_wconf 82' lang='lat' dir='ltr'><strong>injustitia.</strong></span> <span class='ocrx_word' id='word_1_317' title='bbox 1474 2509 1543 2563; x_wconf 89' lang='lat' dir='ltr'><strong>Et</strong></span> <span class='ocrx_word' id='word_1_318' title='bbox 1570 2515 1630 2563; x_wconf 87' lang='lat' dir='ltr'><strong>ut</strong></span> <span class='ocrx_word' id='word_1_319' title='bbox 1665 2505 1895 2562; x_wconf 80' lang='lat' dir='ltr'><strong>vicinam</strong></span> <span class='ocrx_word' id='word_1_320' title='bbox 1927 2501 2148 2572; x_wconf 64' lang='lat' dir='ltr'><strong>iustitiae</strong></span> 
     </span>
    </p>
   </div>
   <div class='ocr_carea' id='block_1_40' title="bbox 565 2597 2144 2680">
    <p class='ocr_par' dir='ltr' id='par_1_40' title="bbox 565 2597 2144 2680">
     <span class='ocr_line' id='line_1_40' title="bbox 565 2597 2144 2680; baseline -0.015 -11"><span class='ocrx_word' id='word_1_321' title='bbox 565 2623 685 2676; x_wconf 67' lang='lat' dir='ltr'><strong>tum~</strong></span> <span class='ocrx_word' id='word_1_322' title='bbox 711 2610 977 2680; x_wconf 84' lang='lat' dir='ltr'><strong>justitiam</strong></span> <span class='ocrx_word' id='word_1_323' title='bbox 1022 2606 1313 2661; x_wconf 82' lang='lat' dir='ltr'><strong>humanam</strong></span> <span class='ocrx_word' id='word_1_324' title='bbox 1361 2600 1647 2669; x_wconf 78' lang='lat' dir='ltr'><strong>exquirere</strong></span> <span class='ocrx_word' id='word_1_325' title='bbox 1680 2597 1912 2661; x_wconf 75' lang='lat' dir='ltr'><strong>desinas,</strong></span> <span class='ocrx_word' id='word_1_326' title='bbox 1940 2607 2144 2662; x_wconf 64' lang='lat' dir='ltr'><strong>quaeso,</strong></span> 
     </span>
    </p>
   </div>
   <div class='ocr_carea' id='block_1_41' title="bbox 488 2688 2144 2775">
    <p class='ocr_par' dir='ltr' id='par_1_41' title="bbox 488 2688 2144 2775">
     <span class='ocr_line' id='line_1_41' title="bbox 488 2688 2144 2775; baseline -0.013 -15"><span class='ocrx_word' id='word_1_327' title='bbox 488 2718 493 2724; x_wconf 91' lang='grc'><strong>·</strong></span> <span class='ocrx_word' id='word_1_328' title='bbox 565 2703 821 2775; x_wconf 84' lang='lat' dir='ltr'><strong>quoniam</strong></span> <span class='ocrx_word' id='word_1_329' title='bbox 870 2703 1187 2770; x_wconf 83' lang='lat' dir='ltr'><strong>persecutus</strong></span> <span class='ocrx_word' id='word_1_330' title='bbox 1243 2701 1328 2749; x_wconf 89' lang='lat' dir='ltr'><strong>est</strong></span> <span class='ocrx_word' id='word_1_331' title='bbox 1374 2692 1621 2747; x_wconf 66' lang='lat' dir='ltr'><strong>min.th</strong></span> <span class='ocrx_word' id='word_1_332' title='bbox 1667 2688 1901 2745; x_wconf 85' lang='lat' dir='ltr'><strong>animam</strong></span> <span class='ocrx_word' id='word_1_333' title='bbox 1948 2699 2144 2749; x_wconf 87' lang='lat' dir='ltr'><strong>meam,</strong></span> 
     </span>
    </p>
   </div>
   <div class='ocr_carea' id='block_1_42' title="bbox 566 2781 2147 2853">
    <p class='ocr_par' dir='ltr' id='par_1_42' title="bbox 566 2781 2147 2853">
     <span class='ocr_line' id='line_1_42' title="bbox 566 2781 2147 2853; baseline -0.013 -3"><span class='ocrx_word' id='word_1_334' title='bbox 566 2792 867 2851; x_wconf 88' lang='lat' dir='ltr'><strong>bumiliavit</strong></span> <span class='ocrx_word' id='word_1_335' title='bbox 896 2792 948 2844; x_wconf 86' lang='lat' dir='ltr'><strong>in</strong></span> <span class='ocrx_word' id='word_1_336' title='bbox 981 2797 1143 2853; x_wconf 86' lang='lat' dir='ltr'><strong>terra,</strong></span> <span class='ocrx_word' id='word_1_337' title='bbox 1171 2786 1226 2841; x_wconf 89' lang='lat' dir='ltr'><strong>id</strong></span> <span class='ocrx_word' id='word_1_338' title='bbox 1252 2792 1337 2840; x_wconf 88' lang='lat' dir='ltr'><strong>est</strong></span> <span class='ocrx_word' id='word_1_339' title='bbox 1357 2822 1372 2848; x_wconf 92' lang='lat'><strong>,</strong></span> <span class='ocrx_word' id='word_1_340' title='bbox 1416 2783 1472 2838; x_wconf 89' lang='lat' dir='ltr'><strong>in</strong></span> <span class='ocrx_word' id='word_1_341' title='bbox 1499 2795 1731 2852; x_wconf 87' lang='lat' dir='ltr'><strong>corpore</strong></span> <span class='ocrx_word' id='word_1_342' title='bbox 1757 2781 1923 2836; x_wconf 85' lang='lat' dir='ltr'><strong>vitam</strong></span> <span class='ocrx_word' id='word_1_343' title='bbox 1948 2790 2147 2840; x_wconf 88' lang='lat' dir='ltr'><strong>meam,</strong></span> 
     </span>
    </p>
   </div>
   <div class='ocr_carea' id='block_1_43' title="bbox 546 2865 2148 2943">
    <p class='ocr_par' dir='ltr' id='par_1_43' title="bbox 546 2865 2148 2943">
     <span class='ocr_line' id='line_1_43' title="bbox 546 2865 2148 2943; baseline -0.016 1"><span class='ocrx_word' id='word_1_344' title='bbox 546 2882 856 2943; x_wconf 74' lang='lat' dir='ltr'><strong>collocavit</strong></span> <span class='ocrx_word' id='word_1_345' title='bbox 903 2895 990 2936; x_wconf 87' lang='lat' dir='ltr'><strong>me</strong></span> <span class='ocrx_word' id='word_1_346' title='bbox 1037 2880 1091 2933; x_wconf 89' lang='lat' dir='ltr'><strong>in</strong></span> <span class='ocrx_word' id='word_1_347' title='bbox 1150 2877 1382 2932; x_wconf 88' lang='lat' dir='ltr'><strong>obscuro</strong></span> <span class='ocrx_word' id='word_1_348' title='bbox 1430 2874 1572 2929; x_wconf 84' lang='lat' dir='ltr'><strong>sicut</strong></span> <span class='ocrx_word' id='word_1_349' title='bbox 1629 2879 1899 2926; x_wconf 84' lang='lat' dir='ltr'><strong>mortuum</strong></span> <span class='ocrx_word' id='word_1_350' title='bbox 1950 2865 2148 2922; x_wconf 67' lang='lat' dir='ltr'><strong>steculi.</strong></span> 
     </span>
    </p>
   </div>
   <div class='ocr_carea' id='block_1_44' title="bbox 569 2958 2155 3033">
    <p class='ocr_par' dir='ltr' id='par_1_44' title="bbox 569 2958 2155 3033">
     <span class='ocr_line' id='line_1_44' title="bbox 569 2958 2155 3033; baseline -0.015 0"><span class='ocrx_word' id='word_1_351' title='bbox 569 2974 743 3033; x_wconf 81' lang='lat' dir='ltr'><strong>Tanta</strong></span> <span class='ocrx_word' id='word_1_352' title='bbox 771 2988 860 3028; x_wconf 89' lang='lat' dir='ltr'><strong>me</strong></span> <span class='ocrx_word' id='word_1_353' title='bbox 906 2970 1240 3027; x_wconf 78' lang='lat' dir='ltr'><strong>obscuritate</strong></span> <span class='ocrx_word' id='word_1_354' title='bbox 1287 2981 1399 3022; x_wconf 80' lang='lat' dir='ltr'><strong>suae</strong></span> <span class='ocrx_word' id='word_1_355' title='bbox 1442 2962 1794 3022; x_wconf 84' lang='lat' dir='ltr'><strong>circumdedit</strong></span> <span class='ocrx_word' id='word_1_356' title='bbox 1843 2958 2062 3022; x_wconf 79' lang='lat' dir='ltr'><strong>fraudis,</strong></span> <span class='ocrx_word' id='word_1_357' title='bbox 2096 2963 2155 3012; x_wconf 93' lang='lat' dir='ltr'><strong>ut</strong></span> 
     </span>
    </p>
   </div>
   <div class='ocr_carea' id='block_1_45' title="bbox 570 3047 2157 3131">
    <p class='ocr_par' dir='ltr' id='par_1_45' title="bbox 570 3047 2157 3131">
     <span class='ocr_line' id='line_1_45' title="bbox 570 3047 2157 3131; baseline -0.012 -9"><span class='ocrx_word' id='word_1_358' title='bbox 570 3073 844 3124; x_wconf 89' lang='lat' dir='ltr'><strong>mortuum</strong></span> <span class='ocrx_word' id='word_1_359' title='bbox 870 3078 958 3118; x_wconf 88' lang='lat' dir='ltr'><strong>me</strong></span> <span class='ocrx_word' id='word_1_360' title='bbox 985 3060 1129 3131; x_wconf 91' lang='lat' dir='ltr'><strong>apud</strong></span> <span class='ocrx_word' id='word_1_361' title='bbox 1156 3059 1323 3120; x_wconf 84' lang='lat' dir='ltr'><strong>Deum</strong></span> <span class='ocrx_word' id='word_1_362' title='bbox 1352 3057 1605 3121; x_wconf 80' lang='lat' dir='ltr'><strong>credens,</strong></span> <span class='ocrx_word' id='word_1_363' title='bbox 1637 3061 1884 3125; x_wconf 82' lang='lat' dir='ltr'><strong>putarem</strong></span> <span class='ocrx_word' id='word_1_364' title='bbox 1912 3064 2001 3107; x_wconf 84' lang='lat' dir='ltr'><strong>me</strong></span> <span class='ocrx_word' id='word_1_365' title='bbox 2035 3047 2157 3103; x_wconf 89' lang='lat' dir='ltr'><strong>nul-</strong></span> 
     </span>
    </p>
   </div>
   <div class='ocr_carea' id='block_1_46' title="bbox 572 3140 2152 3225">
    <p class='ocr_par' dir='ltr' id='par_1_46' title="bbox 572 3140 2152 3225">
     <span class='ocr_line' id='line_1_46' title="bbox 572 3140 2152 3225; baseline -0.013 -11"><span class='ocrx_word' id='word_1_366' title='bbox 572 3157 684 3214; x_wconf 85' lang='lat' dir='ltr'><strong>lum</strong></span> <span class='ocrx_word' id='word_1_367' title='bbox 710 3152 1134 3225; x_wconf 77' lang='lat' dir='ltr'><strong>recuperationis</strong></span> <span class='ocrx_word' id='word_1_368' title='bbox 1161 3149 1303 3220; x_wconf 85' lang='lat' dir='ltr'><strong>apud</strong></span> <span class='ocrx_word' id='word_1_369' title='bbox 1325 3142 1591 3218; x_wconf 62' lang='lat' dir='ltr'><strong>iustitiam</strong></span> <span class='ocrx_word' id='word_1_370' title='bbox 1615 3156 1763 3200; x_wconf 89' lang='lat' dir='ltr'><strong>tuam</strong></span> <span class='ocrx_word' id='word_1_371' title='bbox 1800 3141 2038 3198; x_wconf 88' lang='lat' dir='ltr'><strong>auditum</strong></span> <span class='ocrx_word' id='word_1_372' title='bbox 2067 3140 2152 3193; x_wconf 84' lang='lat' dir='ltr'><strong>iu-</strong></span> 
     </span>
    </p>
   </div>
   <div class='ocr_carea' id='block_1_47' title="bbox 573 3231 2233 3306">
    <p class='ocr_par' dir='ltr' id='par_1_47' title="bbox 573 3231 2233 3306">
     <span class='ocr_line' id='line_1_47' title="bbox 573 3231 2233 3306; baseline -0.01 -3"><span class='ocrx_word' id='word_1_373' title='bbox 573 3247 759 3304; x_wconf 78' lang='lat' dir='ltr'><strong>venire</strong></span> <span class='ocrx_word' id='word_1_374' title='bbox 791 3261 804 3297; x_wconf 91' lang='lat'><strong>:</strong></span> <span class='ocrx_word' id='word_1_375' title='bbox 832 3243 954 3298; x_wconf 86' lang='lat' dir='ltr'><strong>ideo</strong></span> <span class='ocrx_word' id='word_1_376' title='bbox 987 3242 1237 3296; x_wconf 85' lang='lat' dir='ltr'><strong>anxiatus</strong></span> <span class='ocrx_word' id='word_1_377' title='bbox 1262 3247 1347 3294; x_wconf 88' lang='lat' dir='ltr'><strong>est</strong></span> <span class='ocrx_word' id='word_1_378' title='bbox 1374 3238 1428 3293; x_wconf 89' lang='lat' dir='ltr'><strong>in</strong></span> <span class='ocrx_word' id='word_1_379' title='bbox 1455 3252 1544 3291; x_wconf 90' lang='lat' dir='ltr'><strong>me</strong></span> <span class='ocrx_word' id='word_1_380' title='bbox 1569 3236 1787 3306; x_wconf 89' lang='lat' dir='ltr'><strong>spiritus</strong></span> <span class='ocrx_word' id='word_1_381' title='bbox 1816 3248 1987 3296; x_wconf 86' lang='lat' dir='ltr'><strong>meus,</strong></span> <span class='ocrx_word' id='word_1_382' title='bbox 2018 3238 2074 3285; x_wconf 89' lang='lat' dir='ltr'><strong>et</strong></span> <span class='ocrx_word' id='word_1_383' title='bbox 2099 3231 2156 3287; x_wconf 81' lang='lat' dir='ltr'><strong>in</strong></span> <span class='ocrx_word' id='word_1_384' title='bbox 2182 3231 2233 3299; x_wconf 87' lang='lat' dir='ltr'><strong>C</strong></span> 
     </span>
    </p>
   </div>
   <div class='ocr_carea' id='block_1_48' title="bbox 570 3323 2155 3397">
    <p class='ocr_par' dir='ltr' id='par_1_48' title="bbox 570 3323 2155 3397">
     <span class='ocr_line' id='line_1_48' title="bbox 570 3323 2155 3397; baseline -0.012 -3"><span class='ocrx_word' id='word_1_385' title='bbox 570 3351 664 3394; x_wconf 89' lang='lat' dir='ltr'><strong>me</strong></span> <span class='ocrx_word' id='word_1_386' title='bbox 691 3336 963 3391; x_wconf 85' lang='lat' dir='ltr'><strong>turbatum</strong></span> <span class='ocrx_word' id='word_1_387' title='bbox 990 3339 1076 3387; x_wconf 86' lang='lat' dir='ltr'><strong>est</strong></span> <span class='ocrx_word' id='word_1_388' title='bbox 1102 3346 1199 3386; x_wconf 88' lang='lat' dir='ltr'><strong>cor</strong></span> <span class='ocrx_word' id='word_1_389' title='bbox 1225 3344 1425 3385; x_wconf 86' lang='lat' dir='ltr'><strong>meum.</strong></span> <span class='ocrx_word' id='word_1_390' title='bbox 1451 3327 1619 3396; x_wconf 67' lang='lat' dir='ltr'><strong>Coepi</strong></span> <span class='ocrx_word' id='word_1_391' title='bbox 1648 3324 1920 3397; x_wconf 86' lang='lat' dir='ltr'><strong>recordari</strong></span> <span class='ocrx_word' id='word_1_392' title='bbox 1948 3323 2155 3378; x_wconf 85' lang='lat' dir='ltr'><strong>dierum</strong></span> 
     </span>
    </p>
   </div>
   <div class='ocr_carea' id='block_1_49' title="bbox 575 3414 2160 3497">
    <p class='ocr_par' dir='ltr' id='par_1_49' title="bbox 575 3414 2160 3497">
     <span class='ocr_line' id='line_1_49' title="bbox 575 3414 2160 3497; baseline -0.009 -13"><span class='ocrx_word' id='word_1_393' title='bbox 575 3429 939 3497; x_wconf 84' lang='lat' dir='ltr'><strong>antiquorum,</strong></span> <span class='ocrx_word' id='word_1_394' title='bbox 979 3423 1196 3493; x_wconf 85' lang='lat' dir='ltr'><strong>quantis</strong></span> <span class='ocrx_word' id='word_1_395' title='bbox 1228 3436 1330 3492; x_wconf 88' lang='lat' dir='ltr'><strong>pro</strong></span> <span class='ocrx_word' id='word_1_396' title='bbox 1366 3418 1737 3497; x_wconf 74' lang='lat' dir='ltr'><strong>misericordia</strong></span> <span class='ocrx_word' id='word_1_397' title='bbox 1762 3415 2048 3471; x_wconf 88' lang='lat' dir='ltr'><strong>subvenire</strong></span> <span class='ocrx_word' id='word_1_398' title='bbox 2076 3414 2160 3470; x_wconf 88' lang='lat' dir='ltr'><strong>di-</strong></span> 
     </span>
    </p>
   </div>
   <div class='ocr_carea' id='block_1_50' title="bbox 576 3491 2157 3591">
    <p class='ocr_par' dir='ltr' id='par_1_50' title="bbox 576 3491 2157 3591">
     <span class='ocr_line' id='line_1_50' title="bbox 576 3491 2157 3591; baseline -0.01 -15"><span class='ocrx_word' id='word_1_399' title='bbox 576 3491 770 3591; x_wconf 78' lang='lat' dir='ltr'><strong>gnatus</strong></span> <span class='ocrx_word' id='word_1_400' title='bbox 795 3533 873 3574; x_wconf 91' lang='lat' dir='ltr'><strong>es.</strong></span> <span class='ocrx_word' id='word_1_401' title='bbox 927 3491 1014 3571; x_wconf 35' lang='lat' dir='ltr'><strong>Et‘</strong></span> <span class='ocrx_word' id='word_1_402' title='bbox 1031 3491 1321 3569; x_wconf 83' lang='lat' dir='ltr'><strong>meditatus</strong></span> <span class='ocrx_word' id='word_1_403' title='bbox 1358 3526 1476 3567; x_wconf 87' lang='lat' dir='ltr'><strong>sum</strong></span> <span class='ocrx_word' id='word_1_404' title='bbox 1517 3510 1574 3565; x_wconf 92' lang='lat' dir='ltr'><strong>in</strong></span> <span class='ocrx_word' id='word_1_405' title='bbox 1606 3491 1857 3565; x_wconf 62' lang='lat' dir='ltr'><strong>limitibus</strong></span> <span class='ocrx_word' id='word_1_406' title='bbox 1884 3506 2157 3576; x_wconf 82' lang='lat' dir='ltr'><strong>operibus,</strong></span> 
     </span>
    </p>
   </div>
   <div class='ocr_carea' id='block_1_51' title="bbox 575 3597 2160 3682">
    <p class='ocr_par' dir='ltr' id='par_1_51' title="bbox 575 3597 2160 3682">
     <span class='ocr_line' id='line_1_51' title="bbox 575 3597 2160 3682; baseline -0.009 -16"><span class='ocrx_word' id='word_1_407' title='bbox 575 3610 770 3682; x_wconf 84' lang='lat' dir='ltr'><strong>quibus</strong></span> <span class='ocrx_word' id='word_1_408' title='bbox 798 3606 956 3663; x_wconf 84' lang='lat' dir='ltr'><strong>didici</strong></span> <span class='ocrx_word' id='word_1_409' title='bbox 1005 3604 1255 3661; x_wconf 89' lang='lat' dir='ltr'><strong>omnibus</strong></span> <span class='ocrx_word' id='word_1_410' title='bbox 1300 3610 1355 3657; x_wconf 91' lang='lat' dir='ltr'><strong>te</strong></span> <span class='ocrx_word' id='word_1_411' title='bbox 1397 3600 1809 3673; x_wconf 78' lang='lat' dir='ltr'><strong>deprecantibus</strong></span> <span class='ocrx_word' id='word_1_412' title='bbox 1854 3597 2160 3653; x_wconf 82' lang='lat' dir='ltr'><strong>subvenire.</strong></span> 
     </span>
    </p>
   </div>
   <div class='ocr_carea' id='block_1_52' title="bbox 576 3688 2197 3783">
    <p class='ocr_par' dir='ltr' id='par_1_52' title="bbox 576 3688 2197 3783">
     <span class='ocr_line' id='line_1_52' title="bbox 576 3688 2197 3783; baseline -0.007 -26"><span class='ocrx_word' id='word_1_413' title='bbox 576 3701 646 3757; x_wconf 90' lang='lat' dir='ltr'><strong>Et</strong></span> <span class='ocrx_word' id='word_1_414' title='bbox 668 3702 796 3757; x_wconf 82' lang='lat' dir='ltr'><strong>ideo</strong></span> <span class='ocrx_word' id='word_1_415' title='bbox 825 3713 928 3783; x_wconf 80' lang='lat' dir='ltr'><strong>ego</strong></span> <span class='ocrx_word' id='word_1_416' title='bbox 954 3688 1188 3769; x_wconf 84' lang='lat' dir='ltr'><strong>expandi</strong></span> <span class='ocrx_word' id='word_1_417' title='bbox 1216 3712 1408 3751; x_wconf 86' lang='lat' dir='ltr'><strong>manus</strong></span> <span class='ocrx_word' id='word_1_418' title='bbox 1433 3709 1580 3751; x_wconf 87' lang='lat' dir='ltr'><strong>meas</strong></span> <span class='ocrx_word' id='word_1_419' title='bbox 1605 3692 1675 3749; x_wconf 83' lang='lat' dir='ltr'><strong>ad</strong></span> <span class='ocrx_word' id='word_1_420' title='bbox 1702 3700 1784 3757; x_wconf 88' lang='lat' dir='ltr'><strong>te,</strong></span> <span class='ocrx_word' id='word_1_421' title='bbox 1828 3691 1956 3761; x_wconf 87' lang='lat' dir='ltr'><strong>quia</strong></span> <span class='ocrx_word' id='word_1_422' title='bbox 1982 3691 2163 3746; x_wconf 83' lang='lat' dir='ltr'><strong>anima</strong></span> <span class='ocrx_word' id='word_1_423' title='bbox 2194 3718 2197 3723; x_wconf 83' lang='lat'><strong>~</strong></span> 
     </span>
    </p>
   </div>
   <div class='ocr_carea' id='block_1_53' title="bbox 578 3784 2161 3873">
    <p class='ocr_par' dir='ltr' id='par_1_53' title="bbox 578 3784 2161 3873">
     <span class='ocr_line' id='line_1_53' title="bbox 578 3784 2161 3873; baseline -0.006 -24"><span class='ocrx_word' id='word_1_424' title='bbox 578 3808 698 3850; x_wconf 90' lang='lat' dir='ltr'><strong>mea</strong></span> <span class='ocrx_word' id='word_1_425' title='bbox 727 3794 866 3849; x_wconf 87' lang='lat' dir='ltr'><strong>sicut</strong></span> <span class='ocrx_word' id='word_1_426' title='bbox 908 3801 1054 3847; x_wconf 86' lang='lat' dir='ltr'><strong>terra</strong></span> <span class='ocrx_word' id='word_1_427' title='bbox 1067 3792 1197 3873; x_wconf 73' lang='lat' dir='ltr'><strong>sine</strong></span> <span class='ocrx_word' id='word_1_428' title='bbox 1224 3806 1360 3860; x_wconf 86' lang='lat' dir='ltr'><strong>aqua</strong></span> <span class='ocrx_word' id='word_1_429' title='bbox 1386 3829 1401 3855; x_wconf 91' lang='lat'><strong>,</strong></span> <span class='ocrx_word' id='word_1_430' title='bbox 1456 3791 1536 3845; x_wconf 87' lang='lat' dir='ltr'><strong>sic</strong></span> <span class='ocrx_word' id='word_1_431' title='bbox 1562 3790 1617 3844; x_wconf 73' lang='lat' dir='ltr'><strong>in</strong></span> <span class='ocrx_word' id='word_1_432' title='bbox 1646 3788 1882 3859; x_wconf 77' lang='lat' dir='ltr'><strong>peccatis</strong></span> <span class='ocrx_word' id='word_1_433' title='bbox 1908 3787 2050 3843; x_wconf 87' lang='lat' dir='ltr'><strong>sicca</strong></span> <span class='ocrx_word' id='word_1_434' title='bbox 2079 3784 2161 3840; x_wconf 77' lang='lat' dir='ltr'><strong>fa-</strong></span> 
     </span>
    </p>
   </div>
   <div class='ocr_carea' id='block_1_54' title="bbox 577 3877 2157 3952">
    <p class='ocr_par' dir='ltr' id='par_1_54' title="bbox 577 3877 2157 3952">
     <span class='ocr_line' id='line_1_54' title="bbox 577 3877 2157 3952; baseline -0.007 -12"><span class='ocrx_word' id='word_1_435' title='bbox 577 3890 665 3940; x_wconf 88' lang='lat' dir='ltr'><strong>cta</strong></span> <span class='ocrx_word' id='word_1_436' title='bbox 694 3891 775 3938; x_wconf 92' lang='lat' dir='ltr'><strong>est</strong></span> <span class='ocrx_word' id='word_1_437' title='bbox 797 3924 812 3950; x_wconf 93' lang='lat'><strong>,</strong></span> <span class='ocrx_word' id='word_1_438' title='bbox 863 3883 1016 3952; x_wconf 89' lang='lat' dir='ltr'><strong>quasi</strong></span> <span class='ocrx_word' id='word_1_439' title='bbox 1064 3897 1183 3952; x_wconf 64' lang='lat' dir='ltr'><strong>quae</strong></span> <span class='ocrx_word' id='word_1_440' title='bbox 1224 3896 1334 3937; x_wconf 80' lang='lat' dir='ltr'><strong>non</strong></span> <span class='ocrx_word' id='word_1_441' title='bbox 1360 3880 1557 3939; x_wconf 73' lang='lat' dir='ltr'><strong>habeat</strong></span> <span class='ocrx_word' id='word_1_442' title='bbox 1583 3894 1776 3949; x_wconf 81' lang='lat' dir='ltr'><strong>aquam</strong></span> <span class='ocrx_word' id='word_1_443' title='bbox 1802 3877 2157 3947; x_wconf 87' lang='lat' dir='ltr'><strong>baptismatis.</strong></span> 
     </span>
    </p>
   </div>
   <div class='ocr_carea' id='block_1_55' title="bbox 579 3970 2159 4039">
    <p class='ocr_par' dir='ltr' id='par_1_55' title="bbox 579 3970 2159 4039">
     <span class='ocr_line' id='line_1_55' title="bbox 579 3970 2159 4039; baseline -0.003 -10"><span class='ocrx_word' id='word_1_444' title='bbox 579 3973 853 4031; x_wconf 80' lang='lat' dir='ltr'><strong>Velociter</strong></span> <span class='ocrx_word' id='word_1_445' title='bbox 877 3973 1076 4030; x_wconf 77' lang='lat' dir='ltr'><strong>exaudi</strong></span> <span class='ocrx_word' id='word_1_446' title='bbox 1098 3988 1207 4037; x_wconf 87' lang='lat' dir='ltr'><strong>me,</strong></span> <span class='ocrx_word' id='word_1_447' title='bbox 1238 3971 1485 4037; x_wconf 87' lang='lat' dir='ltr'><strong>Domine,</strong></span> <span class='ocrx_word' id='word_1_448' title='bbox 1516 3971 1715 4029; x_wconf 71' lang='lat' dir='ltr'><strong>deiecit</strong></span> <span class='ocrx_word' id='word_1_449' title='bbox 1742 3970 1963 4039; x_wconf 85' lang='lat' dir='ltr'><strong>spiritus</strong></span> <span class='ocrx_word' id='word_1_450' title='bbox 1987 3983 2159 4032; x_wconf 87' lang='lat' dir='ltr'><strong>meus,</strong></span> 
     </span>
    </p>
   </div>
   <div class='ocr_carea' id='block_1_56' title="bbox 579 4057 2160 4136">
    <p class='ocr_par' dir='ltr' id='par_1_56' title="bbox 579 4057 2160 4136">
     <span class='ocr_line' id='line_1_56' title="bbox 579 4057 2160 4136; baseline -0.006 -15"><span class='ocrx_word' id='word_1_451' title='bbox 579 4065 634 4121; x_wconf 91' lang='lat' dir='ltr'><strong>id</strong></span> <span class='ocrx_word' id='word_1_452' title='bbox 656 4068 755 4131; x_wconf 88' lang='lat' dir='ltr'><strong>est,</strong></span> <span class='ocrx_word' id='word_1_453' title='bbox 783 4065 1038 4136; x_wconf 87' lang='lat' dir='ltr'><strong>spiritalis</strong></span> <span class='ocrx_word' id='word_1_454' title='bbox 1083 4064 1137 4118; x_wconf 90' lang='lat' dir='ltr'><strong>in</strong></span> <span class='ocrx_word' id='word_1_455' title='bbox 1174 4076 1263 4116; x_wconf 90' lang='lat' dir='ltr'><strong>me</strong></span> <span class='ocrx_word' id='word_1_456' title='bbox 1285 4063 1397 4117; x_wconf 81' lang='lat' dir='ltr'><strong>vita</strong></span> <span class='ocrx_word' id='word_1_457' title='bbox 1423 4060 1638 4116; x_wconf 69' lang='lat' dir='ltr'><strong>deiecit.</strong></span> <span class='ocrx_word' id='word_1_458' title='bbox 1692 4058 1810 4113; x_wconf 86' lang='lat' dir='ltr'><strong>Non</strong></span> <span class='ocrx_word' id='word_1_459' title='bbox 1835 4065 2051 4113; x_wconf 89' lang='lat' dir='ltr'><strong>avertas</strong></span> <span class='ocrx_word' id='word_1_460' title='bbox 2079 4057 2160 4112; x_wconf 82' lang='lat' dir='ltr'><strong>la-</strong></span> 
     </span>
    </p>
   </div>
   <div class='ocr_carea' id='block_1_57' title="bbox 580 4148 2160 4221">
    <p class='ocr_par' dir='ltr' id='par_1_57' title="bbox 580 4148 2160 4221">
     <span class='ocr_line' id='line_1_57' title="bbox 580 4148 2160 4221; baseline -0.004 -11"><span class='ocrx_word' id='word_1_461' title='bbox 580 4157 720 4211; x_wconf 87' lang='lat' dir='ltr'><strong>ciem</strong></span> <span class='ocrx_word' id='word_1_462' title='bbox 748 4164 896 4210; x_wconf 86' lang='lat' dir='ltr'><strong>tuam</strong></span> <span class='ocrx_word' id='word_1_463' title='bbox 946 4171 976 4209; x_wconf 90' lang='lat' dir='ltr'><strong>a</strong></span> <span class='ocrx_word' id='word_1_464' title='bbox 1020 4168 1138 4221; x_wconf 90' lang='lat' dir='ltr'><strong>me,</strong></span> <span class='ocrx_word' id='word_1_465' title='bbox 1171 4160 1227 4207; x_wconf 87' lang='lat' dir='ltr'><strong>et</strong></span> <span class='ocrx_word' id='word_1_466' title='bbox 1265 4166 1363 4207; x_wconf 89' lang='lat' dir='ltr'><strong>ero</strong></span> <span class='ocrx_word' id='word_1_467' title='bbox 1397 4151 1589 4206; x_wconf 83' lang='lat' dir='ltr'><strong>similis</strong></span> <span class='ocrx_word' id='word_1_468' title='bbox 1629 4148 2083 4204; x_wconf 73' lang='lat' dir='ltr'><strong>descendentibus</strong></span> <span class='ocrx_word' id='word_1_469' title='bbox 2107 4149 2160 4203; x_wconf 92' lang='lat' dir='ltr'><strong>in</strong></span> 
     </span>
    </p>
   </div>
   <div class='ocr_carea' id='block_1_58' title="bbox 581 4240 2163 4314">
    <p class='ocr_par' dir='ltr' id='par_1_58' title="bbox 581 4240 2163 4314">
     <span class='ocr_line' id='line_1_58' title="bbox 581 4240 2163 4314; baseline -0.004 -13"><span class='ocrx_word' id='word_1_470' title='bbox 581 4247 755 4303; x_wconf 88' lang='lat' dir='ltr'><strong>lacum</strong></span> <span class='ocrx_word' id='word_1_471' title='bbox 772 4288 787 4314; x_wconf 93' lang='lat'><strong>,</strong></span> <span class='ocrx_word' id='word_1_472' title='bbox 832 4244 887 4300; x_wconf 91' lang='lat' dir='ltr'><strong>id</strong></span> <span class='ocrx_word' id='word_1_473' title='bbox 915 4253 996 4300; x_wconf 88' lang='lat' dir='ltr'><strong>est</strong></span> <span class='ocrx_word' id='word_1_474' title='bbox 1019 4286 1034 4312; x_wconf 91' lang='lat'><strong>,</strong></span> <span class='ocrx_word' id='word_1_475' title='bbox 1080 4243 1272 4299; x_wconf 88' lang='lat' dir='ltr'><strong>similis</strong></span> <span class='ocrx_word' id='word_1_476' title='bbox 1313 4257 1408 4298; x_wconf 90' lang='lat' dir='ltr'><strong>ero</strong></span> <span class='ocrx_word' id='word_1_477' title='bbox 1436 4241 1491 4297; x_wconf 87' lang='lat' dir='ltr'><strong>in</strong></span> <span class='ocrx_word' id='word_1_478' title='bbox 1518 4249 1697 4307; x_wconf 85' lang='lat' dir='ltr'><strong>morte</strong></span> <span class='ocrx_word' id='word_1_479' title='bbox 1717 4240 2002 4296; x_wconf 77' lang='lat' dir='ltr'><strong>damnatis.</strong></span> <span class='ocrx_word' id='word_1_480' title='bbox 2044 4240 2163 4295; x_wconf 79' lang='lat' dir='ltr'><strong>Non</strong></span> 
     </span>
    </p>
   </div>
   <div class='ocr_carea' id='block_1_59' title="bbox 578 4331 2165 4408">
    <p class='ocr_par' dir='ltr' id='par_1_59' title="bbox 578 4331 2165 4408">
     <span class='ocr_line' id='line_1_59' title="bbox 578 4331 2165 4408; baseline -0.005 -15"><span class='ocrx_word' id='word_1_481' title='bbox 578 4345 760 4393; x_wconf 83' lang='lat' dir='ltr'><strong>tamen</strong></span> <span class='ocrx_word' id='word_1_482' title='bbox 786 4337 1085 4408; x_wconf 86' lang='lat' dir='ltr'><strong>particeps,</strong></span> <span class='ocrx_word' id='word_1_483' title='bbox 1116 4335 1210 4390; x_wconf 89' lang='lat' dir='ltr'><strong>sed</strong></span> <span class='ocrx_word' id='word_1_484' title='bbox 1246 4334 1475 4389; x_wconf 76' lang='lat' dir='ltr'><strong>similis:</strong></span> <span class='ocrx_word' id='word_1_485' title='bbox 1506 4332 1726 4398; x_wconf 77' lang='lat' dir='ltr'><strong>similis,</strong></span> <span class='ocrx_word' id='word_1_486' title='bbox 1757 4333 1883 4401; x_wconf 82' lang='lat' dir='ltr'><strong>quia</strong></span> <span class='ocrx_word' id='word_1_487' title='bbox 1913 4331 2165 4402; x_wconf 81' lang='lat' dir='ltr'><strong>peccavi;</strong></span> 
     </span>
    </p>
   </div>
   <div class='ocr_carea' id='block_1_60' title="bbox 581 4424 2160 4498">
    <p class='ocr_par' dir='ltr' id='par_1_60' title="bbox 581 4424 2160 4498">
     <span class='ocr_line' id='line_1_60' title="bbox 581 4424 2160 4498; baseline -0.003 -15"><span class='ocrx_word' id='word_1_488' title='bbox 581 4437 635 4484; x_wconf 87' lang='lat' dir='ltr'><strong>et</strong></span> <span class='ocrx_word' id='word_1_489' title='bbox 662 4444 770 4483; x_wconf 90' lang='lat' dir='ltr'><strong>non</strong></span> <span class='ocrx_word' id='word_1_490' title='bbox 796 4429 1067 4498; x_wconf 85' lang='lat' dir='ltr'><strong>particeps</strong></span> <span class='ocrx_word' id='word_1_491' title='bbox 1084 4466 1100 4490; x_wconf 93' lang='lat'><strong>,</strong></span> <span class='ocrx_word' id='word_1_492' title='bbox 1147 4427 1274 4495; x_wconf 87' lang='lat' dir='ltr'><strong>quia</strong></span> <span class='ocrx_word' id='word_1_493' title='bbox 1302 4424 1370 4480; x_wconf 86' lang='lat' dir='ltr'><strong>ad</strong></span> <span class='ocrx_word' id='word_1_494' title='bbox 1397 4432 1546 4480; x_wconf 87' lang='lat' dir='ltr'><strong>tuam</strong></span> <span class='ocrx_word' id='word_1_495' title='bbox 1573 4424 2000 4480; x_wconf 84' lang='lat' dir='ltr'><strong>misericordiam</strong></span> <span class='ocrx_word' id='word_1_496' title='bbox 2025 4439 2160 4485; x_wconf 89' lang='lat' dir='ltr'><strong>con-</strong></span> 
     </span>
    </p>
   </div>
   <div class='ocr_carea' id='block_1_61' title="bbox 576 4514 2161 4583">
    <p class='ocr_par' dir='ltr' id='par_1_61' title="bbox 576 4514 2161 4583">
     <span class='ocr_line' id='line_1_61' title="bbox 576 4514 2161 4583; baseline 0.001 -12"><span class='ocrx_word' id='word_1_497' title='bbox 576 4516 773 4572; x_wconf 84' lang='lat' dir='ltr'><strong>volavi.</strong></span> <span class='ocrx_word' id='word_1_498' title='bbox 822 4514 931 4569; x_wconf 83' lang='lat' dir='ltr'><strong>Fac</strong></span> <span class='ocrx_word' id='word_1_499' title='bbox 970 4528 1099 4583; x_wconf 85' lang='lat' dir='ltr'><strong>ergo</strong></span> <span class='ocrx_word' id='word_1_500' title='bbox 1128 4514 1366 4569; x_wconf 88' lang='lat' dir='ltr'><strong>auditam</strong></span> <span class='ocrx_word' id='word_1_501' title='bbox 1392 4515 1524 4570; x_wconf 85' lang='lat' dir='ltr'><strong>mihi</strong></span> <span class='ocrx_word' id='word_1_502' title='bbox 1551 4528 1712 4571; x_wconf 87' lang='lat' dir='ltr'><strong>mane</strong></span> <span class='ocrx_word' id='word_1_503' title='bbox 1738 4515 2161 4573; x_wconf 77' lang='lat' dir='ltr'><strong>misericordiam</strong></span> 
     </span>
    </p>
   </div>
   <div class='ocr_carea' id='block_1_62' title="bbox 2242 1955 3823 2026">
    <p class='ocr_par' dir='ltr' id='par_1_62' title="bbox 2242 1955 3823 2026">
     <span class='ocr_line' id='line_1_62' title="bbox 2242 1955 3823 2026; baseline 0.002 -17"><span class='ocrx_word' id='word_1_504' title='bbox 2242 1965 2366 2010; x_wconf 91' lang='lat' dir='ltr'><strong>sunt</strong></span> <span class='ocrx_word' id='word_1_505' title='bbox 2399 1973 2412 2009; x_wconf 92' lang='lat'><strong>:</strong></span> <span class='ocrx_word' id='word_1_506' title='bbox 2446 1956 2559 2026; x_wconf 87' lang='lat' dir='ltr'><strong>ipse</strong></span> <span class='ocrx_word' id='word_1_507' title='bbox 2589 1963 2764 2010; x_wconf 89' lang='lat' dir='ltr'><strong>tamen</strong></span> <span class='ocrx_word' id='word_1_508' title='bbox 2810 1962 3032 2025; x_wconf 81' lang='lat' dir='ltr'><strong>prapter</strong></span> <span class='ocrx_word' id='word_1_509' title='bbox 3060 1969 3255 2010; x_wconf 86' lang='lat' dir='ltr'><strong>nomen</strong></span> <span class='ocrx_word' id='word_1_510' title='bbox 3282 1970 3439 2011; x_wconf 85' lang='lat' dir='ltr'><strong>suum</strong></span> <span class='ocrx_word' id='word_1_511' title='bbox 3465 1955 3697 2019; x_wconf 76' lang='lat' dir='ltr'><strong>viviﬁcat</strong></span> <span class='ocrx_word' id='word_1_512' title='bbox 3723 1970 3823 2011; x_wconf 92' lang='lat' dir='ltr'><strong>nos</strong></span> 
     </span>
    </p>
   </div>
   <div class='ocr_carea' id='block_1_63' title="bbox 2242 2044 3818 2121">
    <p class='ocr_par' dir='ltr' id='par_1_63' title="bbox 2242 2044 3818 2121">
     <span class='ocr_line' id='line_1_63' title="bbox 2242 2044 3818 2121; baseline -0.003 -14"><span class='ocrx_word' id='word_1_513' title='bbox 2242 2053 2297 2109; x_wconf 91' lang='lat' dir='ltr'><strong>in</strong></span> <span class='ocrx_word' id='word_1_514' title='bbox 2325 2050 2577 2121; x_wconf 85' lang='lat' dir='ltr'><strong>aequitate</strong></span> <span class='ocrx_word' id='word_1_515' title='bbox 2604 2062 2721 2103; x_wconf 88' lang='lat' dir='ltr'><strong>sua.</strong></span> <span class='ocrx_word' id='word_1_516' title='bbox 2761 2045 2878 2101; x_wconf 80' lang='lat' dir='ltr'><strong>Hoc</strong></span> <span class='ocrx_word' id='word_1_517' title='bbox 2909 2045 3176 2118; x_wconf 66' lang='lat' dir='ltr'><strong>aequitatis</strong></span> <span class='ocrx_word' id='word_1_518' title='bbox 3202 2060 3313 2101; x_wconf 74' lang='lat' dir='ltr'><strong>sua:</strong></span> <span class='ocrx_word' id='word_1_519' title='bbox 3332 2044 3535 2115; x_wconf 85' lang='lat' dir='ltr'><strong>judicio</strong></span> <span class='ocrx_word' id='word_1_520' title='bbox 3560 2056 3818 2111; x_wconf 84' lang='lat' dir='ltr'><strong>statuens,</strong></span> 
     </span>
    </p>
   </div>
   <div class='ocr_carea' id='block_1_64' title="bbox 2243 2136 3825 2214">
    <p class='ocr_par' dir='ltr' id='par_1_64' title="bbox 2243 2136 3825 2214">
     <span class='ocr_line' id='line_1_64' title="bbox 2243 2136 3825 2214; baseline -0.004 -15"><span class='ocrx_word' id='word_1_521' title='bbox 2243 2150 2304 2200; x_wconf 92' lang='lat' dir='ltr'><strong>ut</strong></span> <span class='ocrx_word' id='word_1_522' title='bbox 2329 2142 2517 2214; x_wconf 88' lang='lat' dir='ltr'><strong>perdat</strong></span> <span class='ocrx_word' id='word_1_523' title='bbox 2560 2153 2750 2194; x_wconf 92' lang='lat' dir='ltr'><strong>omnes</strong></span> <span class='ocrx_word' id='word_1_524' title='bbox 2790 2136 3037 2193; x_wconf 89' lang='lat' dir='ltr'><strong>inimicos</strong></span> <span class='ocrx_word' id='word_1_525' title='bbox 3083 2145 3332 2202; x_wconf 89' lang='lat' dir='ltr'><strong>nostros,</strong></span> <span class='ocrx_word' id='word_1_526' title='bbox 3375 2137 3466 2207; x_wconf 89' lang='lat' dir='ltr'><strong>qui</strong></span> <span class='ocrx_word' id='word_1_527' title='bbox 3509 2137 3630 2193; x_wconf 91' lang='lat' dir='ltr'><strong>ideo</strong></span> <span class='ocrx_word' id='word_1_528' title='bbox 3672 2138 3825 2194; x_wconf 91' lang='lat' dir='ltr'><strong>nobis</strong></span> 
     </span>
    </p>
   </div>
   <div class='ocr_carea' id='block_1_65' title="bbox 2245 2227 3820 2299">
    <p class='ocr_par' dir='ltr' id='par_1_65' title="bbox 2245 2227 3820 2299">
     <span class='ocr_line' id='line_1_65' title="bbox 2245 2227 3820 2299; baseline -0.004 -10"><span class='ocrx_word' id='word_1_529' title='bbox 2245 2233 2444 2290; x_wconf 91' lang='lat' dir='ltr'><strong>inimici</strong></span> <span class='ocrx_word' id='word_1_530' title='bbox 2472 2239 2633 2295; x_wconf 91' lang='lat' dir='ltr'><strong>sunt,</strong></span> <span class='ocrx_word' id='word_1_531' title='bbox 2677 2229 2801 2299; x_wconf 88' lang='lat' dir='ltr'><strong>quia</strong></span> <span class='ocrx_word' id='word_1_532' title='bbox 2851 2244 2950 2284; x_wconf 90' lang='lat' dir='ltr'><strong>nos</strong></span> <span class='ocrx_word' id='word_1_533' title='bbox 2977 2229 3115 2283; x_wconf 87' lang='lat' dir='ltr'><strong>servi</strong></span> <span class='ocrx_word' id='word_1_534' title='bbox 3145 2243 3264 2284; x_wconf 89' lang='lat' dir='ltr'><strong>esse</strong></span> <span class='ocrx_word' id='word_1_535' title='bbox 3288 2227 3500 2283; x_wconf 89' lang='lat' dir='ltr'><strong>Domini</strong></span> <span class='ocrx_word' id='word_1_536' title='bbox 3528 2229 3820 2299; x_wconf 77' lang='lat' dir='ltr'><strong>studemus.</strong></span> 
     </span>
    </p>
   </div>
   <div class='ocr_carea' id='block_1_66' title="bbox 2246 2319 3826 2391">
    <p class='ocr_par' dir='ltr' id='par_1_66' title="bbox 2246 2319 3826 2391">
     <span class='ocr_line' id='line_1_66' title="bbox 2246 2319 3826 2391; baseline -0.004 -10"><span class='ocrx_word' id='word_1_537' title='bbox 2246 2325 2432 2390; x_wconf 84' lang='lat' dir='ltr'><strong>Hanc,</strong></span> <span class='ocrx_word' id='word_1_538' title='bbox 2485 2322 2694 2391; x_wconf 89' lang='lat' dir='ltr'><strong>inquit,</strong></span> <span class='ocrx_word' id='word_1_539' title='bbox 2745 2320 2815 2375; x_wconf 91' lang='lat' dir='ltr'><strong>ob</strong></span> <span class='ocrx_word' id='word_1_540' title='bbox 2860 2333 3074 2375; x_wconf 85' lang='lat' dir='ltr'><strong>causam</strong></span> <span class='ocrx_word' id='word_1_541' title='bbox 3121 2319 3312 2390; x_wconf 88' lang='lat' dir='ltr'><strong>perdes</strong></span> <span class='ocrx_word' id='word_1_542' title='bbox 3347 2334 3538 2375; x_wconf 81' lang='lat' dir='ltr'><strong>omnes</strong></span> <span class='ocrx_word' id='word_1_543' title='bbox 3583 2319 3826 2377; x_wconf 83' lang='lat' dir='ltr'><strong>inimicos</strong></span> 
     </span>
    </p>
   </div>
   <div class='ocr_carea' id='block_1_67' title="bbox 2247 2411 3826 2483">
    <p class='ocr_par' dir='ltr' id='par_1_67' title="bbox 2247 2411 3826 2483">
     <span class='ocr_line' id='line_1_67' title="bbox 2247 2411 3826 2483; baseline -0.004 -9"><span class='ocrx_word' id='word_1_544' title='bbox 2247 2433 2417 2474; x_wconf 88' lang='lat' dir='ltr'><strong>meos.</strong></span> <span class='ocrx_word' id='word_1_545' title='bbox 2477 2415 2741 2483; x_wconf 84' lang='lat' dir='ltr'><strong>Quoniam</strong></span> <span class='ocrx_word' id='word_1_546' title='bbox 2770 2426 2956 2468; x_wconf 89' lang='lat' dir='ltr'><strong>servus</strong></span> <span class='ocrx_word' id='word_1_547' title='bbox 2981 2419 3107 2467; x_wconf 89' lang='lat' dir='ltr'><strong>tuus</strong></span> <span class='ocrx_word' id='word_1_548' title='bbox 3132 2426 3271 2467; x_wconf 89' lang='lat' dir='ltr'><strong>sum.</strong></span> <span class='ocrx_word' id='word_1_549' title='bbox 3302 2411 3418 2467; x_wconf 85' lang='lat' dir='ltr'><strong>Non</strong></span> <span class='ocrx_word' id='word_1_550' title='bbox 3451 2426 3581 2483; x_wconf 81' lang='lat' dir='ltr'><strong>ergo</strong></span> <span class='ocrx_word' id='word_1_551' title='bbox 3613 2412 3826 2483; x_wconf 82' lang='lat' dir='ltr'><strong>aliunde</strong></span> 
     </span>
    </p>
   </div>
   <div class='ocr_carea' id='block_1_68' title="bbox 2255 2504 3826 2575">
    <p class='ocr_par' dir='ltr' id='par_1_68' title="bbox 2255 2504 3826 2575">
     <span class='ocr_line' id='line_1_68' title="bbox 2255 2504 3826 2575; baseline -0.004 -10"><span class='ocrx_word' id='word_1_552' title='bbox 2255 2505 2494 2565; x_wconf 89' lang='lat' dir='ltr'><strong>inimicos</strong></span> <span class='ocrx_word' id='word_1_553' title='bbox 2535 2508 2830 2572; x_wconf 70' lang='lat' dir='ltr'><strong>habentes,</strong></span> <span class='ocrx_word' id='word_1_554' title='bbox 2882 2519 2984 2560; x_wconf 89' lang='lat' dir='ltr'><strong>nec</strong></span> <span class='ocrx_word' id='word_1_555' title='bbox 3023 2518 3125 2574; x_wconf 90' lang='lat' dir='ltr'><strong>pro</strong></span> <span class='ocrx_word' id='word_1_556' title='bbox 3174 2504 3576 2575; x_wconf 82' lang='lat' dir='ltr'><strong>quibuscunque</strong></span> <span class='ocrx_word' id='word_1_557' title='bbox 3598 2504 3826 2559; x_wconf 85' lang='lat' dir='ltr'><strong>terrenis</strong></span> 
     </span>
    </p>
   </div>
   <div class='ocr_carea' id='block_1_69' title="bbox 2250 2597 3826 2664">
    <p class='ocr_par' dir='ltr' id='par_1_69' title="bbox 2250 2597 3826 2664">
     <span class='ocr_line' id='line_1_69' title="bbox 2250 2597 3826 2664; baseline -0.006 -4"><span class='ocrx_word' id='word_1_558' title='bbox 2250 2606 2459 2660; x_wconf 88' lang='lat' dir='ltr'><strong>actibus</strong></span> <span class='ocrx_word' id='word_1_559' title='bbox 2506 2599 2841 2656; x_wconf 79' lang='lat' dir='ltr'><strong>adversarios</strong></span> <span class='ocrx_word' id='word_1_560' title='bbox 2864 2640 2879 2664; x_wconf 91' lang='lat'><strong>,</strong></span> <span class='ocrx_word' id='word_1_561' title='bbox 2923 2597 3019 2653; x_wconf 84' lang='lat' dir='ltr'><strong>sed</strong></span> <span class='ocrx_word' id='word_1_562' title='bbox 3046 2597 3169 2653; x_wconf 83' lang='lat' dir='ltr'><strong>ideo</strong></span> <span class='ocrx_word' id='word_1_563' title='bbox 3210 2598 3498 2653; x_wconf 86' lang='lat' dir='ltr'><strong>inimicitiis</strong></span> <span class='ocrx_word' id='word_1_564' title='bbox 3522 2597 3826 2653; x_wconf 63' lang='lat' dir='ltr'><strong>daemonum</strong></span> 
     </span>
    </p>
   </div>
   <div class='ocr_carea' id='block_1_70' title="bbox 2251 2687 3831 2757">
    <p class='ocr_par' dir='ltr' id='par_1_70' title="bbox 2251 2687 3831 2757">
     <span class='ocr_line' id='line_1_70' title="bbox 2251 2687 3831 2757; baseline -0.005 -6"><span class='ocrx_word' id='word_1_565' title='bbox 2251 2704 2342 2751; x_wconf 90' lang='lat' dir='ltr'><strong>aut</strong></span> <span class='ocrx_word' id='word_1_566' title='bbox 2369 2695 2649 2750; x_wconf 87' lang='lat' dir='ltr'><strong>hominum</strong></span> <span class='ocrx_word' id='word_1_567' title='bbox 2670 2690 2995 2755; x_wconf 88' lang='lat' dir='ltr'><strong>laboramus,</strong></span> <span class='ocrx_word' id='word_1_568' title='bbox 3025 2688 3279 2757; x_wconf 89' lang='lat' dir='ltr'><strong>quoniam</strong></span> <span class='ocrx_word' id='word_1_569' title='bbox 3307 2688 3445 2744; x_wconf 86' lang='lat' dir='ltr'><strong>servi</strong></span> <span class='ocrx_word' id='word_1_570' title='bbox 3472 2687 3683 2743; x_wconf 83' lang='lat' dir='ltr'><strong>Domini</strong></span> <span class='ocrx_word' id='word_1_571' title='bbox 3708 2701 3831 2743; x_wconf 89' lang='lat' dir='ltr'><strong>esse</strong></span> 
     </span>
    </p>
   </div>
   <div class='ocr_carea' id='block_1_71' title="bbox 2251 2780 3830 2852">
    <p class='ocr_par' dir='ltr' id='par_1_71' title="bbox 2251 2780 3830 2852">
     <span class='ocr_line' id='line_1_71' title="bbox 2251 2780 3830 2852; baseline -0.006 -9"><span class='ocrx_word' id='word_1_572' title='bbox 2251 2786 2544 2844; x_wconf 88' lang='lat' dir='ltr'><strong>studemus.</strong></span> <span class='ocrx_word' id='word_1_573' title='bbox 2601 2784 2716 2839; x_wconf 89' lang='lat' dir='ltr'><strong>Non</strong></span> <span class='ocrx_word' id='word_1_574' title='bbox 2768 2783 3050 2837; x_wconf 89' lang='lat' dir='ltr'><strong>timeamus</strong></span> <span class='ocrx_word' id='word_1_575' title='bbox 3096 2781 3402 2837; x_wconf 85' lang='lat' dir='ltr'><strong>inimicitias</strong></span> <span class='ocrx_word' id='word_1_576' title='bbox 3440 2796 3658 2843; x_wconf 87' lang='lat' dir='ltr'><strong>eorum,</strong></span> <span class='ocrx_word' id='word_1_577' title='bbox 3706 2780 3830 2852; x_wconf 83' lang='lat' dir='ltr'><strong>quia</strong></span> 
     </span>
    </p>
   </div>
   <div class='ocr_carea' id='block_1_72' title="bbox 2256 2871 3831 2950">
    <p class='ocr_par' dir='ltr' id='par_1_72' title="bbox 2256 2871 3831 2950">
     <span class='ocr_line' id='line_1_72' title="bbox 2256 2871 3831 2950; baseline -0.004 -15"><span class='ocrx_word' id='word_1_578' title='bbox 2256 2880 2362 2935; x_wconf 89' lang='lat' dir='ltr'><strong>illis</strong></span> <span class='ocrx_word' id='word_1_579' title='bbox 2390 2878 2741 2950; x_wconf 84' lang='lat' dir='ltr'><strong>pereuntibus</strong></span> <span class='ocrx_word' id='word_1_580' title='bbox 2769 2891 2868 2929; x_wconf 90' lang='lat' dir='ltr'><strong>nos</strong></span> <span class='ocrx_word' id='word_1_581' title='bbox 2907 2873 3258 2929; x_wconf 87' lang='lat' dir='ltr'><strong>liberabimur</strong></span> <span class='ocrx_word' id='word_1_582' title='bbox 3301 2889 3331 2927; x_wconf 91' lang='lat' dir='ltr'><strong>a</strong></span> <span class='ocrx_word' id='word_1_583' title='bbox 3363 2872 3578 2929; x_wconf 85' lang='lat' dir='ltr'><strong>Christo</strong></span> <span class='ocrx_word' id='word_1_584' title='bbox 3603 2871 3831 2929; x_wconf 86' lang='lat' dir='ltr'><strong>Domino</strong></span> 
     </span>
    </p>
   </div>
   <div class='ocr_carea' id='block_1_73' title="bbox 2255 2950 3881 3039">
    <p class='ocr_par' dir='ltr' id='par_1_73' title="bbox 2255 2950 3881 3039">
     <span class='ocr_line' id='line_1_73' title="bbox 2255 2950 3881 3039; baseline -0.004 -11"><span class='ocrx_word' id='word_1_585' title='bbox 2255 2980 2462 3037; x_wconf 88' lang='lat' dir='ltr'><strong>nostro,</strong></span> <span class='ocrx_word' id='word_1_586' title='bbox 2494 2969 2585 3039; x_wconf 83' lang='lat' dir='ltr'><strong>qui</strong></span> <span class='ocrx_word' id='word_1_587' title='bbox 2614 2975 2802 3039; x_wconf 77' lang='lat' dir='ltr'><strong>regnat</strong></span> <span class='ocrx_word' id='word_1_588' title='bbox 2829 2981 2951 3023; x_wconf 90' lang='lat' dir='ltr'><strong>cum</strong></span> <span class='ocrx_word' id='word_1_589' title='bbox 2980 2964 3139 3020; x_wconf 88' lang='lat' dir='ltr'><strong>Patre</strong></span> <span class='ocrx_word' id='word_1_590' title='bbox 3167 2973 3222 3022; x_wconf 88' lang='lat' dir='ltr'><strong>et</strong></span> <span class='ocrx_word' id='word_1_591' title='bbox 3249 2950 3451 3037; x_wconf 85' lang='lat' dir='ltr'><strong>Spiritu</strong></span> <span class='ocrx_word' id='word_1_592' title='bbox 3479 2973 3666 3021; x_wconf 87' lang='lat' dir='ltr'><strong>sancto</strong></span> <span class='ocrx_word' id='word_1_593' title='bbox 3695 2981 3834 3022; x_wconf 89' lang='lat' dir='ltr'><strong>nunc</strong></span> <span class='ocrx_word' id='word_1_594' title='bbox 3872 2962 3881 2963; x_wconf 29' lang='grc' dir='ltr'>ί</span> 
     </span>
    </p>
   </div>
   <div class='ocr_carea' id='block_1_74' title="bbox 2257 3059 3749 3136">
    <p class='ocr_par' dir='ltr' id='par_1_74' title="bbox 2257 3059 3749 3136">
     <span class='ocr_line' id='line_1_74' title="bbox 2257 3059 3749 3136; baseline -0.005 -15"><span class='ocrx_word' id='word_1_595' title='bbox 2257 3074 2313 3121; x_wconf 90' lang='grc' dir='ltr'>ει</span> <span class='ocrx_word' id='word_1_596' title='bbox 2336 3080 2567 3136; x_wconf 90' lang='lat' dir='ltr'><strong>semper,</strong></span> <span class='ocrx_word' id='word_1_597' title='bbox 2596 3070 2653 3119; x_wconf 93' lang='lat' dir='ltr'><strong>et</strong></span> <span class='ocrx_word' id='word_1_598' title='bbox 2679 3063 2735 3117; x_wconf 90' lang='lat' dir='ltr'><strong>in</strong></span> <span class='ocrx_word' id='word_1_599' title='bbox 2762 3061 2943 3117; x_wconf 89' lang='lat' dir='ltr'><strong>omnia</strong></span> <span class='ocrx_word' id='word_1_600' title='bbox 2969 3059 3162 3116; x_wconf 64' lang='lat' dir='ltr'><strong>saecula</strong></span> <span class='ocrx_word' id='word_1_601' title='bbox 3191 3060 3528 3115; x_wconf 87' lang='lat' dir='ltr'><strong>saeculorum.</strong></span> <span class='ocrx_word' id='word_1_602' title='bbox 3563 3059 3749 3115; x_wconf 83' lang='lat' dir='ltr'><strong>Amen.</strong></span> 
     </span>
    </p>
   </div>
   <div class='ocr_carea' id='block_1_75' title="bbox 2767 3188 3333 3250">
    <p class='ocr_par' dir='ltr' id='par_1_75' title="bbox 2767 3188 3333 3250">
     <span class='ocr_line' id='line_1_75' title="bbox 2767 3188 3333 3250; baseline -0.009 0"><span class='ocrx_word' id='word_1_603' title='bbox 2767 3191 3084 3250; x_wconf 82' lang='lat' dir='ltr'><strong>PSALMUS</strong></span> <span class='ocrx_word' id='word_1_604' title='bbox 3108 3188 3333 3249; x_wconf 75' lang='lat' dir='ltr'><strong>CXLIII.</strong></span> 
     </span>
    </p>
   </div>
   <div class='ocr_carea' id='block_1_76' title="bbox 2561 3304 3534 3377">
    <p class='ocr_par' dir='ltr' id='par_1_76' title="bbox 2561 3304 3534 3377">
     <span class='ocr_line' id='line_1_76' title="bbox 2561 3304 3534 3377; baseline -0.001 -15"><span class='ocrx_word' id='word_1_605' title='bbox 2561 3305 2804 3364; x_wconf 86' lang='lat' dir='ltr'><strong>Psalmus</strong></span> <span class='ocrx_word' id='word_1_606' title='bbox 2831 3307 2999 3377; x_wconf 81' lang='lat' dir='ltr'><strong>David</strong></span> <span class='ocrx_word' id='word_1_607' title='bbox 3026 3309 3281 3362; x_wconf 81' lang='lat' dir='ltr'><strong>adversus</strong></span> <span class='ocrx_word' id='word_1_608' title='bbox 3297 3304 3534 3362; x_wconf 78' lang='lat' dir='ltr'><strong>Goliatb.</strong></span> 
     </span>
    </p>
   </div>
   <div class='ocr_carea' id='block_1_77' title="bbox 2334 3406 3836 3495">
    <p class='ocr_par' dir='ltr' id='par_1_77' title="bbox 2334 3406 3836 3495">
     <span class='ocr_line' id='line_1_77' title="bbox 2334 3406 3836 3495; baseline -0.004 -13"><span class='ocrx_word' id='word_1_609' title='bbox 2334 3425 2635 3482; x_wconf 79' lang='lat' dir='ltr'><strong>Benedictus</strong></span> <span class='ocrx_word' id='word_1_610' title='bbox 2673 3422 2927 3479; x_wconf 81' lang='lat' dir='ltr'><strong>Dominus</strong></span> <span class='ocrx_word' id='word_1_611' title='bbox 2967 3421 3105 3477; x_wconf 85' lang='lat' dir='ltr'><strong>Deus</strong></span> <span class='ocrx_word' id='word_1_612' title='bbox 3150 3438 3292 3495; x_wconf 78' lang='lat' dir='ltr'><strong>meus</strong></span> <span class='ocrx_word' id='word_1_613' title='bbox 3338 3424 3425 3492; x_wconf 87' lang='lat' dir='ltr'><strong>qui</strong></span> <span class='ocrx_word' id='word_1_614' title='bbox 3448 3406 3614 3477; x_wconf 20' lang='lat' dir='ltr'><strong>Idaea</strong></span> <span class='ocrx_word' id='word_1_615' title='bbox 3656 3438 3836 3477; x_wconf 74' lang='lat' dir='ltr'><strong>manus</strong></span> 
     </span>
    </p>
   </div>
   <div class='ocr_carea' id='block_1_78' title="bbox 2259 3514 3838 3588">
    <p class='ocr_par' dir='ltr' id='par_1_78' title="bbox 2259 3514 3838 3588">
     <span class='ocr_line' id='line_1_78' title="bbox 2259 3514 3838 3588; baseline -0.003 -14"><span class='ocrx_word' id='word_1_616' title='bbox 2259 3535 2400 3574; x_wconf 77' lang='lat' dir='ltr'><strong>ineas</strong></span> <span class='ocrx_word' id='word_1_617' title='bbox 2426 3516 2496 3571; x_wconf 88' lang='lat' dir='ltr'><strong>ad</strong></span> <span class='ocrx_word' id='word_1_618' title='bbox 2521 3516 2756 3588; x_wconf 71' lang='lat' dir='ltr'><strong>prwlium</strong></span> <span class='ocrx_word' id='word_1_619' title='bbox 2773 3556 2787 3581; x_wconf 93' lang='lat'><strong>,</strong></span> <span class='ocrx_word' id='word_1_620' title='bbox 2829 3526 2878 3569; x_wconf 85' lang='lat' dir='ltr'><strong>et</strong></span> <span class='ocrx_word' id='word_1_621' title='bbox 2905 3515 3092 3585; x_wconf 80' lang='lat' dir='ltr'><strong>digitos</strong></span> <span class='ocrx_word' id='word_1_622' title='bbox 3119 3531 3258 3569; x_wconf 81' lang='lat' dir='ltr'><strong>meos</strong></span> <span class='ocrx_word' id='word_1_623' title='bbox 3279 3515 3350 3568; x_wconf 86' lang='lat' dir='ltr'><strong>ad</strong></span> <span class='ocrx_word' id='word_1_624' title='bbox 3376 3515 3581 3570; x_wconf 84' lang='lat' dir='ltr'><strong>bellum.</strong></span> <span class='ocrx_word' id='word_1_625' title='bbox 3633 3514 3838 3570; x_wconf 72' lang='lat' dir='ltr'><strong>Miseri-</strong></span> 
     </span>
    </p>
   </div>
   <div class='ocr_carea' id='block_1_79' title="bbox 2260 3606 3835 3680">
    <p class='ocr_par' dir='ltr' id='par_1_79' title="bbox 2260 3606 3835 3680">
     <span class='ocr_line' id='line_1_79' title="bbox 2260 3606 3835 3680; baseline -0.002 -16"><span class='ocrx_word' id='word_1_626' title='bbox 2260 3611 2439 3665; x_wconf 82' lang='lat' dir='ltr'><strong>cordia</strong></span> <span class='ocrx_word' id='word_1_627' title='bbox 2461 3627 2575 3664; x_wconf 88' lang='lat' dir='ltr'><strong>mea</strong></span> <span class='ocrx_word' id='word_1_628' title='bbox 2603 3618 2650 3662; x_wconf 85' lang='lat' dir='ltr'><strong>et</strong></span> <span class='ocrx_word' id='word_1_629' title='bbox 2673 3609 2925 3680; x_wconf 79' lang='lat' dir='ltr'><strong>refugium</strong></span> <span class='ocrx_word' id='word_1_630' title='bbox 2953 3622 3138 3672; x_wconf 78' lang='lat' dir='ltr'><strong>meum,</strong></span> <span class='ocrx_word' id='word_1_631' title='bbox 3168 3614 3432 3677; x_wconf 75' lang='lat' dir='ltr'><strong>susceptor</strong></span> <span class='ocrx_word' id='word_1_632' title='bbox 3470 3624 3608 3661; x_wconf 86' lang='lat' dir='ltr'><strong>meus</strong></span> <span class='ocrx_word' id='word_1_633' title='bbox 3631 3616 3681 3661; x_wconf 84' lang='lat' dir='ltr'><strong>et</strong></span> <span class='ocrx_word' id='word_1_634' title='bbox 3707 3606 3835 3661; x_wconf 87' lang='lat' dir='ltr'><strong>libe-</strong></span> 
     </span>
    </p>
   </div>
   <div class='ocr_carea' id='block_1_80' title="bbox 2260 3697 3838 3772">
    <p class='ocr_par' dir='ltr' id='par_1_80' title="bbox 2260 3697 3838 3772">
     <span class='ocr_line' id='line_1_80' title="bbox 2260 3697 3838 3772; baseline -0.002 -17"><span class='ocrx_word' id='word_1_635' title='bbox 2260 3708 2405 3755; x_wconf 78' lang='lat' dir='ltr'><strong>rator</strong></span> <span class='ocrx_word' id='word_1_636' title='bbox 2453 3716 2611 3753; x_wconf 71' lang='lat' dir='ltr'><strong>mus.</strong></span> <span class='ocrx_word' id='word_1_637' title='bbox 2650 3697 2936 3753; x_wconf 77' lang='lat' dir='ltr'><strong>Protector</strong></span> <span class='ocrx_word' id='word_1_638' title='bbox 2974 3712 3138 3763; x_wconf 73' lang='lat' dir='ltr'><strong>metu,</strong></span> <span class='ocrx_word' id='word_1_639' title='bbox 3158 3707 3207 3753; x_wconf 84' lang='lat' dir='ltr'><strong>et</strong></span> <span class='ocrx_word' id='word_1_640' title='bbox 3244 3700 3300 3752; x_wconf 89' lang='lat' dir='ltr'><strong>in</strong></span> <span class='ocrx_word' id='word_1_641' title='bbox 3346 3700 3457 3769; x_wconf 85' lang='lat' dir='ltr'><strong>ipso</strong></span> <span class='ocrx_word' id='word_1_642' title='bbox 3498 3703 3726 3770; x_wconf 79' lang='lat' dir='ltr'><strong>speravi,</strong></span> <span class='ocrx_word' id='word_1_643' title='bbox 3752 3702 3838 3772; x_wconf 87' lang='lat' dir='ltr'><strong>qui</strong></span> 
     </span>
    </p>
   </div>
   <div class='ocr_carea' id='block_1_81' title="bbox 2261 3788 3836 3865">
    <p class='ocr_par' dir='ltr' id='par_1_81' title="bbox 2261 3788 3836 3865">
     <span class='ocr_line' id='line_1_81' title="bbox 2261 3788 3836 3865; baseline 0.001 -20"><span class='ocrx_word' id='word_1_644' title='bbox 2261 3790 2434 3845; x_wconf 73' lang='lat' dir='ltr'><strong>subdit</strong></span> <span class='ocrx_word' id='word_1_645' title='bbox 2459 3790 2703 3863; x_wconf 74' lang='lat' dir='ltr'><strong>populum</strong></span> <span class='ocrx_word' id='word_1_646' title='bbox 2729 3806 2899 3844; x_wconf 67' lang='lat' dir='ltr'><strong>manu</strong></span> <span class='ocrx_word' id='word_1_647' title='bbox 2916 3790 3019 3865; x_wconf 69' lang='lat' dir='ltr'><strong>sub</strong></span> <span class='ocrx_word' id='word_1_648' title='bbox 3043 3806 3147 3845; x_wconf 71' lang='lat' dir='ltr'><strong>sic.</strong></span> <span class='ocrx_word' id='word_1_649' title='bbox 3193 3788 3443 3857; x_wconf 68' lang='lat' dir='ltr'><strong>Domine,</strong></span> <span class='ocrx_word' id='word_1_650' title='bbox 3491 3790 3616 3862; x_wconf 81' lang='lat' dir='ltr'><strong>quid</strong></span> <span class='ocrx_word' id='word_1_651' title='bbox 3646 3800 3725 3845; x_wconf 80' lang='lat' dir='ltr'><strong>est</strong></span> <span class='ocrx_word' id='word_1_652' title='bbox 3748 3792 3836 3846; x_wconf 69' lang='lat' dir='ltr'><strong>lao-</strong></span> 
     </span>
    </p>
   </div>
   <div class='ocr_carea' id='block_1_82' title="bbox 2263 3880 3833 3953">
    <p class='ocr_par' dir='ltr' id='par_1_82' title="bbox 2263 3880 3833 3953">
     <span class='ocr_line' id='line_1_82' title="bbox 2263 3880 3833 3953; baseline 0.001 -19"><span class='ocrx_word' id='word_1_653' title='bbox 2263 3898 2363 3947; x_wconf 82' lang='lat' dir='ltr'><strong>mo,</strong></span> <span class='ocrx_word' id='word_1_654' title='bbox 2389 3883 2511 3953; x_wconf 86' lang='lat' dir='ltr'><strong>quia</strong></span> <span class='ocrx_word' id='word_1_655' title='bbox 2529 3882 2803 3935; x_wconf 63' lang='lat' dir='ltr'><strong>inuenisti</strong></span> <span class='ocrx_word' id='word_1_656' title='bbox 2824 3881 2900 3946; x_wconf 87' lang='lat' dir='ltr'><strong>ei,</strong></span> <span class='ocrx_word' id='word_1_657' title='bbox 2929 3890 3023 3935; x_wconf 78' lang='lat' dir='ltr'><strong>aut</strong></span> <span class='ocrx_word' id='word_1_658' title='bbox 3059 3880 3202 3951; x_wconf 74' lang='lat' dir='ltr'><strong>ﬁlius</strong></span> <span class='ocrx_word' id='word_1_659' title='bbox 3228 3880 3446 3936; x_wconf 69' lang='lat' dir='ltr'><strong>hominis</strong></span> <span class='ocrx_word' id='word_1_660' title='bbox 3474 3882 3595 3950; x_wconf 87' lang='lat' dir='ltr'><strong>quia</strong></span> <span class='ocrx_word' id='word_1_661' title='bbox 3622 3890 3833 3951; x_wconf 77' lang='lat' dir='ltr'><strong>reputas</strong></span> 
     </span>
    </p>
   </div>
   <div class='ocr_carea' id='block_1_83' title="bbox 2264 3973 3837 4047">
    <p class='ocr_par' dir='ltr' id='par_1_83' title="bbox 2264 3973 3837 4047">
     <span class='ocr_line' id='line_1_83' title="bbox 2264 3973 3837 4047; baseline -0.002 -16"><span class='ocrx_word' id='word_1_662' title='bbox 2264 3978 2418 4031; x_wconf 73' lang='lat' dir='ltr'><strong>eum?</strong></span> <span class='ocrx_word' id='word_1_663' title='bbox 2455 3976 2629 4030; x_wconf 83' lang='lat' dir='ltr'><strong>Homo</strong></span> <span class='ocrx_word' id='word_1_664' title='bbox 2654 3973 2871 4031; x_wconf 70' lang='grc' dir='ltr'><strong>νωιὶωί</strong></span> <span class='ocrx_word' id='word_1_665' title='bbox 2894 3975 3079 4030; x_wconf 82' lang='lat' dir='ltr'><strong>similis</strong></span> <span class='ocrx_word' id='word_1_666' title='bbox 3108 3978 3277 4047; x_wconf 72' lang='lat' dir='ltr'><strong>{uuis</strong></span> <span class='ocrx_word' id='word_1_667' title='bbox 3293 3983 3393 4038; x_wconf 79' lang='lat' dir='ltr'><strong>est,</strong></span> <span class='ocrx_word' id='word_1_668' title='bbox 3423 3974 3676 4045; x_wconf 16' lang='lat' dir='ltr'><strong>diesiejus</strong></span> <span class='ocrx_word' id='word_1_669' title='bbox 3703 3977 3837 4029; x_wconf 77' lang='lat' dir='ltr'><strong>sicut</strong></span> 
     </span>
    </p>
   </div>
   <div class='ocr_carea' id='block_1_84' title="bbox 2264 4065 3839 4137">
    <p class='ocr_par' dir='ltr' id='par_1_84' title="bbox 2264 4065 3839 4137">
     <span class='ocr_line' id='line_1_84' title="bbox 2264 4065 3839 4137; baseline -0.001 -16"><span class='ocrx_word' id='word_1_670' title='bbox 2264 4066 2444 4122; x_wconf 74' lang='lat' dir='ltr'><strong>umbra</strong></span> <span class='ocrx_word' id='word_1_671' title='bbox 2471 4075 2798 4137; x_wconf 65' lang='lat' dir='ltr'><strong>praeteream.</strong></span> <span class='ocrx_word' id='word_1_672' title='bbox 2839 4065 3083 4131; x_wconf 67' lang='lat' dir='ltr'><strong>Destino,</strong></span> <span class='ocrx_word' id='word_1_673' title='bbox 3112 4067 3311 4122; x_wconf 79' lang='lat' dir='ltr'><strong>inclina</strong></span> <span class='ocrx_word' id='word_1_674' title='bbox 3346 4065 3498 4122; x_wconf 68' lang='lat' dir='ltr'><strong>celos</strong></span> <span class='ocrx_word' id='word_1_675' title='bbox 3522 4074 3634 4121; x_wconf 78' lang='lat' dir='ltr'><strong>tuos</strong></span> <span class='ocrx_word' id='word_1_676' title='bbox 3670 4073 3720 4120; x_wconf 86' lang='lat' dir='ltr'><strong>et</strong></span> <span class='ocrx_word' id='word_1_677' title='bbox 3751 4066 3839 4120; x_wconf 75' lang='lat' dir='ltr'><strong>de-</strong></span> 
     </span>
    </p>
   </div>
   <div class='ocr_carea' id='block_1_85' title="bbox 2262 4157 3839 4232">
    <p class='ocr_par' dir='ltr' id='par_1_85' title="bbox 2262 4157 3839 4232">
     <span class='ocr_line' id='line_1_85' title="bbox 2262 4157 3839 4232; baseline -0.001 -17"><span class='ocrx_word' id='word_1_678' title='bbox 2262 4162 2482 4227; x_wconf 73' lang='lat' dir='ltr'><strong>scende;</strong></span> <span class='ocrx_word' id='word_1_679' title='bbox 2512 4169 2672 4232; x_wconf 66' lang='lat' dir='ltr'><strong>tange</strong></span> <span class='ocrx_word' id='word_1_680' title='bbox 2707 4168 2924 4225; x_wconf 81' lang='lat' dir='ltr'><strong>montes,</strong></span> <span class='ocrx_word' id='word_1_681' title='bbox 2969 4170 3021 4215; x_wconf 86' lang='lat' dir='ltr'><strong>et</strong></span> <span class='ocrx_word' id='word_1_682' title='bbox 3058 4159 3398 4232; x_wconf 65' lang='lat' dir='ltr'><strong>rumigabam.</strong></span> <span class='ocrx_word' id='word_1_683' title='bbox 3429 4157 3667 4231; x_wconf 77' lang='lat' dir='ltr'><strong>Fulgura</strong></span> <span class='ocrx_word' id='word_1_684' title='bbox 3692 4176 3839 4213; x_wconf 86' lang='lat' dir='ltr'><strong>coru-</strong></span> 
     </span>
    </p>
   </div>
   <div class='ocr_carea' id='block_1_86' title="bbox 2261 4252 3840 4323">
    <p class='ocr_par' dir='ltr' id='par_1_86' title="bbox 2261 4252 3840 4323">
     <span class='ocr_line' id='line_1_86' title="bbox 2261 4252 3840 4323; baseline -0.001 -18"><span class='ocrx_word' id='word_1_685' title='bbox 2261 4253 2570 4317; x_wconf 75' lang='lat' dir='ltr'><strong>scationem,</strong></span> <span class='ocrx_word' id='word_1_686' title='bbox 2618 4260 2669 4306; x_wconf 80' lang='lat' dir='ltr'><strong>et</strong></span> <span class='ocrx_word' id='word_1_687' title='bbox 2696 4252 2971 4323; x_wconf 78' lang='lat' dir='ltr'><strong>dissipabis</strong></span> <span class='ocrx_word' id='word_1_688' title='bbox 3007 4266 3121 4315; x_wconf 81' lang='lat' dir='ltr'><strong>eos;</strong></span> <span class='ocrx_word' id='word_1_689' title='bbox 3167 4252 3341 4306; x_wconf 80' lang='lat' dir='ltr'><strong>emitte</strong></span> <span class='ocrx_word' id='word_1_690' title='bbox 3365 4252 3583 4323; x_wconf 75' lang='lat' dir='ltr'><strong>sagittas</strong></span> <span class='ocrx_word' id='word_1_691' title='bbox 3622 4259 3840 4314; x_wconf 79' lang='lat' dir='ltr'><strong>tuas,et</strong></span> 
     </span>
    </p>
   </div>
   <div class='ocr_carea' id='block_1_87' title="bbox 2263 4343 3858 4411">
    <p class='ocr_par' dir='ltr' id='par_1_87' title="bbox 2263 4343 3858 4411">
     <span class='ocr_line' id='line_1_87' title="bbox 2263 4343 3858 4411; baseline -0.002 -13"><span class='ocrx_word' id='word_1_692' title='bbox 2263 4344 2589 4399; x_wconf 78' lang='lat' dir='ltr'><strong>conturbabis</strong></span> <span class='ocrx_word' id='word_1_693' title='bbox 2619 4360 2725 4399; x_wconf 81' lang='lat' dir='ltr'><strong>eos.</strong></span> <span class='ocrx_word' id='word_1_694' title='bbox 2774 4343 2973 4398; x_wconf 80' lang='lat' dir='ltr'><strong>Emitte</strong></span> <span class='ocrx_word' id='word_1_695' title='bbox 3012 4360 3228 4399; x_wconf 72' lang='lat' dir='ltr'><strong>manum</strong></span> <span class='ocrx_word' id='word_1_696' title='bbox 3268 4352 3413 4398; x_wconf 64' lang='lat' dir='ltr'><strong>usus</strong></span> <span class='ocrx_word' id='word_1_697' title='bbox 3452 4344 3516 4399; x_wconf 79' lang='lat' dir='ltr'><strong>de</strong></span> <span class='ocrx_word' id='word_1_698' title='bbox 3545 4344 3858 4411; x_wconf 74' lang='lat' dir='ltr'><strong>alto,eripe.</strong></span> 
     </span>
    </p>
   </div>
   <div class='ocr_carea' id='block_1_88' title="bbox 2262 4435 3839 4508">
    <p class='ocr_par' dir='ltr' id='par_1_88' title="bbox 2262 4435 3839 4508">
     <span class='ocr_line' id='line_1_88' title="bbox 2262 4435 3839 4508; baseline -0.003 -15"><span class='ocrx_word' id='word_1_699' title='bbox 2262 4454 2346 4493; x_wconf 83' lang='lat' dir='ltr'><strong>me</strong></span> <span class='ocrx_word' id='word_1_700' title='bbox 2385 4447 2435 4493; x_wconf 74' lang='lat' dir='ltr'><strong>et</strong></span> <span class='ocrx_word' id='word_1_701' title='bbox 2474 4436 2632 4491; x_wconf 81' lang='lat' dir='ltr'><strong>libera</strong></span> <span class='ocrx_word' id='word_1_702' title='bbox 2655 4454 2738 4491; x_wconf 78' lang='lat' dir='ltr'><strong>me</strong></span> <span class='ocrx_word' id='word_1_703' title='bbox 2780 4437 2843 4491; x_wconf 70' lang='lat' dir='ltr'><strong>de</strong></span> <span class='ocrx_word' id='word_1_704' title='bbox 2872 4436 3020 4508; x_wconf 84' lang='lat' dir='ltr'><strong>aquis</strong></span> <span class='ocrx_word' id='word_1_705' title='bbox 3047 4436 3241 4501; x_wconf 84' lang='lat' dir='ltr'><strong>multis,</strong></span> <span class='ocrx_word' id='word_1_706' title='bbox 3269 4445 3322 4489; x_wconf 71' lang='lat' dir='ltr'><strong>et</strong></span> <span class='ocrx_word' id='word_1_707' title='bbox 3347 4436 3413 4490; x_wconf 74' lang='lat' dir='ltr'><strong>de</strong></span> <span class='ocrx_word' id='word_1_708' title='bbox 3429 4451 3589 4489; x_wconf 75' lang='lat' dir='ltr'><strong>manu</strong></span> <span class='ocrx_word' id='word_1_709' title='bbox 3614 4435 3839 4504; x_wconf 63' lang='lat' dir='ltr'><strong>ﬁliorum</strong></span> 
     </span>
    </p>
   </div>
   <div class='ocr_carea' id='block_1_89' title="bbox 2264 4524 3841 4593">
    <p class='ocr_par' dir='ltr' id='par_1_89' title="bbox 2264 4524 3841 4593">
     <span class='ocr_line' id='line_1_89' title="bbox 2264 4524 3841 4593; baseline -0.003 -9"><span class='ocrx_word' id='word_1_710' title='bbox 2264 4530 2568 4584; x_wconf 76' lang='lat' dir='ltr'><strong>alienorum.</strong></span> <span class='ocrx_word' id='word_1_711' title='bbox 2599 4524 2829 4593; x_wconf 82' lang='lat' dir='ltr'><strong>Quorum</strong></span> <span class='ocrx_word' id='word_1_712' title='bbox 2855 4544 2913 4582; x_wconf 89' lang='lat' dir='ltr'><strong>os</strong></span> <span class='ocrx_word' id='word_1_713' title='bbox 2940 4527 3167 4582; x_wconf 82' lang='lat' dir='ltr'><strong>locutum</strong></span> <span class='ocrx_word' id='word_1_714' title='bbox 3188 4534 3269 4581; x_wconf 76' lang='lat' dir='ltr'><strong>est</strong></span> <span class='ocrx_word' id='word_1_715' title='bbox 3293 4528 3607 4591; x_wconf 67' lang='lat' dir='ltr'><strong>vastitatem,</strong></span> <span class='ocrx_word' id='word_1_716' title='bbox 3631 4535 3682 4581; x_wconf 82' lang='lat' dir='ltr'><strong>et</strong></span> <span class='ocrx_word' id='word_1_717' title='bbox 3718 4525 3841 4580; x_wconf 65' lang='lat' dir='ltr'><strong>dea:-</strong></span> 
     </span>
    </p>
   </div>
   <div class='ocr_carea' id='block_1_90' title="bbox 580 4606 3841 4687">
    <p class='ocr_par' dir='ltr' id='par_1_90' title="bbox 580 4606 3841 4687">
     <span class='ocr_line' id='line_1_90' title="bbox 580 4606 3841 4687; baseline -0.002 -12"><span class='ocrx_word' id='word_1_718' title='bbox 580 4616 727 4663; x_wconf 70' lang='lat' dir='ltr'><strong>Wam</strong></span> <span class='ocrx_word' id='word_1_719' title='bbox 750 4649 765 4674; x_wconf 72' lang='lat' dir='ltr'><strong>r</strong></span> <span class='ocrx_word' id='word_1_720' title='bbox 815 4606 1071 4676; x_wconf 69' lang='lat' dir='ltr'><strong>quoniam</strong></span> <span class='ocrx_word' id='word_1_721' title='bbox 1118 4608 1172 4662; x_wconf 70' lang='lat' dir='ltr'><strong>in</strong></span> <span class='ocrx_word' id='word_1_722' title='bbox 1218 4616 1274 4663; x_wconf 73' lang='grc' dir='ltr'><strong>ιθ</strong></span> <span class='ocrx_word' id='word_1_723' title='bbox 1301 4609 1534 4678; x_wconf 49' lang='lat' dir='ltr'><strong>Spera“:</strong></span> <span class='ocrx_word' id='word_1_724' title='bbox 1564 4609 1807 4664; x_wconf 70' lang='grc' dir='ltr'><strong>Βοωίῦθο</strong></span> <span class='ocrx_word' id='word_1_725' title='bbox 1849 4608 1974 4664; x_wconf 64' lang='grc' dir='ltr'><strong>κθο</strong></span> <span class='ocrx_word' id='word_1_726' title='bbox 2002 4624 2160 4663; x_wconf 69' lang='lat' dir='ltr'><strong>mane</strong></span> <span class='ocrx_word' id='word_1_727' title='bbox 2188 4611 2239 4672; x_wconf 73' lang='grc' dir='ltr'><strong>Β</strong></span> <span class='ocrx_word' id='word_1_728' title='bbox 2264 4628 2373 4673; x_wconf 85' lang='lat' dir='ltr'><strong>tera</strong></span> <span class='ocrx_word' id='word_1_729' title='bbox 2399 4635 2574 4673; x_wconf 87' lang='lat' dir='ltr'><strong>eorum</strong></span> <span class='ocrx_word' id='word_1_730' title='bbox 2598 4660 2612 4685; x_wconf 89' lang='lat'><strong>,</strong></span> <span class='ocrx_word' id='word_1_731' title='bbox 2645 4618 2857 4672; x_wconf 73' lang='lat' dir='ltr'><strong>dextera</strong></span> <span class='ocrx_word' id='word_1_732' title='bbox 2894 4617 3199 4687; x_wconf 74' lang='lat' dir='ltr'><strong>iniquitatis.</strong></span> <span class='ocrx_word' id='word_1_733' title='bbox 3252 4614 3422 4682; x_wconf 80' lang='lat' dir='ltr'><strong>Deus,</strong></span> <span class='ocrx_word' id='word_1_734' title='bbox 3466 4617 3722 4671; x_wconf 79' lang='lat' dir='ltr'><strong>canticum</strong></span> <span class='ocrx_word' id='word_1_735' title='bbox 3750 4630 3841 4669; x_wconf 87' lang='lat' dir='ltr'><strong>no-</strong></span> 
     </span>
    </p>
   </div>
   <div class='ocr_carea' id='block_1_91' title="bbox 576 4698 2153 4772">
    <p class='ocr_par' dir='ltr' id='par_1_91' title="bbox 576 4698 2153 4772">
     <span class='ocr_line' id='line_1_91' title="bbox 576 4698 2153 4772; baseline 0.002 -19"><span class='ocrx_word' id='word_1_736' title='bbox 576 4698 792 4770; x_wconf 88' lang='lat' dir='ltr'><strong>posuit,</strong></span> <span class='ocrx_word' id='word_1_737' title='bbox 838 4698 966 4769; x_wconf 88' lang='lat' dir='ltr'><strong>quia</strong></span> <span class='ocrx_word' id='word_1_738' title='bbox 1010 4699 1193 4755; x_wconf 84' lang='lat' dir='ltr'><strong>tandiu</strong></span> <span class='ocrx_word' id='word_1_739' title='bbox 1243 4708 1457 4757; x_wconf 87' lang='lat' dir='ltr'><strong>noctem</strong></span> <span class='ocrx_word' id='word_1_740' title='bbox 1506 4708 1563 4757; x_wconf 88' lang='lat' dir='ltr'><strong>et</strong></span> <span class='ocrx_word' id='word_1_741' title='bbox 1608 4702 1857 4757; x_wconf 81' lang='lat' dir='ltr'><strong>tenebras</strong></span> <span class='ocrx_word' id='word_1_742' title='bbox 1900 4702 2153 4772; x_wconf 82' lang='lat' dir='ltr'><strong>patimur,</strong></span> 
     </span>
    </p>
   </div>
   <div class='ocr_carea' id='block_1_92' title="bbox 510 4782 2161 4862">
    <p class='ocr_par' dir='ltr' id='par_1_92' title="bbox 510 4782 2161 4862">
     <span class='ocr_line' id='line_1_92' title="bbox 510 4782 2161 4862; baseline 0.002 -18"><span class='ocrx_word' id='word_1_743' title='bbox 510 4782 525 4799; x_wconf 75' lang='grc'><strong>“</strong></span> <span class='ocrx_word' id='word_1_744' title='bbox 577 4789 814 4862; x_wconf 88' lang='lat' dir='ltr'><strong>quandiu</strong></span> <span class='ocrx_word' id='word_1_745' title='bbox 838 4789 1016 4861; x_wconf 87' lang='lat' dir='ltr'><strong>pietas</strong></span> <span class='ocrx_word' id='word_1_746' title='bbox 1038 4790 1219 4846; x_wconf 83' lang='lat' dir='ltr'><strong>divina</strong></span> <span class='ocrx_word' id='word_1_747' title='bbox 1244 4801 1590 4861; x_wconf 82' lang='lat' dir='ltr'><strong>compungat,</strong></span> <span class='ocrx_word' id='word_1_748' title='bbox 1622 4791 1904 4847; x_wconf 72' lang='lat' dir='ltr'><strong>clementia</strong></span> <span class='ocrx_word' id='word_1_749' title='bbox 1944 4792 2161 4862; x_wconf 84' lang='lat' dir='ltr'><strong>pietatis</strong></span> 
     </span>
    </p>
   </div>
   <div class='ocr_carea' id='block_1_93' title="bbox 576 4880 2162 4951">
    <p class='ocr_par' dir='ltr' id='par_1_93' title="bbox 576 4880 2162 4951">
     <span class='ocr_line' id='line_1_93' title="bbox 576 4880 2162 4951; baseline 0 -14"><span class='ocrx_word' id='word_1_750' title='bbox 576 4880 866 4951; x_wconf 80' lang='lat' dir='ltr'><strong>indulgeat.</strong></span> <span class='ocrx_word' id='word_1_751' title='bbox 928 4880 999 4935; x_wconf 80' lang='lat' dir='ltr'><strong>At</strong></span> <span class='ocrx_word' id='word_1_752' title='bbox 1023 4881 1114 4936; x_wconf 83' lang='lat' dir='ltr'><strong>ubi</strong></span> <span class='ocrx_word' id='word_1_753' title='bbox 1149 4896 1256 4936; x_wconf 85' lang='lat' dir='ltr'><strong>vox</strong></span> <span class='ocrx_word' id='word_1_754' title='bbox 1292 4882 1519 4951; x_wconf 85' lang='lat' dir='ltr'><strong>coeperit</strong></span> <span class='ocrx_word' id='word_1_755' title='bbox 1545 4882 1855 4951; x_wconf 66' lang='lat' dir='ltr'><strong>posnitentis</strong></span> <span class='ocrx_word' id='word_1_756' title='bbox 1883 4882 2073 4946; x_wconf 85' lang='lat' dir='ltr'><strong>audiri,</strong></span> <span class='ocrx_word' id='word_1_757' title='bbox 2104 4891 2162 4937; x_wconf 88' lang='lat' dir='ltr'><strong>et</strong></span> 
     </span>
    </p>
   </div>
   <div class='ocr_carea' id='block_1_94' title="bbox 574 4970 2159 5041">
    <p class='ocr_par' dir='ltr' id='par_1_94' title="bbox 574 4970 2159 5041">
     <span class='ocr_line' id='line_1_94' title="bbox 574 4970 2159 5041; baseline 0.001 -15"><span class='ocrx_word' id='word_1_758' title='bbox 574 4970 664 5026; x_wconf 77' lang='lat' dir='ltr'><strong>lux</strong></span> <span class='ocrx_word' id='word_1_759' title='bbox 696 4971 1024 5041; x_wconf 79' lang='lat' dir='ltr'><strong>indulgentis</strong></span> <span class='ocrx_word' id='word_1_760' title='bbox 1050 4973 1262 5028; x_wconf 88' lang='lat' dir='ltr'><strong>ostendi</strong></span> <span class='ocrx_word' id='word_1_761' title='bbox 1288 5012 1303 5037; x_wconf 96' lang='lat'><strong>,</strong></span> <span class='ocrx_word' id='word_1_762' title='bbox 1335 4988 1442 5027; x_wconf 86' lang='lat' dir='ltr'><strong>nox</strong></span> <span class='ocrx_word' id='word_1_763' title='bbox 1470 4973 1648 5029; x_wconf 88' lang='lat' dir='ltr'><strong>omnis</strong></span> <span class='ocrx_word' id='word_1_764' title='bbox 1674 4973 1944 5039; x_wconf 84' lang='lat' dir='ltr'><strong>abscedit,</strong></span> <span class='ocrx_word' id='word_1_765' title='bbox 1975 4980 2028 5027; x_wconf 83' lang='lat' dir='ltr'><strong>et</strong></span> <span class='ocrx_word' id='word_1_766' title='bbox 2058 4973 2159 5028; x_wconf 89' lang='lat' dir='ltr'><strong>ini-</strong></span> 
     </span>
    </p>
   </div>
   <div class='ocr_carea' id='block_1_95' title="bbox 575 5064 2158 5132">
    <p class='ocr_par' dir='ltr' id='par_1_95' title="bbox 575 5064 2158 5132">
     <span class='ocr_line' id='line_1_95' title="bbox 575 5064 2158 5132; baseline 0.003 -17"><span class='ocrx_word' id='word_1_767' title='bbox 575 5064 706 5118; x_wconf 89' lang='lat' dir='ltr'><strong>tium</strong></span> <span class='ocrx_word' id='word_1_768' title='bbox 755 5065 890 5120; x_wconf 90' lang='lat' dir='ltr'><strong>lucis</strong></span> <span class='ocrx_word' id='word_1_769' title='bbox 937 5064 1176 5130; x_wconf 87' lang='lat' dir='ltr'><strong>accedit,</strong></span> <span class='ocrx_word' id='word_1_770' title='bbox 1228 5065 1281 5118; x_wconf 90' lang='lat' dir='ltr'><strong>in</strong></span> <span class='ocrx_word' id='word_1_771' title='bbox 1329 5078 1433 5132; x_wconf 86' lang='lat' dir='ltr'><strong>qua</strong></span> <span class='ocrx_word' id='word_1_772' title='bbox 1482 5065 1601 5119; x_wconf 88' lang='lat' dir='ltr'><strong>luce</strong></span> <span class='ocrx_word' id='word_1_773' title='bbox 1628 5081 1739 5119; x_wconf 89' lang='lat' dir='ltr'><strong>non</strong></span> <span class='ocrx_word' id='word_1_774' title='bbox 1767 5080 2029 5130; x_wconf 84' lang='lat' dir='ltr'><strong>erramus,</strong></span> <span class='ocrx_word' id='word_1_775' title='bbox 2062 5065 2158 5119; x_wconf 88' lang='lat' dir='ltr'><strong>sed</strong></span> 
     </span>
    </p>
   </div>
   <div class='ocr_carea' id='block_1_96' title="bbox 572 5154 2158 5225">
    <p class='ocr_par' dir='ltr' id='par_1_96' title="bbox 572 5154 2158 5225">
     <span class='ocr_line' id='line_1_96' title="bbox 572 5154 2158 5225; baseline 0.003 -20"><span class='ocrx_word' id='word_1_776' title='bbox 572 5154 723 5219; x_wconf 85' lang='lat' dir='ltr'><strong>quasi</strong></span> <span class='ocrx_word' id='word_1_777' title='bbox 752 5156 804 5209; x_wconf 89' lang='lat' dir='ltr'><strong>in</strong></span> <span class='ocrx_word' id='word_1_778' title='bbox 834 5155 922 5209; x_wconf 88' lang='lat' dir='ltr'><strong>die</strong></span> <span class='ocrx_word' id='word_1_779' title='bbox 947 5156 1129 5225; x_wconf 84' lang='lat' dir='ltr'><strong>positi,</strong></span> <span class='ocrx_word' id='word_1_780' title='bbox 1162 5155 1379 5210; x_wconf 88' lang='lat' dir='ltr'><strong>honesti</strong></span> <span class='ocrx_word' id='word_1_781' title='bbox 1404 5155 1758 5209; x_wconf 85' lang='lat' dir='ltr'><strong>ambulamus.</strong></span> <span class='ocrx_word' id='word_1_782' title='bbox 1791 5154 1985 5209; x_wconf 84' lang='lat' dir='ltr'><strong>Notam</strong></span> <span class='ocrx_word' id='word_1_783' title='bbox 2013 5155 2158 5209; x_wconf 90' lang='lat' dir='ltr'><strong>enim</strong></span> 
     </span>
    </p>
   </div>
   <div class='ocr_carea' id='block_1_97' title="bbox 574 5242 2160 5316">
    <p class='ocr_par' dir='ltr' id='par_1_97' title="bbox 574 5242 2160 5316">
     <span class='ocr_line' id='line_1_97' title="bbox 574 5242 2160 5316; baseline 0.005 -23"><span class='ocrx_word' id='word_1_784' title='bbox 574 5242 729 5297; x_wconf 87' lang='lat' dir='ltr'><strong>nobis</strong></span> <span class='ocrx_word' id='word_1_785' title='bbox 759 5244 917 5299; x_wconf 79' lang='lat' dir='ltr'><strong>faciet</strong></span> <span class='ocrx_word' id='word_1_786' title='bbox 958 5247 1100 5302; x_wconf 83' lang='lat' dir='ltr'><strong>viam</strong></span> <span class='ocrx_word' id='word_1_787' title='bbox 1147 5261 1254 5316; x_wconf 86' lang='lat' dir='ltr'><strong>qua</strong></span> <span class='ocrx_word' id='word_1_788' title='bbox 1290 5246 1624 5302; x_wconf 84' lang='lat' dir='ltr'><strong>ambulemus</strong></span> <span class='ocrx_word' id='word_1_789' title='bbox 1670 5248 1724 5301; x_wconf 85' lang='lat' dir='ltr'><strong>in</strong></span> <span class='ocrx_word' id='word_1_790' title='bbox 1764 5246 1937 5300; x_wconf 83' lang='lat' dir='ltr'><strong>lucem</strong></span> <span class='ocrx_word' id='word_1_791' title='bbox 1960 5286 1975 5312; x_wconf 95' lang='lat'><strong>,</strong></span> <span class='ocrx_word' id='word_1_792' title='bbox 2016 5247 2062 5302; x_wconf 92' lang='lat' dir='ltr'><strong>si</strong></span> <span class='ocrx_word' id='word_1_793' title='bbox 2091 5246 2160 5301; x_wconf 91' lang='lat' dir='ltr'><strong>ad</strong></span> 
     </span>
    </p>
   </div>
   <div class='ocr_carea' id='block_1_98' title="bbox 575 5331 2158 5401">
    <p class='ocr_par' dir='ltr' id='par_1_98' title="bbox 575 5331 2158 5401">
     <span class='ocr_line' id='line_1_98' title="bbox 575 5331 2158 5401; baseline 0.005 -17"><span class='ocrx_word' id='word_1_794' title='bbox 575 5331 747 5401; x_wconf 84' lang='lat' dir='ltr'><strong>ipsum</strong></span> <span class='ocrx_word' id='word_1_795' title='bbox 792 5334 1149 5398; x_wconf 71' lang='lat' dir='ltr'><strong>levaverimus</strong></span> <span class='ocrx_word' id='word_1_796' title='bbox 1195 5338 1401 5392; x_wconf 83' lang='lat' dir='ltr'><strong>animas</strong></span> <span class='ocrx_word' id='word_1_797' title='bbox 1442 5347 1670 5393; x_wconf 81' lang='lat' dir='ltr'><strong>nostras.</strong></span> <span class='ocrx_word' id='word_1_798' title='bbox 1725 5334 1873 5392; x_wconf 89' lang='lat' dir='ltr'><strong>Sicut</strong></span> <span class='ocrx_word' id='word_1_799' title='bbox 1918 5338 2060 5392; x_wconf 89' lang='lat' dir='ltr'><strong>enim</strong></span> <span class='ocrx_word' id='word_1_800' title='bbox 2103 5338 2158 5392; x_wconf 90' lang='lat' dir='ltr'><strong>in</strong></span> 
     </span>
    </p>
   </div>
   <div class='ocr_carea' id='block_1_99' title="bbox 576 5424 2156 5499">
    <p class='ocr_par' dir='ltr' id='par_1_99' title="bbox 576 5424 2156 5499">
     <span class='ocr_line' id='line_1_99' title="bbox 576 5424 2156 5499; baseline 0.004 -23"><span class='ocrx_word' id='word_1_801' title='bbox 576 5424 809 5478; x_wconf 83' lang='lat' dir='ltr'><strong>tenebris</strong></span> <span class='ocrx_word' id='word_1_802' title='bbox 841 5425 1007 5493; x_wconf 89' lang='lat' dir='ltr'><strong>positi</strong></span> <span class='ocrx_word' id='word_1_803' title='bbox 1033 5427 1208 5483; x_wconf 85' lang='lat' dir='ltr'><strong>lucem</strong></span> <span class='ocrx_word' id='word_1_804' title='bbox 1237 5430 1501 5499; x_wconf 81' lang='lat' dir='ltr'><strong>indigent,</strong></span> <span class='ocrx_word' id='word_1_805' title='bbox 1535 5430 1608 5484; x_wconf 91' lang='lat' dir='ltr'><strong>ita</strong></span> <span class='ocrx_word' id='word_1_806' title='bbox 1636 5429 1690 5483; x_wconf 90' lang='lat' dir='ltr'><strong>in</strong></span> <span class='ocrx_word' id='word_1_807' title='bbox 1719 5429 1840 5483; x_wconf 88' lang='lat' dir='ltr'><strong>luce</strong></span> <span class='ocrx_word' id='word_1_808' title='bbox 1867 5430 2028 5497; x_wconf 88' lang='lat' dir='ltr'><strong>positi</strong></span> <span class='ocrx_word' id='word_1_809' title='bbox 2056 5428 2156 5483; x_wconf 87' lang='lat' dir='ltr'><strong>du-</strong></span> 
     </span>
    </p>
   </div>
   <div class='ocr_carea' id='block_1_100' title="bbox 573 5514 2156 5583">
    <p class='ocr_par' dir='ltr' id='par_1_100' title="bbox 573 5514 2156 5583">
     <span class='ocr_line' id='line_1_100' title="bbox 573 5514 2156 5583; baseline 0.003 -12"><span class='ocrx_word' id='word_1_810' title='bbox 573 5530 689 5571; x_wconf 86' lang='lat' dir='ltr'><strong>cem</strong></span> <span class='ocrx_word' id='word_1_811' title='bbox 718 5515 808 5583; x_wconf 89' lang='lat' dir='ltr'><strong>qui</strong></span> <span class='ocrx_word' id='word_1_812' title='bbox 839 5514 1031 5569; x_wconf 90' lang='lat' dir='ltr'><strong>liberet</strong></span> <span class='ocrx_word' id='word_1_813' title='bbox 1057 5518 1124 5571; x_wconf 91' lang='lat' dir='ltr'><strong>ab</strong></span> <span class='ocrx_word' id='word_1_814' title='bbox 1152 5533 1354 5575; x_wconf 88' lang='lat' dir='ltr'><strong>errore.</strong></span> <span class='ocrx_word' id='word_1_815' title='bbox 1413 5521 1477 5573; x_wconf 88' lang='lat' dir='ltr'><strong>Et</strong></span> <span class='ocrx_word' id='word_1_816' title='bbox 1506 5521 1627 5576; x_wconf 90' lang='lat' dir='ltr'><strong>ideo</strong></span> <span class='ocrx_word' id='word_1_817' title='bbox 1663 5519 1949 5575; x_wconf 87' lang='lat' dir='ltr'><strong>dicendum</strong></span> <span class='ocrx_word' id='word_1_818' title='bbox 1977 5527 2060 5574; x_wconf 89' lang='lat' dir='ltr'><strong>est</strong></span> <span class='ocrx_word' id='word_1_819' title='bbox 2088 5521 2156 5575; x_wconf 90' lang='lat' dir='ltr'><strong>ab</strong></span> 
     </span>
    </p>
   </div>
   <div class='ocr_carea' id='block_1_101' title="bbox 572 5604 2158 5677">
    <p class='ocr_par' dir='ltr' id='par_1_101' title="bbox 572 5604 2158 5677">
     <span class='ocr_line' id='line_1_101' title="bbox 572 5604 2158 5677; baseline 0.003 -18"><span class='ocrx_word' id='word_1_820' title='bbox 572 5606 656 5659; x_wconf 90' lang='lat' dir='ltr'><strong>his</strong></span> <span class='ocrx_word' id='word_1_821' title='bbox 690 5605 781 5675; x_wconf 90' lang='lat' dir='ltr'><strong>qui</strong></span> <span class='ocrx_word' id='word_1_822' title='bbox 819 5605 872 5658; x_wconf 90' lang='lat' dir='ltr'><strong>in</strong></span> <span class='ocrx_word' id='word_1_823' title='bbox 904 5604 1023 5658; x_wconf 87' lang='lat' dir='ltr'><strong>luce</strong></span> <span class='ocrx_word' id='word_1_824' title='bbox 1066 5613 1193 5659; x_wconf 82' lang='lat' dir='ltr'><strong>sunt</strong></span> <span class='ocrx_word' id='word_1_825' title='bbox 1226 5624 1240 5659; x_wconf 91' lang='lat'><strong>:</strong></span> <span class='ocrx_word' id='word_1_826' title='bbox 1271 5608 1463 5662; x_wconf 87' lang='lat' dir='ltr'><strong>Notam</strong></span> <span class='ocrx_word' id='word_1_827' title='bbox 1507 5609 1588 5664; x_wconf 85' lang='lat' dir='ltr'><strong>l‘ac</strong></span> <span class='ocrx_word' id='word_1_828' title='bbox 1630 5609 1758 5662; x_wconf 91' lang='lat' dir='ltr'><strong>mihi</strong></span> <span class='ocrx_word' id='word_1_829' title='bbox 1799 5609 1940 5663; x_wconf 88' lang='lat' dir='ltr'><strong>viam</strong></span> <span class='ocrx_word' id='word_1_830' title='bbox 1969 5608 2022 5663; x_wconf 88' lang='lat' dir='ltr'><strong>in</strong></span> <span class='ocrx_word' id='word_1_831' title='bbox 2052 5623 2158 5677; x_wconf 88' lang='lat' dir='ltr'><strong>qua</strong></span> 
     </span>
    </p>
   </div>
   <div class='ocr_carea' id='block_1_102' title="bbox 570 5696 2147 5767">
    <p class='ocr_par' dir='ltr' id='par_1_102' title="bbox 570 5696 2147 5767">
     <span class='ocr_line' id='line_1_102' title="bbox 570 5696 2147 5767; baseline 0.001 -14"><span class='ocrx_word' id='word_1_832' title='bbox 570 5699 874 5765; x_wconf 86' lang='lat' dir='ltr'><strong>ambulem,</strong></span> <span class='ocrx_word' id='word_1_833' title='bbox 926 5697 1182 5767; x_wconf 88' lang='lat' dir='ltr'><strong>quoniam</strong></span> <span class='ocrx_word' id='word_1_834' title='bbox 1237 5696 1304 5751; x_wconf 90' lang='lat' dir='ltr'><strong>ad</strong></span> <span class='ocrx_word' id='word_1_835' title='bbox 1349 5704 1405 5757; x_wconf 84' lang='lat' dir='ltr'><strong>te</strong></span> <span class='ocrx_word' id='word_1_836' title='bbox 1444 5700 1617 5755; x_wconf 86' lang='lat' dir='ltr'><strong>levavi</strong></span> <span class='ocrx_word' id='word_1_837' title='bbox 1667 5701 1903 5756; x_wconf 86' lang='lat' dir='ltr'><strong>animam</strong></span> <span class='ocrx_word' id='word_1_838' title='bbox 1951 5716 2147 5756; x_wconf 12' lang='lat' dir='ltr'><strong>niueam.</strong></span> 
     </span>
    </p>
   </div>
   <div class='ocr_carea' id='block_1_103' title="bbox 555 5779 2145 5862">
    <p class='ocr_par' dir='ltr' id='par_1_103' title="bbox 555 5779 2145 5862">
     <span class='ocr_line' id='line_1_103' title="bbox 555 5779 2145 5862; baseline 0.002 -17"><span class='ocrx_word' id='word_1_839' title='bbox 555 5779 731 5858; x_wconf 54' lang='grc' dir='ltr'><strong>,δι-ενδ</strong></span> <span class='ocrx_word' id='word_1_840' title='bbox 743 5796 832 5846; x_wconf 82' lang='lat' dir='ltr'><strong>me</strong></span> <span class='ocrx_word' id='word_1_841' title='bbox 847 5788 915 5847; x_wconf 88' lang='lat' dir='ltr'><strong>de</strong></span> <span class='ocrx_word' id='word_1_842' title='bbox 929 5788 1158 5847; x_wconf 72' lang='lat' dir='ltr'><strong>mimicis</strong></span> <span class='ocrx_word' id='word_1_843' title='bbox 1178 5789 1331 5858; x_wconf 58' lang='lat' dir='ltr'><strong>meis,</strong></span> <span class='ocrx_word' id='word_1_844' title='bbox 1348 5792 1602 5858; x_wconf 79' lang='lat' dir='ltr'><strong>quoniam</strong></span> <span class='ocrx_word' id='word_1_845' title='bbox 1624 5793 1691 5846; x_wconf 81' lang='lat' dir='ltr'><strong>ad</strong></span> <span class='ocrx_word' id='word_1_846' title='bbox 1707 5802 1760 5848; x_wconf 77' lang='lat' dir='ltr'><strong>te</strong></span> <span class='ocrx_word' id='word_1_847' title='bbox 1785 5792 2017 5862; x_wconf 73' lang='lat' dir='ltr'><strong>eantugi.</strong></span> <span class='ocrx_word' id='word_1_848' title='bbox 2042 5791 2145 5860; x_wconf 81' lang='lat' dir='ltr'><strong>Qui</strong></span> 
     </span>
    </p>
   </div>
   <div class='ocr_carea' id='block_1_104' title="bbox 2263 4709 3837 4780">
    <p class='ocr_par' dir='ltr' id='par_1_104' title="bbox 2263 4709 3837 4780">
     <span class='ocr_line' id='line_1_104' title="bbox 2263 4709 3837 4780; baseline -0.003 -14"><span class='ocrx_word' id='word_1_849' title='bbox 2263 4728 2378 4766; x_wconf 79' lang='lat' dir='ltr'><strong>vum</strong></span> <span class='ocrx_word' id='word_1_850' title='bbox 2423 4711 2642 4766; x_wconf 81' lang='lat' dir='ltr'><strong>cantabo</strong></span> <span class='ocrx_word' id='word_1_851' title='bbox 2688 4710 2812 4776; x_wconf 80' lang='lat' dir='ltr'><strong>tibi,</strong></span> <span class='ocrx_word' id='word_1_852' title='bbox 2875 4712 2930 4764; x_wconf 72' lang='lat' dir='ltr'><strong>in</strong></span> <span class='ocrx_word' id='word_1_853' title='bbox 2969 4709 3214 4780; x_wconf 68' lang='lat' dir='ltr'><strong>psalterio</strong></span> <span class='ocrx_word' id='word_1_854' title='bbox 3261 4709 3580 4765; x_wconf 70' lang='lat' dir='ltr'><strong>decachordo</strong></span> <span class='ocrx_word' id='word_1_855' title='bbox 3624 4709 3837 4780; x_wconf 75' lang='lat' dir='ltr'><strong>psallam</strong></span> 
     </span>
    </p>
   </div>
   <div class='ocr_carea' id='block_1_105' title="bbox 2266 4798 3913 4871">
    <p class='ocr_par' dir='ltr' id='par_1_105' title="bbox 2266 4798 3913 4871">
     <span class='ocr_line' id='line_1_105' title="bbox 2266 4798 3913 4871; baseline 0.002 -16"><span class='ocrx_word' id='word_1_856' title='bbox 2266 4800 2374 4855; x_wconf 85' lang='lat' dir='ltr'><strong>tibi.</strong></span> <span class='ocrx_word' id='word_1_857' title='bbox 2416 4799 2521 4865; x_wconf 80' lang='lat' dir='ltr'><strong>Qui</strong></span> <span class='ocrx_word' id='word_1_858' title='bbox 2541 4801 2635 4855; x_wconf 84' lang='lat' dir='ltr'><strong>das</strong></span> <span class='ocrx_word' id='word_1_859' title='bbox 2654 4801 2873 4854; x_wconf 72' lang='lat' dir='ltr'><strong>salutent</strong></span> <span class='ocrx_word' id='word_1_860' title='bbox 2898 4798 3119 4870; x_wconf 77' lang='lat' dir='ltr'><strong>regibus,</strong></span> <span class='ocrx_word' id='word_1_861' title='bbox 3150 4802 3238 4871; x_wconf 81' lang='lat' dir='ltr'><strong>qui</strong></span> <span class='ocrx_word' id='word_1_862' title='bbox 3257 4799 3520 4854; x_wconf 70' lang='lat' dir='ltr'><strong>redemisti</strong></span> <span class='ocrx_word' id='word_1_863' title='bbox 3549 4798 3716 4854; x_wconf 67' lang='lat' dir='ltr'><strong>David</strong></span> <span class='ocrx_word' id='word_1_864' title='bbox 3742 4816 3843 4854; x_wconf 80' lang='lat' dir='ltr'><strong>ser-</strong></span> <span class='ocrx_word' id='word_1_865' title='bbox 3896 4844 3913 4858; x_wconf 95' lang='lat'><strong>.</strong></span> 
     </span>
    </p>
   </div>
   <div class='ocr_carea' id='block_1_106' title="bbox 2264 4876 3845 4963">
    <p class='ocr_par' dir='ltr' id='par_1_106' title="bbox 2264 4876 3845 4963">
     <span class='ocr_line' id='line_1_106' title="bbox 2264 4876 3845 4963; baseline -0.003 -17"><span class='ocrx_word' id='word_1_866' title='bbox 2264 4908 2376 4946; x_wconf 83' lang='lat' dir='ltr'><strong>vum</strong></span> <span class='ocrx_word' id='word_1_867' title='bbox 2408 4901 2566 4957; x_wconf 82' lang='lat' dir='ltr'><strong>tuum,</strong></span> <span class='ocrx_word' id='word_1_868' title='bbox 2598 4891 2663 4945; x_wconf 78' lang='lat' dir='ltr'><strong>de</strong></span> <span class='ocrx_word' id='word_1_869' title='bbox 2688 4890 2864 4963; x_wconf 80' lang='lat' dir='ltr'><strong>gladio</strong></span> <span class='ocrx_word' id='word_1_870' title='bbox 2892 4890 3121 4962; x_wconf 80' lang='lat' dir='ltr'><strong>maligno</strong></span> <span class='ocrx_word' id='word_1_871' title='bbox 3147 4891 3286 4962; x_wconf 75' lang='lat' dir='ltr'><strong>eripe</strong></span> <span class='ocrx_word' id='word_1_872' title='bbox 3321 4906 3433 4955; x_wconf 68' lang='lat' dir='ltr'><strong>ne,</strong></span> <span class='ocrx_word' id='word_1_873' title='bbox 3463 4876 3513 4945; x_wconf 75' lang='lat' dir='ltr'><strong>et</strong></span> <span class='ocrx_word' id='word_1_874' title='bbox 3530 4906 3653 4944; x_wconf 75' lang='lat' dir='ltr'><strong>erue</strong></span> <span class='ocrx_word' id='word_1_875' title='bbox 3678 4906 3757 4943; x_wconf 85' lang='lat' dir='ltr'><strong>me</strong></span> <span class='ocrx_word' id='word_1_876' title='bbox 3784 4890 3845 4942; x_wconf 82' lang='lat' dir='ltr'><strong>de</strong></span> 
     </span>
    </p>
   </div>
   <div class='ocr_carea' id='block_1_107' title="bbox 2264 4970 3847 5053">
    <p class='ocr_par' dir='ltr' id='par_1_107' title="bbox 2264 4970 3847 5053">
     <span class='ocr_line' id='line_1_107' title="bbox 2264 4970 3847 5053; baseline 0.001 -19"><span class='ocrx_word' id='word_1_877' title='bbox 2264 4998 2423 5035; x_wconf 83' lang='lat' dir='ltr'><strong>manu</strong></span> <span class='ocrx_word' id='word_1_878' title='bbox 2452 4982 2678 5051; x_wconf 77' lang='lat' dir='ltr'><strong>ﬁliorum</strong></span> <span class='ocrx_word' id='word_1_879' title='bbox 2706 4982 3025 5045; x_wconf 80' lang='lat' dir='ltr'><strong>alienorum,</strong></span> <span class='ocrx_word' id='word_1_880' title='bbox 3068 4998 3290 5053; x_wconf 81' lang='lat' dir='ltr'><strong>quorum</strong></span> <span class='ocrx_word' id='word_1_881' title='bbox 3312 4970 3630 5036; x_wconf 59' lang='lat' dir='ltr'><strong>calceatum</strong></span> <span class='ocrx_word' id='word_1_882' title='bbox 3654 4990 3730 5036; x_wconf 83' lang='lat' dir='ltr'><strong>est</strong></span> <span class='ocrx_word' id='word_1_883' title='bbox 3758 4997 3847 5034; x_wconf 80' lang='lat' dir='ltr'><strong>va—</strong></span> 
     </span>
    </p>
   </div>
   <div class='ocr_carea' id='block_1_108' title="bbox 2262 5062 3863 5144">
    <p class='ocr_par' dir='ltr' id='par_1_108' title="bbox 2262 5062 3863 5144">
     <span class='ocr_line' id='line_1_108' title="bbox 2262 5062 3863 5144; baseline 0.002 -21"><span class='ocrx_word' id='word_1_884' title='bbox 2262 5071 2476 5124; x_wconf 79' lang='lat' dir='ltr'><strong>nitatem</strong></span> <span class='ocrx_word' id='word_1_885' title='bbox 2502 5111 2517 5135; x_wconf 96' lang='lat'><strong>,</strong></span> <span class='ocrx_word' id='word_1_886' title='bbox 2567 5080 2616 5123; x_wconf 87' lang='lat' dir='ltr'><strong>et</strong></span> <span class='ocrx_word' id='word_1_887' title='bbox 2664 5071 2876 5125; x_wconf 78' lang='lat' dir='ltr'><strong>dextera</strong></span> <span class='ocrx_word' id='word_1_888' title='bbox 2901 5062 3077 5126; x_wconf 64' lang='lat' dir='ltr'><strong>eorum</strong></span> <span class='ocrx_word' id='word_1_889' title='bbox 3104 5072 3320 5127; x_wconf 62' lang='lat' dir='ltr'><strong>dextera</strong></span> <span class='ocrx_word' id='word_1_890' title='bbox 3349 5073 3659 5144; x_wconf 72' lang='lat' dir='ltr'><strong>iniquitatis.</strong></span> <span class='ocrx_word' id='word_1_891' title='bbox 3711 5070 3863 5142; x_wconf 35' lang='lat' dir='ltr'><strong>Quoi</strong></span> 
     </span>
    </p>
   </div>
   <div class='ocr_carea' id='block_1_109' title="bbox 2263 5159 3850 5233">
    <p class='ocr_par' dir='ltr' id='par_1_109' title="bbox 2263 5159 3850 5233">
     <span class='ocr_line' id='line_1_109' title="bbox 2263 5159 3850 5233; baseline 0.001 -19"><span class='ocrx_word' id='word_1_892' title='bbox 2263 5174 2376 5214; x_wconf 83' lang='lat' dir='ltr'><strong>rum</strong></span> <span class='ocrx_word' id='word_1_893' title='bbox 2404 5159 2503 5230; x_wconf 77' lang='lat' dir='ltr'><strong>ﬁlii</strong></span> <span class='ocrx_word' id='word_1_894' title='bbox 2542 5161 2675 5213; x_wconf 75' lang='lat' dir='ltr'><strong>sicut</strong></span> <span class='ocrx_word' id='word_1_895' title='bbox 2721 5161 2934 5215; x_wconf 58' lang='lat' dir='ltr'><strong>novalia</strong></span> <span class='ocrx_word' id='word_1_896' title='bbox 2982 5162 3329 5233; x_wconf 55' lang='lat' dir='ltr'><strong>placatione:</strong></span> <span class='ocrx_word' id='word_1_897' title='bbox 3365 5164 3419 5216; x_wconf 89' lang='lat' dir='ltr'><strong>in</strong></span> <span class='ocrx_word' id='word_1_898' title='bbox 3435 5162 3708 5232; x_wconf 78' lang='lat' dir='ltr'><strong>juventute</strong></span> <span class='ocrx_word' id='word_1_899' title='bbox 3733 5179 3850 5216; x_wconf 86' lang='lat' dir='ltr'><strong>sua.</strong></span> 
     </span>
    </p>
   </div>
   <div class='ocr_carea' id='block_1_110' title="bbox 2264 5249 3854 5322">
    <p class='ocr_par' dir='ltr' id='par_1_110' title="bbox 2264 5249 3854 5322">
     <span class='ocr_line' id='line_1_110' title="bbox 2264 5249 3854 5322; baseline 0.003 -19"><span class='ocrx_word' id='word_1_900' title='bbox 2264 5249 2422 5305; x_wconf 75' lang='lat' dir='ltr'><strong>Filiae</strong></span> <span class='ocrx_word' id='word_1_901' title='bbox 2449 5267 2622 5304; x_wconf 83' lang='lat' dir='ltr'><strong>eorum</strong></span> <span class='ocrx_word' id='word_1_902' title='bbox 2664 5253 2993 5322; x_wconf 68' lang='lat' dir='ltr'><strong>compositae,</strong></span> <span class='ocrx_word' id='word_1_903' title='bbox 3044 5254 3442 5309; x_wconf 66' lang='lat' dir='ltr'><strong>circuatur-naue</strong></span> <span class='ocrx_word' id='word_1_904' title='bbox 3480 5252 3854 5308; x_wconf 69' lang='lat' dir='ltr'><strong>stt-similitudo</strong></span> 
     </span>
    </p>
   </div>
   <div class='ocr_carea' id='block_1_111' title="bbox 2263 5342 3856 5417">
    <p class='ocr_par' dir='ltr' id='par_1_111' title="bbox 2263 5342 3856 5417">
     <span class='ocr_line' id='line_1_111' title="bbox 2263 5342 3856 5417; baseline 0 -21"><span class='ocrx_word' id='word_1_905' title='bbox 2263 5344 2455 5412; x_wconf 73' lang='lat' dir='ltr'><strong>teinpli.</strong></span> <span class='ocrx_word' id='word_1_906' title='bbox 2488 5342 2859 5413; x_wconf 78' lang='lat' dir='ltr'><strong>Promptuaria</strong></span> <span class='ocrx_word' id='word_1_907' title='bbox 2892 5361 3068 5399; x_wconf 71' lang='lat' dir='ltr'><strong>eorum</strong></span> <span class='ocrx_word' id='word_1_908' title='bbox 3098 5346 3287 5417; x_wconf 81' lang='lat' dir='ltr'><strong>plena,</strong></span> <span class='ocrx_word' id='word_1_909' title='bbox 3314 5347 3607 5401; x_wconf 76' lang='lat' dir='ltr'><strong>eructantia</strong></span> <span class='ocrx_word' id='word_1_910' title='bbox 3644 5362 3711 5399; x_wconf 75' lang='lat' dir='ltr'><strong>ea:</strong></span> <span class='ocrx_word' id='word_1_911' title='bbox 3759 5347 3856 5397; x_wconf 74' lang='lat' dir='ltr'><strong>hoc</strong></span> 
     </span>
    </p>
   </div>
   <div class='ocr_carea' id='block_1_112' title="bbox 2260 5429 3856 5508">
    <p class='ocr_par' dir='ltr' id='par_1_112' title="bbox 2260 5429 3856 5508">
     <span class='ocr_line' id='line_1_112' title="bbox 2260 5429 3856 5508; baseline 0.001 -22"><span class='ocrx_word' id='word_1_912' title='bbox 2260 5434 2316 5487; x_wconf 86' lang='lat' dir='ltr'><strong>in</strong></span> <span class='ocrx_word' id='word_1_913' title='bbox 2343 5433 2493 5487; x_wconf 88' lang='lat' dir='ltr'><strong>illud.</strong></span> <span class='ocrx_word' id='word_1_914' title='bbox 2545 5429 2676 5487; x_wconf 84' lang='lat' dir='ltr'><strong>Oves</strong></span> <span class='ocrx_word' id='word_1_915' title='bbox 2696 5449 2872 5488; x_wconf 81' lang='lat' dir='ltr'><strong>eorum</strong></span> <span class='ocrx_word' id='word_1_916' title='bbox 2901 5436 3080 5505; x_wconf 65' lang='lat' dir='ltr'><strong>[etesia</strong></span> <span class='ocrx_word' id='word_1_917' title='bbox 3116 5435 3440 5490; x_wconf 76' lang='lat' dir='ltr'><strong>abundantes</strong></span> <span class='ocrx_word' id='word_1_918' title='bbox 3475 5437 3533 5490; x_wconf 78' lang='lat' dir='ltr'><strong>in</strong></span> <span class='ocrx_word' id='word_1_919' title='bbox 3563 5432 3856 5508; x_wconf 72' lang='lat' dir='ltr'><strong>egressibus</strong></span> 
     </span>
    </p>
   </div>
   <div class='ocr_carea' id='block_1_113' title="bbox 2244 5518 3857 5606">
    <p class='ocr_par' dir='ltr' id='par_1_113' title="bbox 2244 5518 3857 5606">
     <span class='ocr_line' id='line_1_113' title="bbox 2244 5518 3857 5606; baseline 0.001 -26"><span class='ocrx_word' id='word_1_920' title='bbox 2244 5528 2394 5606; x_wconf 60' lang='lat' dir='ltr'><strong>suis,</strong></span> <span class='ocrx_word' id='word_1_921' title='bbox 2428 5525 2575 5581; x_wconf 84' lang='lat' dir='ltr'><strong>boves</strong></span> <span class='ocrx_word' id='word_1_922' title='bbox 2604 5544 2778 5582; x_wconf 86' lang='lat' dir='ltr'><strong>eorum</strong></span> <span class='ocrx_word' id='word_1_923' title='bbox 2799 5544 3009 5584; x_wconf 65' lang='lat' dir='ltr'><strong>crassae.</strong></span> <span class='ocrx_word' id='word_1_924' title='bbox 3036 5527 3162 5584; x_wconf 77' lang='lat' dir='ltr'><strong>Non</strong></span> <span class='ocrx_word' id='word_1_925' title='bbox 3184 5538 3261 5584; x_wconf 79' lang='lat' dir='ltr'><strong>est</strong></span> <span class='ocrx_word' id='word_1_926' title='bbox 3288 5532 3438 5584; x_wconf 75' lang='lat' dir='ltr'><strong>ruina</strong></span> <span class='ocrx_word' id='word_1_927' title='bbox 3458 5530 3723 5593; x_wconf 65' lang='lat' dir='ltr'><strong>maceriae,</strong></span> <span class='ocrx_word' id='word_1_928' title='bbox 3765 5518 3857 5581; x_wconf 75' lang='lat' dir='ltr'><strong>ne-</strong></span> 
     </span>
    </p>
   </div>
   <div class='ocr_carea' id='block_1_114' title="bbox 2263 5620 3858 5694">
    <p class='ocr_par' dir='ltr' id='par_1_114' title="bbox 2263 5620 3858 5694">
     <span class='ocr_line' id='line_1_114' title="bbox 2263 5620 3858 5694; baseline 0.003 -23"><span class='ocrx_word' id='word_1_929' title='bbox 2263 5635 2361 5689; x_wconf 88' lang='lat' dir='ltr'><strong>que</strong></span> <span class='ocrx_word' id='word_1_930' title='bbox 2390 5620 2641 5673; x_wconf 83' lang='lat' dir='ltr'><strong>transitus</strong></span> <span class='ocrx_word' id='word_1_931' title='bbox 2670 5636 2832 5692; x_wconf 87' lang='lat' dir='ltr'><strong>neque</strong></span> <span class='ocrx_word' id='word_1_932' title='bbox 2858 5622 3056 5677; x_wconf 83' lang='lat' dir='ltr'><strong>clamor</strong></span> <span class='ocrx_word' id='word_1_933' title='bbox 3080 5624 3136 5678; x_wconf 88' lang='lat' dir='ltr'><strong>in</strong></span> <span class='ocrx_word' id='word_1_934' title='bbox 3163 5625 3348 5694; x_wconf 81' lang='lat' dir='ltr'><strong>plateis</strong></span> <span class='ocrx_word' id='word_1_935' title='bbox 3383 5640 3579 5678; x_wconf 77' lang='lat' dir='ltr'><strong>eorum.</strong></span> <span class='ocrx_word' id='word_1_936' title='bbox 3638 5622 3858 5677; x_wconf 71' lang='lat' dir='ltr'><strong>Beatum</strong></span> 
     </span>
    </p>
   </div>
   <div class='ocr_carea' id='block_1_115' title="bbox 2258 5704 3857 5789">
    <p class='ocr_par' dir='ltr' id='par_1_115' title="bbox 2258 5704 3857 5789">
     <span class='ocr_line' id='line_1_115' title="bbox 2258 5704 3857 5789; baseline 0.006 -29"><span class='ocrx_word' id='word_1_937' title='bbox 2258 5704 2505 5789; x_wconf 67' lang='lat' dir='ltr'><strong>dixerunt</strong></span> <span class='ocrx_word' id='word_1_938' title='bbox 2534 5711 2778 5780; x_wconf 83' lang='lat' dir='ltr'><strong>populum</strong></span> <span class='ocrx_word' id='word_1_939' title='bbox 2805 5716 2889 5768; x_wconf 86' lang='lat' dir='ltr'><strong>cui</strong></span> <span class='ocrx_word' id='word_1_940' title='bbox 2917 5715 3028 5771; x_wconf 69' lang='lat' dir='ltr'><strong>hare</strong></span> <span class='ocrx_word' id='word_1_941' title='bbox 3054 5725 3175 5772; x_wconf 83' lang='lat' dir='ltr'><strong>sunt</strong></span> <span class='ocrx_word' id='word_1_942' title='bbox 3193 5752 3209 5772; x_wconf 88' lang='lat'><strong>.</strong></span> <span class='ocrx_word' id='word_1_943' title='bbox 3241 5717 3419 5771; x_wconf 75' lang='lat' dir='ltr'><strong>beam</strong></span> <span class='ocrx_word' id='word_1_944' title='bbox 3448 5716 3669 5789; x_wconf 81' lang='lat' dir='ltr'><strong>populus</strong></span> <span class='ocrx_word' id='word_1_945' title='bbox 3703 5716 3857 5786; x_wconf 75' lang='lat' dir='ltr'><strong>cujus</strong></span> 
     </span>
    </p>
   </div>
   <div class='ocr_carea' id='block_1_116' title="bbox 2248 5786 2809 5870">
    <p class='ocr_par' dir='ltr' id='par_1_116' title="bbox 2248 5786 2809 5870">
     <span class='ocr_line' id='line_1_116' title="bbox 2248 5786 2809 5870; baseline 0.011 -19"><span class='ocrx_word' id='word_1_946' title='bbox 2248 5786 2503 5853; x_wconf 71' lang='lat' dir='ltr'><strong>Domitius</strong></span> <span class='ocrx_word' id='word_1_947' title='bbox 2523 5796 2665 5855; x_wconf 80' lang='lat' dir='ltr'><strong>Deus</strong></span> <span class='ocrx_word' id='word_1_948' title='bbox 2683 5801 2809 5870; x_wconf 70' lang='lat' dir='ltr'><strong>eius.</strong></span> 
     </span>
    </p>
   </div>
  </div>
