4244 6258
399 394 504 460 557

981 534 1413 578 COMMENTARIUI.

472 613 800 671 Benedictus
828 611 1083 666 Dominus
1118 609 1258 663 Deus
1287 623 1438 661 meus
1465 605 1558 677 qui
1586 604 1770 660 docuit
1795 617 1991 657 manus

403 722 557 767 meas
602 707 653 760 in
698 704 898 781 przplio.
950 700 1217 771 Tempore
1257 714 1367 768 quo
1396 697 1609 769 Moyses
1637 695 1848 751 levabat
1874 709 1991 748 ma—

406 816 508 856 nus
535 800 599 853 ail
628 797 814 861 Deum,
846 803 900 850 et
927 794 1243 848 vincebatur
1267 789 1676 865 Allophylorum
1704 787 1861 843 turba
1890 801 1989 856 pu-

405 893 708 964 gnantimn;
740 902 966 956 cumque
995 901 1087 940 eas
1114 883 1485 954 deposuisset,
1525 880 1649 935 victi
1677 878 1983 934 vincebant.

348 1036 351 1039 γ
391 983 594 1038 'Docuit
623 995 749 1049 ergo
773 994 962 1034 manus
984 985 1202 1033 nostras
1228 975 1283 1029 in
1311 974 1516 1044 prtelio,
1547 989 1657 1027 non
1680 970 1861 1035 armis,
1893 968 1987 1025 sed

399 1077 644 1147 precibus
692 1081 1042 1144 pugnaturos.
1094 1068 1286 1125 Docuit
1336 1067 1499 1147 etiam
1547 1065 1741 1134 digitos
1776 1072 1990 1118 nostros

396 1168 463 1221 ad
492 1168 708 1231 bellum,
744 1174 802 1221 ut
825 1165 952 1219 dum
982 1164 1181 1218 bellum
1212 1162 1327 1216 sive
1357 1158 1676 1224 visibilium,
1707 1157 1820 1212 sive
1854 1156 1988 1211 invi-

391 1258 629 1313 sibilium
678 1257 1010 1312 senserimus
1038 1254 1314 1331 hostium)
1369 1264 1470 1305 nos
1506 1249 1685 1318 digitis
1718 1262 2017 1331 armemus.

386 1349 627 1406 frontem
685 1349 963 1419 triumpho
1003 1346 1204 1412 crucis,
1255 1321 1310 1399 ei
1342 1342 1516 1399 securi
1552 1341 1731 1396 animo
1767 1339 1987 1394 dimice-

384 1458 531 1506 mus,
564 1442 808 1497 dicentes
834 1440 1065 1495 Domino
1092 1457 1104 1491 :
1136 1437 1213 1491 Tu
1242 1434 1608 1490 misericordia
1636 1448 1775 1498 mea,
1809 1440 1865 1486 tu
1894 1446 1985 1487 re-

386 1534 595 1604 fugium
626 1548 827 1599 meum,
862 1541 918 1588 tu
947 1537 1229 1600 susceptor
1252 1543 1422 1591 meus,
1447 1533 1504 1579 tu
1524 1525 1781 1580 liberator
1807 1538 1985 1590 meus,

389 1635 447 1681 tu
478 1627 621 1681 enim
660 1626 861 1681 subdes
901 1622 1132 1695 populos
1160 1620 1346 1676 subtus
1372 1633 1477 1672 me.
1534 1615 1790 1671 lnlestum
1822 1630 1987 1686 popu-

388 1721 501 1775 lum
544 1718 931 1787 cogitationum
980 1714 1244 1768 malarum
1294 1711 1661 1778 insurgentem
1702 1720 1868 1776 super
1896 1719 1984 1760 me

388 1809 586 1865 subdes
612 1808 800 1863 subtus
838 1821 943 1859 me.
1024 1801 1094 1858 Ut
1132 1801 1257 1872 quid
1300 1808 1480 1854 autem
1518 1806 1847 1853 memoratur
1884 1812 1983 1866 pu-

389 2000 628 2049 az‘ternus
655 1993 994 2046 innotescere
1025 1985 1254 2042 voluerit
1282 1982 1522 2050 homini,
1566 1981 1610 2035 si
1642 1981 1805 2034 homo
1836 1978 1985 2032 vani-

282 2076 295 2094 ’
394 2087 492 2140 tati
531 2084 721 2138 similis
743 2083 915 2136 factus
938 2078 1298 2134 est?Moritur
1318 2076 1482 2139 enim,
1507 2081 1563 2129 et
1588 2073 1704 2129 dies
1730 2071 1847 2142 ejus
1877 2071 1984 2127 sic-

393 2188 456 2234 ut
486 2178 672 2233 umbra
715 2181 1068 2248 praetereunt.
1109 2172 1246 2239 Quid
1275 2185 1403 2239 ergo
1448 2169 1556 2232 lex,
1596 2167 1722 2237 quid
1753 2165 1981 2221 commi-

394 2270 549 2325 natio
575 2267 966 2339 peccatoribus,
998 2264 1123 2334 quid
1150 2270 1327 2317 terror
1356 2257 1644 2316 incredulis
1662 2298 1675 2322 ,
1709 2257 1754 2311 si
1775 2270 1981 2329 pauco-

394 2378 515 2417 rum
538 2362 742 2416 dierum
765 2359 871 2412 vita
894 2354 1049 2411 linem
1075 2355 1360 2424 accipiens,
1385 2349 1633 2406 effectum
1656 2349 1738 2404 sui
1759 2347 1984 2402 ulterius

390 2470 501 2509 non
524 2451 775 2508 habebit?
808 2448 933 2504 Haec
959 2447 1181 2503 audiens
1210 2444 1488 2516 apostolus
1513 2440 1712 2496 Paulus
1740 2440 1984 2510 increpat

388 2545 573 2601 dicens
604 2562 617 2596 :
650 2524 720 2598 iSi
748 2544 801 2595 in
832 2541 930 2594 hac
958 2541 1060 2593 vita
1092 2547 1286 2592 tantum
1315 2544 1582 2608 sperantes
1610 2548 1803 2595 sumus,
1835 2531 1984 2584 mise-

385 2635 659 2692 rabiliores
705 2650 879 2688 sumus
929 2630 1163 2686 omnibus
1212 2628 1505 2685 hominibus
1545 2625 1586 2697 (ἰ
1609 2624 1726 2679 Cor.
1756 2623 1870 2692 xv).
1912 2621 1980 2676 Et

382 2730 507 2785 ideo
536 2728 777 2800 psalmus
804 2738 1043 2796 praesens
1071 2722 1195 2775 audi
1214 2719 1342 2788 quid
1372 2717 1589 2773 sentiat.
1619 2715 1782 2783 Quasi
1803 2714 1977 2769 dicat:

382 2821 655 2890 Quoniam
689 2819 854 2875 vitam
874 2824 1133 2871 mternam
1162 2828 1281 2868 esse
1308 2810 1558 2866 homines
1578 2807 1854 2879 prophetis
1879 2806 1983 2861 tuis

376 2900 945 2984 pmdicatoribusque
976 2921 1083 2961 non
1107 2904 1362 2968 credunt,
1395 2910 1453 2955 tu
1499 2901 1612 2970 ipse
1639 2907 1807 2970 perte
1835 2897 1985 2952 incli-

377 3021 448 3059 na
475 3004 653 3059 omlos
684 3010 839 3066 tuos,
867 3006 924 3053 et
952 2995 1240 3052 descende.
1279 2992 1567 3050 lnclinavit
1586 2999 1767 3045 autem
1790 2989 1977 3055 caelos,

373 3093 638 3168 quando?
662 3093 790 3148 Cum
816 3093 871 3147 in
896 3093 1063 3164 {anna
1093 3087 1191 3142 Dei
1208 3096 1360 3150 esset,
1383 3092 1611 3156 essetque
1631 3083 1844 3155 (aqualis
1868 3081 1980 3137 Deo

371 3186 552 3253 Patri,
580 3185 867 3239 exinanivit
890 3183 1134 3252 seipsum,
1150 3178 1373 3252 formam
1393 3178 1525 3232 servi
1536 3175 1818 3246 suscipiens
1834 3172 1981 3246 (Plii-

373 3280 466 3350 lip.
505 3277 569 3348 ιι)
599 3295 611 3329 :
660 3275 938 3331 inclinavit
964 3273 1134 3327 caelos
1158 3310 1171 3335 ,

376 3370 696 3444 imperatori
723 3369 888 3423 :Dum
921 3375 973 3421 te
999 3374 1057 3421 tu
1082 3364 1352 3430 humilius,
1382 3361 1609 3417 incliuas
1634 3375 1815 3417 omne-
1832 3359 1976 3430 pala-

376 3440 532 3519 tium.
565 3462 849 3518 lnclinavit
869 3473 998 3526 ergo
1025 3456 1212 3522 caelos,
1238 3462 1295 3510 et
1316 3455 1616 3520 descendit,
1642 3462 1702 3509 ut
1730 3440 1977 3521 tangeret

375 3566 616 3620 montes,
639 3562 700 3610 ut
728 3551 1069 3619 furnig'arent.
1108 3546 1370 3602 Montium
1398 3546 1575 3600 fumus
1606 3545 1776 3601 nubes
1805 3551 1972 3610 creat,

376 3661 513 3717 quas
542 3646 846 3717 producens
886 3642 1028 3696 Deus
1053 3640 1122 3695 de
1152 3637 1418 3693 thesauris
1447 3637 1558 3692 suis
1585 3636 1759 3691 fundit
1788 3636 1841 3690 in
1873 3643 1977 3689 ter-

377 3756 495 3795 ram
520 3780 537 3805 ,
574 3748 630 3793 ut
670 3748 813 3793 terra
862 3733 1105 3807 proferat
1148 3745 1311 3787 omne
1338 3728 1606 3786 fructuum
1650 3742 1837 3797 genus,
1867 3742 1975 3796 quo

378 3831 734 3888 esurientium
777 3842 1006 3898 corpora
1058 3824 1383 3879 nutriantur.
1444 3820 1580 3876 Cum
1626 3817 1977 3883 descenderet

380 3921 527 3977 Deus
554 3923 609 3976 in
634 3919 881 3985 Christo,
919 3927 976 3971 ut
1002 3915 1252 3972 mundum
1290 3914 1589 3971 conciliaret
1628 3913 1725 3967 sibi
1758 3911 1822 3985 (ll
1853 3910 1973 3968 Cor.

380 4014 462 4086 v),
516 4016 693 4084 tetigit
737 4020 948 4067 montes
996 4018 1051 4067 et
1096 4009 1338 4078 fumigati
1388 4017 1540 4075 sunt;
1580 4008 1631 4063 id
1659 4016 1771 4074 est,
1804 4007 1977 4075 tetigit

384 4109 667 4180 apostolos
690 4123 850 4173 suos,
880 4116 937 4162 et
961 4107 1162 4162 tomum
1190 4105 1410 4161 nubium
1438 4103 1812 4179 reddiderunt,
1840 4113 1976 4170 quo-

383 4216 508 4257 rum
532 4210 681 4257 tanta
722 4200 821 4256 fuit
854 4200 1098 4255 imbrium
1137 4200 1317 4270 pluvia
1339 4239 1355 4265 ,
1396 4206 1455 4254 ut
1484 4198 1539 4252 in
1571 4205 1684 4252 toto
1711 4196 1845 4251 orbe
1874 4203 1977 4249 ter-

382 4308 572 4351 rarum
634 4308 788 4348 vena:
841 4290 1069 4346 latinum
1126 4291 1481 4361 replerentur,
1552 4288 1745 4357 quibus
1813 4300 1977 4341 omne

382 4389 698 4443 ablueretur
742 4386 986 4455 facinus,
1037 4392 1093 4440 et
1138 4385 1411 4439 lavaretur
1458 4397 1622 4438 omne
1668 4388 1969 4451 peccatum.

383 4480 587 4536 Verum
614 4480 707 4550 qui
739 4479 808 4534 ad
836 4494 960 4534 eum
989 4478 1274 4549 pervenire
1303 4491 1402 4532 nos
1446 4474 1698 4545 prohibet
1725 4473 1976 4543 princeps

356 4572 550 4643 hujus
598 4572 801 4639 mundi,
825 4587 947 4627 cum
997 4571 1273 4642 spiritibus
1316 4569 1426 4624 suis
1475 4566 1859 4622 etbominibus
1882 4564 1974 4633 qui

1217 3278 1276 3325 ut
1318 3268 1363 3341 si
1404 3269 1580 3331 dicas,
1612 3266 1763 3323 verbi
1791 3280 1973 3333 causa,
2004 3275 2052 3340 α

1310 395 1778 455 COMMENTARII
1814 394 1881 450 ΙΝ
1918 393 2248 452 PSALMOS.
2289 395 2482 453 PSAL.
2524 399 2742 459 CXLIV.
3313 414 3322 422 ‘
3574 410 3682 471 εδδ

2017 517 2063 574 Α
2095 520 2275 569 autem
2299 529 2395 570 eos
2423 514 2560 570 alius
2587 516 2799 581 liberat,
2826 517 2927 572 nisi
2948 517 3093 574 idem
3124 519 3282 587 Deus,
3312 521 3404 591 qui
3432 522 3680 583 liberavit

2093 604 2260 689 David
2291 622 2503 663 servum
2526 609 2720 664 suum?
2759 608 2912 667 Hunc
2951 612 3092 666 enim
3127 613 3483 685 eumdemque
3508 617 3677 675 Deum

2092 696 2331 753 Marcion
2374 706 2562 767 negat,
2604 699 2852 757 similiter
2892 699 3134 773 Apelles,
3162 712 3217 765 et
3246 704 3593 777 Valentinus,
3620 717 3677 766 et

2092 786 2439 846 Manichaeus.
2486 788 2736 847 [nﬁdeles
2769 801 2825 848 et
2852 794 3060 861 miseri,
3090 794 3214 850 dum
3245 797 3436 853 nolunt
3461 799 3530 855 ab
3555 801 3672 871 ipso

2091 881 2319 938 Domino
2344 882 2595 951 liberari,
2643 884 2698 940 in
2725 900 2983 943 aeternum
3005 887 3246 943 damnari
3272 908 3379 945 non
3404 900 3668 960 metuunt,
3760 930 3780 949 ,-

2090 972 2336 1040 aquibus
2378 988 2479 1028 nos
2525 976 2639 1045 ipse
2678 976 2771 1046 qui
2809 977 3060 1033 liberavit
3099 979 3267 1035 David
3312 981 3429 1051 ipse
3457 982 3665 1043 liberet.

2091 1062 2225 1129 Quia
2247 1080 2308 1119 os
2330 1080 2516 1121 eorum
2537 1067 2777 1138 loquitur
2804 1071 3117 1136 vanitatem,
3148 1062 3221 1137 et,
3252 1079 3310 1127 ut
3336 1088 3495 1143 supra
3533 1074 3668 1131 dixi-

2053 1160 2224 1222 'mus,
2253 1157 2477 1213 dextera
2508 1174 2697 1214 eorum
2741 1160 2961 1216 dextera
3014 1162 3327 1232 iniquitatis.
3387 1163 3498 1221 Hos
3540 1179 3660 1222 sane

2089 1251 2280 1306 asserit
2305 1251 2451 1321 loqui
2476 1253 2772 1310 vanitatem
2806 1254 2859 1308 in
2890 1254 2994 1310 hoc
3027 1250 3168 1321 loco,
3202 1256 3292 1327 qui
3318 1258 3661 1314 servientium

2087 1340 2200 1396 Deo
2246 1338 2620 1414 paupertatem
2668 1343 2893 1399 ridicule
2928 1344 3236 1411 abutuntur,
3272 1346 3512 1401 dicentes
3545 1365 3556 1399 :
3599 1346 3668 1402 Ut

2086 1435 2213 1507 quid
2237 1436 2413 1491 inedia
2441 1434 2687 1491 laborant
2708 1437 2950 1491 colentes
2975 1436 3300 1491 Dominum?
3321 1435 3388 1491 Et
3408 1438 3532 1507 quid
3558 1440 3666 1508 opi-

2083 1527 2185 1582 bus
2226 1526 2451 1582 aﬂluunt
2487 1528 2931 1583 contemnentes?
2976 1527 3232 1596 Ignorant
3274 1528 3535 1582 medicum
3585 1529 3668 1584 his

2084 1618 2481 1689 parcimoniam
2527 1617 2793 1690 imperare
2837 1626 2892 1672 et
2933 1618 3324 1673 continentiam
3353 1619 3663 1689 praecipere,

2084 1713 2141 1768 in
2169 1710 2363 1782 quibus
2404 1710 2633 1765 salutem
2676 1726 2937 1765 venarum
2964 1710 3199 1765 motibus
3241 1710 3664 1781 deprehendunt.

2085 1804 2235 1872 Quos
2260 1820 2391 1861 vero
2416 1804 2709 1860 morituros
2736 1812 3053 1874 agnoscunt,
3088 1804 3270 1859 sinunt
3292 1803 3401 1860 suis
3422 1805 3668 1861 omnibus

283 1946 288 1950 .
388 1901 589 1970 gnam?
617 1899 743 1970 quid
766 1896 1040 1969 praelium?
1077 1893 1206 1963 quid
1231 1891 1468 1947 bellum?
1488 1889 1615 1959 quid
1635 1896 1811 1942 autem
1841 1887 1982 1941 Deus
2013 1898 2059 1958 Β
2085 1895 2541 1953 delectationibus
2567 1894 2891 1951 consentire.
2934 1893 3102 1962 Quale
3124 1903 3205 1950 est
3234 1902 3292 1950 ut
3318 1894 3385 1950 de
3410 1896 3494 1950 his
3523 1896 3669 1951 dicas

2086 1990 2214 2060 quia
2242 1989 2349 2047 laeti
2369 1999 2498 2045 sunt
2522 1990 2575 2043 in
2606 1987 2728 2043 liliis
2749 1986 2991 2055 fortibus,
3024 1995 3079 2043 et
3105 1986 3313 2043 ﬁliabus
3345 1980 3583 2057 ornatis,
3606 2005 3670 2046 ac

2086 2082 2154 2138 de
2171 2072 2558 2154 promptuariis
2585 2083 2759 2154 plenis
2783 2121 2797 2146 ,
2837 2081 2905 2137 de
2933 2080 3121 2137 fetosis
3148 2082 3363 2148 ovibus,
3407 2081 3474 2137 de
3498 2082 3670 2138 bobus

2086 2173 2303 2231 crassis.
2337 2172 2443 2241 Qui
2482 2190 2603 2230 cum
2634 2173 2819 2230 omnia
2848 2172 3163 2245 temporalia
3201 2173 3456 2240 habeant,
3482 2173 3667 2229 Domi-

2085 2282 2216 2324 num
2241 2276 2422 2324 tamen
2460 2268 2552 2338 qui
2600 2275 2684 2323 est
2724 2275 2959 2322 aeternus
2997 2283 3105 2321 non
3135 2276 3443 2323 mereantur
3468 2267 3668 2324 habere

2086 2356 2399 2427 propitium.
2441 2355 2651 2429 Quique
2678 2372 2800 2412 cum
2835 2356 3144 2427 acceperint
3169 2356 3328 2413 linem
3359 2359 3669 2429 temporalis

2086 2448 2314 2513 laetitke,
2360 2455 2579 2504 aeternae
2609 2448 2836 2505 tristitiae
2873 2463 3063 2519 prenas
3094 2459 3393 2505 assumunt.
3433 2449 3667 2507 Econtra

2085 2539 2141 2595 hi
2168 2546 2306 2610 quos
2345 2539 2495 2596 vides
2536 2540 2782 2609 lugentes
2828 2548 2882 2596 et
2925 2538 3144 2607 ﬂentes,
3195 2547 3253 2596 et
3277 2542 3334 2595 in
3354 2541 3450 2597 Dci
3472 2542 3667 2598 timore

2085 2633 2410 2688 constitutos
2429 2640 2669 2701 egentes,
2693 2646 2816 2688 cum
2842 2630 3002 2687 linem
3032 2631 3258 2688 lecerint
3276 2631 3457 2699 ﬂendi,
3481 2634 3670 2692 aeterni

2085 2738 2180 2779 eos
2225 2723 2405 2794 gaudii
2453 2724 2677 2794 suscipit
2719 2721 2941 2779 fructus.
3003 2722 3195 2779 Dicant
3242 2737 3371 2793 ergo
3410 2724 3669 2785 increduli

2083 2815 2302 2877 beatum
2330 2815 2592 2886 populum
2613 2814 2902 2871 habentem
2925 2814 3144 2885 copiose
3164 2829 3283 2884 quae
3307 2815 3491 2871 mundi
3512 2824 3666 2883 sunt;
3735 2845 3741 2849 -

2084 2925 2186 2967 nos
2214 2919 2395 2966 autem
2436 2909 2580 2965 hanc
2602 2907 2800 2964 .solum
2842 2908 3099 2979 populum
3146 2909 3362 2964 beatum
3406 2909 3666 2977 dicamus,

2083 3000 2237 3070 cujus
2255 3010 2338 3058 est
2357 3000 2625 3057 “Dominus
2650 3000 2794 3057 Deus
2830 2999 2950 3071 ejus
2996 3000 3053 3056 in
3092 3001 3284 3058 saecula
3329 3002 3665 3073 mulorum.

2083 3089 2274 3147 Amen.

2574 3160 2890 3219 PSALMUS
2943 3160 3172 3219 CXLIV.

2546 3255 2658 3312 Lau
2666 3257 2814 3314 datio
2859 3259 2964 3331 ipsi
3016 3257 3202 3316 David.

2152 3368 2417 3427 Exaltabo
2438 3379 2508 3437 te,
2549 3367 2691 3426 Deus
2728 3386 2871 3427 meus
2900 3361 3014 3438 rex,
3054 3379 3105 3426 et
3123 3371 3427 3428 .benedicam
3471 3374 3667 3431 notitiai

2081 3464 2253 3518 tuoin
2279 3464 2545 3531 socculum,
2580 3473 2633 3519 et
2673 3466 2729 3518 in
2768 3465 3013 3521 clnculum
3048 3464 3242 3519 saeculi.
3288 3463 3395 3518 Per
3439 3465 3667 3535 singulos

2082 3553 2191 3608 dies
2218 3555 2513 3615 benedicens
2554 3553 2663 3619 tibi,
2712 3562 2764 3607 et
2791 3554 3011 3607 laudabo
3034 3569 3218 3606 nomen
3245 3561 3384 3605 tuum
3417 3552 3471 3605 in
3498 3568 3664 3608 secu—

2080 3644 2185 3701 lum
2216 3655 2267 3700 et
2288 3647 2338 3699 in
2364 3646 2609 3701 saeculum
2637 3644 2832 3698 saeculi.
2864 3643 3087 3712 Magnus
3116 3640 3372 3696 Dominus
3399 3648 3449 3695 et
3478 3641 3664 3695 lauda~

2081 3736 2197 3792 bilis
2225 3741 2400 3803 nimis,
2422 3746 2471 3792 et
2490 3736 2863 3808 magnitudinis
2892 3734 3004 3803 ejus
3035 3749 3138 3787 non
3164 3742 3244 3788 est
3269 3732 3412 3803 ﬁnis.
3445 3730 3667 3788 Genera-

2080 3832 2152 3886 tio
2171 3842 2220 3887 et
2239 3832 2500 3904 generatio
2529 3825 2762 3883 laudabit
2789 3842 2945 3896 opera
2985 3834 3091 3891 tua,
3127 3835 3176 3879 et
3216 3826 3497 3896 potentiam
3526 3834 3665 3879 tuam

2079 3920 2504 3996 pronuntiabunt.
2536 3917 2983 3990 Magniﬁcentiam
3029 3916 3212 3988 gloriae
3246 3916 3534 3973 sanctitatis
3564 3923 3665 3972 tua:

2081 4016 2370 4089 loquatur,
2391 4023 2442 4069 et
2466 4010 2730 4070 mirabilia
2752 4018 2841 4065 tua
2868 4007 3173 4065 narrabant.
3197 4007 3267 4062 Et
3302 4009 3537 4065 virtutem
3558 4019 3661 4063 ter-

2078 4107 2306 4164 ribilium
2331 4116 2535 4167 tuorum
2560 4105 2751 4171 dicent,
2780 4110 2831 4159 et
2848 4101 3259 4174 magnitudinem
3304 4108 3443 4155 tuam
3480 4117 3663 4157 narra-
3726 4149 3735 4157 .

2079 4199 2222 4257 bunt.
2251 4199 2560 4257 Memoriam
2580 4197 2916 4253 abundantiae
2931 4195 3201 4251 suauitatis
3222 4202 3321 4249 tua:
3339 4191 3661 4260 eructabunt,

2079 4300 2128 4347 et
2143 4292 2348 4362 judicia
2375 4301 2463 4347 tua
2484 4288 2835 4348 exsultabant.
2854 4288 3139 4345 lliserator
3163 4295 3215 4343 et
3240 4287 3531 4343 misericors
3557 4285 3664 4341 Do-

2066 4385 2268 4449 .minus,
2303 4386 2504 4455 patiens
2535 4392 2587 4439 et
2611 4383 2827 4439 multum
2852 4382 3162 4439 misericors.
3200 4378 3385 4435 Suavis
3410 4377 3665 4437 Dominus

2079 4474 2328 4529 uniuersis
2355 4482 2406 4528 α
2429 4476 2787 4529 miserationes
2806 4473 2926 4544 ejus
2959 4484 3112 4544 super
3132 4470 3312 4528 omnia
3338 4486 3496 4542 opera
3531 4469 3664 4541 ejus.

2082 4563 2440 4631 Conﬁteantur
2466 4563 2579 4630 tibi,
2606 4564 2850 4631 Domine,
2882 4566 3057 4620 onmia
3089 4580 3247 4636 opera
3275 4572 3383 4629 tua,
3426 4571 3475 4617 et
3499 4562 3667 4617 sancti

382 4668 577 4723 colunt
601 4681 756 4732 eam,
786 4673 845 4719 tu
880 4665 1035 4719 mitte
1077 4662 1300 4732 sagittas
1341 4669 1459 4715 tuas
1497 4668 1687 4714 contra
1739 4672 1889 4721 eum,
1921 4663 1978 4711 et
2002 4654 2486 4721 Dtuibenedieant
2523 4654 2633 4709 tibi.
2691 4652 2926 4710 Gloriam
2953 4656 3100 4724 regni
3144 4654 3218 4709 tui
3259 4652 3447 4718 dicent,
3483 4661 3533 4705 et
3570 4668 3666 4721 po-

379 4760 552 4816 libera
582 4775 671 4814 me
698 4760 766 4813 de
793 4758 950 4829 aquis
972 4757 1177 4823 multis,
1221 4764 1280 4811 ut
1320 4769 1427 4809 uno
1465 4750 1614 4807 fonte
1639 4748 1978 4819 baptismatis

378 4850 545 4906 fruar.
594 4850 789 4905 Libera
829 4864 919 4905 me
960 4850 1036 4904 de
1078 4864 1241 4903 manu
1282 4844 1716 4916 Allophylurum,
1748 4857 1975 4910 quorum

381 4957 439 4997 os
462 4944 707 5012 loquitur
726 4942 1048 5006 vanitatem,
1079 4948 1135 4995 et
1153 4940 1373 4995 dextera
1397 4942 1585 4993 earum
1613 4950 1721 4991 non
1743 4943 1826 4989 est
1843 4934 1974 4989 dex-

379 5041 495 5088 tera
519 5034 761 5103 pietatis,
790 5048 911 5101 qua:
932 5034 1185 5115 vestitum
1215 5029 1480 5101 exspoliat
1498 5069 1513 5094 ,
1543 5035 1598 5082 et
1619 5027 1733 5081 sive
1762 5034 1973 5096 tempo-

378 5127 604 5192 ralibus,
647 5127 782 5192 sive,
813 5125 959 5194 quod
989 5131 1073 5179 est
1103 5123 1366 5186 acerbius,
1408 5120 1628 5176 internis
1654 5120 1849 5189 opibus
1874 5134 1968 5172 nu~

379 5220 491 5274 dat.
534 5219 745 5289 Quibus
777 5219 903 5273 dum
929 5235 1017 5274 me
1056 5217 1387 5280 liberaveris,
1412 5216 1603 5285 inquit,
1627 5214 1880 5278 Domine,
1920 5213 1975 5267 in

379 5314 595 5367 cantico
638 5328 779 5367 novo
830 5312 1064 5367 cantabo
1112 5310 1231 5375 tibi,
1258 5309 1317 5363 id
1348 5316 1450 5373 est,
1483 5309 1536 5361 in
1577 5307 1816 5362 novitate
1855 5306 1978 5359 vita:

380 5406 685 5460 ambulans.
746 5405 803 5459 In
843 5406 1103 5475 psalterio
1158 5404 1344 5459 decem
1391 5401 1719 5475 chordarum
1750 5399 1974 5470 psallam

379 5497 497 5562 tibi,
530 5498 720 5552 decem
756 5505 1025 5568 praecepta
1052 5498 1186 5565 legis
1223 5495 1550 5565 suscipiens,
1580 5503 1635 5547 et
1655 5493 1840 5548 decem
1870 5493 1979 5562 pla-

379 5589 463 5657 gis
485 5587 785 5661 IEgyptum
826 5604 1139 5659 percussam
1187 5587 1433 5656 fugiens:
1465 5584 1690 5655 psallam
1726 5584 1849 5650 tibi,
1883 5583 1978 5637 tibi

379 5682 632 5751 psallam,
677 5683 771 5754 qui
819 5682 916 5738 das
966 5682 1194 5737 salutem
1238 5680 1489 5750 regibus,
1524 5678 1575 5732 id
1602 5684 1721 5742 est,
1764 5675 1855 5745 qui
1887 5675 1980 5729 das

376 5780 644 5829 aeternam
666 5775 829 5831 vitam
858 5774 1158 5829 victoribus
1187 5773 1461 5827 vitiorum.
1504 5769 1647 5835 Quia
1688 5770 1721 5821 ii
1755 5782 1883 5821 vere
1904 5780 1983 5821 re-

375 5862 472 5935 ges
512 5866 670 5935 sunt,
714 5862 813 5937 qui
842 5862 1135 5936 participes
1168 5860 1323 5934 regni
1368 5858 1463 5915 Dei
1502 5858 1808 5914 creduntur.
1851 5854 1983 5922 Quis

2082 4748 2296 4802 tentiam
2313 4756 2452 4802 tuam
2472 4746 2759 4819 loquentur.
2780 4743 2848 4800 Ut
2863 4752 3040 4800 notam
3055 4746 3251 4816 faciant
3264 4744 3389 4815 ﬁliis
3405 4744 3666 4801 hominum

2079 4840 2363 4911 potentiam
2403 4819 2646 4901 tuam,'et
2685 4836 2905 4910 gloriam
2941 4836 3338 4911 magniﬁcentita
3378 4835 3521 4904 regni
3571 4834 3663 4887 tui.

2082 4929 2319 5004 Regnum
2340 4940 2479 4984 tuum
2506 4946 2723 5001 regnum
2751 4930 2979 4983 omnium
3008 4910 3333 4989 sucularum,
3354 4933 3403 4976 et
3429 4922 3665 4973 domina~

2081 5027 2152 5081 tio
2175 5032 2265 5079 tua
2292 5026 2347 5079 in
2376 5025 2516 5078 omni
2537 5024 2869 5095 generatione
2887 5028 2937 5074 et
2964 5018 3311 5091 generatione.
3335 5009 3532 5063 Fidelis
3560 5006 3665 5062 Do-

2081 5121 2253 5174 minus
2292 5119 2349 5172 in
2396 5117 2630 5171 omnibus
2673 5114 2839 5169 verbis
2881 5112 3008 5174 suis,
3035 5118 3087 5163 et
3108 5112 3316 5160 senem
3342 5102 3398 5154 in
3431 5098 3666 5154 omnibus

2082 5210 2320 5283 operibus
2346 5212 2472 5265 suis.
2497 5209 2701 5275 Altevat
2727 5206 2982 5260 Dominus
3009 5213 3182 5254 omnes
3209 5195 3295 5266 qui
3323 5201 3588 5259 corruunt,
3619 5202 3666 5250 et

2082 5303 2235 5375 erigit
2263 5319 2437 5357 omnes
2464 5301 2639 5356 elisos.
2665 5295 2819 5351 Oculi
2836 5293 3065 5349 omnium
3084 5290 3142 5343 in
3160 5297 3214 5342 te
3232 5296 3462 5359 sperant,
3485 5283 3668 5342 Domi~

2084 5410 2168 5459 ne,
2214 5402 2265 5448 et
2315 5403 2369 5447 tu
2416 5392 2510 5446 das
2554 5404 2727 5446 escam
2752 5385 2963 5440 illorum
2986 5383 3042 5436 in
3089 5389 3315 5452 tempore
3356 5388 3663 5452 opportuno.

2083 5488 2269 5558 Aperis
2298 5496 2352 5539 tu
2378 5500 2590 5541 manum
2620 5491 2778 5543 tuam,
2809 5486 2860 5531 et
2896 5474 3077 5547 imples
3106 5472 3257 5530 omne
3283 5474 3479 5529 animat
3521 5471 3665 5526 bene-

2087 5580 2327 5634 dictione.
2356 5576 2540 5631 Justus
2565 5572 2818 5625 Dominus
2843 5570 2899 5624 in
2926 5566 3162 5625 omnibus
3186 5568 3284 5623 uiis
3311 5568 3435 5631 suis,
3460 5574 3509 5617 et
3538 5578 3667 5616 satis

2088 5680 2200 5724 ctus
2226 5671 2283 5723 in
2303 5663 2540 5723 omnibus
2566 5659 2805 5732 operibus
2825 5660 2953 5716 suis.
2980 5659 3155 5732 Prope
3176 5666 3253 5713 est
3280 5653 3534 5709 Dominus
3554 5663 3667 5702 om-

2089 5761 2239 5815 nibus
2278 5753 2634 5813 invocantibus
2663 5769 2799 5819 eum,
2841 5750 3075 5808 omnibus
3094 5744 3448 5808 invomntibus
3476 5756 3592 5795 eum
3617 5740 3667 5793 in

2090 5852 2320 5909 veritate.
2362 5846 2693 5904 Voluntatem
2730 5844 3021 5903 timentium
3049 5840 3305 5915 sexfaciet,
3331 5843 3380 5894 et
3422 5834 3642 5907 (tepuere

2942 5972 3065 5985 -δοκ
