4244 6258
503 468 609 526 559
624 419 629 423 1

1814 456 2079 512 ARNOBll
2115 456 2415 513 JUNlORlS

3654 443 3763 504 560

504 584 693 634 tionem
722 595 897 632 eorum
935 573 1176 628 exaudiet
1211 580 1259 622 et
1299 569 1465 622 salvas
1513 569 1665 637 faciet
1709 583 1812 618 eos.
1847 565 2077 620 Custodit
2107 576 2152 628 Α
2181 566 2537 620 esurientibus.
2562 565 2813 620 Dominus
2841 565 2990 618 solvit
3011 564 3342 636 compeditos,
3366 560 3617 618 Dominus
3641 562 3764 614 illu-

502 671 756 725 Dominus
786 682 958 723 omnes
988 664 1254 734 diligentes
1283 677 1354 722 se,
1373 667 1420 712 et
1447 675 1620 712 omnes
1649 667 1937 727 peccatores
1967 657 2076 711 dis-

2180 660 2548 719 minatcazcos,
2596 657 2847 711 Dominus
2889 657 3039 726 erigit
3079 657 3255 720 elisos,
3290 654 3548 707 Dominus
3592 653 3762 724 diligit

502 761 696 827 perdet.
749 742 1118 810 Laudationem
1155 751 1366 805 Domini
1420 749 1650 820 loquetur
1703 763 1758 800 os
1791 764 1986 813 meum,
2029 757 2079 801 et
2170 748 2363 817 justas,
2395 749 2643 802 Dominus
2669 748 2891 801 custodit
2922 747 3164 808 advenas,
3198 745 3448 815 pupillum
3475 752 3526 798 et
3556 744 3762 797 viduam

506 850 764 904 benedicat
802 847 966 902 omnis
996 860 1118 898 caro
1156 841 1351 896 nomini
1388 849 1568 893 sancto
1607 838 1720 908 ejus
1749 838 1804 890 in
1832 839 2078 892 saculum

437 934 443 941 ’
496 952 545 997 et
573 944 626 997 in
657 939 902 996 saculum
927 936 1123 992 saeculi.

1072 1017 1506 1060 COMMENTARIUII.

575 1122 852 1181 Exaltatur
880 1119 1020 1174 Deus
1047 1117 1115 1171 ab
1143 1115 1380 1178 homine,
1415 1111 1629 1183 quando
1657 1108 1912 1181 Spiritum
1951 1125 2080 1163 san-

505 1222 675 1274 ctum,
716 1225 876 1278 quem
914 1209 967 1262 in
1005 1222 1064 1262 se
1103 1221 1200 1277 per
1238 1194 1703 1260 consecrationem
1745 1186 2082 1269 baptismatis

502 1303 642 1358 sacri
669 1301 902 1370 suscepit
931 1315 1036 1354 non
1065 1297 1292 1352 terrenis
1319 1303 1374 1350 et
1401 1293 1710 1348 humillimis
1737 1289 2079 1359 cogitationi—

504 1398 604 1450 bus
633 1394 906 1456 humiliat;
937 1391 1030 1445 sed
1059 1405 1181 1444 eum
1209 1386 1514 1456 caelestibus
1535 1383 1812 1438 desideriis
1831 1390 1886 1436 et
1905 1380 2084 1435 excel-

505 1489 578 1542 sis
605 1493 823 1549 exaltat,
856 1483 928 1536 ita
957 1491 1015 1535 ut
1042 1495 1138 1549 per
1174 1478 1410 1546 singulos
1446 1476 1558 1530 dies
1584 1473 1869 1528 benedicat
1897 1470 2080 1524 Domi-

506 1594 653 1643 num,
696 1583 750 1630 et
785 1573 936 1644 quasi
975 1572 1066 1641 qui
1089 1555 1274 1639 inu’per
1314 1563 1670 1638 inchoaverit,
1707 1562 1823 1616 sine
1868 1559 2082 1614 fastidio

419 1655 422 1660 ’
505 1669 704 1726 serviat
728 1667 822 1729 illi,
851 1665 936 1720 cui
963 1661 1238 1732 generatio
1271 1666 1325 1713 et
1350 1656 1624 1726 generatio
1654 1651 1959 1717 conﬁtetur,
1989 1665 2089 1732 ge-Y

507 1759 715 1815 neratio
767 1755 1074 1810 Judteorum
1123 1760 1180 1805 et
1226 1748 1500 1817 generatio
1554 1745 1811 1814 gentium.
1852 1742 1909 1796 ιη
1965 1743 2084 1809 lege

505 1848 680 1920 Moysi
707 1854 762 1902 et
789 1844 1177 1916 prophetarum
1205 1840 1312 1903 illa,
1345 1838 1448 1893 ista
1488 1836 1541 1890 in
1577 1833 1989 1902 Evangeliorum
2028 1839 2083 1885 et

2178 843 2438 911 suscipiet,
2482 851 2530 894 et
2558 843 2667 894 vias
2695 849 3021 911 peccatorum
3051 837 3323 906 disperdat.
3366 835 3618 906 Regnavit
3655 833 3759 888 Do-

2179 933 2349 985 minus
2375 933 2429 984 in
2465 932 2675 997 saecula,
2715 929 2855 984 Deus
2895 938 3032 993 tuus,
3075 928 3226 992 Sion,
3259 928 3314 979 in
3347 928 3681 997 generatione
3720 936 3767 977 ct

2181 1022 2579 1092 generationem.

2748 1103 3181 1144 COMMENTARIUI.

2251 1201 2458 1255 Laudat
2486 1202 2662 1255 anima
2691 1209 2874 1255 nostra
2895 1200 3199 1261 Dominum,
3231 1198 3448 1267 quando
3473 1213 3638 1268 opera
3667 1213 3760 1251 no-

2182 1302 2290 1348 stra
2331 1294 2383 1347 in
2413 1293 2506 1346 Dei
2535 1293 2776 1347 laudibus
2805 1300 3141 1347 exementur.
3179 1289 3245 1342 Et
3273 1289 3551 1343 laudamus
3585 1288 3765 1342 Domi-

2182 1399 2307 1438 num
2336 1384 2390 1437 in
2421 1385 2526 1436 vita
2555 1391 2759 1449 nostra,
2798 1382 2849 1438 id
2877 1391 2978 1447 est,
3012 1383 3063 1435 in
3095 1381 3332 1434 moribus
3360 1380 3576 1434 nostris.
3609 1376 3758 1432 Psal-

2178 1475 2354 1529 lamus
2375 1488 2502 1542 ergo
2518 1473 2628 1527 Deo
2650 1481 2837 1528 nostro
2855 1473 3091 1541 quandiu
3113 1472 3167 1525 in
3190 1471 3292 1525 isto
3313 1484 3536 1538 corpore
3557 1484 3758 1534 sumus,

2182 1581 2290 1620 non
2318 1565 2650 1620 conﬁdentes
2679 1565 2731 1618 in
2757 1563 3062 1618 hominibus
3089 1562 3179 1631 qui
3206 1561 3366 1615 hodie
3394 1560 3750 1620 dominantur,

2183 1666 2238 1711 et
2269 1673 2388 1714 cras
2427 1657 2778 1726 sepeliuntur,
2807 1656 2931 1724 quia
2961 1655 3103 1708 exiet
3131 1653 3199 1707 ab
3227 1653 3306 1707 eis
3343 1652 3578 1720 spiritus,
3609 1658 3666 1704 et
3706 1649 3761 1704 hi

2184 1742 2522 1826 revertentur
2552 1748 2605 1802 in
2646 1755 2845 1800 terram
2877 1745 2943 1799 de
2970 1760 3075 1814 qua
3097 1742 3354 1812 assumpti
3382 1750 3526 1803 sunt,
3559 1756 3624 1794 ex
3654 1740 3763 1808 ipsa

2183 1839 2269 1893 die
2298 1847 2522 1908 pereunt
2549 1838 2902 1905 cogitationes
2922 1851 3127 1890 eorum.
3160 1835 3269 1888 Illae
3297 1834 3501 1903 utique,
3526 1847 3646 1900 quin
3673 1846 3764 1906 eos

508 1938 875 2011 apostolorum
913 1933 1157 1989 doctrina
1202 1931 1453 1984 virtutem
1501 1925 1816 1982 terribilium
1865 1931 2082 1977 tuorum
2113 1928 2161 1988 B
2187 1944 2293 1983 non
2321 1928 2570 1982 sinebant
2588 1927 2884 1996 quiescere,
2913 1941 3169 1989 emamus,
3193 1924 3506 1988 vendamus,
3539 1921 3764 1976 fabrice-

507 2031 708 2094 dicent,
760 2035 818 2081 ut
855 2032 1039 2079 notam
1077 2021 1274 2077 faciant
1317 2019 1437 2072 ﬁliis
1477 2016 1751 2071 hominum
1787 2013 2084 2083 potentiam

508 2133 654 2180 tuam
688 2137 700 2171 :
734 2116 1076 2172 ostendentes
1103 2113 1230 2182 quia
1269 2125 1491 2179 regnum
1518 2118 1687 2171 tuum,
1721 2106 1966 2170 Domine,
1996 2119 2086 2158 re-

509 2227 672 2276 gnum
701 2210 769 2264 sit
795 2208 1032 2264 omnium
1060 2203 1406 2266 smculorum;
1437 2207 1491 2254 et
1519 2199 1592 2253 ita
1625 2198 1694 2252 sit
1719 2195 2012 2251 dominatio
2032 2195 2088 2248 in

514 2301 658 2356 omni
685 2299 1029 2369 generatione
1055 2305 1109 2351 et
1136 2293 1409 2364 progenie,
1440 2299 1502 2345 ut
1527 2305 1635 2345 non
1667 2289 1738 2342 sit
1757 2301 1886 2357 gens
1913 2300 2089 2354 neque

514 2405 756 2460 regnum,
785 2389 839 2443 in
859 2403 964 2456 quo
988 2401 1096 2440 non
1125 2393 1248 2438 tuus
1276 2383 1415 2436 tilius
1441 2379 1779 2450 praedicetur.
1806 2376 2003 2432 Fidelis
2030 2391 2091 2430 es

513 2481 676 2544 enim,
710 2479 950 2542 Domine,
979 2478 1031 2530 in
1060 2475 1237 2530 verbis
1267 2473 1370 2526 tuis
1397 2472 1588 2541 quibus
1615 2468 1908 2540 promisisti
1935 2467 2089 2521 datu-

515 2587 633 2626 rum
664 2578 715 2624 te
754 2568 908 2623 nobis
935 2568 1026 2636 qui
1069 2565 1325 2619 allevaret
1351 2577 1539 2618 omnes
1565 2561 1659 2632 qui
1701 2568 1863 2614 ruunt
1891 2558 1943 2612 in
1990 2558 2094 2613 hoc

515 2661 734 2727 mundo,
757 2669 813 2716 et
833 2660 923 2727 qui
943 2659 1172 2727 erigeret
1198 2671 1383 2711 omnes
1405 2671 1541 2723 quos
1568 2654 1804 2708 alliserat
1824 2651 2090 2706 inimicus.

515 2753 665 2808 Oculi
695 2751 837 2806 enim
865 2749 1103 2804 omnium
1132 2745 1460 2802 credentium
1488 2733 1708 2814 sperant
1731 2743 1785 2796 in
1815 2750 1888 2807 te,
1911 2741 2094 2795 Domi-

517 2859 604 2898 ne.
647 2842 751 2913 Spe
777 2842 915 2895 enim
952 2840 1078 2892 salvi
1108 2839 1232 2909 facti
1258 2846 1376 2891 sunt
1407 2835 1582 2907 (Rom.
1613 2835 1750 2903 vm),
1779 2833 1973 2901 quibus
2000 2830 2095 2886 de-

517 2933 642 2988 disti
668 2946 846 2986 escam
874 2930 929 2983 in
958 2937 1201 2998 tempore
1238 2935 1563 2998 opportuno,
1593 2924 1810 2994 quando
1839 2921 2096 2993 aperuisti

517 3033 709 3074 manus
736 3029 858 3074 tuas
886 3019 939 3072 in
967 3032 1142 3073 cruce.
1161 3017 1242 3071 Tu
1261 3017 1542 3086 suscepisti
1570 3015 1972 3070 maledictiones
1998 3029 2097 3068 no-

521 3119 680 3176 stras,
711 3118 766 3165 et
793 3109 949 3164 nobis
984 3107 1176 3164 dedisti
1222 3108 1626 3165 henedictiones
1653 3115 1793 3171 tuas,
1824 3105 2098 3175 proximus

527 3213 588 3254 es
609 3200 749 3254 enim
778 3201 1040 3255 omnibus.
1073 3199 1349 3262 Omnibus,
1372 3198 1609 3265 inquam,
1641 3203 1696 3250 te
1724 3194 2099 3249 invocantibus

2187 2035 2328 2084 mus,
2357 2034 2669 2088 pugnemus.
2705 2017 2828 2073 Hice
2855 2026 2909 2072 et
2938 2018 3019 2072 his
3047 2017 3238 2070 similia
3264 2015 3648 2084 cogitationum
3677 2029 3764 2082 ge-

2189 2127 2340 2175 nera,
2372 2111 2551 2166 subito
2579 2118 2852 2164 momento
2873 2125 2979 2163 uno
3009 2117 3254 2178 pereunt.
3278 2106 3475 2161 Beatus
3504 2121 3633 2175 ergo
3665 2115 3764 2170 est,

2189 2203 2281 2272 qui
2302 2203 2404 2257 sibi
2431 2217 2577 2271 spem
2606 2201 2758 2271 ponit
2799 2201 2850 2254 in
2879 2199 3105 2254 Domino
3148 2199 3258 2253 Deo
3285 2198 3377 2267 qui
3414 2196 3542 2254 fecit
3577 2198 3766 2253 civium

2191 2304 2247 2350 et
2274 2303 2491 2358 terram,
2533 2307 2681 2347 mare
2707 2300 2763 2346 et
2790 2291 2967 2346 omnia
2993 2305 3112 2360 qurc
3141 2291 3194 2343 in
3227 2290 3306 2343 eis
3355 2297 3498 2343 sunt.
3527 2287 3768 2344 Custodit

2191 2387 2336 2441 enim
2375 2386 2657 2439 veritatem
2698 2384 2751 2437 in
2793 2382 3017 2445 macula;
3051 2390 3293 2451 tempore
3328 2396 3437 2449 quo
3478 2395 3537 2434 se
3583 2388 3768 2448 putant

2191 2476 2406 2532 fallaces
2425 2477 2639 2530 vincere
2667 2489 2762 2543 per
2790 2472 3144 2536 mendacium,
3167 2470 3256 2526 ille
3280 2472 3554 2525 veritatem
3582 2478 3762 2524 custo-

2191 2569 2289 2633 dit,
2322 2578 2382 2623 ut
2409 2567 2569 2622 faciat
2592 2566 2848 2634 judicium
2872 2565 3065 2635 quibus
3093 2579 3201 2617 non
3240 2564 3294 2616 in
3324 2562 3424 2616 isto
3456 2561 3646 2617 sicculo
3665 2574 3765 2614 nec

2195 2660 2249 2713 in
2285 2658 2464 2713 futuro
2491 2657 2632 2727 perit
2652 2655 2852 2710 veritas
2891 2670 2921 2708 a
2950 2645 3080 2709 Deo.
3130 2653 3256 2707 Ideo
3284 2651 3425 2707 enim
3449 2659 3502 2706 et
3535 2650 3768 2718 iudicem

2194 2765 2317 2804 eum
2337 2747 2600 2803 credimus
2621 2760 2741 2800 esse
2761 2750 3059 2807 venturum,
3075 2743 3199 2811 quia
3214 2742 3449 2798 custodit
3468 2741 3770 2801 veritatem,

2197 2848 2256 2892 ut
2286 2838 2447 2893 faciat
2466 2845 2593 2890 tunc
2609 2834 2864 2904 judicium
2888 2833 3135 2902 injuriam
3157 2831 3500 2902 patientibus.
3515 2831 3616 2897 Qui
3636 2844 3773 2885 nunc

2195 2930 2288 2986 dat
2326 2943 2503 2984 escam
2532 2925 2907 2989 esurientibus,
2947 2924 3061 2994 ipse
3099 2923 3256 2991 erigit
3281 2938 3378 2993 per
3403 2936 3462 2976 se
3490 2921 3652 2976 elisos
3681 2936 3772 2989 per

2197 3020 2388 3081 Adam,
2420 3027 2475 3073 et
2502 3032 2598 3086 per
2621 3016 2870 3072 eumdem
2895 3013 3231 3084 compeditos
3249 3014 3497 3068 exsolvit.
3531 3013 3648 3082 Ipse
3672 3027 3774 3066 ca:—

2198 3124 2291 3164 cos
2320 3107 2605 3170 illuminat,
2646 3107 2761 3176 ipse
2785 3105 2964 3173 dirigit
2987 3104 3183 3174 justas,
3211 3104 3326 3174 ipse
3353 3103 3586 3158 custodit
3618 3102 3774 3156 adve-

2201 3217 2316 3256 nas.
2347 3201 2459 3256 Hos
2494 3201 2678 3268 utique
2706 3199 2796 3268 qui
2830 3214 2888 3253 se
2934 3197 3245 3268 peregrinos
3281 3196 3335 3249 in
3374 3195 3481 3250 hoc
3520 3195 3773 3249 exhibent

530 3293 584 3346 in
619 3289 862 3353 veritate,
894 3289 946 3342 id
973 3298 1075 3352 est,
1104 3289 1196 3356 qui
1233 3295 1284 3341 te
1339 3288 1393 3340 in
1440 3285 1668 3339 Domino
1715 3292 1900 3339 nostro
1944 3281 2096 3336 Jesu-

2206 3292 2417 3356 mundo,
2454 3299 2509 3345 et
2539 3297 2758 3360 propter
2785 3302 2947 3358 quam
2974 3295 3100 3343 sunt
3118 3286 3292 3341 renati
3317 3286 3548 3356 patriam
3579 3300 3774 3339 concu-

526 3379 740 3436 Christo
761 3379 1028 3434 invocant.
1052 3377 1171 3446 lpse
1192 3385 1274 3431 est
1293 3377 1436 3430 enim
1456 3375 1669 3438 veritas,
1695 3381 1750 3428 et
1769 3373 2096 3428 voluntatem

2206 3382 2434 3452 piscunt.
2465 3379 2774 3450 Orphanum
2803 3380 2945 3434 enim
2985 3377 3266 3452 custodiet,
3299 3377 3387 3445 qui
3436 3392 3535 3446 pro
3563 3375 3776 3431 nomine

526 3485 636 3526 non
665 3468 1121 3525 contemnentium
1167 3476 1222 3521 te
1262 3465 1442 3530 facies,
1485 3473 1540 3520 et
1579 3465 1877 3520 orationem
1914 3476 2101 3517 eorum
2203 3473 2300 3529 Dei
2330 3481 2581 3543 parentes
2608 3487 2717 3527 sua:
2743 3471 2943 3527 deseri;
2969 3471 3160 3526 carnis.
3192 3468 3258 3522 Ει
3287 3469 3460 3539 ipsum
3487 3469 3774 3530 diabolum,

527 3560 798 3625 exaudies,
845 3559 896 3612 in
937 3557 1130 3628 quibus
1170 3563 1225 3612 te
1264 3571 1362 3625 pro
1407 3555 1569 3610 rebus
1608 3553 1824 3608 internis
1851 3559 2096 3607 exorant.

528 3652 772 3709 Custodit
805 3650 1080 3714 Dominus,
1120 3649 1310 3718 inquit,
1358 3661 1545 3702 omnes
1583 3646 1676 3715 qui
1704 3645 1929 3715 diligunt
1955 3659 2096 3699 eum.

527 3743 816 3799 Videamus
843 3743 933 3811 qui
961 3749 1085 3796 sunt
1110 3741 1203 3809 qui
1227 3741 1454 3808 diligunt
1485 3754 1641 3804 eum;
1666 3739 1840 3808 ipsum
1867 3739 2096 3792 interro-

529 3844 732 3904 gemus,
763 3835 877 3905 ipse
912 3834 1054 3889 dicat
1080 3833 1172 3902 qui
1199 3833 1306 3887 sint
1331 3832 1611 3900 diligentes
1638 3843 1779 3885 eum.
1813 3829 2103 3884 Audiamus

529 3942 652 3984 eum
676 3927 969 3983 dicentem:
987 3923 1085 3989 Qui
1107 3925 1252 3979 audit
1275 3925 1424 3978 verba
1446 3940 1578 3987 mea,
1604 3931 1651 3976 et
1674 3923 1800 3993 facit
1821 3937 1900 3985 ea,
1930 3921 2009 3972 hic
2028 3928 2107 3972 est

530 4021 615 4091 qui
646 4019 815 4091 diligit
835 4034 914 4072 me
937 4013 1149 4087 (Matth.
1174 4033 1282 4081 vn;
1311 4015 1468 4069 Jaan.
1493 4013 1640 4083 xiv);
1671 4014 1763 4081 qui
1785 4020 1963 4065 autem
1993 4025 2102 4063 non

491 4143 503 4158 .
529 4107 733 4164 faciunt
760 4121 843 4173 ea,
875 4122 1061 4162 omnes
1095 4113 1409 4174 peccatores
1436 4104 1536 4157 hos
1563 4117 1594 4154 a
1623 4116 1682 4156 se
1708 4100 1915 4169 rejiciet
1942 4106 2104 4168 atque

531 4197 820 4268 disperdet.
841 4194 1077 4252 Laudem
1097 4209 1226 4263 ergo
1246 4193 1456 4250 Domini
1478 4193 1727 4261 loquatur
1751 4207 1812 4246 os
1839 4199 2100 4258 nostrum,

531 4288 806 4344 discedant
827 4288 893 4342 ab
921 4302 988 4343 eo
1012 4287 1274 4341 universa:
1292 4285 1671 4340 detractiones.
1697 4281 1774 4337 Ea
1803 4299 1922 4354 quae
1946 4283 2102 4338 novi-

531 4394 650 4434 mus
677 4381 732 4434 in
759 4379 1011 4433 fratribus
1056 4375 1319 4431 laudanda
1368 4388 1747 4429 memoremus.
1803 4373 1950 4430 Alios
2002 4374 2106 4430 sibi

529 4474 700 4526 testes
727 4467 1001 4520 inveniant
1027 4465 1202 4518 aliena
1229 4470 1449 4532 peccata
1491 4479 1504 4515 :
1536 4478 1636 4518 nos
1684 4463 1853 4518 nostri
1882 4479 2103 4518 accusa-

531 4564 698 4622 tores,
750 4556 1025 4622 nostrique
1065 4559 1272 4607 tantum
1319 4552 1710 4621 vituperatores
1737 4553 1933 4618 eﬂ'ecti,
1963 4569 2104 4609 sem-

2201 3567 2294 3636 qui
2335 3571 2418 3620 est
2456 3565 2543 3620 via
2582 3571 2946 3633 peccatorum,
2991 3560 3369 3616 exterminabit
3418 3560 3530 3628 ipse
3569 3559 3658 3628 qui
3696 3568 3774 3613 cst

2203 3657 2344 3712 Deus
2366 3666 2506 3720 tuus,
2529 3654 2678 3710 Sion.
2703 3654 2842 3709 Deus
2861 3653 3042 3720 utique
3057 3651 3306 3707 Ecclesia:
3325 3649 3616 3714 catholicm,
3644 3665 3776 3703 unus

2205 3752 2258 3805 in
2289 3749 2567 3813 Trinitate,
2598 3748 2768 3802 trinus
2816 3747 2868 3800 in
2909 3745 3130 3808 unitate,
3162 3744 3252 3812 qui
3290 3749 3473 3810 regnat
3500 3742 3551 3794 in
3582 3739 3772 3794 stccula

2208 3840 2537 3899 seculorum.
2572 3837 2760 3891 Amen.

2695 3924 3007 3980 PSALMUS
3056 3923 3278 3979 CXLVI.

2877 4015 3124 4070 Alleluia.

2277 4107 2512 4162 Laudate
2530 4107 2824 4172 Dominum,
2843 4109 3082 4177 quoniam
3105 4105 3262 4160 bonus
3285 4114 3360 4158 est
3385 4104 3639 4174 psalmus;
3668 4102 3776 4158 Deo

2205 4206 2381 4251 nostra
2409 4198 2476 4250 sit
2496 4196 2727 4267 jucunda
2754 4196 3032 4268 decoraque
3071 4195 3320 4248 laudatio.
3369 4193 3666 4263 AEdiﬁcans
3684 4193 3776 4248 Je-

2206 4288 2426 4342 rusalem
2447 4285 2718 4352 Dominus,
2751 4287 3090 4357 dispersiones
3123 4283 3290 4338 Israel
3309 4282 3650 4355 congregabit.
3677 4281 3776 4347 Qui

2206 4388 2357 4434 sanat
2377 4380 2622 4433 contritas
2643 4379 2812 4443 corde,
2836 4387 2885 4431 et
2913 4377 3095 4447 alligat
3115 4377 3447 4446 cantrjtiones
3465 4391 3659 4428 eorum.
3681 4374 3776 4440 Qui

2206 4480 2441 4523 numerat
2458 4469 2832 4522 multitudinem
2852 4469 3136 4531 stellarum,
3158 4477 3204 4520 et
3226 4465 3461 4520 omnibus
3479 4467 3553 4519 eis
3576 4466 3778 4518 nomina

2205 4575 2412 4613 vocans.
2441 4558 2666 4630 Magnus
2689 4557 2936 4612 Dominus
2961 4566 3151 4622 noster,
3175 4566 3226 4609 et
3250 4573 3437 4627 magna
3465 4558 3620 4610 virtus
3648 4557 3778 4626 ejus,

532 4663 630 4721 per
676 4648 730 4702 in
775 4645 871 4700 Dei
921 4645 1166 4700 laudibus
1215 4652 1376 4714 atque
1417 4645 1476 4699 in
1511 4645 1606 4699 Dei
1646 4646 2104 4701 benedictionibus
2129 4651 2184 4712 Β
2205 4660 2254 4705 et
2281 4652 2550 4719 sapientia:
2576 4651 2686 4720 ejus
2716 4665 2817 4704 non
2841 4659 2915 4703 est
2943 4665 3196 4702 numerus.
3225 4648 3521 4718 Suscipiens
3540 4664 3778 4701 mansue-

533 4752 874 4810 occupemur,
905 4744 1123 4806 agentes
1149 4735 1199 4791 ei
1235 4735 1435 4804 gratias
1462 4736 1518 4790 in
1545 4737 1736 4793 saecula
1764 4737 2100 4793 saeculorum.

534 4829 722 4884 Amen.

1033 4895 1348 4952 PSALMUS
1383 4895 1588 4952 CXLV.

1201 4987 1443 5044 Alleluia.

600 5099 804 5167 Lauda,
843 5103 1019 5156 anima
1052 5115 1186 5163 mea,
1229 5098 1535 5164 Dominum;
1577 5101 1798 5154 laudabo
1831 5099 2103 5156 Dominum

532 5206 585 5244 in
613 5193 713 5244 vita
739 5208 883 5256 mea;
911 5193 1132 5261 psallam
1161 5190 1267 5246 Deo
1306 5208 1416 5245 mea
1453 5191 1680 5262 quandiu
1723 5193 1885 5262 fuero.
1927 5190 2106 5246 Nolite

531 5276 785 5346 conlidere
803 5281 858 5330 in
877 5280 1210 5351 principibus,
1233 5296 1394 5351 neque
1414 5281 1467 5333 in
1489 5281 1613 5348 ﬁliis
1635 5279 1897 5333 hominum
1923 5280 1977 5333 in
1997 5281 2104 5350 qui-

531 5364 622 5418 bus
646 5380 750 5418 non
775 5373 852 5417 est
876 5367 1034 5420 salus.
1065 5367 1248 5421 Exibit
1286 5369 1496 5439 spiritus
1525 5367 1638 5438 ejus
1666 5376 1716 5421 et
1743 5377 2024 5422 revertetur.
2045 5370 2101 5422 in

531 5465 723 5510 terram
762 5469 928 5520 suam,
958 5456 1014 5508 in
1042 5457 1132 5510 illa
1161 5458 1243 5511 die
1281 5457 1516 5528 peribunt
1557 5475 1730 5514 omnes
1769 5461 2100 5530 cogitationes

529 5561 722 5600 eorum.
749 5543 936 5599 Beatus
959 5545 1102 5614 cujus
1124 5545 1260 5601 Deus
1277 5548 1440 5604 Iacob
1462 5551 1669 5621 adjutor
1694 5551 1824 5622 ejus,
1855 5567 1971 5621 spes
1991 5552 2101 5621 ejus

530 5639 584 5690 in
611 5635 835 5691 Domino
861 5635 970 5690 Deo
997 5635 1177 5706 ipsius,
1201 5639 1287 5709 qui
1307 5641 1427 5710 fixit
1451 5642 1629 5712 cazlum
1656 5651 1704 5696 et
1727 5652 1937 5711 terram,
1960 5658 2105 5696 mare

531 5735 577 5778 et
600 5729 772 5781 omnia
799 5743 912 5798 qua:
929 5728 983 5780 in
1011 5727 1084 5781 eis
1109 5738 1246 5782 sunt.
1270 5729 1367 5793 Qui
1393 5734 1611 5786 custodit
1639 5735 1898 5787 veritatem
1924 5734 1978 5787 in
1999 5749 2101 5788 sae-

530 5814 717 5879 culum,
748 5817 1137 5887 facitjudicium
1173 5817 1422 5889 injuriam
1451 5821 1783 5889 patientibus,
1811 5825 1902 5879 dat
1927 5841 2102 5881 escam

2206 4751 2285 4796 tas
2326 4741 2592 4806 Dominus,
2638 4741 2916 4794 humilians
2958 4750 3125 4792 autem
3172 4749 3462 4808 peccatores
3512 4755 3670 4810 usque
3709 4738 3810 4790 ad.

2207 4840 2414 4885 terram.
2441 4831 2718 4886 Prwciuite
2745 4829 2967 4884 Domino
2995 4831 3048 4882 in
3073 4831 3411 4899 confessione,
3441 4828 3646 4898 psallite
3678 4827 3780 4881 Deo

2208 4932 2384 4976 nostra
2410 4923 2466 4976 in
2493 4923 2710 4976 cithara.
2760 4922 2858 4986 Qui
2897 4924 3060 4992 operit
3087 4921 3268 4975 caelum
3295 4919 3509 4974 nubibus
3554 4930 3603 4973 et
3633 4930 3780 4990 parnt

2210 5023 2360 5066 terra:
2401 5013 2642 5084 pluviam.
2691 5013 2789 5077 Qui
2829 5013 3062 5082 producit
3103 5013 3157 5064 in
3199 5011 3454 5064 montibus
3492 5012 3686 5082 fenum,
3737 5021 3781 5062 rt

2211 5101 2420 5156 herbam
2438 5103 2665 5156 servituti
2693 5103 2972 5156 hominum.
3011 5102 3110 5168 Qui
3132 5101 3223 5154 dat
3234 5102 3482 5174 jumentis
3510 5116 3680 5154 escam
3707 5101 3782 5168 ip-

2208 5208 2384 5246 sorum
2419 5201 2469 5246 et
2498 5193 2651 5262 pullis
2697 5209 2962 5247 corvorum
3008 5191 3360 5248 invocantibus
3399 5208 3530 5246 eum.
3566 5189 3686 5245 Non
3732 5194 3781 5242 in

2210 5283 2510 5355 fortitudine
2536 5286 2647 5356 equi
2673 5285 2984 5338 voluntatem
3011 5284 3232 5350 habebit,
3261 5301 3419 5355 neque
3441 5286 3495 5338 in
3524 5283 3659 5338 tibiis
3691 5285 3783 5336 viri

2208 5373 2574 5445 beneplacitum
2601 5377 2698 5428 erit
2724 5376 2790 5429 ei.
2821 5374 3202 5447 Beneplacitum
3245 5385 3322 5429 est
3367 5374 3591 5428 Domino
3634 5391 3783 5442 super

2209 5469 2440 5521 timentes
2461 5483 2597 5534 eum,
2625 5477 2676 5521 et
2706 5469 2761 5522 in
2788 5469 2860 5522 eis
2889 5470 2975 5540 qui
3012 5477 3222 5539 sperant
3248 5484 3401 5538 super
3427 5466 3782 5521 misericordia

2205 5572 2334 5625 sjus.

2775 5645 3207 5684 COMIENTARIUI.

2277 5735 2574 5792 Laudemus
2602 5739 2886 5794 Dominum
2914 5742 3169 5812 quoniam
3197 5743 3370 5798 bonus
3411 5750 3493 5796 est
3521 5742 3774 5810 psalmus.

2204 5828 2447 5886 Psalmus
2479 5829 2651 5887 bonus
2676 5839 2759 5887 est
2784 5832 2841 5891 in
2859 5848 2966 5908 quo
2993 5834 3105 5890 Deo
3131 5845 3316 5892 nostro
3346 5835 3414 5890 sit
3436 5833 3772 5902 jucundatio.
