4244 6258
517 356 623 411 565

1862 347 2134 405 ARNOBII
2173 347 2474 406 JUNIORIS

3705 314 3815 403 56s

516 472 694 527 lanter
731 480 847 537 age,
876 474 933 522 et
972 478 1080 521 non
1108 462 1462 526 calumniose,
1499 470 1555 517 et
1585 461 1707 517 vide
1743 463 1973 531 gratiam
2002 461 2098 518 Dei
2128 467 2178 525 Α
2202 463 2387 518 venire
2416 475 2523 517 non
2559 475 2749 532 posse;
2783 461 2853 515 ita
2898 459 2950 515 in
2998 475 3092 516 eos
3119 461 3464 521 dilectionem
3507 480 3566 520 se
3606 464 3809 521 habere

515 562 827 632 generalem
876 572 1040 629 super
1084 568 1247 612 omne
1291 556 1575 629 hominum
1629 554 1853 612 eﬂ'usam
1906 568 2099 624 genus.

513 652 721 708 Omnes
758 650 1027 706 antecedit
1082 650 1255 718 gratia
1304 647 1590 719 multiplici
1643 648 1894 716 largitate
1937 647 2103 703 ditiu-

518 760 592 800 sa.
642 738 929 798 Descendit
965 740 1034 796 de
1077 740 1225 796 calo
1263 740 1415 795 Deus
1446 740 1669 795 hom'ne
1703 752 1817 794 non
1860 739 2100 795 volente.

518 834 707 890 Docuit
757 833 1009 903 exemplo
1061 839 1119 889 et
1168 832 1357 899 verba,
1410 831 1631 888 homine
1686 846 1797 887 non
1851 839 2097 900 rogante.

513 925 676 993 Signa
742 926 909 979 multa
971 932 1028 980 et
1089 924 1317 980 virtutes
1382 924 1448 978 ad
1512 937 1575 978 se
1643 922 2103 981 manifestandum

513 1018 782 1083 exercuit,
838 1018 1061 1073 homine
1110 1017 1273 1071 etiam
1328 1016 1667 1087 prohibente.
1719 1014 2103 1071 Mortalitatem

513 1122 753 1169 nostram
795 1113 1051 1181 suscepit,
1096 1111 1317 1165 homine
1358 1110 1672 1178 ignorante;
1727 1108 1941 1174 irrisus,
1975 1123 2101 1164 cru-

513 1204 718 1271 ciﬁxus,
764 1205 905 1259 inter
950 1203 1248 1259 homicidas
1297 1201 1869 1272 mortuus,,sepultus,
1910 1215 2104 1259 resur-

512 1294 669 1363 rexit,
704 1306 758 1352 et
806 1297 860 1351 in
903 1296 1070 1352 caelos
1099 1294 1358 1351 ascendit.
1385 1294 1510 1350 Haec
1549 1294 1731 1351 omnia
1773 1293 1841 1349 ad
1868 1293 2103 1349 hominis

512 1389 759 1454 salutem,
785 1388 852 1442 ad
879 1374 1110 1443 hominis
1130 1387 1524 1453 liberationem,
1543 1386 1612 1440 ad
1634 1384 1869 1440 hominis
1888 1385 2103 1463 redem-

510 1476 769 1552 ptionem.
811 1479 879 1534 ad
908 1472 1461 1544 hominiscoronam,
1491 1478 1559 1532 ad
1599 1479 1832 1533 hominis
1874 1479 2101 1547 gloriam

511 1572 755 1626 exercuit
782 1568 1043 1625 Christus.
1089 1570 1225 1626 Nota
1273 1570 1385 1636 tibi,
1418 1572 1765 1638 calumniose,
1796 1571 1940 1640 quod
1979 1572 2100 1627 dico

512 1663 579 1717 ad
609 1663 839 1719 hominis
883 1662 1130 1727 salutem,
1163 1678 1272 1717 non
1316 1661 1545 1717 volentis
1592 1676 1766 1731 neque
1812 1663 2094 1718 currentis.

510 1756 647 1823 Quid
674 1764 757 1812 est
785 1772 913 1827 ergo
939 1756 1083 1826 quod
1107 1758 1372 1824 legimus?
1394 1753 1738 1811 Ostendimus
1760 1757 1856 1812 tibi
1882 1765 2100 1814 antece-

2208 562 2654 619 commentorant,
2684 553 2777 623 qui
2806 554 2998 609 timent
3037 569 3152 621 eos,
3184 563 3238 609 et
3258 557 3313 610 in
3334 570 3432 619 eos
3463 557 3554 626 qui
3587 566 3809 635 sperant

2207 648 2261 704 in
2309 648 2611 703 eruditione
2648 661 2857 702 eorum.
2888 644 2956 700 Et
3001 647 3107 702 hoc
3140 646 3209 702 de
3248 642 3558 703 hominibus
3595 656 3807 705 tantum

2207 740 2367 809 longe
2394 747 2478 795 est
2505 755 2540 795 a
2577 738 2984 810 comparatione
3012 739 3145 806 Dei,
3170 749 3432 809 quantum
3473 741 3633 810 longe
3661 751 3745 797 est
3779 759 3810 797 a

2207 831 2487 888 divinitate
2514 819 2841 887 humanitas:
2872 830 3123 887 Humana
3146 834 3290 888 enim
3321 842 3513 890 natura
3540 834 3811 892 imbecilla

2205 940 2331 982 cum
2357 925 2447 990 sit,
2486 924 2707 979 minime
2734 940 2865 980 sane
2911 926 3112 993 absque
3140 925 3306 981 divini
3354 935 3518 981 nutus
3563 927 3806 983 subsidio

2205 1017 2780 1089 prmetarequidquam
2809 1018 2938 1073 boni
2981 1025 3178 1088 potest.
3211 1016 3320 1072 Sed
3367 1020 3701 1097 comparatio
3742 1017 3808 1072 ad

2205 1110 2543 1182 apertiones!)
2569 1110 2651 1165 rei
2685 1110 2842 1165 dicta:
2868 1109 2933 1164 ad
2963 1125 3118 1179 spem
3156 1125 3257 1163 nos
3282 1117 3337 1164 et
3375 1110 3802 1165 miscricordiam

2208 1202 2445 1259 divinam
2475 1202 2733 1272 impellat,
2766 1202 3038 1257 ut'eorum
3066 1201 3359 1271 participes
3405 1202 3599 1267 faciat,
3642 1214 3803 1271 super

2203 1311 2344 1368 quos
2368 1304 2454 1352 est
2477 1296 2874 1367 beneplacitum
2901 1295 3151 1368 Domino,
3182 1294 3281 1363 qui
3304 1302 3494 1363 regnat
3522 1296 3576 1349 in
3606 1294 3799 1351 saecula

2206 1390 2545 1446 seculorum.
2569 1386 2762 1444 Amen.
3239 1396 3249 1411 '

2691 1477 2913 1533 PSALM
2922 1476 3007 1534 US
3040 1477 3293 1533 CXLVII.

2563 1569 2792 1625 Alleluia
2830 1569 3012 1639 Αεεωὶ
3038 1576 3097 1625 et
3123 1570 3418 1625 Zachariae.

2277 1660 2481 1726 Lauda,
2528 1659 2841 1723 Jerusalem,
2890 1660 3195 1728 Dominum,
3233 1662 3393 1717 lauda
3428 1661 3596 1717 Deum
3632 1672 3795 1728 mum,

2202 1752 2355 1811 Sion.
2389 1751 2648 1818 Quoniam
2667 1755 2981 1825 confortavit
3007 1771 3153 1808 seras
3182 1764 3451 1825 partarum
3472 1764 3698 1821 tuarum,
3721 1756 3780 1810 be

509 1847 723 1903 dentem
769 1849 993 1918 gratiam
1050 1848 1143 1902 Dei
1172 1848 1479 1917 generalem
1528 1849 1769 1903 omnium
1820 1850 2097 1905 hominum
2132 1852 2176 1911 Β
2201 1847 2403 1901 udixit
2422 1845 2551 1916 ﬁliis
2581 1846 2680 1899 tuis
2707 1847 2766 1899 iu
2794 1854 2863 1899 te.
2896 1842 2999 1909 Qui
3027 1847 3199 1916 posuit
3226 1846 3358 1917 ﬁnes
3380 1854 3496 1900 tuos
3524 1863 3724 1917 pacem,
3751 1854 3796 1901 et

508 1938 703 1995 bonam
734 1940 1083 1995 voluntatem.
1111 1938 1247 1993 Nota
1275 1939 1389 2006 tibi,
1420 1922 1816 2010 pnedestinate,
1847 1941 1989 2011 quod
2019 1942 2100 1996 lo-

507 2038 662 2102 quor,
695 2032 934 2086 omnium
966 2031 1290 2101 generaliter
1314 2031 1510 2087 bonam
1538 2032 1873 2090 voluntatem
1900 2031 2099 2089 Christi

410 2158 415 2163 ι
506 2123 676 2192 gratia
704 2123 807 2178 hoc
855 2123 1045 2178 ordine
1072 2136 1181 2193 quo
1224 2122 1453 2178 diximus
1499 2123 1799 2188 antecedit,
1832 2125 1876 2181 si
1918 2131 2099 2180 tamen

508 2230 607 2286 pro
627 2213 878 2269 omnibus
905 2223 1083 2282 natus,
1113 2216 1157 2271 si
1189 2224 1367 2270 tamen
1399 2230 1497 2287 pro
1527 2214 1774 2271 omnibus
1803 2230 2007 2287 passus.
2041 2216 2099 2273 Si

505 2321 613 2361 non
661 2319 824 2374 negas
852 2321 950 2376 pro
980 2305 1227 2361 omnibus
1256 2312 1548 2370 mortuum,
1599 2306 1643 2361 si
1668 2322 1789 2361 cum
1839 2304 2098 2377 Apostolo

505 2401 701 2456 asseris
739 2398 883 2469 quod
920 2416 1093 2455 omnes
1123 2399 1358 2454 homines
1383 2398 1490 2454 uult
1516 2396 1686 2455 salvos
1712 2399 1828 2470 ﬁeri
1869 2398 1931 2473 (Ι
1959 2398 2093 2454 Tim.

505 2496 598 2561 tt);
631 2509 729 2564 age
758 2510 919 2561 nunc,
953 2494 1082 2550 tolle
1111 2502 1164 2549 te
1185 2510 1213 2547 a
1237 2493 1474 2564 generali
1495 2494 1685 2562 gratia,
1719 2492 1785 2548 ad
1807 2493 2095 2565 specialem

503 2585 717 2650 accede,
749 2593 803 2641 et
849 2584 1096 2642 similiter
1122 2600 1248 2642 cum
1294 2586 1555 2657 Apostdlo
1583 2586 1754 2641 clama
1785 2604 1800 2640 :
1827 2584 1945 2642 Non
1974 2602 2095 2643 om-

504 2680 585 2735 nis
630 2679 954 2749 generaliter
996 2679 1159 2735 homo
1205 2679 1384 2735 salvus
1413 2679 1535 2744 erit;
1578 2678 1674 2735 sed
1702 2681 1879 2737 omnis
1906 2680 2092 2748 homo,

502 2773 808 2842 quicunque
836 2771 1166 2827 invocaverit
1188 2782 1383 2826 nomen
1401 2768 1631 2837 Domini,
1652 2770 1740 2827 hic
1766 2771 1944 2828 salvus
1966 2773 2089 2829 erit.

502 2861 648 2918 Vade
668 2878 797 2932 ergo
819 2862 884 2919 ad
916 2862 1184 2920 officinam
1215 2865 1427 2931 medici,
1453 2864 1546 2935 qui
1573 2865 1716 2921 ultro
1744 2866 1891 2922 venit
1918 2865 1985 2922 ad
2011 2864 2092 2924 ci-

501 2955 720 3009 vitatem
751 2952 1011 3010 nostram.
1029 2955 1148 3011 Non
1172 2952 1361 3026 utique
1388 2956 1542 3012 nobis
1572 2958 1903 3027 rogantibus,
1926 2959 2096 3015 omni-

502 3042 600 3099 bus
648 3044 803 3099 nobis
850 3044 1088 3102 medicus
1116 3048 1445 3117 supervenit,
1478 3044 1745 3103 ofllcinam
1793 3049 2004 3120 aperuit
2039 3043 2129 3105 et'

502 3149 689 3190 vocem
718 3135 915 3201 emisit,
942 3152 1048 3207 qua
1078 3151 1141 3192 ac
1170 3135 1214 3193 si
1244 3153 1420 3207 pneco
1449 3136 1756 3195 exclamans
1778 3140 1913 3195 dixit
1944 3158 1956 3195 :
1992 3136 2094 3197 Ve-

2201 1938 2359 2009 adipe
2383 1938 2630 2010 frumenti
2676 1940 2838 1993 satiat
2884 1948 2951 1992 te.
2986 1935 3088 2002 Qui
3116 1940 3304 1993 emittit
3348 1939 3608 2010 eloquium
3653 1956 3796 1996 suum

2203 2040 2374 2097 terra,
2391 2030 2631 2087 velociter
2656 2032 2821 2085 currit
2842 2046 3012 2085 sermo
3044 2030 3183 2102 ejus.
3205 2028 3310 2096 Qui
3332 2030 3426 2085 dat
3464 2032 3633 2086 nivem
3669 2034 3797 2087 sicut

2201 2121 2400 2187 lanam,
2430 2121 2671 2176 nebulam
2696 2122 2832 2176 sicut
2857 2123 3089 2176 cinerem
3116 2123 3338 2193 spargit.
3381 2120 3548 2176 Mittit
3574 2123 3798 2193 crystal-

2200 2214 2308 2268 lum
2336 2228 2486 2269 suam
2510 2215 2643 2268 sicut
2662 2212 2939 2277 buccellas,
2963 2221 3088 2268 ante
3105 2215 3296 2286 [aciem
3323 2214 3535 2286 frigoris
3554 2214 3667 2285 ejus
3687 2216 3796 2285 quis

2197 2303 2489 2359 sustinebit.
2526 2303 2747 2359 Eminet
2776 2304 2989 2360 verbum
3012 2320 3162 2360 suum
3191 2314 3244 2360 et
3269 2306 3562 2378 liquefaciet
3588 2324 3673 2371 ea,
3698 2308 3795 2377 ﬂa-

2200 2393 2273 2449 bit
2292 2396 2503 2467 spiritus
2532 2396 2665 2466 ejus,
2697 2406 2748 2451 et
2772 2397 2938 2466 ﬂuent
2959 2413 3125 2469 aqua.
3159 2394 3262 2461 Qui
3289 2400 3567 2453 annuntiat
3586 2400 3792 2455 verbum

2198 2500 2346 2541 suum
2374 2485 2558 2549 Iacob,
2582 2488 2820 2557 justitias
2860 2496 2911 2542 et
2941 2488 3146 2559 judicia
3182 2505 3280 2543 sua
3319 2488 3509 2544 Israel.
3551 2489 3673 2547 Non
3719 2494 3792 2563 [e-

2196 2580 2269 2634 eit
2297 2580 2472 2635 taliter
2497 2583 2640 2636 omni
2665 2583 2888 2645 stationi,
2911 2592 2962 2637 et
2974 2581 3177 2652 judicia
3203 2599 3301 2637 sua
3322 2599 3425 2638 non
3452 2586 3792 2657 manifestam

2196 2675 2291 2728 eis.
3232 2663 3252 2685 ’

2775 2759 3217 2800 COIIEN‘I'ABIIJI.

2267 2858 2472 2927 Lauda,
2501 2859 2823 2924 Jerusalem,
2858 2861 3165 2917 Dominum.
3197 2860 3314 2917 Non
3334 2878 3447 2933 pro
3468 2879 3578 2919 una
3606 2880 3666 2920 re
3688 2865 3795 2919 lau-
3876 2912 3884 2917 .

2195 2956 2358 3013 datur
2391 2971 2423 3011 a
2451 2956 2670 3012 civitate
2696 2962 2883 3011 sancta
2912 2953 3190 3010 Dominus.
3222 2953 3431 3011 Causas
3466 2970 3601 3025 ergo
3627 2956 3795 3013 laudis

2195 3046 2332 3119 ejus,
2361 3062 2425 3104 ac
2453 3049 2497 3105 si
2524 3048 2885 3117 interrogaret
2910 3048 3023 3118 ipsa
3048 3048 3238 3104 civitas
3266 3064 3391 3104 eum
3416 3050 3509 3119 qui
3530 3065 3649 3129 eam
3672 3050 3796 3106 hor~

2196 3148 2407 3197 taretur
2434 3140 2501 3197 ad
2530 3142 2738 3205 laudes,
2772 3140 2921 3196 audit
2946 3140 3049 3197 sibi
3096 3142 3166 3196 ab
3213 3141 3540 3197 exhortante
3580 3142 3797 3213 exposi-

502 3230 607 3283 nite
645 3226 716 3281 ad
742 3245 822 3282 me
849 3244 1026 3283 omnes
1060 3226 1274 3287 (Matth.
1310 3228 1409 3298 xi).
1435 3227 1554 3284 Jam
1596 3222 1758 3287 modo
1799 3239 1922 3302 post
1957 3233 2099 3289 hanc
2125 3236 2171 3299 C
2201 3238 2303 3289 tas.
2327 3230 2689 3303 lnquit:Eum
2714 3234 2890 3300 lauda,
2920 3234 3047 3303 quia
3075 3233 3405 3289 confortavit
3430 3249 3582 3291 seras
3614 3244 3795 3305 porta-

501 3334 687 3374 vocent
714 3319 985 3375 antecedit
1007 3320 1257 3375 voluntas
1278 3322 1522 3390 gratiam.
1550 3319 1610 3377 Si
1636 3320 1778 3393 enim
1808 3321 2089 3393 volueritis,

502 3411 692 3479 inquit,
716 3419 766 3465 et
794 3410 1062 3466 audieritis
1083 3430 1181 3477 me,
1213 3429 1327 3484 quas:
1347 3411 1483 3468 bona
1507 3419 1626 3467 sunt
1649 3423 1800 3470 terris
1819 3414 2003 3470 edetis.
2032 3412 2095 3471 Si

500 3512 668 3558 autem
698 3502 996 3566 nolueritis,
1029 3498 1233 3576 gladius
1272 3520 1361 3559 vos
1401 3504 1630 3559 comedet
1658 3496 1817 3574 (Isai.
1852 3507 1911 3578 ι).
1944 3505 2093 3563 Sicut

500 3608 628 3664 ergo
649 3593 940 3649 antecessit
969 3593 1141 3663 gratia
1170 3592 1501 3650 voluntatem
1543 3596 1791 3662 hominis,
1824 3598 1876 3653 in
1908 3606 2092 3653 osten-

498 3686 651 3742 sione
697 3687 810 3751 sui,
838 3692 898 3740 et
926 3686 978 3740 in
1010 3684 1361 3758 adapertione
1392 3687 1665 3755 veritatis;
1700 3689 1772 3743 ita
1822 3690 2094 3746 antecedit

498 3777 745 3832 voluntas
789 3777 1028 3833 hominis
1073 3777 1300 3846 gratiam
1328 3776 1445 3833 Dei.
1478 3777 1594 3834 Non
1626 3781 1769 3835 enim
1793 3782 1941 3852 prius
1969 3782 2097 3854 ha'p-

392 3856 399 3861 ”
498 3868 698 3932 tizaris,
730 3876 785 3923 et
810 3869 889 3925 sic
915 3869 1052 3925 velle
1082 3870 1273 3942 incipis
1311 3871 1559 3940 credere;
1589 3872 1683 3929 sed
1726 3875 1874 3947 prius
1900 3875 2094 3931 volun-

497 3972 662 4020 tatem
694 3974 837 4020 tuam
860 3964 1152 4035 perfectam
1174 3965 1398 4021 exhibes
1420 3966 1707 4033 sacerdoti,
1728 3976 1783 4022 et
1803 3965 2092 4023 confessio-

497 4069 618 4112 nem
636 4054 780 4111 tuam
805 4057 908 4112 tuis
930 4056 1084 4111 labiis
1110 4057 1319 4128 pandis,
1348 4065 1403 4110 et
1430 4058 1503 4111 ita
1524 4054 1739 4111 demum
1760 4058 1827 4112 ad
1856 4058 1951 4113 Dei
1970 4073 2091 4127 gra-

494 4152 624 4207 tiam
652 4160 710 4205 ut
736 4149 1085 4220 consequaris
1109 4151 1345 4219 attingis.
1378 4148 1547 4217 Quam
1573 4160 1896 4207 consecutus
1921 4151 2090 4207 cunil-

495 4244 715 4309 teberis,
745 4245 871 4313 quia
902 4244 1081 4297 omnia
1114 4242 1209 4296 Dei
1238 4242 1378 4296 dona
1400 4241 1671 4297 credendo
1697 4252 1751 4296 et
1774 4242 2086 4299 desideran-

493 4336 563 4391 do
588 4343 907 4392 consecutus
936 4350 1014 4389 es.
1046 4333 1110 4388 Et
1139 4335 1212 4388 ita
1238 4334 1455 4389 demum
1481 4336 1723 4389 ultimum
1755 4334 1913 4404 hujus
1944 4338 2085 4411 psal-

493 4426 566 4480 l'ni
594 4427 833 4481 cantabis
864 4444 877 4478 :
904 4425 1038 4492 Quia
1058 4425 1452 4494 beneplacitum
1473 4434 1554 4481 est
1581 4425 1809 4482 Domino
1838 4443 1999 4498 super
2020 4430 2109 4491 ti-A

492 4526 702 4573 mentes
729 4532 881 4581 eum,
914 4524 969 4571 et
1005 4518 1059 4571 in
1101 4532 1197 4572 eos
1219 4517 1312 4586 qui
1348 4527 1569 4589 sperant
1615 4519 1668 4574 in
1716 4510 2083 4577 misericordia

2196 3340 2316 3384 rum
2363 3335 2597 3383 tuarum.
2655 3326 2819 3383 Vides
2869 3339 2999 3397 ergo
3039 3329 3185 3397 quia,
3218 3335 3280 3383 ut
3325 3342 3490 3399 supra
3539 3328 3789 3396 diximus,

2194 3429 2439 3477 nostrum
2460 3427 2544 3476 est
2564 3434 2746 3475 serare
2764 3428 2968 3491 portas,
2992 3420 3237 3476 hostibus
3256 3421 3517 3491 impetum
3548 3421 3795 3478 facienti-

2195 3513 2314 3578 bus,
2340 3512 2435 3568 sed
2463 3511 2675 3568 Domini
2706 3520 2789 3567 est
2816 3512 3125 3568 confortare
3151 3528 3304 3569 seras
3329 3523 3609 3584 portarum
3632 3515 3795 3573 Jeru-

2152 3674 2159 3679 .
2193 3604 2395 3671 salem;
2428 3617 2558 3674 ergo
2586 3612 2669 3660 est
2698 3605 2891 3660 civitas
2929 3603 3226 3661 Jerusalem
3269 3606 3324 3661 in
3364 3622 3470 3678 qua
3518 3610 3792 3681 prophetae

2193 3694 2457 3759 habitant,
2482 3696 2535 3751 in
2561 3710 2667 3765 qua
2696 3692 2945 3753 Christus
2976 3696 3250 3775 praedicat,
3287 3705 3344 3754 et
3371 3700 3593 3756 virtutes
3613 3703 3792 3758 diver-

2192 3800 2281 3843 sas
2310 3795 2547 3854 exercet,
2581 3789 2635 3844 in
2665 3804 2769 3860 qua
2797 3790 3000 3859 patitur
3027 3800 3263 3858 crucem,
3313 3792 3366 3848 in
3403 3808 3507 3861 qua
3545 3795 3784 3851 omnium

2192 3886 2318 3935 sunt
2363 3894 2561 3948 genera
2606 3891 2825 3951 peracta
2852 3884 3129 3939 virtutum.
3162 3883 3265 3953 Qui
3294 3899 3419 3955 ergo
3457 3887 3572 3943 haec
3599 3889 3784 3945 omnia

2191 3972 2335 4028 intus
2366 3972 2417 4026 in
2448 3973 2625 4027 anima
2665 3984 2760 4029 Sua
2808 3972 2896 4030 die
2924 3985 3197 4047 noctuque
3237 3979 3550 4047 meditatur,
3575 3980 3785 4037 habens
3884 4020 3893 4030 ι

2192 4064 2332 4119 intra
2362 4080 2419 4119 se
2448 4066 2759 4135 prophetas,
2792 4064 3063 4124 Christum
3084 4076 3140 4125 et
3166 4071 3461 4142 apostolos,
3487 4073 3678 4128 civitas
3697 4071 3788 4128 Je-

2192 4159 2423 4213 rusalem
2454 4159 2644 4223 factus,
2678 4160 2877 4216 claudit
2897 4171 3083 4232 portas
3107 4164 3324 4221 inimico
3347 4174 3403 4221 et
3423 4166 3628 4235 angelis
3648 4166 3787 4236 ejus,

2190 4259 2245 4307 et
2272 4268 2493 4308 necesse
2514 4262 2597 4309 est
2618 4261 2675 4309 ut
2703 4269 2851 4310 seras
2871 4253 2994 4311 lidei
3014 4255 3210 4312 clausis
3236 4257 3567 4327 ingressibus
3586 4260 3781 4314 mittat.

2188 4338 2320 4399 Nam
2351 4344 2499 4411 fides,
2532 4331 2673 4416 spes,
2700 4347 2951 4411 charitas,
2984 4353 3091 4404 tres
3120 4364 3255 4404 sera:
3282 4358 3409 4405 sunt
3438 4350 3611 4406 missm
3648 4366 3748 4405 con
3766 4380 3784 4393 -

2189 4444 2270 4491 tra
2300 4436 2605 4504 diabolum;
2633 4439 2726 4494 sed
2754 4446 2809 4494 et
2840 4440 2970 4495 fides
2998 4438 3208 4507 deﬁcit,
3252 4448 3307 4496 et
3346 4456 3470 4513 spes
3499 4443 3779 4507 mollescit,

2188 4539 2245 4585 et
2272 4531 2507 4586 charitas
2532 4530 2866 4601 refrigescit,
2890 4532 2993 4587 nisi
3015 4532 3159 4588 dono
3186 4532 3387 4588 luerint
3412 4534 3585 4590 sancti
3615 4532 3783 4605 Spiri-

490 4611 628 4681 cjus,
653 4609 942 4667 excludere
967 4610 1156 4666 volens
1189 4610 1558 4667 extollentiam
1587 4613 1956 4679 humanitatis,
1990 4631 2082 4670 vo-
2111 4611 2164 4671 D
2189 4627 2273 4677 tus
2318 4618 2651 4677 confortatus.
2697 4620 2830 4679 Cum
2874 4636 3003 4692 ergo
3044 4622 3360 4680 confortatus
3404 4626 3606 4682 fuerint
3649 4642 3777 4682 serta

489 4702 751 4759 luntatem
781 4702 1082 4758 Divinitatis
1105 4704 1385 4774 expressit.
1406 4702 1519 4760 Scit
1540 4705 1682 4760 enim
1698 4704 1839 4761 Deus
1872 4706 2083 4763 hostem

491 4805 732 4852 nostrum
772 4804 898 4852 tunc
939 4796 1093 4852 nobis
1120 4812 1284 4869 posse
1312 4799 1639 4868 subrepere,
1667 4815 1787 4856 cum
1838 4816 1939 4855 nos
1967 4800 2083 4857 sine

489 4892 681 4948 timore
700 4891 881 4948 divino
900 4891 1180 4963 repererit.
1199 4890 1269 4946 Et
1288 4890 1409 4947 ideo
1428 4890 1497 4948 ad
1518 4892 1812 4949 remedium
1837 4902 2081 4951 nostrum

488 4984 856 5056 pronuntiavit
898 4984 1004 5039 hoc
1031 4982 1265 5048 dictum,
1296 4984 1453 5055 quasi
1481 4986 1572 5055 qui
1619 4986 1825 5044 diceret
1856 5008 1868 5041 :
1903 4987 2077 5045 Bene-

488 5076 739 5146 placitum
767 5085 851 5134 est
880 5075 993 5133 Deo
1018 5091 1181 5147 super
1207 5091 1303 5133 eos
1327 5078 1419 5147 qui
1446 5092 1478 5131 a
1516 5078 1731 5134 diabolo
1761 5079 2075 5135 liberantur.

488 5168 602 5222 Non
628 5170 773 5224 enim
818 5169 963 5225 Deus
988 5168 1182 5226 aﬂ'ectu
1210 5169 1444 5236 ducitur,
1474 5175 1533 5224 ut
1577 5169 1645 5224 ab
1673 5170 1979 5225 hominibus
2008 5171 2078 5225 ti-

488 5267 726 5323 meatur,
755 5260 849 5314 sed
879 5261 1244 5317 misericordia
1276 5270 1421 5317 totus
1463 5261 1703 5317 misereri
1730 5260 1858 5315 dum
1899 5260 2081 5317 studet

486 5347 714 5413 homini,
734 5349 844 5403 vult
866 5364 934 5403 ex
948 5350 1173 5420 imperio
1198 5352 1408 5408 timoris
1435 5352 1550 5406 lteri
1569 5352 1712 5421 quod
1742 5350 2079 5422 profuturum

486 5438 589 5509 ipsi
611 5437 817 5493 homini
844 5453 941 5507 pro
969 5448 1117 5493 certo
1137 5442 1434 5509 cognoscit.
1452 5440 1601 5496 Sicut
1627 5442 1721 5511 qui
1751 5442 1959 5498 litteras
1988 5441 2079 5498 do-

485 5538 631 5598 ce'nt,
662 5530 910 5585 timorem
937 5529 1262 5588 discentibus
1288 5542 1344 5587 et
1372 5541 1632 5591 terrorem
1658 5533 1937 5601 inducunt,
1967 5549 2077 5592 non

486 5627 672 5695 utique
716 5624 1075 5681 neocssarium
1122 5627 1424 5694 magistris,
1474 5628 1569 5684 sed
1597 5629 1752 5685 valde
1798 5629 2077 5701 discipulis

486 5717 841 5785 profuturum.
875 5716 942 5771 Et
968 5719 1107 5774 sicut
1135 5717 1255 5773 illos
1283 5720 1576 5776 exhorrent
1602 5723 1693 5792 qui
1734 5723 1849 5779 sine
1877 5723 2075 5780 timore

488 5813 543 5858 et
563 5807 679 5861 sine
705 5824 799 5877 spe
826 5817 970 5879 sunt,
994 5811 1168 5866 sciunt
1187 5813 1331 5867 enim
1352 5828 1448 5868 eos
1475 5813 1541 5868 ad
1563 5815 1920 5873 eruditionem
1941 5832 2068 5888 per-

2186 4722 2466 4785 portarum
2490 4723 2725 4778 tuarum,
2750 4709 3141 4772 benedicentur
3187 4713 3281 4772 filii
3321 4718 3400 4772 tui
3448 4719 3502 4774 in
3549 4728 3621 4774 te.
3663 4717 3780 4774 Filii
3828 4734 3835 4739 ·

2188 4805 2263 4859 tui
2293 4812 2438 4872 sunt,
2470 4806 2563 4875 qui
2592 4813 2686 4861 tuo
2707 4805 3068 4862 informantur
3093 4808 3361 4879 exemplo,
3391 4809 3506 4865 sive
3537 4809 3590 4865 in
3614 4809 3775 4877 bono,

2185 4896 2298 4951 sive
2327 4897 2380 4950 in
2405 4897 2567 4951 malo.
2601 4894 2667 4952 Hi
2698 4913 2859 4968 ergo,
2887 4897 3091 4969 inquit,
3130 4899 3183 4954 in
3214 4906 3269 4955 te
3293 4899 3698 4967 benedicentur,
3731 4902 3775 4958 si

2184 5003 2322 5044 seras
2350 4997 2627 5059 portarum
2656 4996 2867 5046 tuarum
2896 4990 2949 5045 in
2979 5000 3032 5046 te
3065 4989 3262 5046 fuerint
3285 4990 3605 5049 confortatte
3631 5013 3644 5047 :
3675 5008 3777 5064 po-

2182 5084 2326 5139 nitur
2349 5082 2469 5139 linis
2499 5090 2620 5140 tuus
2664 5085 2717 5140 in
2760 5100 2893 5156 pace
2922 5085 3048 5141 dum
3077 5084 3191 5142 dies
3218 5066 3495 5142 advenerit
3533 5096 3590 5142 ut
3618 5103 3779 5143 exeas

2180 5174 2248 5231 de
2277 5175 2585 5241 mundo,_et
2612 5158 2820 5232 actibus
2867 5178 2972 5232 tuis
3006 5179 3258 5233 omnibus
3299 5175 3460 5233 finem
3510 5179 3775 5250 imponas.

2182 5264 2298 5322 Pax
2322 5267 2427 5322 erit
2446 5282 2569 5323 cum
2598 5266 2712 5322 Deo
2737 5258 2861 5324 finis
2878 5276 3030 5335 tuus,
3057 5269 3110 5324 in
3135 5283 3244 5339 quo
3271 5285 3394 5325 cum
3420 5270 3571 5325 exire
3599 5286 3779 5341 σωρε-

2179 5359 2272 5426 ris,
2301 5358 2458 5430 adipe
2480 5358 2733 5414 frumenti
2762 5360 2922 5415 satiat
2953 5369 3023 5416 te.
3048 5361 3169 5432 Ipse
3189 5362 3292 5418 hoc
3322 5360 3448 5419 facit
3467 5361 3560 5433 qui
3581 5363 3777 5420 emittit

2181 5451 2454 5521 eloquium
2481 5467 2636 5507 suum
2663 5459 2840 5519 teme,
2865 5454 2919 5508 id
2947 5461 3050 5518 est,
3080 5455 3173 5526 qui
3196 5455 3420 5511 verbum
3447 5471 3604 5510 suum
3628 5456 3776 5511 misit

2179 5543 2234 5600 in
2281 5542 2523 5599 Mariam.
2573 5542 2638 5599 Et
2673 5553 2794 5599 tam
2842 5545 3101 5602 velociter
3129 5548 3297 5602 currit
3326 5562 3505 5603 sermo
3535 5547 3686 5617 ejus,
3716 5556 3777 5604 ut

2176 5649 2299 5691 cum
2323 5649 2422 5705 per
2450 5642 2528 5690 tot
2547 5636 2712 5690 millia
2743 5653 3005 5692 annorum
3036 5637 3090 5692 in
3117 5639 3231 5693 sola
3252 5637 3435 5694 Judzea
3467 5648 3628 5695 notus
3658 5638 3776 5696 fue-

2174 5726 2245 5781 rit
2269 5725 2412 5781 Deus
2434 5766 2449 5791 ,
2491 5742 2634 5782 nunc
2678 5728 2817 5781 intra
2843 5743 3046 5798 paucos
3078 5745 3270 5795 annos,
3294 5745 3401 5786 nec
3439 5728 3589 5801 ipsos
3614 5728 3775 5786 Indos

2174 5818 2340 5874 lateat
2366 5834 2397 5873 a
2430 5827 2585 5890 parte
2612 5818 2883 5887 Orientis,
2935 5836 3035 5876 nec
3081 5821 3229 5891 ipsos
3271 5820 3519 5879 Britones
3548 5840 3578 5877 a
3618 5833 3772 5894 parte
