4244 6258
370 363 479 419 sos

1245 342 1711 406 COMMENTARII
1750 343 1814 397 IN
1857 339 2190 397 PSALHOS.
2235 338 2426 392 PSAL.
2471 335 2740 393 CXLVIII.

3550 327 3654 386 566

371 476 678 536 Occidentis
702 516 717 541 ,
757 474 956 543 ubique
981 468 1150 526 currit
1176 464 1434 521 velociter
1460 475 1642 516 sermo
1683 458 1801 528 ejus
1817 498 1832 522 ,
1863 458 1959 526 qui
1985 463 2038 517 Α
2065 455 2228 526 pullis
2255 462 2315 508 ut
2341 467 2440 509 suo
2464 460 2624 507 cantu
2653 467 2685 505 a
2715 460 2872 506 nocte
2897 449 3137 505 dividant
3157 456 3390 503 noctem.
3423 447 3525 514 Qui
3546 447 3659 503 cla-

375 574 470 630 dat
520 571 697 626 nivem
742 568 884 624 sicut
929 564 1126 618 lanam.
1169 556 1372 612 Lanam
1401 553 1570 609 voluit
1596 567 1697 623 pro
1725 549 1962 618 tegmine

377 681 700 726 memorare.
743 660 805 718 Si
833 660 1060 733 fuerint,
1109 653 1310 722 inquit,
1357 656 1568 720 peccata
1621 653 1790 700 vestra
1830 643 1965 698 sicut

380 763 665 817 coccinum.
695 754 826 809 velut
854 751 1027 805 lauant
1053 747 1269 818 spiciam
1301 741 1458 814 (Isai.
1490 740 1554 812 ι).
1586 737 1797 792 Docens
1833 748 1965 802 ergo

383 867 478 908 eos
505 850 595 918 qui
621 848 774 915 adipe
813 840 1065 897 lrumenti
1103 831 1574 901 satiantur,-quod
1601 828 1813 885 candidi
1859 841 1964 881 una

381 944 469 997 die
500 917 551 995 in
577 939 712 992 albis
741 934 978 990 vestibus
1004 945 1103 1001 per
1129 936 1304 983 totum
1329 925 1518 980 orbem
1544 921 1860 992 procedant,
1886 917 1969 972 his

383 1035 640 1091 Dominus
673 1029 921 1084 nebulam
949 1027 1090 1080 sicut
1111 1023 1348 1078 cinerem
1377 1018 1599 1089 spargit.
1622 1015 1824 1069 Nebula
1849 1027 1970 1082 quae

383 1127 523 1182 sicut
547 1123 681 1177 cinis
707 1093 995 1189 spargitur,
1021 1115 1212 1185 pruina
1241 1126 1362 1182 quae
1395 1110 1574 1177 fruges
1603 1106 1876 1161 universas
1896 1104 1973 1157 in-

383 1225 465 1271 tra
485 1225 648 1270 terra:
678 1212 884 1266 viscera
911 1210 1124 1264 clausas
1149 1206 1464 1274 impinguat,
1489 1214 1609 1270 quae
1628 1205 1832 1268 quanto
1853 1195 1974 1265 plus

381 1289 689 1361 incubuerit
734 1301 899 1366 satis,
952 1307 1103 1354 tanto
1149 1296 1366 1351 uberius
1414 1290 1625 1362 prolicit
1673 1291 1724 1343 in
1774 1287 1962 1343 aristis-

381 1397 640 1452 Pruinam
669 1407 802 1462 ergo
827 1395 932 1447 'nos
960 1393 1012 1445 in
1041 1390 1155 1444 istis
1182 1402 1319 1457 quos
1348 1385 1504 1454 adipe
1535 1379 1782 1436 frumenti
1814 1377 1941 1432 satis

385 1491 663 1554 Dominus,
707 1486 959 1557 ponimus
1007 1483 1363 1538 tentationum
1391 1477 1736 1536 afllictiones,
1781 1473 1976 1542 quibus

384 1597 456 1637 eo
485 1581 716 1651 amplius
745 1575 1035 1649 proﬁciunt
1063 1577 1115 1628 in
1147 1574 1344 1637 futuro,
1389 1578 1591 1640 quanto
1620 1567 1738 1638 plus
1780 1564 1978 1620 fuerint

383 1675 445 1729 in
471 1672 719 1745 presenti
751 1668 1010 1740 perpessi.
1046 1666 1246 1721 Dehinc
1273 1663 1507 1716 mittitur
1527 1657 1833 1730 crystallum
1857 1665 1978 1710 tan-

384 1783 550 1838 quam
579 1765 743 1820 frusta
771 1763 943 1834 panis.
974 1759 1300 1832 Crystallum
1329 1756 1431 1810 hoc
1460 1751 1734 1822 grandinis
1776 1765 1980 1804 memo-

353 1846 356 1848 I
385 1825 476 1916 nat
513 1858 608 1913 Dei
638 1825 1065 1940 lapidationem,
1110 1865 1268 1919 quam
1296 1847 1526 1918 panibus
1554 1843 1736 1898 fractis
1763 1847 1814 1895 et
1845 1842 1978 1895 buc-
2013 1825 2062 1886 Β

387 1952 544 2008 cellis
573 1932 851 2004 assimilat.
884 1944 1170 2001 Caeduntur
1196 1941 1340 1996 enim
1368 1938 1653 1994 credentes
1693 1945 1749 1989 ut
1777 1932 1978 1988 metalli

340 2033 349 2042 ’
390 2043 765 2111 cujuscunque
790 2038 1036 2101 materia,
1066 2050 1174 2089 non
1201 2040 1261 2087 ut
1306 2033 1608 2087 moriantur
1629 2071 1644 2093 ,
1691 2027 1784 2082 sed
1825 2032 1886 2079 ut
1915 2023 1980 2076 ad

391 2143 597 2192 statum
627 2148 658 2186 a
685 2145 794 2200 quo
822 2129 1132 2185 ceciderant
1159 2133 1500 2181 revocentur.
1559 2120 1788 2175 Additur
1837 2117 1982 2186 quod

399 2233 527 2281 ante
550 2223 736 2278 faciem
768 2220 982 2289 frigoris
1001 2217 1118 2286 ejus
1139 2217 1313 2271 nullus
1333 2215 1608 2269 subsistat.
1637 2211 1836 2266 Verum
1857 2209 1981 2279 quia

401 2316 574 2389 fidelis
594 2324 686 2376 est,
715 2322 764 2368 et
788 2327 890 2368 non
918 2311 1139 2382 patietur
1164 2325 1250 2363 eos
1279 2308 1464 2361 tentari
1494 2320 1650 2375 supra
1679 2318 1832 2375 quam
1865 2317 1987 2372 pos-

399 2418 522 2464 sunt
568 2406 609 2480 (I
651 2404 769 2460 Cor.
803 2404 892 2473 x),
943 2402 1106 2456 mittit
1152 2399 1370 2455 verbum
1401 2412 1556 2452 suum
1586 2404 1639 2450 et
1679 2393 1988 2463 quuefaciet

399 2514 485 2562 ea,
520 2499 571 2552 id
624 2505 724 2560 est,
756 2489 959 2550 renatis
1002 2491 1149 2546 (lavit
1190 2489 1417 2562 Spiritus
1455 2496 1690 2550 sanctus,
1733 2495 1787 2541 et
1815 2483 1987 2539 ﬂuunt

397 2606 553 2660 aqure
570 2605 636 2644 ex
660 2577 846 2654 oculis,
866 2595 925 2642 ut
954 2587 1069 2642 istm
1098 2599 1248 2655 aquae
1275 2585 1456 2638 lavent
1483 2581 1670 2636 sordes
1699 2595 1906 2643 omnes,
1933 2585 1988 2634 et

395 2682 638 2737 maculas
667 2679 886 2735 abluant
913 2687 1281 2750 peccatorum.
1313 2673 1382 2728 Et
1410 2675 1530 2743 quis
1555 2681 1638 2728 est
1665 2673 1755 2742 qui
1777 2672 1893 2725 haec
1913 2670 1990 2723 fa-

395 2772 510 2827 cit?
538 2771 660 2840 quis
699 2771 883 2838 utique
923 2768 1078 2831 alius,
1109 2767 1214 2821 nisi
1242 2767 1288 2820 is
1313 2765 1404 2833 qui
1434 2763 1744 2833 pronuntiat
1767 2759 1987 2815 verbum

393 2877 554 2917 suum
584 2860 769 2925 Iacob,
793 2861 1028 2930 justitias
1048 2866 1103 2912 et
1118 2857 1316 2925 judicia
1337 2870 1432 2909 sua
1457 2854 1655 2908 Israel?
1677 2851 1991 2921 Ubicunque

394 2954 566 3012 Israel
595 2963 696 3020 est,
724 2953 816 3022 qui
844 2953 988 3006 videt
1019 2950 1183 3010 Deum
1202 2992 1214 3013 ,
1249 2949 1320 3003 ibi
1347 2947 1608 3016 justitiam
1631 2945 1776 3007 Deus
1810 2953 1991 3008 osten-

396 3048 496 3104 det
523 3061 694 3101 suam.
731 3045 870 3099 Deus
898 3044 1040 3098 enim
1068 3043 1208 3097 sicut
1232 3040 1299 3094 ad
1326 3038 1704 3108 indulgendum
1740 3035 1991 3091 ﬂentibus

399 3149 458 3196 et
486 3138 874 3210 paenitentibus
902 3135 1020 3206 pius
1046 3142 1145 3197 est,
1179 3134 1251 3186 ita
1280 3132 1344 3186 ad
1372 3129 1696 3186 reddendum
1723 3145 1823 3200 pro
1841 3127 1992 3198 justi-

2070 555 2222 603 mant
2248 545 2464 616 quidem
2493 552 2553 600 ut
2572 544 2709 599 alios
2738 543 2991 607 excitent,
3015 540 3120 610 ipsi
3143 555 3274 595 vero
3295 538 3502 594 cunctis
3527 539 3662 605 vigi—

2071 640 2306 694 lantibus
2329 638 2620 694 dormiunt.
2651 634 2804 702 Quod
2850 649 2978 702 ergo
3025 632 3093 687 ad
3135 632 3386 687 ruborem
3434 629 3660 684 dixerim

2075 739 2336 794 nostrum,
2353 729 2446 798 qui
2468 728 2765 783 excitamus
2785 726 2849 780 ad
2877 725 3086 779 laudem
3111 723 3203 778 Dei
3225 736 3319 776 eos
3333 721 3424 790 qui
3447 721 3498 775 in
3523 721 3662 775 cmlo

2073 832 2237 886 sunt,
2289 823 2529 877 dicentes
2562 840 2574 873 :
2606 820 2842 873 Laudate
2880 819 3164 873 Dominum
3195 832 3289 870 vos
3329 816 3417 884 qui
3450 815 3577 868 estis
3610 815 3661 868 in

2075 914 2248 978 caelis,
2268 913 2484 966 laudate
2510 913 2633 966 etim
2664 919 2718 963 et
2745 926 2843 962 vos
2863 909 2953 977 qui
2975 908 3104 962 estis
3128 907 3179 960 in
3213 905 3455 960 excelsis.
3475 903 3580 957 Sed
3608 912 3664 958 et

2064 1005 2200 1070 'soli,
2231 1012 2285 1057 et
2310 1005 2466 1069 lunae,
2500 1013 2555 1056 et
2580 1001 2767 1065 stellis,
2793 1008 2846 1054 et
2880 999 3094 1061 lumini,
3118 1005 3171 1052 et
3201 997 3349 1052 caelis
3379 996 3658 1058 caelorum,

2077 1103 2136 1151 et
2164 1095 2316 1164 aquis
2340 1107 2460 1162 qua:
2484 1097 2609 1146 sunt
2634 1106 2797 1160 super
2815 1089 3000 1153 cmlos,
3032 1095 3090 1142 ut
3117 1087 3335 1142 laudent
3380 1085 3663 1140 Dominum

2080 1187 2426 1256 imperamus.
2455 1183 2558 1251 Ipsi
2583 1197 2712 1236 vero
2733 1181 3046 1243 dormimus,
3071 1195 3190 1233 cum
3219 1179 3341 1231 talia
3370 1191 3536 1247 opera
3559 1191 3666 1229 non

2079 1279 2324 1341 facimus,
2358 1279 2408 1332 in
2435 1277 2630 1348 quibus
2662 1275 2906 1328 laudetur
2945 1273 3085 1327 Deus
3111 1280 3165 1326 et
3189 1271 3537 1325 benedicatur
3567 1284 3664 1323 no-

2081 1385 2205 1425 men
2228 1369 2362 1439 ejus'.
2391 1369 2518 1433 Sed,
2558 1367 2702 1438 quod
2731 1366 2884 1436 pejus
2913 1374 3013 1430 est,
3061 1371 3114 1418 et
3155 1364 3296 1432 quod
3320 1363 3436 1419 sine
3464 1361 3666 1430 gemitu

2077 1461 2364 1516 dicendum
2388 1476 2494 1514 non
2522 1466 2622 1523 est,
2640 1475 2736 1528 per
2750 1473 2848 1511 nos
2874 1472 3069 1510 nomen
3091 1455 3302 1509 Domini
3330 1453 3667 1521 blaSphema-

2085 1563 2192 1616 tur,
2218 1569 2337 1608 cum
2364 1554 2414 1605 in
2434 1552 2635 1621 judicio
2660 1565 2917 1620 personas
2940 1549 3249 1618 accipimus,
3275 1561 3396 1599 cum
3419 1545 3485 1599 ad
3509 1545 3668 1599 vesti-

2085 1656 2348 1710 mentum,
2399 1654 2453 1699 et
2490 1645 2557 1698 ad
2604 1645 2850 1707 annulos,
2883 1651 2936 1696 et
2966 1642 3029 1695 ad
3055 1641 3253 1710 glorias
3282 1639 3558 1694 hominum
3587 1646 3669 1692 at-

2087 1738 2389 1799 tendentes,
2421 1752 2683 1806 personas
2710 1749 3005 1805 pauperum
3035 1733 3350 1787 refutamus.
3386 1731 3476 1786 Ille
3514 1745 3671 1800 quem

2090 1835 2147 1883 tu
2173 1841 2351 1883 tacere
2380 1836 2555 1898 putas,
2587 1836 2764 1895 gemet
2801 1833 3158 1896 contemptus,
3202 1824 3459 1892 abjectus,
3484 1832 3539 1877 et
3577 1839 3673 1893 pro

2088 1922 2255 1976 nihilo
2285 1921 2498 1974 habitus
2522 1963 2535 1984 ,
2587 1933 2782 1973 nomen
2810 1919 3026 1972 beatum
3056 1916 3270 1971 lacessit
3298 1914 3673 1985 blasphemiis;

2087 2013 2216 2083 quid
2242 2028 2370 2081 ergo
2393 2011 2459 2066 ad
2481 2011 2665 2066 laudes
2689 2011 2804 2077 Dei,
2833 2019 2886 2064 et
2906 2010 2972 2065 de
2999 2009 3148 2065 ctelis
3173 2009 3393 2078 angelos
3414 2016 3468 2062 et
3497 2006 3675 2062 omnia

2088 2119 2209 2175 quae
2239 2107 2289 2159 in
2312 2104 2389 2159 eis
2414 2112 2542 2159 sunt
2571 2102 2900 2166 excitamus;
2949 2109 3002 2156 et
3033 2102 3098 2156 de
3146 2111 3288 2156 terra
3335 2101 3494 2154 etiam
3532 2100 3678 2170 ipsos
3727 2167 3736 2174 .

2090 2197 2373 2262 dracones,
2397 2205 2450 2250 et
2471 2203 2768 2265 serpentes,
2795 2203 2848 2249 et
2869 2193 3134 2257 volucres,
3159 2203 3211 2247 et
3233 2194 3428 2260 ignem,
3453 2199 3508 2246 et
3527 2205 3678 2260 gran.

2091 2289 2290 2353 dinem,
2324 2297 2378 2341 et
2423 2287 2668 2357 spiritum
2702 2287 3043 2364 tempestatis
3079 2299 3361 2350 vocamus;
3397 2284 3680 2338 invitamus

2089 2391 2303 2437 montes
2326 2391 2379 2434 et
2412 2381 2596 2445 colles,
2629 2380 2771 2448 ligna
2805 2379 3076 2434 fructifera
3105 2381 3375 2444 universa,
3406 2392 3561 2447 reges
3599 2379 3680 2448 ip-

2088 2489 2181 2531 sos
2209 2483 2264 2528 et
2298 2474 2588 2544 principes,
2621 2483 2674 2526 et
2717 2487 2904 2525 omnes
2929 2471 3155 2540 judices,
3193 2487 3404 2524 omnem
3429 2469 3682 2538 juventu-

2088 2575 2200 2624 tem
2229 2574 2283 2621 et
2312 2579 2526 2620 omnem
2555 2571 2906 2628 senectutem,
2937 2563 3190 2630 virgines,
3216 2561 3461 2630 juvenes,
3488 2569 3543 2614 et
3567 2577 3682 2614 om-

2092 2657 2180 2714 nia
2225 2671 2344 2725 qua:
2390 2654 2490 2708 sub
2534 2654 2674 2709 cmlo
2718 2654 2888 2708 sunt?
2916 2650 3112 2706 Omnes
3135 2653 3200 2706 ad
3231 2651 3442 2705 laudem
3471 2653 3682 2707 Domini

2091 2750 2419 2826 excitamus,
2460 2760 2851 2816 provocamus,
2884 2745 3164 2798 hortamur
3209 2751 3264 2797 et
3302 2742 3541 2798 infelices
3581 2744 3682 2814 ipsi

2090 2842 2404 2898 dormimus.
2456 2839 2524 2893 At
2565 2839 2769 2892 utinam
2809 2836 3163 2891 dormiremus
3191 2851 3382 2890 somno
3407 2836 3584 2891 carnis
3626 2845 3682 2892 et

2095 2951 2200 2991 non
2223 2931 2726 2990 inconsiderationis
2745 2939 2944 2984 nostra:
2963 2944 3342 3000 soporaremur
3361 2927 3676 2997 gravedine!

2053 3099 2063 3108 _
2093 3027 2232 3083 Ecce
2259 3026 2437 3080 omnia
2468 3024 2522 3078 in
2562 3038 2727 3076 unum
2757 3037 2875 3091 quas
2904 3021 3254 3076 cxcitavimus
3283 3028 3680 3085 convenerunt,

2093 3121 2195 3192 ipsi
2224 3120 2487 3174 dracones
2513 3132 2610 3171 nos
2635 3122 2689 3170 et
2717 3122 2996 3202 serpentes
3043 3124 3097 3169 et
3135 3115 3320 3169 bestiae
3349 3124 3404 3168 et
3432 3114 3681 3169 universa

396 3232 475 3287 tia
490 3201 876 3285 -Idborantibus
899 3201 1089 3295 justus.
1127 3222 1240 3280 Non
1273 3221 1395 3278 fecit
1417 3224 1596 3277 taliter
1617 3223 1764 3276 omni
1786 3221 1988 3276 nationi
2016 3201 2067 3266 C
2094 3227 2291 3284 pecora
2323 3209 2696 3280 increpabant,
2725 3201 2966 3263 dicentes
2999 3227 3010 3260 :
3046 3205 3183 3274 Quid
3216 3221 3313 3261 nos
3342 3206 3588 3261 excitatis
3617 3205 3684 3260 ad

393 3325 542 3381 sicut
567 3321 675 3388 isti,
709 3310 888 3388 utique
909 3317 1109 3372 nationi
1135 3330 1251 3385 qua:
1272 3315 1356 3370 die
1376 3324 1644 3384 noctuque
1665 3329 1815 3385 spem
1836 3329 1986 3368 suam

394 3412 516 3468 Deo
546 3417 602 3466 et
633 3410 949 3465 charitatem
987 3407 1241 3461 ostendit.
1275 3403 1340 3459 Et
1367 3403 1498 3459 nulli
1522 3403 1721 3474 judicia
1748 3421 1844 3459 sua
1876 3421 1991 3460 ma-

399 3502 658 3568 nifestat,
711 3501 814 3556 nisi
855 3499 939 3554 bis
980 3499 1070 3568 qui
1119 3497 1329 3552 Domini
1377 3498 1628 3552 mandata
1676 3497 1997 3583 respiciung,

401 3593 688 3650 credentes
714 3590 859 3662 quod
888 3594 1004 3660 ipse
1037 3604 1134 3645 nos
1173 3590 1227 3644 in
1273 3605 1370 3643 suo
1410 3589 1612 3657 judicio
1650 3597 1871 3645 censeat
1897 3589 1990 3644 ad-

403 3683 701 3756 juvandus,
734 3683 818 3738 cui
847 3681 1015 3750 gloria
1049 3681 1100 3735 in
1132 3681 1324 3735 srecula
1361 3681 1697 3734 saeculorum.
1733 3679 1918 3734 Amen.

892 3783 1210 3847 PSALMUS
1247 3786 1514 3847 CXLVIII.

788 3883 1012 3939 Alleluia
1040 3882 1216 3952 Aggzci
1257 3891 1310 3937 et
1338 3883 1622 3939 Zachariae.

485 4001 722 4056 Laudate
755 3998 1032 4054 Dominum
1047 4000 1110 4053 de
1129 4000 1288 4064 caelis,
1311 3980 1518 4053 lauda'te
1538 4016 1651 4052 eum
1677 4001 1732 4054 in
1759 4001 1997 4055 excelsis.

416 4089 656 4145 Laudate
684 4106 828 4154 eum,
861 4106 1034 4143 omnes
1065 4090 1236 4160 angeli
1260 4089 1402 4160 ejus;
1434 4090 1643 4144 laudate
1683 4106 1799 4145 eum
1825 4108 2002 4148 omnes

416 4183 633 4236 virtutes
661 4181 794 4251 ejus.
831 4177 1062 4234 Laudate
1088 4198 1222 4243 eunt,
1251 4181 1330 4235 sol
1361 4190 1410 4235 et
1434 4181 1585 4245 luna;
1625 4181 1836 4236 laudate
1864 4199 1992 4252 eum,

414 4291 599 4331 omnes
623 4273 793 4329 stellis
816 4282 866 4327 et
893 4272 1078 4327 lumen.
1105 4272 1338 4326 Laudate
1365 4291 1499 4337 eum,
1531 4274 1641 4327 caeli
1669 4273 1932 4338 caelorum,
1950 4287 2002 4333 et

411 4381 570 4438 aqua
601 4380 716 4436 qua:
755 4380 907 4434 super
946 4363 1098 4418 calas
1133 4372 1252 4416 sunt
1292 4363 1498 4416 laudent
1544 4379 1731 4418 nomen
1773 4363 2002 4418 Domini.

416 4457 558 4523 Quia
586 4460 695 4527 ipse
723 4456 857 4510 dixit
889 4465 938 4509 et
963 4457 1104 4526 facta
1131 4463 1282 4519 sunt,
1311 4455 1421 4524 ipse
1448 4453 1714 4509 mandavit
1749 4463 1799 4507 et
1837 4465 2010 4510 creata

416 4558 563 4603 sunt.
593 4546 786 4602 Statuit
807 4563 867 4599 ea
889 4547 942 4599 in
972 4545 1218 4599 saeculum
1240 4547 1356 4598 etin
1381 4543 1628 4599 steculum
1653 4544 2010 4615 saeculi:pra:—

414 4649 625 4711 ceptum
647 4639 818 4710 posuit
843 4646 893 4691 et
918 4653 1021 4694 non
1040 4635 1348 4706 praeteribit.
1382 4633 1615 4689 Laudate
1642 4633 1922 4690 Dominum
1945 4635 2008 4691 de

414 4740 579 4794 terra,
603 4738 654 4783 et
672 4727 921 4782 dracones
942 4736 991 4780 et
1011 4743 1185 4780 omnes
1204 4725 1395 4796 abyssi.
1423 4724 1570 4797 Ignis
1589 4764 1602 4788 ,
1631 4726 1828 4797 grando
1846 4767 1861 4791 ,
1895 4728 2006 4792 nix,

413 4822 636 4890 glacies,
665 4820 880 4888 spiritus
905 4818 1267 4888 procellarum,
1292 4833 1404 4889 quae
1429 4818 1631 4888 faciunt
1651 4817 1856 4870 verbum
1876 4815 2008 4886 ejus.

417 4908 630 4964 Montes
660 4917 710 4962 et
737 4925 912 4962 omnes
949 4908 1123 4973 colles,
1157 4906 1297 4978 ligna
1340 4907 1611 4978 fructifera
1644 4915 1693 4960 et
1723 4923 1897 4960 omnes
1926 4922 2011 4959 ce-

419 5007 517 5059 tlri.
550 5004 740 5058 Bestia:
754 5011 802 5057 et
819 5004 1054 5055 universa
1077 5010 1555 5071 pecora,serpentes
1581 5007 1630 5052 et
1650 4999 1874 5053 volucres
1896 5015 2016 5068 pen-

419 5107 581 5156 natus.
618 5095 784 5167 Reges
817 5105 966 5149 terra:
992 5104 1041 5148 et
1070 5110 1248 5148 omnes
1273 5093 1467 5164 populi,
1493 5093 1750 5164 principes
1772 5103 1820 5145 et
1839 5108 2013 5145 omnes

418 5174 623 5255 iudices
653 5196 820 5241 terrae.
862 5185 1084 5239 Iuvenes
1113 5194 1162 5238 et
1190 5185 1412 5256 virgines
1433 5225 1446 5250 ,
1477 5200 1624 5238 senes
1653 5200 1767 5238 ram
1787 5183 2016 5253 juniori—

417 5281 512 5334 bus
542 5280 759 5334 laudent
786 5295 971 5333 nomen
1002 5277 1241 5343 Domini,
1271 5276 1390 5348 quia
1410 5277 1702 5331 exaltatum
1731 5285 1807 5329 est
1834 5293 2017 5328 nomen

418 5375 533 5442 ejus
565 5372 749 5426 solius.
792 5369 1062 5442 Confessio
1093 5369 1202 5439 ejus
1241 5385 1394 5439 super
1433 5369 1613 5423 caelum
1641 5379 1690 5421 et
1722 5379 1938 5431 terram,
1971 5374 2021 5419 et

419 5463 678 5520 exultavit
723 5479 882 5516 cornu
921 5462 1096 5533 populi
1132 5464 1232 5514 sui.
1283 5460 1523 5532 Hymnus
1559 5459 1792 5515 omnibus
1829 5459 2021 5513 sanctis

421 5559 556 5628 ejus,
591 5557 717 5628 ﬁliis
748 5555 935 5622 Israel,
965 5556 1154 5627 populo
1173 5557 1608 5627 appropinquanti
1639 5555 1756 5607 sibi.

2093 3302 2280 3359 Iaudes
2304 3302 2435 3357 Dei?
2458 3301 2810 3357 convenimus
2837 3307 2891 3353 ut
2917 3299 3189 3353 vobiscum
3227 3296 3390 3351 Deum
3433 3296 3683 3352 laudare-

2093 3411 2233 3462 mus,
2261 3403 2316 3449 et
2344 3395 2643 3448 invenimus
2663 3402 2843 3447 vestro
2875 3391 3004 3447 vitio
3033 3391 3220 3445 viduas
3251 3389 3685 3460 blasphemantes

2095 3503 2293 3544 nomen
2324 3494 2586 3543 sanctum.
2619 3483 2887 3557 Pauperes
2907 3524 2921 3548 ,
2965 3484 3263 3554 orphanos,
3294 3490 3348 3536 et
3377 3497 3563 3537 omnes
3592 3482 3684 3550 qui

2096 3580 2198 3639 sibi
2227 3581 2414 3635 adesse
2442 3587 2628 3635 contra
2658 3585 2912 3649 potentes
2960 3591 3066 3630 non
3116 3581 3404 3644 poterant,
3453 3587 3685 3642 quorum

2099 3691 2196 3730 vos
2219 3689 2477 3745 personas
2505 3671 2881 3741 deSpicientes,
2911 3668 3134 3724 divitum
3164 3665 3438 3735 injustitiis
3463 3664 3685 3720 faveba-

2104 3766 2186 3832 tis,
2212 3766 2512 3834 erectisque
2540 3762 2707 3817 oculis
2737 3759 2802 3814 ad
2829 3759 3186 3814 sublimitates
3215 3755 3417 3821 mundi,
3448 3756 3531 3810 his
3565 3761 3686 3811 tan-

2103 3866 2215 3912 tum
2236 3865 2445 3912 vestros
2465 3855 2663 3908 hilares
2683 3859 2845 3922 atque
2866 3849 3106 3905 alfabiles
3127 3849 3400 3903 tradentes
3415 3857 3683 3920 aspectus,

2101 3963 2366 4020 pauperes
2385 3946 2538 4016 quasi
2564 3945 2824 4014 quosdam
2847 3958 2984 4012 quos
3004 3941 3145 3996 Deus
3175 3941 3323 3996 abuti
3352 3941 3685 4010 praeceperit,

2104 4040 2376 4096 renuistis.
2410 4037 2534 4092 Hice
2561 4036 2627 4090 ad
2659 4051 2754 4090 nos
2784 4035 3021 4089 omnium
3063 4033 3225 4086 verba
3270 4039 3425 4098 sunt;
3463 4031 3532 4086 ad
3568 4046 3687 4097 nos,

2106 4131 2346 4199 inquam,
2378 4129 2470 4197 qui
2497 4127 2736 4196 quotidie
2776 4125 2933 4194 hujus
2973 4124 3164 4196 psalmi
3193 4125 3320 4178 tuba
3343 4165 3357 4190 ,
3391 4138 3489 4194 per
3519 4131 3691 4177 totum

2106 4224 2386 4287 mundum,
2414 4237 2536 4276 mox
2568 4227 2625 4274 ut
2655 4219 2880 4289 coeperit
2909 4233 3103 4273 aurora
3127 4217 3232 4272 diei
3261 4216 3516 4271 inchoare
3539 4215 3691 4285 prin-

2109 4313 2328 4382 cipium,
2362 4312 2749 4378 universa‘quas
2779 4311 2831 4363 in
2862 4309 2999 4363 melo
3039 4317 3095 4362 et
3140 4323 3257 4376 quae
3293 4307 3346 4361 in
3385 4315 3526 4360 terra
3571 4315 3695 4359 sunt

2112 4405 2179 4461 ad
2223 4404 2544 4459 laudandum
2572 4412 2626 4457 et
2653 4401 3078 4458 benedicendum
3115 4399 3284 4456 Deum
3315 4413 3692 4470 provocamus.

2114 4497 2313 4553 Verum
2333 4495 2472 4550 sicut
2498 4493 2818 4548 medicinam
2849 4499 3073 4549 evacuat
3092 4491 3287 4547 medici
3308 4490 3700 4546 incontinentis

2040 4577 2086 4635 Π
2112 4588 2454 4658 aegrotantis,
2501 4593 2556 4640 et
2601 4601 2709 4640 non
2758 4587 3020 4656 permittit
3046 4585 3344 4656 profectum
3375 4585 3492 4654 ejus
3520 4592 3704 4641 osten-

2115 4681 2245 4736 dere
2273 4679 2571 4741 medicinas,
2600 4693 2710 4733 sua:
2735 4678 3002 4734 defcctum
3045 4679 3296 4747 ingerens
3323 4678 3701 4742 continentiae;

2119 4777 2191 4842 ita
2219 4791 2317 4830 nos
2345 4774 2443 4829 ista
2473 4775 2653 4828 omnia
2685 4773 2902 4838 utimur,
2933 4785 3051 4843 qua:
3077 4772 3238 4826 etiam
3267 4771 3310 4826 si
3336 4772 3581 4840 placeant
3607 4785 3706 4824 no-

2120 4867 2202 4922 bis
2229 4867 2352 4919 dum
2383 4866 2632 4933 leguntur
2656 4907 2668 4931 ,
2716 4866 2839 4917 dum
2889 4871 3308 4919 contemnuntur
3346 4877 3454 4916 non
3492 4863 3707 4931 placere

2122 4956 2467 5013 ostendimus.
2502 4956 2696 5012 Nescio
2719 4971 2827 5025 quo
2857 4957 3000 5011 enim
3028 4957 3189 5011 modo
3211 4971 3316 5010 non
3339 4961 3520 5024 potest
3550 4952 3705 5004 nobis

2123 5049 2342 5103 omnino
2385 5047 2619 5114 suaderi,
2671 5061 2738 5102 ne
2785 5061 3072 5118 personam
3111 5044 3344 5112 cujusvis
3383 5041 3704 5111 peccatoris,

2119 5140 2282 5193 etiam
2310 5139 2355 5192 si
2376 5138 2551 5207 justus
2589 5139 2691 5204 sit,
2744 5135 3194 5205 negligentissime
3222 5131 3530 5192 abutamur;
3564 5131 3708 5200 quod

2120 5229 2310 5283 vitium
2342 5237 2398 5282 ut
2428 5237 2738 5301 amputetur
2787 5241 2816 5279 a
2868 5223 3021 5278 nobis
3065 5219 3347 5273 Dominum
3397 5235 3706 5276 exoremus.

2124 5322 2241 5394 Ipse
2284 5324 2426 5378 enim
2476 5321 2864 5379 correctionem
2911 5328 3118 5367 morum
3164 5313 3562 5384 postulantibus
3609 5331 3708 5371 an-

2126 5415 2278 5480 nuit,
2328 5416 2419 5482 qui
2459 5416 2511 5468 in
2553 5420 2757 5466 tantum
2797 5405 3208 5461 liberalitatibus
3261 5405 3344 5459 Itis
3399 5409 3603 5472 allluit,
3657 5417 3708 5460 nt

2131 5507 2243 5576 ipse
2285 5507 2508 5576 imperet
2546 5503 2686 5571 quod
2727 5509 2985 5569 petatur:
3020 5498 3189 5552 Petite
3216 5540 3228 5562 ,
3275 5500 3475 5568 inquit,
3526 5509 3574 5552 et
3620 5500 3715 5552 da-

2132 5595 2265 5651 bitur
2303 5597 2473 5657 vobis;
2513 5594 2722 5665 quwrite
2760 5602 2808 5645 et
2845 5592 3147 5657 invenietis,
3187 5592 3388 5662 pulsate
3425 5603 3474 5646 et
3513 5593 3714 5661 aperie-

1019 5684 1453 5724 COWENHMUM'
1529 5747 1564 5759 _
2130 5699 2212 5743 tur
2249 5688 2384 5742 vobis
2415 5685 2560 5759 (Luc.
2598 5683 2692 5750 xi).
2727 5683 3006 5739 Antecedit
3033 5684 3202 5753 gratia
3247 5682 3342 5736 Dei
3382 5681 3716 5736 voluntatem

501 5777 871 5846 Consuetudo,
901 5781 1066 5836 immo
1094 5782 1173 5836 vis
1194 5780 1435 5848 quaedam
1468 5747 1784 5834 naturalium
1804 5779 2028 5847 imperat
2130 5777 2362 5830 hominis
2386 5814 2398 5836 ,
2418 5747 2431 5759 Χ
2458 5783 2511 5826 et
2561 5747 2672 5824 vult
2719 5782 2776 5827 ut
2814 5747 3063 5826 voluntas
3108 5771 3338 5825 hominis
3369 5771 3462 5822 Dei
3490 5770 3717 5838 gratiam
