4282 6264
589 295 696 358 567

1923 302 2194 359 ARNOBII
2233 302 2536 362 JUNIORIS

590 415 872 470 antecedat
911 416 1159 484 petitura.
1191 415 1325 470 Cum
1360 428 1538 472 autem
1582 421 1783 486 petenti
1830 419 2030 481 donat,
2074 434 2161 472 se-
2194 422 2240 478 Α
2268 421 2514 489 exemplo
2546 421 2663 475 vitae
2715 439 2779 478 ac
2819 439 3030 479 morum
3078 431 3386 481 nostrorum
3434 421 3843 479 aediﬁcationem

588 508 772 574 quitur
788 507 1114 560 voluntatem
1140 524 1152 558 :
1179 506 1362 561 Omnis
1379 511 1533 576 enim,
1553 511 1740 580 inquit,
1755 513 1838 580 qui
1861 513 2063 580 petierit
2085 527 2165 564 ac-

593 600 728 669 cipit.
762 597 1010 651 Petamus
1039 611 1186 664 ergo,
1218 607 1278 652 ιιι
1303 607 1357 652 et
1387 616 1482 654 nos
1508 617 1630 654 cum
1667 601 1869 668 angelis
1897 601 2159 664 omnibus,

587 697 642 743 et
683 704 803 743 cum
853 688 1114 742 universis
1139 689 1421 745 virtutibus
1449 690 1564 758 ejus
1593 693 1644 746 in
1693 691 1887 746 divinis
1921 691 2162 745 laudibus

585 778 920 849 participium
949 780 1239 848 capiamus,
1267 789 1323 834 et
1350 781 1485 836 sicut
1513 781 1580 836 de
1619 781 1723 835 illis
1751 781 1944 837 dicitur
1975 800 1986 834 :
2013 779 2159 836 Prte-

582 881 795 942 ceptum
823 872 1002 941 posuit
1022 872 1163 940 quod
1193 888 1298 926 non
1319 873 1726 940 pneteribitﬁta
1757 881 1811 928 et
1839 890 1937 928 nos
1955 890 2148 944 pratce-
2205 939 2208 941 _

584 973 734 1034 ptum
776 963 988 1017 Domini
1033 976 1430 1017 conservemus.
1463 964 1539 1018 De
1581 965 1726 1017 omni
1755 980 1884 1019 vero
1912 974 2156 1019 creatura

583 1055 777 1109 dicitur
799 1054 925 1122 quia
956 1054 1068 1123 ipse
1097 1054 1230 1107 dixit
1258 1062 1312 1109 et
1340 1054 1477 1109 iacta
1499 1063 1639 1121 sunt,
1657 1056 1761 1110 hoc
1787 1065 1888 1120 est,
1911 1073 2006 1126 per
2027 1057 2158 1111 Ver-

583 1146 708 1198 hum
737 1144 833 1199 Dei
881 1145 1020 1198 facta
1049 1159 1189 1210 sunt,
1218 1143 1378 1199 Patre
1407 1145 1689 1214 loquente,
1721 1145 1856 1200 Filio
1899 1157 2116 1202 creante
2142 1187 2156 1212 ,

579 1243 766 1288 sancto
788 1233 987 1303 Spiritu
1017 1235 1315 1299 animante,
1347 1243 1543 1290 statuta
1572 1246 1697 1290 sunt
1734 1237 1786 1291 in
1815 1247 2073 1292 mternum
2102 1247 2158 1293 et

579 1323 632 1378 in
661 1325 910 1379 saeculum
939 1325 1138 1386 smculi,
1171 1325 1222 1378 id
1251 1333 1349 1389 est,
1381 1325 1615 1392 quandiu
1642 1335 1725 1380 est
1751 1327 1854 1382 hoc
1881 1329 2151 1393 saeculum,

579 1414 633 1466 in
662 1413 914 1467 s'ccttlum
951 1414 1128 1468 saeculi
1165 1423 1409 1481 manent,
1441 1416 1494 1469 in
1539 1432 1647 1484 quo
1677 1427 1800 1472 sunt
1846 1427 2024 1473 omnia
2053 1420 2155 1474 ista

578 1518 698 1572 quae
743 1504 943 1559 faciunt
987 1506 1204 1559 verbum
1249 1505 1395 1574 ejus,
1441 1507 1492 1560 id
1537 1518 1636 1572 est,
1684 1509 1946 1564 elementa
1995 1492 2163 1578 ignis,

577 1597 874 1663 grandinis,
907 1598 1043 1652 nivis
1071 1606 1125 1651 et
1172 1598 1394 1667 spiritus
1440 1599 1789 1668 tempestatis.
1821 1599 1944 1655 Harc
1971 1602 2151 1655 omnia

577 1689 816 1744 serviunt
854 1689 1116 1742 voluntati
1142 1689 1253 1752 Dei,
1286 1697 1339 1742 et
1380 1689 1492 1742 hmc
1529 1688 1731 1744 faciunt
1758 1691 1900 1759 quod
1931 1692 2149 1746 verbum

2268 509 2554 565 Dominicm
2582 515 2980 582 congregationi
3006 516 3350 580 exhibemus;
3381 515 3624 570 laetantes
3654 530 3759 570 non
3785 515 3840 570 in

2265 600 2430 668 gloria
2463 603 2670 667 mundi,
2702 619 2874 674 neque
2904 606 2955 660 in
2984 607 3184 661 divitiis
3211 607 3411 671 saeculi,
3437 605 3532 660 sed
3559 605 3613 659 in
3653 621 3720 660 eo
3747 606 3838 676 qui

2263 705 2362 745 nos
2390 691 2534 758 fecit,
2565 692 2688 747 dum
2728 709 3099 761 nasceremur;
3123 698 3250 765 quia
3276 697 3332 750 in
3361 711 3428 751 eo
3455 704 3677 766 apparet
3703 693 3838 750 ﬁlios

2262 779 2389 835 Sion
2413 797 2549 847 esse,
2577 784 2628 836 id
2656 792 2756 848 est,
2774 783 3045 850 Ecclesim,
3066 787 3112 840 si
3141 787 3194 840 in
3216 801 3341 854 rege
3369 795 3553 841 nostro
3584 794 3639 840 et
3660 787 3837 840 Domi-

2263 886 2332 924 no
2361 873 2702 937 exsultemus,
2729 873 3002 928 laudantes
3028 891 3222 930 nomen
3243 875 3358 944 ejus
3377 875 3428 928 in
3453 876 3642 940 choro,
3664 875 3716 928 id
3737 883 3835 940 est,

2213 1001 2216 1004 .
2261 977 2381 1016 cum
2411 963 2555 1016 omni
2582 964 2800 1032 populo,
2833 965 2888 1018 in
2920 973 3200 1036 tympano,
3238 965 3291 1019 id
3315 974 3412 1031 est,
3446 967 3500 1020 in
3527 967 3838 1021 extensione

2257 1050 2400 1105 follis
2431 1053 2599 1106 nostri
2626 1055 2892 1122 corporei.
2925 1055 3070 1109 Bene
3095 1056 3238 1110 enim
3265 1049 3440 1120 sonat,
3466 1071 3589 1111 cum
3630 1065 3710 1111 est
3747 1072 3835 1110 so—

2257 1141 2452 1207 brium,
2485 1142 2737 1197 mundum
2766 1153 2821 1199 et
2863 1153 3086 1200 castum.
3119 1145 3228 1201 Nec
3255 1146 3429 1202 solum
3479 1148 3530 1201 in
3563 1155 3832 1217 tympano,

2257 1232 2351 1286 sed
2388 1240 2442 1286 et
2480 1232 2532 1285 in
2562 1234 2816 1302 psalterio
2861 1237 3151 1304 psallamus
3189 1238 3259 1291 ei.
3289 1236 3404 1292 Non
3437 1238 3579 1291 enim
3615 1239 3834 1292 castitas

2257 1330 2312 1375 et
2339 1322 2656 1376 abstinentia
2677 1339 2775 1378 nos
2796 1325 3090 1394 perducunt
3118 1327 3183 1382 ad
3194 1327 3438 1393 Deum,si
3465 1343 3560 1382 nos
3581 1327 3832 1382 deserue-

2255 1413 2326 1466 rit
2363 1412 2640 1480 integritas
2678 1411 2826 1480 fidei,
2858 1429 2976 1484 qua:
3023 1417 3076 1471 in
3123 1417 3308 1473 decem
3341 1418 3552 1474 chordis
3595 1418 3832 1489 psalterii

2244 1497 2571 1558 declaratur.
2605 1505 2754 1561 Tunc
2783 1522 2924 1561 enim
2971 1510 3342 1577 cognoscimus
3367 1511 3490 1578 quia
3531 1509 3832 1579 beneplaci-

2257 1602 2366 1648 tum
2392 1603 2476 1649 est
2502 1595 2728 1655 Domino
2758 1599 2810 1652 in
2837 1598 3088 1667 populum
3111 1614 3283 1664 suum,
3310 1615 3430 1655 cum
3457 1601 3715 1668 superbos
3735 1594 3856 1652 ιλιι-⁸

2254 1685 2540 1740 miliaverit
2579 1687 2630 1740 in
2660 1687 3184 1762 condemnationem,
3215 1698 3270 1744 et
3319 1690 3635 1747 exaltaverit
3677 1706 3831 1761 man--

577 1777 693 1846 ejus
721 1780 1051 1849 praeceperit.
1078 1779 1314 1848 Denique
1337 1780 1617 1848 imperavit
1643 1782 1892 1849 procellis
1920 1790 1974 1836 et
2002 1784 2152 1851 quie—
2181 1785 2230 1846 B
2254 1784 2436 1832 suetos
2464 1777 2517 1831 in
2547 1778 2792 1832 salutem.
2822 1777 2989 1843 Tunc,
3039 1780 3274 1848 inquam,
3317 1781 3654 1849 agnoscimus
3691 1779 3833 1850 quod

577 1879 794 1938 verunt;
826 1872 1106 1940 imperavit
1125 1871 1296 1925 ventis
1325 1871 1573 1926 ﬂantibus
1599 1880 1654 1926 et
1677 1872 1955 1936 siluerunt,
1972 1882 2151 1928 osten-

577 1964 765 2020 dentes
809 1965 951 2018 hunc
981 1978 1098 2017 esse
1127 1962 1278 2030 cujus
1306 1978 1500 2017 nomen
1529 1963 1694 2018 solius
1742 1964 1814 2018 ita
1860 1965 2152 2020 exaltatum

507 2105 515 2113 .
577 2065 680 2122 est,
712 2064 769 2109 ut
796 2057 865 2110 sit
893 2055 1157 2111 confessio
1185 2053 1300 2123 ejus
1341 2070 1502 2124 super
1529 2055 1721 2109 cmlum
1763 2062 1816 2108 et
1856 2063 2072 2122 terram,
2097 2065 2152 2112 et

577 2150 632 2201 in
672 2149 878 2202 nomine
905 2147 1015 2217 ejus
1055 2162 1203 2200 omne
1242 2163 1371 2217 genu
1399 2147 1634 2214 ﬂectatur
1664 2148 1960 2213 caelestium,
1988 2156 2149 2202 terre-

577 2241 758 2293 strium
779 2247 828 2292 et
853 2241 1175 2310 infernarum
1203 2237 1366 2308 (Phil.
1400 2239 1478 2306 ll).
1520 2237 1586 2292 Et
1616 2240 1730 2308 ipse
1757 2241 2013 2294 exaltavit
2038 2256 2152 2296 cor-

577 2347 648 2385 nu
696 2331 877 2400 p0puli
925 2330 1026 2394 sui,
1056 2331 1129 2383 ita
1158 2338 1215 2383 ut
1260 2329 1440 2401 hymni
1469 2337 1731 2384 canantur
1761 2330 1812 2384 in
1859 2338 1974 2386 toto
2021 2333 2151 2387 orbe

577 2431 844 2477 terrarum
871 2421 1116 2476 omnibus
1141 2422 1339 2476 sanctis
1367 2420 1500 2489 ejus,
1532 2431 1588 2476 et
1615 2422 1736 2477 filiis
1764 2423 1925 2478 Israel
1951 2427 2152 2496 populo

577 2511 1024 2582 appropinquanti
1046 2511 1114 2565 ei.
1140 2509 1260 2564 Filii
1287 2512 1399 2565 sive
1427 2512 1479 2565 in
1510 2511 1652 2567 bono
1680 2515 1943 2584 exemplo,
1959 2515 2071 2570 sive
2099 2518 2152 2571 in

578 2604 738 2668 malo,
782 2603 1075 2657 imitatores
1117 2603 1171 2655 in
1204 2603 1368 2656 sacris
1396 2602 1750 2658 voluminibus
1797 2606 2150 2674 appellantur.

577 2693 814 2762 Denique
842 2693 968 2748 dum
988 2699 1195 2748 constat
1223 2692 1366 2761 quod
1405 2693 1494 2747 lilii
1523 2691 1749 2749 Abrahae
1777 2706 1955 2752 essent
1983 2699 2037 2752 hi
2061 2699 2153 2768 qui

577 2783 857 2838 Dominum
875 2789 1113 2836 nostrum
1132 2780 1312 2835 Jesum
1329 2780 1598 2836 Christum
1613 2793 1727 2838 arte
1746 2799 1804 2839 se
1823 2787 2080 2854 putabant
2099 2797 2154 2842 et

575 2873 701 2928 dolo
733 2871 1135 2936 circumvenire,
1152 2871 1279 2925 dicit
1304 2872 1380 2925 eis
1405 2889 1416 2924 :
1443 2871 1544 2926 Vos
1558 2889 1622 2927 ea;
1635 2883 1782 2944 patre
1809 2876 2013 2931 diabolo
2032 2880 2154 2932 estis

577 2962 754 3032 (Joan.
776 2961 1159 3032 vm).Cumque
1200 2961 1273 3014 illi
1301 2962 1538 3016 dicerent
1560 2979 1616 3016 se
1652 2973 1857 3032 patrem
1887 2967 2150 3022 Abraham

576 3053 794 3112 habere,
827 3051 914 3104 ille
942 3051 1215 3119 respondit
1248 3069 1259 3102 :
1293 3050 1353 3105 Si
1389 3051 1485 3122 ﬁlii
1512 3053 1736 3108 Abi-aha:
1766 3057 1967 3120 essetis,
1997 3069 2178 3125 opera'

2255 1889 2400 1928 nunc
2425 1873 2706 1939 credimus,
2746 1890 2864 1929 cum
2910 1875 3178 1930 exsultant
3202 1875 3372 1930 sancti
3417 1875 3469 1929 in
3509 1874 3695 1942 gloria,
3744 1875 3832 1943 qui

2254 1982 2398 2023 nunc
2445 1968 2695 2022 laetantur
2724 1969 2777 2022 in
2822 1969 3084 2025 cubilibus
3113 1971 3254 2035 suis,
3281 1979 3651 2040 exspectantes
3694 1968 3831 2024 diem

2253 2060 2640 2114 retributionis.
2672 2059 2804 2114 Nam
2832 2060 2926 2129 qui
2971 2061 3271 2116 habuerunt
3298 2077 3439 2116 nunc
3477 2061 3828 2116 exaltationes

2254 2150 2350 2206 Dei
2389 2152 2441 2206 in
2466 2145 2708 2208 faucibus
2735 2153 2863 2220 suis,
2896 2160 3137 2222 tempore
3162 2169 3270 2222 quo
3299 2154 3528 2208 confessi
3571 2162 3695 2208 sunt
3721 2154 3833 2221 glo-

2254 2241 2389 2295 riam
2417 2241 2613 2296 Christi
2642 2244 2732 2311 qui
2761 2251 2844 2298 est
2871 2245 3137 2299 exaltatus
3178 2245 3230 2299 in
3258 2260 3434 2310 cruce,
3459 2245 3549 2314 qui
3581 2252 3664 2300 est
3688 2233 3832 2298 exal-

2253 2338 2396 2386 tatus
2425 2333 2477 2385 in
2499 2334 2912 2400 resurrectione,
2939 2336 3030 2403 qui
3069 2343 3152 2388 est
3178 2336 3444 2391 exaltatus
3469 2337 3519 2389 in
3548 2335 3699 2390 omlo.
3728 2334 3829 2388 Has

2253 2422 2345 2489 qui
2373 2423 2674 2477 habuerunt
2703 2424 3057 2479 exaltationes
3086 2425 3180 2480 Dei
3209 2426 3264 2479 in
3291 2425 3528 2480 faucibus
3551 2427 3676 2488 suis,
3708 2426 3828 2494 qui-

2255 2527 2464 2580 cunque
2488 2513 2673 2566 habuit
2701 2513 2938 2568 interibit
2964 2515 3186 2584 perfidia
3215 2516 3828 2590 hominum‘impiorum.

2253 2603 2321 2658 Hi
2349 2619 2478 2673 ergo
2506 2620 2615 2660 non
2661 2614 2807 2659 metu
2835 2605 3120 2672 carniﬁcis,
3151 2623 3256 2662 non
3301 2608 3583 2662 verberum
3630 2616 3831 2662 terrore

2255 2694 2503 2764 perculsi,
2533 2695 2630 2750 has
2655 2696 3009 2750 exaltationes
3029 2697 3240 2751 Domini
3267 2697 3542 2754 siluerunt.
3567 2697 3704 2765 Quin
3735 2699 3833 2751 im-

2253 2800 2363 2850 mo,
2393 2794 2595 2853 quanto
2627 2787 2747 2856 plus
2785 2789 2924 2857 passi
2961 2787 3159 2844 fuerint
3189 2788 3507 2859 aﬂligentes,
3541 2799 3690 2845 tanto
3714 2792 3828 2861 plus
3865 2849 3868 2852 _

2255 2877 2572 2934 confitentes
2613 2879 2867 2935 existunt.
2900 2880 2964 2934 Hi
3018 2882 3290 2936 habebunt
3333 2883 3538 2952 gladios
3574 2881 3830 2953 ancipitei

2255 2969 2308 3022 in
2357 2962 2600 3024 manibus
2645 2972 2776 3036 suis,
2806 2971 2858 3026 id
2911 2979 3011 3038 est,
3054 2973 3345 3027 sententias
3403 2973 3586 3027 mortis
3621 2983 3830 3028 aeternas

2255 3069 2310 3113 et
2333 3075 2503 3128 pmnae
2540 3069 2812 3130 perpetua:
2849 3061 2916 3116 ad
2942 3061 3236 3118 faciendam
3277 3063 3563 3118 vindictam
3611 3065 3663 3118 in
3704 3078 3828 3132 gen-

575 3142 796 3196 Abraha:
817 3141 1222 3212 faceretis.Ergo
1242 3142 1294 3196 hi
1317 3159 1456 3198 nunc
1477 3143 1568 3197 lilii
1587 3145 1837 3214 hymnum
1857 3148 2141 3216 accipiunt,
2173 3149 2220 3214 C
2247 3148 2391 3202 tibus
2412 3189 2426 3213 ,
2483 3158 2537 3202 et
2590 3150 2981 3220 increpationes
3043 3152 3096 3205 in
3148 3153 3359 3222 populis
3381 3194 3395 3217 ,
3428 3153 3494 3207 ad
3539 3153 3828 3222 alligandos

575 3232 666 3300 qui
695 3231 905 3290 lsraelis
923 3239 1196 3286 sectantur
1215 3233 1536 3302 exemplum.
1559 3233 1626 3286 Et
1649 3235 1784 3288 sicut
1810 3235 1916 3298 ille,
1942 3238 2150 3305 patien-

578 3325 649 3378 tia
688 3330 743 3378 et
774 3322 875 3378 ﬁde
903 3322 1217 3393 proﬁciens,
1248 3326 1442 3379 meruit
1471 3324 1605 3379 facie
1653 3325 1718 3379 ad
1747 3326 1932 3380 faciem
1964 3328 2146 3382 Domi-

574 3431 702 3469 num
727 3415 893 3469 Deum
921 3414 1123 3479 videre,
1152 3417 1290 3470 unde
1314 3416 1480 3470 Israel
1507 3417 1802 3486 appellatus
1831 3426 1929 3482 est,
1962 3419 2012 3472 id
2043 3429 2145 3483 est,

575 3505 748 3560 uidens
777 3504 942 3559 Deum
969 3503 1119 3576 (Gen.
1157 3507 1352 3573 xxxu);
1384 3507 1550 3560 Deum
1579 3517 1753 3560 autem
1785 3507 2149 3566 desiderantes

572 3597 794 3650 audiunt
818 3596 921 3666 sibi
939 3597 1140 3650 monita
1161 3596 1305 3649 dari:
1328 3595 1472 3650 Beati
1496 3597 1686 3652 mundo
1707 3597 1886 3664 corde,
1909 3601 2030 3670 quia
2048 3601 2148 3669 ipsi

571 3684 737 3740 Deum
757 3686 993 3740 videbunt
1016 3685 1322 3757 (Matth.v);
1357 3688 1426 3741 ita
1445 3687 1525 3741 his
1545 3689 1635 3756 qui
1657 3689 1747 3742 lilii
1774 3688 1888 3757 ejus
1914 3706 2009 3758 per
2037 3691 2151 3744 imi-

573 3778 830 3832 tationem
855 3778 970 3846 ejus
991 3776 1115 3832 facti
1143 3785 1286 3843 sunt,
1311 3777 1565 3850 hymnum
1593 3781 1832 3850 praecipit
1858 3782 1997 3846 cani,
2023 3782 2146 3849 quia

570 3881 668 3937 per
694 3869 1008 3922 munditiam
1031 3869 1206 3922 cerdis
1234 3878 1510 3924 merentur
1538 3876 1596 3923 ut
1627 3870 1836 3923 videant
1864 3871 2028 3923 Demn
2053 3887 2147 3939 ap-

570 3959 1015 4032 propinquantem
1045 3960 1095 4015 ei
1123 3960 1215 4029 qui
1244 3971 1431 4029 regnat
1471 3962 1523 4014 in
1567 3963 1758 4016 saecula
1806 3961 2141 4015 smculorum.

570 4051 758 4107 Amen.

1066 4137 1378 4194 PSALMUS
1416 4137 1644 4194 CXLIX.

1241 4253 1483 4308 Alleluia.

640 4365 857 4422 Cautate
882 4365 1105 4420 Domino
1133 4349 1388 4417 canticum
1424 4379 1628 4430 novum,
1660 4363 1772 4417 laus
1813 4367 1925 4435 ejus
1967 4367 2020 4420 in
2067 4385 2144 4420 ec-

567 4456 725 4508 clesia
751 4465 1063 4510 sanctorum.
1106 4453 1332 4506 Laetetur
1362 4452 1614 4507 Israel'in
1642 4472 1700 4509 eo
1736 4457 1820 4527 qui
1860 4459 1978 4527 fecit
2004 4475 2138 4524 eum,

567 4555 615 4600 et
642 4546 769 4616 ﬁlia:
790 4544 920 4600 Sion
939 4545 1192 4599 exsultent
1215 4545 1267 4596 in
1288 4562 1404 4616 rege
1429 4561 1540 4599 suo.
1565 4545 1803 4601 Laudent
1823 4565 2004 4603 nomen
2028 4551 2140 4620 ejus

565 4639 620 4691 in
647 4637 831 4702 choro;
853 4639 909 4690 in
937 4644 1175 4706 tympano
1197 4645 1244 4690 et
1268 4639 1512 4707 psalterio
1539 4639 1763 4708 psallunt
1790 4643 1854 4695 ei.
1891 4640 2024 4705 Quia
2053 4643 2138 4698 be-

564 4727 872 4798 neplacitum
889 4736 965 4780 est
983 4725 1204 4781 Domino
1223 4729 1279 4781 in
1299 4728 1486 4798 populo
1503 4743 1616 4794 suo,
1638 4737 1687 4782 et
1713 4731 1959 4784 exaltabit
1983 4749 2135 4787 man-

569 4827 734 4876 suetos
769 4819 829 4871 in
869 4819 1104 4872 salutem.
1137 4817 1484 4873 Exsultabunt
1511 4821 1676 4874 sancti
1696 4822 1749 4874 in
1779 4821 1962 4892 gloria,
1995 4823 2136 4877 laeta-

563 4912 748 4966 buntur
770 4911 827 4964 in
855 4909 1100 4965 cubilibus
1137 4912 1262 4964 suis.
1299 4911 1680 4967 Exsultationes
1712 4912 1812 4970 Dei
1837 4915 1893 4967 in
1933 4925 2133 4985 gutture

562 5021 755 5066 eorum,
782 5012 833 5057 et
860 5003 1020 5074 gladii
1057 5005 1304 5072 ancipites
1331 5005 1385 5056 in
1414 5005 1650 5057 manibus
1694 5020 1889 5058 eorum.
1920 5005 2002 5058 Ad
2049 5008 2134 5077 fa-

560 5096 795 5148 ciendum
821 5095 1096 5148 vindictam
1123 5095 1176 5147 in
1215 5093 1532 5159 nationibus,
1560 5095 1935 5164 increpationes
1955 5097 2011 5148 in
2052 5112 2138 5166 po-

561 5185 713 5235 nalis.
748 5183 827 5234 Ad
855 5184 1147 5256 alligandos
1165 5199 1310 5254 reges
1333 5199 1505 5238 eorum
1526 5185 1578 5236 in
1601 5182 1941 5251 compedibus,
1972 5193 2020 5237 et
2042 5202 2137 5239 no-

559 5269 683 5321 biles
703 5283 879 5322 eorum
899 5273 953 5324 in
973 5273 1190 5326 manicis
1211 5270 1488 5343 ferreis.Ut
1508 5273 1703 5343 faciant
1723 5273 1777 5324 in
1796 5274 1869 5325 eis
1881 5272 2134 5341 judicium

561 5359 922 5426 conscriptum,
950 5363 1117 5430 gloria
1140 5363 1250 5416 haec
1275 5372 1350 5416 est
1370 5362 1602 5418 omnibus
1630 5365 1819 5416 sanctis
1840 5364 1968 5434 ejus.

1134 5489 1566 5530 COIIENTABIUM.

633 5581 909 5636 Canticum
965 5597 1160 5636 novum
1218 5595 1494 5640 cantamus
1543 5586 1768 5640 Domino
1825 5589 2038 5658 quando
2081 5591 2134 5645 in

562 5673 798 5729 novitate
839 5673 958 5726 vitae
1006 5672 1338 5727 ambulamus
1381 5675 1431 5730 in
1461 5677 1686 5731 ecclesia
1730 5689 2034 5734 sanctorum
2080 5689 2134 5735 et

2249 3255 2403 3309 reges
2444 3256 2630 3295 eorum
2680 3243 2733 3296 in
2779 3243 3152 3313 compedibus,
3201 3252 3256 3298 et
3299 3245 3503 3302 nobiles
3544 3261 3728 3299 eorum
3774 3246 3826 3298 in

2251 3330 2475 3385 vinculis
2523 3330 2728 3386 ferreis.
2779 3332 2981 3398 Quibus
3029 3349 3172 3392 nunc
3206 3334 3398 3388 dicitur
3451 3349 3482 3387 a
3537 3334 3762 3388 Domino
3813 3352 3826 3387 :

2249 3421 2503 3475 Sedebitis
2550 3439 2702 3494 super
2741 3423 3012 3477 duodecim
3051 3424 3281 3489 thronos,
3298 3424 3590 3497 judicantes
3635 3425 3824 3478 duode-

2245 3516 2345 3567 cim
2401 3513 2559 3568 tribus
2613 3514 2783 3569 Israel
2835 3514 3066 3586 (Matth.
3121 3516 3272 3586 χιχ).
3331 3514 3400 3570 Hi
3449 3529 3577 3583 ergo
3631 3515 3825 3570 faciunt

2247 3605 2300 3660 in
2344 3607 2422 3661 eis
2444 3606 2705 3675 judicium
2751 3609 3130 3677 conscriptum.
3174 3608 3279 3677 ipsi
3325 3608 3467 3662 enim
3509 3606 3822 3681 judicabant

2247 3700 2504 3755 mundum
2533 3716 2631 3770 pro
2658 3701 2909 3771 operibus
2929 3700 3123 3769 impiis,
3148 3700 3239 3768 qui
3260 3708 3382 3754 sunt
3409 3715 3440 3753 a
3463 3699 3657 3753 mundo
3683 3697 3821 3752 allli-

2247 3792 2320 3846 cti
2346 3806 2444 3860 pro
2472 3791 2721 3860 operibus
2746 3792 2874 3843 Suis.
2900 3787 3142 3859 Cumque
3166 3790 3514 3860 judicaverint
3533 3789 3697 3843 sancti
3726 3804 3817 3842 eos

2245 3897 2419 3951 reges,
2445 3899 2475 3937 a
2503 3885 2696 3952 quibus
2718 3883 2942 3957 judicati
2984 3893 3126 3950 sunt,
3157 3891 3284 3938 tunc
3311 3884 3413 3938 erit
3454 3882 3617 3952 gloria
3644 3881 3819 3936 omni-

2244 3975 2345 4028 bus
2363 3974 2562 4028 sanctis
2588 3975 2722 4042 ejus.
2754 3974 2913 4029 Modo
2956 3976 3240 4045 unicuique
3285 3974 3478 4030 dicitur
3509 3991 3522 4026 :
3554 3971 3613 4027 Si
3655 3973 3822 4026 credis

2243 4066 2414 4121 uidere
2441 4064 2572 4119 bona
2592 4065 2802 4120 Domini
2830 4067 2884 4120 in
2907 4075 3045 4122 terra
3066 4068 3351 4130 viventium,
3374 4074 3614 4136 exspecta
3640 4063 3820 4118 Domie

2245 4172 2367 4209 num
2396 4164 2446 4209 et
2467 4172 2562 4226 age
2589 4157 2802 4210 viriliter
2831 4156 2946 4226 (Ps.
2977 4157 3155 4225 nvi);
3188 4157 3233 4211 si
3261 4155 3452 4220 credis,
3477 4171 3582 4210 non
3612 4154 3823 4210 desinas

2243 4232 2514 4314 spectare,
2546 4255 2600 4300 et
2635 4247 2679 4300 si
2727 4255 2782 4301 te
2820 4262 2918 4316 pro
2942 4255 3092 4302 certo
3139 4247 3282 4317 quod
3311 4247 3485 4301 credis
3519 4246 3822 4300 desiderare

2242 4337 2540 4404 cognoscis.
2572 4336 2722 4392 Hanc
2767 4338 2907 4391 enim
2937 4338 3161 4405 gloriam
3189 4337 3436 4392 omnibus
3461 4335 3661 4391 sanctis
3697 4344 3826 4389 tunc

2241 4429 2629 4496 gratulabimur
2667 4429 2930 4493 evenisse,
2963 4429 3008 4482 si
3055 4429 3107 4482 in
3149 4443 3467 4498 quacunque
3505 4427 3822 4481 necessitate

2169 4509 2219 4568 Ι)
2243 4520 2403 4588 positi
2431 4520 2664 4573 animum
2693 4521 2906 4589 penitus
2935 4521 3042 4575 non
3070 4529 3355 4585 mutemus,
3383 4519 3820 4588 sedexspoctan-

2243 4617 2325 4664 tes
2375 4609 2660 4665 Dominum
2685 4610 2941 4679 quotidie,
2984 4611 3082 4680 ipsi
3127 4625 3224 4680 per
3259 4601 3572 4680 patientiam
3620 4609 3818 4677 gratias

2242 4699 2537 4755 referamus
2563 4701 2657 4769 qui
2675 4709 2865 4769 regnat
2891 4702 2943 4754 in
2973 4701 3166 4756 secula
3195 4701 3532 4756 saeculorum.
3557 4700 3743 4754 Amen.

2805 4829 3117 4886 PSALMUS
3140 4831 3245 4886 CL.

2902 4943 3147 4997 Alleluia.

2313 5050 2547 5106 Laudate
2573 5052 2853 5107 Dominum
2897 5055 2951 5107 in
2979 5056 3172 5108 sanctis
3218 5056 3362 5126 ejus;
3390 5057 3596 5110 laudate
3622 5075 3735 5110 emn
3765 5051 3818 5110 in

2239 5143 2562 5210 ﬁrmamento
2582 5145 2781 5197 virtutis
2803 5145 2931 5214 ejus.
2959 5143 3189 5198 Laudate
3201 5163 3315 5199 eum
3330 5149 3382 5199 in
3403 5147 3665 5200 virtutibus
3684 5149 3812 5218 ejus;

2239 5232 2448 5285 laudate
2467 5250 2580 5286 eum
2601 5235 2877 5288 secundum
2899 5236 3270 5290 multitudinem
3292 5240 3659 5308 magnitudinis
3685 5242 3816 5310 ejus.

2239 5322 2476 5377 Laudate
2511 5341 2626 5377 eum
2671 5326 2724 5376 in
2753 5341 2879 5380 sono
2923 5327 3080 5388 tubw;
3112 5328 3323 5381 laudate
3354 5346 3467 5382 eum
3497 5332 3549 5382 in
3578 5333 3819 5399 psalterio

2238 5422 2288 5466 et
2315 5414 2533 5466 cithara.
2558 5411 2790 5468 Laudate
2822 5432 2936 5468 eum
2966 5417 3019 5468 in
3046 5426 3288 5487 tympano
3317 5428 3364 5472 et
3397 5420 3586 5483 choro;
3611 5421 3820 5473 ltmdata

2238 5519 2352 5555 eum
2381 5505 2434 5556 in
2466 5503 2670 5556 chordis
2715 5513 2762 5555 et
2803 5521 3018 5575 organo.
3055 5504 3286 5560 Laudate
3325 5524 3438 5561 cum
3468 5511 3519 5561 iu
3568 5509 3820 5578 cymbalis

2236 5595 2359 5648 bene
2386 5596 2715 5661 sonantibus;
2747 5597 2952 5651 laudate
2973 5615 3085 5652 eum
3107 5601 3158 5652 in
3189 5600 3434 5670 cymbalis
3456 5601 3816 5671 jubilatiouis:

2234 5690 2400 5740 omnis
2423 5689 2630 5752 spiritus
2661 5689 2831 5746 ludet
2852 5690 3144 5744 Dominum.
