  <div class='ocr_page' id='page_1' title='image "/cluster/home/n/w/nwhite01/storage/ocr_20150623/53/hvd.32044073505232/290.png"; bbox 0 0 4244 6258; ppageno 0'>
   <div class='ocr_carea' id='block_1_1' title="bbox 392 364 497 419">
    <p class='ocr_par' dir='ltr' id='par_1_1' title="bbox 392 364 497 419">
     <span class='ocr_line' id='line_1_1' title="bbox 392 364 497 419; baseline 0 0"><span class='ocrx_word' id='word_1_1' title='bbox 392 364 497 419; x_wconf 82' lang='lat'><strong>569</strong></span> 
     </span>
    </p>
   </div>
   <div class='ocr_carea' id='block_1_2' title="bbox 963 497 1393 540">
    <p class='ocr_par' dir='ltr' id='par_1_2' title="bbox 963 497 1393 540">
     <span class='ocr_line' id='line_1_2' title="bbox 963 497 1393 540; baseline 0 -2"><span class='ocrx_word' id='word_1_2' title='bbox 963 497 1393 540; x_wconf 67' lang='lat' dir='ltr'><strong>COIIENTABIUI.</strong></span> 
     </span>
    </p>
   </div>
   <div class='ocr_carea' id='block_1_3' title="bbox 434 660 1979 735">
    <p class='ocr_par' dir='ltr' id='par_1_3' title="bbox 434 660 1979 735">
     <span class='ocr_line' id='line_1_3' title="bbox 434 660 1979 735; baseline 0 -20"><span class='ocrx_word' id='word_1_3' title='bbox 434 732 439 735; x_wconf 95' lang='lat'>_</span> <span class='ocrx_word' id='word_1_4' title='bbox 470 660 774 717; x_wconf 85' lang='lat' dir='ltr'><strong>Laudamus</strong></span> <span class='ocrx_word' id='word_1_5' title='bbox 796 660 1073 717; x_wconf 89' lang='lat' dir='ltr'><strong>Dominum</strong></span> <span class='ocrx_word' id='word_1_6' title='bbox 1105 661 1158 715; x_wconf 87' lang='lat' dir='ltr'><strong>in</strong></span> <span class='ocrx_word' id='word_1_7' title='bbox 1178 660 1377 716; x_wconf 77' lang='lat' dir='ltr'><strong>sanctis</strong></span> <span class='ocrx_word' id='word_1_8' title='bbox 1398 661 1527 727; x_wconf 85' lang='lat' dir='ltr'><strong>suis,</strong></span> <span class='ocrx_word' id='word_1_9' title='bbox 1558 660 1770 729; x_wconf 79' lang='lat' dir='ltr'><strong>quando</strong></span> <span class='ocrx_word' id='word_1_10' title='bbox 1792 675 1979 715; x_wconf 90' lang='lat' dir='ltr'><strong>eorum</strong></span> 
     </span>
    </p>
   </div>
   <div class='ocr_carea' id='block_1_4' title="bbox 403 752 1982 823">
    <p class='ocr_par' dir='ltr' id='par_1_4' title="bbox 403 752 1982 823">
     <span class='ocr_line' id='line_1_4' title="bbox 403 752 1982 823; baseline -0.001 -15"><span class='ocrx_word' id='word_1_11' title='bbox 403 755 681 809; x_wconf 74' lang='lat' dir='ltr'><strong>imitamur</strong></span> <span class='ocrx_word' id='word_1_12' title='bbox 706 753 973 822; x_wconf 88' lang='lat' dir='ltr'><strong>exempla,</strong></span> <span class='ocrx_word' id='word_1_13' title='bbox 997 753 1270 823; x_wconf 82' lang='lat' dir='ltr'><strong>sequimur</strong></span> <span class='ocrx_word' id='word_1_14' title='bbox 1306 752 1539 817; x_wconf 89' lang='lat' dir='ltr'><strong>monita,</strong></span> <span class='ocrx_word' id='word_1_15' title='bbox 1571 752 1807 820; x_wconf 84' lang='lat' dir='ltr'><strong>regulam</strong></span> <span class='ocrx_word' id='word_1_16' title='bbox 1836 752 1982 807; x_wconf 83' lang='lat' dir='ltr'><strong>obti-</strong></span> 
     </span>
    </p>
   </div>
   <div class='ocr_carea' id='block_1_5' title="bbox 399 841 1985 913">
    <p class='ocr_par' dir='ltr' id='par_1_5' title="bbox 399 841 1985 913">
     <span class='ocr_line' id='line_1_5' title="bbox 399 841 1985 913; baseline -0.001 -13"><span class='ocrx_word' id='word_1_17' title='bbox 399 860 611 901; x_wconf 84' lang='lat' dir='ltr'><strong>nemus.</strong></span> <span class='ocrx_word' id='word_1_18' title='bbox 643 843 942 899; x_wconf 85' lang='lat' dir='ltr'><strong>Laudamus</strong></span> <span class='ocrx_word' id='word_1_19' title='bbox 968 858 1092 897; x_wconf 91' lang='lat' dir='ltr'><strong>eum</strong></span> <span class='ocrx_word' id='word_1_20' title='bbox 1137 844 1193 898; x_wconf 91' lang='lat' dir='ltr'><strong>in</strong></span> <span class='ocrx_word' id='word_1_21' title='bbox 1240 841 1577 899; x_wconf 86' lang='lat' dir='ltr'><strong>ﬁrmamento</strong></span> <span class='ocrx_word' id='word_1_22' title='bbox 1616 843 1829 899; x_wconf 86' lang='lat' dir='ltr'><strong>virtutis</strong></span> <span class='ocrx_word' id='word_1_23' title='bbox 1867 844 1985 913; x_wconf 87' lang='lat' dir='ltr'><strong>ejus</strong></span> 
     </span>
    </p>
   </div>
   <div class='ocr_carea' id='block_1_6' title="bbox 397 930 1986 1011">
    <p class='ocr_par' dir='ltr' id='par_1_6' title="bbox 397 930 1986 1011">
     <span class='ocr_line' id='line_1_6' title="bbox 397 930 1986 1011; baseline -0.001 -20"><span class='ocrx_word' id='word_1_24' title='bbox 397 951 522 991; x_wconf 91' lang='lat' dir='ltr'><strong>cum</strong></span> <span class='ocrx_word' id='word_1_25' title='bbox 546 930 752 988; x_wconf 80' lang='lat' dir='ltr'><strong>ﬁrmum</strong></span> <span class='ocrx_word' id='word_1_26' title='bbox 776 931 896 988; x_wconf 81' lang='lat' dir='ltr'><strong>fidei</strong></span> <span class='ocrx_word' id='word_1_27' title='bbox 915 942 1111 988; x_wconf 75' lang='lat' dir='ltr'><strong>nostrae</strong></span> <span class='ocrx_word' id='word_1_28' title='bbox 1137 948 1365 1002; x_wconf 89' lang='lat' dir='ltr'><strong>agonem</strong></span> <span class='ocrx_word' id='word_1_29' title='bbox 1394 934 1743 997; x_wconf 79' lang='lat' dir='ltr'><strong>ostendimus,</strong></span> <span class='ocrx_word' id='word_1_30' title='bbox 1766 942 1822 988; x_wconf 92' lang='lat' dir='ltr'><strong>et</strong></span> <span class='ocrx_word' id='word_1_31' title='bbox 1848 935 1986 1011; x_wconf 85' lang='lat' dir='ltr'><strong>sicut</strong></span> 
     </span>
    </p>
   </div>
   <div class='ocr_carea' id='block_1_7' title="bbox 398 1023 1987 1094">
    <p class='ocr_par' dir='ltr' id='par_1_7' title="bbox 398 1023 1987 1094">
     <span class='ocr_line' id='line_1_7' title="bbox 398 1023 1987 1094; baseline -0.001 -13"><span class='ocrx_word' id='word_1_32' title='bbox 398 1026 572 1081; x_wconf 80' lang='lat' dir='ltr'><strong>sancti</strong></span> <span class='ocrx_word' id='word_1_33' title='bbox 602 1030 1041 1092; x_wconf 87' lang='lat' dir='ltr'><strong>contempserunt</strong></span> <span class='ocrx_word' id='word_1_34' title='bbox 1066 1039 1274 1094; x_wconf 80' lang='lat' dir='ltr'><strong>poenas,</strong></span> <span class='ocrx_word' id='word_1_35' title='bbox 1303 1024 1487 1078; x_wconf 89' lang='lat' dir='ltr'><strong>hostes</strong></span> <span class='ocrx_word' id='word_1_36' title='bbox 1501 1023 1757 1087; x_wconf 87' lang='lat' dir='ltr'><strong>visibiles,</strong></span> <span class='ocrx_word' id='word_1_37' title='bbox 1786 1025 1860 1079; x_wconf 91' lang='lat' dir='ltr'><strong>ita</strong></span> <span class='ocrx_word' id='word_1_38' title='bbox 1888 1040 1987 1080; x_wconf 90' lang='lat' dir='ltr'><strong>nos</strong></span> 
     </span>
    </p>
   </div>
   <div class='ocr_carea' id='block_1_8' title="bbox 399 1113 1980 1185">
    <p class='ocr_par' dir='ltr' id='par_1_8' title="bbox 399 1113 1980 1185">
     <span class='ocr_line' id='line_1_8' title="bbox 399 1113 1980 1185; baseline -0.001 -14"><span class='ocrx_word' id='word_1_39' title='bbox 399 1115 681 1171; x_wconf 84' lang='lat' dir='ltr'><strong>invisibilis</strong></span> <span class='ocrx_word' id='word_1_40' title='bbox 724 1115 897 1170; x_wconf 89' lang='lat' dir='ltr'><strong>hostis</strong></span> <span class='ocrx_word' id='word_1_41' title='bbox 966 1113 1352 1169; x_wconf 90' lang='lat' dir='ltr'><strong>delectationes</strong></span> <span class='ocrx_word' id='word_1_42' title='bbox 1402 1115 1636 1183; x_wconf 79' lang='lat' dir='ltr'><strong>ingestas</strong></span> <span class='ocrx_word' id='word_1_43' title='bbox 1687 1115 1980 1185; x_wconf 91' lang='lat' dir='ltr'><strong>abjicimus.</strong></span> 
     </span>
    </p>
   </div>
   <div class='ocr_carea' id='block_1_9' title="bbox 396 1203 1986 1273">
    <p class='ocr_par' dir='ltr' id='par_1_9' title="bbox 396 1203 1986 1273">
     <span class='ocr_line' id='line_1_9' title="bbox 396 1203 1986 1273; baseline -0.001 -13"><span class='ocrx_word' id='word_1_44' title='bbox 396 1204 704 1260; x_wconf 85' lang='lat' dir='ltr'><strong>Laudamus</strong></span> <span class='ocrx_word' id='word_1_45' title='bbox 731 1219 854 1258; x_wconf 93' lang='lat' dir='ltr'><strong>eum</strong></span> <span class='ocrx_word' id='word_1_46' title='bbox 885 1205 937 1258; x_wconf 94' lang='lat' dir='ltr'><strong>in</strong></span> <span class='ocrx_word' id='word_1_47' title='bbox 966 1219 1103 1258; x_wconf 93' lang='lat' dir='ltr'><strong>sono</strong></span> <span class='ocrx_word' id='word_1_48' title='bbox 1132 1203 1447 1268; x_wconf 77' lang='lat' dir='ltr'><strong>tub2e,cum</strong></span> <span class='ocrx_word' id='word_1_49' title='bbox 1476 1203 1621 1273; x_wconf 92' lang='lat' dir='ltr'><strong>quod</strong></span> <span class='ocrx_word' id='word_1_50' title='bbox 1649 1204 1704 1258; x_wconf 88' lang='lat' dir='ltr'><strong>in</strong></span> <span class='ocrx_word' id='word_1_51' title='bbox 1733 1220 1861 1259; x_wconf 89' lang='lat' dir='ltr'><strong>aure</strong></span> <span class='ocrx_word' id='word_1_52' title='bbox 1889 1220 1986 1258; x_wconf 91' lang='lat' dir='ltr'><strong>au-</strong></span> 
     </span>
    </p>
   </div>
   <div class='ocr_carea' id='block_1_10' title="bbox 397 1294 1987 1363">
    <p class='ocr_par' dir='ltr' id='par_1_10' title="bbox 397 1294 1987 1363">
     <span class='ocr_line' id='line_1_10' title="bbox 397 1294 1987 1363; baseline -0.001 -14"><span class='ocrx_word' id='word_1_53' title='bbox 397 1295 645 1359; x_wconf 87' lang='lat' dir='ltr'><strong>divimus,</strong></span> <span class='ocrx_word' id='word_1_54' title='bbox 678 1294 722 1348; x_wconf 91' lang='lat' dir='ltr'><strong>si</strong></span> <span class='ocrx_word' id='word_1_55' title='bbox 748 1302 962 1363; x_wconf 89' lang='lat' dir='ltr'><strong>tempus</strong></span> <span class='ocrx_word' id='word_1_56' title='bbox 984 1294 1243 1361; x_wconf 77' lang='lat' dir='ltr'><strong>exegerit,</strong></span> <span class='ocrx_word' id='word_1_57' title='bbox 1274 1308 1435 1362; x_wconf 86' lang='lat' dir='ltr'><strong>super</strong></span> <span class='ocrx_word' id='word_1_58' title='bbox 1461 1302 1603 1349; x_wconf 91' lang='lat' dir='ltr'><strong>tecta</strong></span> <span class='ocrx_word' id='word_1_59' title='bbox 1629 1294 1790 1363; x_wconf 87' lang='lat' dir='ltr'><strong>positi</strong></span> <span class='ocrx_word' id='word_1_60' title='bbox 1812 1295 1987 1350; x_wconf 91' lang='lat' dir='ltr'><strong>excla-</strong></span> 
     </span>
    </p>
   </div>
   <div class='ocr_carea' id='block_1_11' title="bbox 398 1384 1982 1457">
    <p class='ocr_par' dir='ltr' id='par_1_11' title="bbox 398 1384 1982 1457">
     <span class='ocr_line' id='line_1_11' title="bbox 398 1384 1982 1457; baseline 0 -19"><span class='ocrx_word' id='word_1_61' title='bbox 398 1400 621 1449; x_wconf 90' lang='lat' dir='ltr'><strong>memus,</strong></span> <span class='ocrx_word' id='word_1_62' title='bbox 652 1401 757 1441; x_wconf 85' lang='lat' dir='ltr'><strong>non</strong></span> <span class='ocrx_word' id='word_1_63' title='bbox 778 1386 1017 1439; x_wconf 85' lang='lat' dir='ltr'><strong>timentes</strong></span> <span class='ocrx_word' id='word_1_64' title='bbox 1045 1401 1131 1439; x_wconf 89' lang='lat' dir='ltr'><strong>eos</strong></span> <span class='ocrx_word' id='word_1_65' title='bbox 1158 1387 1244 1457; x_wconf 87' lang='lat' dir='ltr'><strong>qui</strong></span> <span class='ocrx_word' id='word_1_66' title='bbox 1272 1385 1510 1439; x_wconf 86' lang='lat' dir='ltr'><strong>occidunt</strong></span> <span class='ocrx_word' id='word_1_67' title='bbox 1537 1400 1719 1456; x_wconf 87' lang='lat' dir='ltr'><strong>corpus</strong></span> <span class='ocrx_word' id='word_1_68' title='bbox 1760 1384 1982 1456; x_wconf 79' lang='lat' dir='ltr'><strong>(Matth.</strong></span> 
     </span>
    </p>
   </div>
   <div class='ocr_carea' id='block_1_12' title="bbox 400 1474 1987 1545">
    <p class='ocr_par' dir='ltr' id='par_1_12' title="bbox 400 1474 1987 1545">
     <span class='ocr_line' id='line_1_12' title="bbox 400 1474 1987 1545; baseline 0 -16"><span class='ocrx_word' id='word_1_69' title='bbox 400 1493 430 1529; x_wconf 88' lang='lat' dir='ltr'><strong>x</strong></span> <span class='ocrx_word' id='word_1_70' title='bbox 462 1477 499 1540; x_wconf 94' lang='lat'><strong>).</strong></span> <span class='ocrx_word' id='word_1_71' title='bbox 542 1474 845 1531; x_wconf 88' lang='lat' dir='ltr'><strong>Laudamus</strong></span> <span class='ocrx_word' id='word_1_72' title='bbox 874 1490 997 1530; x_wconf 90' lang='lat' dir='ltr'><strong>eum</strong></span> <span class='ocrx_word' id='word_1_73' title='bbox 1027 1475 1080 1537; x_wconf 90' lang='lat' dir='ltr'><strong>in</strong></span> <span class='ocrx_word' id='word_1_74' title='bbox 1107 1475 1363 1545; x_wconf 86' lang='lat' dir='ltr'><strong>psalterio</strong></span> <span class='ocrx_word' id='word_1_75' title='bbox 1390 1483 1447 1530; x_wconf 90' lang='lat' dir='ltr'><strong>et</strong></span> <span class='ocrx_word' id='word_1_76' title='bbox 1482 1475 1720 1541; x_wconf 88' lang='lat' dir='ltr'><strong>cithara,</strong></span> <span class='ocrx_word' id='word_1_77' title='bbox 1747 1474 1792 1530; x_wconf 92' lang='lat' dir='ltr'><strong>si</strong></span> <span class='ocrx_word' id='word_1_78' title='bbox 1829 1475 1882 1531; x_wconf 87' lang='lat' dir='ltr'><strong>in</strong></span> <span class='ocrx_word' id='word_1_79' title='bbox 1910 1474 1987 1531; x_wconf 90' lang='lat' dir='ltr'><strong>ci-</strong></span> 
     </span>
    </p>
   </div>
   <div class='ocr_carea' id='block_1_13' title="bbox 401 1552 1989 1637">
    <p class='ocr_par' dir='ltr' id='par_1_13' title="bbox 401 1552 1989 1637">
     <span class='ocr_line' id='line_1_13' title="bbox 401 1552 1989 1637; baseline 0.002 -18"><span class='ocrx_word' id='word_1_80' title='bbox 401 1567 551 1620; x_wconf 81' lang='lat' dir='ltr'><strong>thara</strong></span> <span class='ocrx_word' id='word_1_81' title='bbox 582 1568 784 1634; x_wconf 90' lang='lat' dir='ltr'><strong>lignum</strong></span> <span class='ocrx_word' id='word_1_82' title='bbox 812 1567 988 1622; x_wconf 87' lang='lat' dir='ltr'><strong>crucis</strong></span> <span class='ocrx_word' id='word_1_83' title='bbox 1013 1566 1417 1635; x_wconf 88' lang='lat' dir='ltr'><strong>amplectamur,</strong></span> <span class='ocrx_word' id='word_1_84' title='bbox 1435 1552 1490 1622; x_wconf 83' lang='lat' dir='ltr'><strong>et</strong></span> <span class='ocrx_word' id='word_1_85' title='bbox 1510 1567 1565 1621; x_wconf 92' lang='lat' dir='ltr'><strong>in</strong></span> <span class='ocrx_word' id='word_1_86' title='bbox 1585 1566 1840 1637; x_wconf 90' lang='lat' dir='ltr'><strong>psalterio</strong></span> <span class='ocrx_word' id='word_1_87' title='bbox 1864 1583 1989 1622; x_wconf 90' lang='lat' dir='ltr'><strong>con-</strong></span> 
     </span>
    </p>
   </div>
   <div class='ocr_carea' id='block_1_14' title="bbox 403 1658 1987 1714">
    <p class='ocr_par' dir='ltr' id='par_1_14' title="bbox 403 1658 1987 1714">
     <span class='ocr_line' id='line_1_14' title="bbox 403 1658 1987 1714; baseline 0.002 -3"><span class='ocrx_word' id='word_1_88' title='bbox 403 1658 687 1714; x_wconf 79' lang='lat' dir='ltr'><strong>fessionem</strong></span> <span class='ocrx_word' id='word_1_89' title='bbox 716 1658 1039 1713; x_wconf 85' lang='lat' dir='ltr'><strong>catholicam</strong></span> <span class='ocrx_word' id='word_1_90' title='bbox 1066 1664 1362 1713; x_wconf 86' lang='lat' dir='ltr'><strong>teneamus.</strong></span> <span class='ocrx_word' id='word_1_91' title='bbox 1394 1658 1637 1714; x_wconf 83' lang='lat' dir='ltr'><strong>Raucum</strong></span> <span class='ocrx_word' id='word_1_92' title='bbox 1661 1658 1803 1713; x_wconf 90' lang='lat' dir='ltr'><strong>enim</strong></span> <span class='ocrx_word' id='word_1_93' title='bbox 1830 1669 1987 1714; x_wconf 91' lang='lat' dir='ltr'><strong>sonat</strong></span> 
     </span>
    </p>
   </div>
   <div class='ocr_carea' id='block_1_15' title="bbox 399 1748 1985 1820">
    <p class='ocr_par' dir='ltr' id='par_1_15' title="bbox 399 1748 1985 1820">
     <span class='ocr_line' id='line_1_15' title="bbox 399 1748 1985 1820; baseline 0 -17"><span class='ocrx_word' id='word_1_94' title='bbox 399 1749 544 1818; x_wconf 89' lang='lat' dir='ltr'><strong>quod</strong></span> <span class='ocrx_word' id='word_1_95' title='bbox 592 1750 915 1805; x_wconf 86' lang='lat' dir='ltr'><strong>catholicum</strong></span> <span class='ocrx_word' id='word_1_96' title='bbox 951 1765 1058 1805; x_wconf 93' lang='lat' dir='ltr'><strong>non</strong></span> <span class='ocrx_word' id='word_1_97' title='bbox 1110 1749 1391 1820; x_wconf 87' lang='lat' dir='ltr'><strong>probatur.</strong></span> <span class='ocrx_word' id='word_1_98' title='bbox 1418 1748 1725 1805; x_wconf 88' lang='lat' dir='ltr'><strong>Laudamus</strong></span> <span class='ocrx_word' id='word_1_99' title='bbox 1768 1763 1889 1803; x_wconf 89' lang='lat' dir='ltr'><strong>eum</strong></span> <span class='ocrx_word' id='word_1_100' title='bbox 1930 1749 1985 1803; x_wconf 89' lang='lat' dir='ltr'><strong>in</strong></span> 
     </span>
    </p>
   </div>
   <div class='ocr_carea' id='block_1_16' title="bbox 398 1837 1985 1910">
    <p class='ocr_par' dir='ltr' id='par_1_16' title="bbox 398 1837 1985 1910">
     <span class='ocr_line' id='line_1_16' title="bbox 398 1837 1985 1910; baseline 0 -19"><span class='ocrx_word' id='word_1_101' title='bbox 398 1846 652 1910; x_wconf 85' lang='lat' dir='ltr'><strong>tympano</strong></span> <span class='ocrx_word' id='word_1_102' title='bbox 678 1850 732 1895; x_wconf 92' lang='lat' dir='ltr'><strong>et</strong></span> <span class='ocrx_word' id='word_1_103' title='bbox 750 1840 940 1904; x_wconf 85' lang='lat' dir='ltr'><strong>choro,</strong></span> <span class='ocrx_word' id='word_1_104' title='bbox 970 1838 1186 1909; x_wconf 88' lang='lat' dir='ltr'><strong>quando</strong></span> <span class='ocrx_word' id='word_1_105' title='bbox 1212 1839 1270 1894; x_wconf 90' lang='lat' dir='ltr'><strong>in</strong></span> <span class='ocrx_word' id='word_1_106' title='bbox 1284 1839 1703 1894; x_wconf 83' lang='lat' dir='ltr'><strong>conversatione</strong></span> <span class='ocrx_word' id='word_1_107' title='bbox 1730 1837 1985 1893; x_wconf 87' lang='lat' dir='ltr'><strong>reddendi</strong></span> 
     </span>
    </p>
   </div>
   <div class='ocr_carea' id='block_1_17' title="bbox 1131 361 2953 457">
    <p class='ocr_par' dir='ltr' id='par_1_17' title="bbox 1131 361 2953 457">
     <span class='ocr_line' id='line_1_17' title="bbox 1131 361 2953 457; baseline -0.001 -37"><span class='ocrx_word' id='word_1_108' title='bbox 1131 361 1650 421; x_wconf 81' lang='lat' dir='ltr'><strong>ANNOTATIONES</strong></span> <span class='ocrx_word' id='word_1_109' title='bbox 1687 366 1776 420; x_wconf 83' lang='lat' dir='ltr'><strong>AD</strong></span> <span class='ocrx_word' id='word_1_110' title='bbox 1816 365 2131 434; x_wconf 63' lang='lat' dir='ltr'><strong>QUIEDAM</strong></span> <span class='ocrx_word' id='word_1_111' title='bbox 2168 364 2702 423; x_wconf 77' lang='lat' dir='ltr'><strong>EVANGELIORUM</strong></span> <span class='ocrx_word' id='word_1_112' title='bbox 2742 362 2953 457; x_wconf 55' lang='grc' dir='ltr'><strong>ΙΑΟΟᾹ.⁸</strong></span> 
     </span>
    </p>
   </div>
   <div class='ocr_carea' id='block_1_18' title="bbox 1992 478 3659 554">
    <p class='ocr_par' dir='ltr' id='par_1_18' title="bbox 1992 478 3659 554">
     <span class='ocr_line' id='line_1_18' title="bbox 1992 478 3659 554; baseline -0.003 -16"><span class='ocrx_word' id='word_1_113' title='bbox 1992 493 2043 547; x_wconf 75' lang='grc' dir='ltr'><strong>Α</strong></span> <span class='ocrx_word' id='word_1_114' title='bbox 2069 484 2251 554; x_wconf 89' lang='lat' dir='ltr'><strong>positi,</strong></span> <span class='ocrx_word' id='word_1_115' title='bbox 2290 492 2599 554; x_wconf 87' lang='lat' dir='ltr'><strong>tympanum</strong></span> <span class='ocrx_word' id='word_1_116' title='bbox 2622 480 2867 550; x_wconf 88' lang='lat' dir='ltr'><strong>corporis</strong></span> <span class='ocrx_word' id='word_1_117' title='bbox 2895 479 3063 535; x_wconf 89' lang='lat' dir='ltr'><strong>nostri</strong></span> <span class='ocrx_word' id='word_1_118' title='bbox 3100 478 3315 549; x_wconf 89' lang='lat' dir='ltr'><strong>optimis</strong></span> <span class='ocrx_word' id='word_1_119' title='bbox 3343 478 3659 533; x_wconf 86' lang='lat' dir='ltr'><strong>decoramus</strong></span> 
     </span>
    </p>
   </div>
   <div class='ocr_carea' id='block_1_19' title="bbox 3550 350 3660 421">
    <p class='ocr_par' dir='ltr' id='par_1_19' title="bbox 3550 350 3660 421">
     <span class='ocr_line' id='line_1_19' title="bbox 3550 350 3660 421; baseline 0 0"><span class='ocrx_word' id='word_1_120' title='bbox 3550 350 3660 421; x_wconf 82' lang='lat'><strong>570</strong></span> 
     </span>
    </p>
   </div>
   <div class='ocr_carea' id='block_1_20' title="bbox 2084 570 3656 645">
    <p class='ocr_par' dir='ltr' id='par_1_20' title="bbox 2084 570 3656 645">
     <span class='ocr_line' id='line_1_20' title="bbox 2084 570 3656 645; baseline -0.005 -14"><span class='ocrx_word' id='word_1_121' title='bbox 2084 576 2365 645; x_wconf 77' lang='lat' dir='ltr'><strong>exemplis.</strong></span> <span class='ocrx_word' id='word_1_122' title='bbox 2431 573 2736 628; x_wconf 85' lang='lat' dir='ltr'><strong>Laudamus</strong></span> <span class='ocrx_word' id='word_1_123' title='bbox 2789 587 2909 625; x_wconf 90' lang='lat' dir='ltr'><strong>eum</strong></span> <span class='ocrx_word' id='word_1_124' title='bbox 2958 571 3012 625; x_wconf 92' lang='lat' dir='ltr'><strong>in</strong></span> <span class='ocrx_word' id='word_1_125' title='bbox 3059 570 3275 625; x_wconf 87' lang='lat' dir='ltr'><strong>chordis</strong></span> <span class='ocrx_word' id='word_1_126' title='bbox 3332 576 3387 623; x_wconf 90' lang='lat' dir='ltr'><strong>et</strong></span> <span class='ocrx_word' id='word_1_127' title='bbox 3434 582 3656 637; x_wconf 73' lang='lat' dir='ltr'><strong>organo,</strong></span> 
     </span>
    </p>
   </div>
   <div class='ocr_carea' id='block_1_21' title="bbox 2080 658 3653 734">
    <p class='ocr_par' dir='ltr' id='par_1_21' title="bbox 2080 658 3653 734">
     <span class='ocr_line' id='line_1_21' title="bbox 2080 658 3653 734; baseline -0.004 -15"><span class='ocrx_word' id='word_1_128' title='bbox 2080 665 2299 734; x_wconf 90' lang='lat' dir='ltr'><strong>quando</strong></span> <span class='ocrx_word' id='word_1_129' title='bbox 2341 662 2662 719; x_wconf 88' lang='lat' dir='ltr'><strong>chordarum</strong></span> <span class='ocrx_word' id='word_1_130' title='bbox 2690 677 2812 731; x_wconf 67' lang='lat' dir='ltr'><strong>qum</strong></span> <span class='ocrx_word' id='word_1_131' title='bbox 2861 668 2985 716; x_wconf 89' lang='lat' dir='ltr'><strong>sunt</strong></span> <span class='ocrx_word' id='word_1_132' title='bbox 3014 660 3068 715; x_wconf 93' lang='lat' dir='ltr'><strong>in</strong></span> <span class='ocrx_word' id='word_1_133' title='bbox 3121 659 3324 714; x_wconf 84' lang='lat' dir='ltr'><strong>cithara</strong></span> <span class='ocrx_word' id='word_1_134' title='bbox 3360 666 3543 713; x_wconf 88' lang='lat' dir='ltr'><strong>nostra</strong></span> <span class='ocrx_word' id='word_1_135' title='bbox 3575 658 3653 713; x_wconf 77' lang='lat' dir='ltr'><strong>ﬁl:</strong></span> 
     </span>
    </p>
   </div>
   <div class='ocr_carea' id='block_1_22' title="bbox 2083 749 3651 822">
    <p class='ocr_par' dir='ltr' id='par_1_22' title="bbox 2083 749 3651 822">
     <span class='ocr_line' id='line_1_22' title="bbox 2083 749 3651 822; baseline -0.005 -13"><span class='ocrx_word' id='word_1_136' title='bbox 2083 754 2287 822; x_wconf 90' lang='lat' dir='ltr'><strong>integra</strong></span> <span class='ocrx_word' id='word_1_137' title='bbox 2318 768 2648 808; x_wconf 82' lang='lat' dir='ltr'><strong>exercemus.</strong></span> <span class='ocrx_word' id='word_1_138' title='bbox 2677 752 2851 806; x_wconf 87' lang='lat' dir='ltr'><strong>Etiam</strong></span> <span class='ocrx_word' id='word_1_139' title='bbox 2873 749 3181 822; x_wconf 88' lang='lat' dir='ltr'><strong>pudicitiam</strong></span> <span class='ocrx_word' id='word_1_140' title='bbox 3204 758 3361 818; x_wconf 87' lang='lat' dir='ltr'><strong>quam</strong></span> <span class='ocrx_word' id='word_1_141' title='bbox 3385 749 3651 803; x_wconf 85' lang='lat' dir='ltr'><strong>continen-</strong></span> 
     </span>
    </p>
   </div>
   <div class='ocr_carea' id='block_1_23' title="bbox 2082 840 3660 911">
    <p class='ocr_par' dir='ltr' id='par_1_23' title="bbox 2082 840 3660 911">
     <span class='ocr_line' id='line_1_23' title="bbox 2082 840 3660 911; baseline -0.001 -14"><span class='ocrx_word' id='word_1_142' title='bbox 2082 844 2173 898; x_wconf 72' lang='lat' dir='ltr'><strong>tia:</strong></span> <span class='ocrx_word' id='word_1_143' title='bbox 2199 843 2494 898; x_wconf 86' lang='lat' dir='ltr'><strong>calamellis</strong></span> <span class='ocrx_word' id='word_1_144' title='bbox 2534 843 2602 897; x_wconf 90' lang='lat' dir='ltr'><strong>ab</strong></span> <span class='ocrx_word' id='word_1_145' title='bbox 2620 843 2777 898; x_wconf 78' lang='lat' dir='ltr'><strong>omni</strong></span> <span class='ocrx_word' id='word_1_146' title='bbox 2804 842 3044 909; x_wconf 86' lang='lat' dir='ltr'><strong>rubigine</strong></span> <span class='ocrx_word' id='word_1_147' title='bbox 3081 840 3286 911; x_wconf 88' lang='lat' dir='ltr'><strong>peccati</strong></span> <span class='ocrx_word' id='word_1_148' title='bbox 3312 840 3660 905; x_wconf 87' lang='lat' dir='ltr'><strong>mundantes,</strong></span> 
     </span>
    </p>
   </div>
   <div class='ocr_carea' id='block_1_24' title="bbox 2084 930 3661 991">
    <p class='ocr_par' dir='ltr' id='par_1_24' title="bbox 2084 930 3661 991">
     <span class='ocr_line' id='line_1_24' title="bbox 2084 930 3661 991; baseline -0.004 1"><span class='ocrx_word' id='word_1_149' title='bbox 2084 936 2197 991; x_wconf 91' lang='lat' dir='ltr'><strong>Deo</strong></span> <span class='ocrx_word' id='word_1_150' title='bbox 2238 952 2401 991; x_wconf 91' lang='lat' dir='ltr'><strong>sonos</strong></span> <span class='ocrx_word' id='word_1_151' title='bbox 2430 935 2713 991; x_wconf 88' lang='lat' dir='ltr'><strong>mellilluos</strong></span> <span class='ocrx_word' id='word_1_152' title='bbox 2738 935 3070 989; x_wconf 69' lang='lat' dir='ltr'><strong>exhibemu).</strong></span> <span class='ocrx_word' id='word_1_153' title='bbox 3102 930 3402 987; x_wconf 89' lang='lat' dir='ltr'><strong>Laudamus</strong></span> <span class='ocrx_word' id='word_1_154' title='bbox 3438 948 3558 985; x_wconf 92' lang='lat' dir='ltr'><strong>eum</strong></span> <span class='ocrx_word' id='word_1_155' title='bbox 3610 932 3661 986; x_wconf 90' lang='lat' dir='ltr'><strong>in</strong></span> 
     </span>
    </p>
   </div>
   <div class='ocr_carea' id='block_1_25' title="bbox 2087 1024 3657 1098">
    <p class='ocr_par' dir='ltr' id='par_1_25' title="bbox 2087 1024 3657 1098">
     <span class='ocr_line' id='line_1_25' title="bbox 2087 1024 3657 1098; baseline -0.003 -16"><span class='ocrx_word' id='word_1_156' title='bbox 2087 1026 2343 1098; x_wconf 84' lang='lat' dir='ltr'><strong>cymbalis</strong></span> <span class='ocrx_word' id='word_1_157' title='bbox 2386 1026 2525 1081; x_wconf 88' lang='lat' dir='ltr'><strong>bene</strong></span> <span class='ocrx_word' id='word_1_158' title='bbox 2573 1026 2924 1087; x_wconf 91' lang='lat' dir='ltr'><strong>sonantibus,</strong></span> <span class='ocrx_word' id='word_1_159' title='bbox 2984 1032 3039 1079; x_wconf 92' lang='lat' dir='ltr'><strong>et</strong></span> <span class='ocrx_word' id='word_1_160' title='bbox 3094 1024 3232 1079; x_wconf 91' lang='lat' dir='ltr'><strong>bene</strong></span> <span class='ocrx_word' id='word_1_161' title='bbox 3288 1024 3657 1089; x_wconf 88' lang='lat' dir='ltr'><strong>tinuientibus,</strong></span> 
     </span>
    </p>
   </div>
   <div class='ocr_carea' id='block_1_26' title="bbox 2085 1114 3660 1186">
    <p class='ocr_par' dir='ltr' id='par_1_26' title="bbox 2085 1114 3660 1186">
     <span class='ocr_line' id='line_1_26' title="bbox 2085 1114 3660 1186; baseline -0.001 -15"><span class='ocrx_word' id='word_1_162' title='bbox 2085 1116 2301 1186; x_wconf 90' lang='lat' dir='ltr'><strong>quando</strong></span> <span class='ocrx_word' id='word_1_163' title='bbox 2321 1116 2461 1171; x_wconf 88' lang='lat' dir='ltr'><strong>labia</strong></span> <span class='ocrx_word' id='word_1_164' title='bbox 2491 1123 2672 1174; x_wconf 87' lang='lat' dir='ltr'><strong>nostra</strong></span> <span class='ocrx_word' id='word_1_165' title='bbox 2703 1116 2769 1171; x_wconf 92' lang='lat' dir='ltr'><strong>ad</strong></span> <span class='ocrx_word' id='word_1_166' title='bbox 2781 1116 2991 1177; x_wconf 80' lang='lat' dir='ltr'><strong>.bonam</strong></span> <span class='ocrx_word' id='word_1_167' title='bbox 3022 1114 3440 1186; x_wconf 88' lang='lat' dir='ltr'><strong>persuasionem,</strong></span> <span class='ocrx_word' id='word_1_168' title='bbox 3467 1124 3521 1168; x_wconf 90' lang='lat' dir='ltr'><strong>et</strong></span> <span class='ocrx_word' id='word_1_169' title='bbox 3546 1115 3660 1184; x_wconf 87' lang='lat' dir='ltr'><strong>spi-</strong></span> 
     </span>
    </p>
   </div>
   <div class='ocr_carea' id='block_1_27' title="bbox 2084 1205 3659 1278">
    <p class='ocr_par' dir='ltr' id='par_1_27' title="bbox 2084 1205 3659 1278">
     <span class='ocr_line' id='line_1_27' title="bbox 2084 1205 3659 1278; baseline -0.002 -17"><span class='ocrx_word' id='word_1_170' title='bbox 2084 1207 2293 1263; x_wconf 88' lang='lat' dir='ltr'><strong>ritalem</strong></span> <span class='ocrx_word' id='word_1_171' title='bbox 2320 1208 2750 1278; x_wconf 86' lang='lat' dir='ltr'><strong>explanationem</strong></span> <span class='ocrx_word' id='word_1_172' title='bbox 2783 1215 3045 1276; x_wconf 89' lang='lat' dir='ltr'><strong>aptamus.</strong></span> <span class='ocrx_word' id='word_1_173' title='bbox 3076 1205 3367 1260; x_wconf 88' lang='lat' dir='ltr'><strong>lnvitamus</strong></span> <span class='ocrx_word' id='word_1_174' title='bbox 3395 1216 3579 1259; x_wconf 89' lang='lat' dir='ltr'><strong>autem</strong></span> <span class='ocrx_word' id='word_1_175' title='bbox 3603 1214 3659 1258; x_wconf 89' lang='lat' dir='ltr'><strong>ut</strong></span> 
     </span>
    </p>
   </div>
   <div class='ocr_carea' id='block_1_28' title="bbox 2085 1295 3657 1368">
    <p class='ocr_par' dir='ltr' id='par_1_28' title="bbox 2085 1295 3657 1368">
     <span class='ocr_line' id='line_1_28' title="bbox 2085 1295 3657 1368; baseline -0.003 -16"><span class='ocrx_word' id='word_1_176' title='bbox 2085 1299 2260 1353; x_wconf 90' lang='lat' dir='ltr'><strong>omnis</strong></span> <span class='ocrx_word' id='word_1_177' title='bbox 2297 1299 2513 1368; x_wconf 89' lang='lat' dir='ltr'><strong>spiritus</strong></span> <span class='ocrx_word' id='word_1_178' title='bbox 2559 1298 2740 1353; x_wconf 90' lang='lat' dir='ltr'><strong>laudet</strong></span> <span class='ocrx_word' id='word_1_179' title='bbox 2785 1297 3087 1363; x_wconf 90' lang='lat' dir='ltr'><strong>Dominum,</strong></span> <span class='ocrx_word' id='word_1_180' title='bbox 3136 1295 3348 1365; x_wconf 90' lang='lat' dir='ltr'><strong>quando</strong></span> <span class='ocrx_word' id='word_1_181' title='bbox 3404 1295 3657 1365; x_wconf 84' lang='lat' dir='ltr'><strong>spiritalia</strong></span> 
     </span>
    </p>
   </div>
   <div class='ocr_carea' id='block_1_29' title="bbox 2087 1386 3657 1460">
    <p class='ocr_par' dir='ltr' id='par_1_29' title="bbox 2087 1386 3657 1460">
     <span class='ocr_line' id='line_1_29' title="bbox 2087 1386 3657 1460; baseline -0.003 -17"><span class='ocrx_word' id='word_1_182' title='bbox 2087 1389 2415 1460; x_wconf 86' lang='lat' dir='ltr'><strong>spiritalibus</strong></span> <span class='ocrx_word' id='word_1_183' title='bbox 2468 1396 2872 1459; x_wconf 88' lang='lat' dir='ltr'><strong>comparantes,</strong></span> <span class='ocrx_word' id='word_1_184' title='bbox 2930 1388 3061 1443; x_wconf 89' lang='lat' dir='ltr'><strong>nihil</strong></span> <span class='ocrx_word' id='word_1_185' title='bbox 3103 1386 3444 1442; x_wconf 89' lang='lat' dir='ltr'><strong>concedimus</strong></span> <span class='ocrx_word' id='word_1_186' title='bbox 3489 1387 3657 1451; x_wconf 86' lang='lat' dir='ltr'><strong>carni,</strong></span> 
     </span>
    </p>
   </div>
   <div class='ocr_carea' id='block_1_30' title="bbox 2086 1464 3658 1550">
    <p class='ocr_par' dir='ltr' id='par_1_30' title="bbox 2086 1464 3658 1550">
     <span class='ocr_line' id='line_1_30' title="bbox 2086 1464 3658 1550; baseline -0.001 -16"><span class='ocrx_word' id='word_1_187' title='bbox 2086 1479 2181 1534; x_wconf 90' lang='lat' dir='ltr'><strong>sed</strong></span> <span class='ocrx_word' id='word_1_188' title='bbox 2208 1494 2368 1534; x_wconf 90' lang='lat' dir='ltr'><strong>omne</strong></span> <span class='ocrx_word' id='word_1_189' title='bbox 2394 1478 2651 1550; x_wconf 84' lang='lat' dir='ltr'><strong>quidquid</strong></span> <span class='ocrx_word' id='word_1_190' title='bbox 2678 1478 2729 1534; x_wconf 91' lang='lat' dir='ltr'><strong>ei</strong></span> <span class='ocrx_word' id='word_1_191' title='bbox 2757 1478 2989 1544; x_wconf 91' lang='lat' dir='ltr'><strong>libuerit,</strong></span> <span class='ocrx_word' id='word_1_192' title='bbox 3022 1485 3190 1532; x_wconf 89' lang='lat' dir='ltr'><strong>totum</strong></span> <span class='ocrx_word' id='word_1_193' title='bbox 3219 1464 3425 1547; x_wconf 85' lang='lat' dir='ltr'><strong>spiritui</strong></span> <span class='ocrx_word' id='word_1_194' title='bbox 3453 1477 3658 1532; x_wconf 83' lang='lat' dir='ltr'><strong>manci-</strong></span> 
     </span>
    </p>
   </div>
   <div class='ocr_carea' id='block_1_31' title="bbox 2086 1569 3659 1640">
    <p class='ocr_par' dir='ltr' id='par_1_31' title="bbox 2086 1569 3659 1640">
     <span class='ocr_line' id='line_1_31' title="bbox 2086 1569 3659 1640; baseline -0.002 -16"><span class='ocrx_word' id='word_1_195' title='bbox 2086 1577 2294 1640; x_wconf 91' lang='lat' dir='ltr'><strong>pantes,</strong></span> <span class='ocrx_word' id='word_1_196' title='bbox 2327 1570 2682 1640; x_wconf 87' lang='lat' dir='ltr'><strong>spiritualium</strong></span> <span class='ocrx_word' id='word_1_197' title='bbox 2710 1569 2981 1624; x_wconf 85' lang='lat' dir='ltr'><strong>imitamur</strong></span> <span class='ocrx_word' id='word_1_198' title='bbox 3006 1569 3250 1638; x_wconf 89' lang='lat' dir='ltr'><strong>exempla</strong></span> <span class='ocrx_word' id='word_1_199' title='bbox 3267 1609 3282 1633; x_wconf 94' lang='lat'><strong>,</strong></span> <span class='ocrx_word' id='word_1_200' title='bbox 3311 1583 3409 1637; x_wconf 92' lang='lat' dir='ltr'><strong>per</strong></span> <span class='ocrx_word' id='word_1_201' title='bbox 3432 1583 3659 1636; x_wconf 85' lang='lat' dir='ltr'><strong>quorum</strong></span> 
     </span>
    </p>
   </div>
   <div class='ocr_carea' id='block_1_32' title="bbox 2087 1658 3659 1729">
    <p class='ocr_par' dir='ltr' id='par_1_32' title="bbox 2087 1658 3659 1729">
     <span class='ocr_line' id='line_1_32' title="bbox 2087 1658 3659 1729; baseline -0.003 -13"><span class='ocrx_word' id='word_1_202' title='bbox 2087 1670 2276 1716; x_wconf 91' lang='lat' dir='ltr'><strong>euntes</strong></span> <span class='ocrx_word' id='word_1_203' title='bbox 2301 1661 2547 1729; x_wconf 88' lang='lat' dir='ltr'><strong>vestigia,</strong></span> <span class='ocrx_word' id='word_1_204' title='bbox 2586 1660 2867 1715; x_wconf 88' lang='lat' dir='ltr'><strong>credamus</strong></span> <span class='ocrx_word' id='word_1_205' title='bbox 2907 1675 3006 1715; x_wconf 92' lang='lat' dir='ltr'><strong>nos</strong></span> <span class='ocrx_word' id='word_1_206' title='bbox 3030 1658 3098 1713; x_wconf 90' lang='lat' dir='ltr'><strong>ad</strong></span> <span class='ocrx_word' id='word_1_207' title='bbox 3125 1658 3334 1712; x_wconf 87' lang='lat' dir='ltr'><strong>Domini</strong></span> <span class='ocrx_word' id='word_1_208' title='bbox 3362 1658 3659 1712; x_wconf 80' lang='lat' dir='ltr'><strong>misericor-</strong></span> 
     </span>
    </p>
   </div>
   <div class='ocr_carea' id='block_1_33' title="bbox 2085 1750 3660 1823">
    <p class='ocr_par' dir='ltr' id='par_1_33' title="bbox 2085 1750 3660 1823">
     <span class='ocr_line' id='line_1_33' title="bbox 2085 1750 3660 1823; baseline -0.003 -15"><span class='ocrx_word' id='word_1_209' title='bbox 2085 1753 2229 1808; x_wconf 87' lang='lat' dir='ltr'><strong>diam</strong></span> <span class='ocrx_word' id='word_1_210' title='bbox 2274 1754 2573 1823; x_wconf 81' lang='lat' dir='ltr'><strong>pervenire,</strong></span> <span class='ocrx_word' id='word_1_211' title='bbox 2616 1754 2702 1808; x_wconf 93' lang='lat' dir='ltr'><strong>cui</strong></span> <span class='ocrx_word' id='word_1_212' title='bbox 2728 1753 2897 1821; x_wconf 89' lang='lat' dir='ltr'><strong>gloria</strong></span> <span class='ocrx_word' id='word_1_213' title='bbox 2931 1760 2987 1807; x_wconf 90' lang='lat' dir='ltr'><strong>et</strong></span> <span class='ocrx_word' id='word_1_214' title='bbox 3013 1751 3293 1823; x_wconf 88' lang='lat' dir='ltr'><strong>imperium</strong></span> <span class='ocrx_word' id='word_1_215' title='bbox 3346 1765 3443 1819; x_wconf 92' lang='lat' dir='ltr'><strong>per</strong></span> <span class='ocrx_word' id='word_1_216' title='bbox 3483 1750 3660 1805; x_wconf 88' lang='lat' dir='ltr'><strong>omnia</strong></span> 
     </span>
    </p>
   </div>
   <div class='ocr_carea' id='block_1_34' title="bbox 2087 1841 2866 1898">
    <p class='ocr_par' dir='ltr' id='par_1_34' title="bbox 2087 1841 2866 1898">
     <span class='ocr_line' id='line_1_34' title="bbox 2087 1841 2866 1898; baseline -0.003 -1"><span class='ocrx_word' id='word_1_217' title='bbox 2087 1843 2279 1898; x_wconf 67' lang='lat' dir='ltr'><strong>simula</strong></span> <span class='ocrx_word' id='word_1_218' title='bbox 2307 1843 2644 1898; x_wconf 70' lang='lat' dir='ltr'><strong>saeculorum.</strong></span> <span class='ocrx_word' id='word_1_219' title='bbox 2675 1841 2866 1897; x_wconf 80' lang='lat' dir='ltr'><strong>Amen.</strong></span> 
     </span>
    </p>
   </div>
   <div class='ocr_carea' id='block_1_35' title="bbox 689 2078 3400 2228">
    <p class='ocr_par' dir='ltr' id='par_1_35' title="bbox 689 2078 3400 2228">
     <span class='ocr_line' id='line_1_35' title="bbox 689 2078 3400 2228; baseline 0.003 -17"><span class='ocrx_word' id='word_1_220' title='bbox 689 2130 1467 2211; x_wconf 78' lang='lat' dir='ltr'><strong>ANNOTATIONES</strong></span> <span class='ocrx_word' id='word_1_221' title='bbox 1543 2134 1675 2209; x_wconf 81' lang='lat' dir='ltr'><strong>AD</strong></span> <span class='ocrx_word' id='word_1_222' title='bbox 1749 2078 2189 2228; x_wconf 69' lang='lat' dir='ltr'><strong>omnm</strong></span> <span class='ocrx_word' id='word_1_223' title='bbox 2263 2138 3075 2218; x_wconf 85' lang='lat' dir='ltr'><strong>EVANGELIORUM‘</strong></span> <span class='ocrx_word' id='word_1_224' title='bbox 3125 2144 3400 2221; x_wconf 88' lang='lat' dir='ltr'><strong>LOCA.</strong></span> 
     </span>
    </p>
   </div>
   <div class='ocr_carea' id='block_1_36' title="bbox 665 2482 1801 2551">
    <p class='ocr_par' dir='ltr' id='par_1_36' title="bbox 665 2482 1801 2551">
     <span class='ocr_line' id='line_1_36' title="bbox 665 2482 1801 2551; baseline 0.004 -12"><span class='ocrx_word' id='word_1_225' title='bbox 665 2482 1126 2541; x_wconf 84' lang='lat' dir='ltr'><strong>TESTIMONIUM</strong></span> <span class='ocrx_word' id='word_1_226' title='bbox 1164 2486 1338 2541; x_wconf 87' lang='lat' dir='ltr'><strong>GlLB.</strong></span> <span class='ocrx_word' id='word_1_227' title='bbox 1381 2484 1712 2551; x_wconf 84' lang='lat' dir='ltr'><strong>COGNATI,</strong></span> <span class='ocrx_word' id='word_1_228' title='bbox 1796 2508 1801 2511; x_wconf 57' lang='lat'>‘</span> 
     </span>
    </p>
   </div>
   <div class='ocr_carea' id='block_1_37' title="bbox 466 2574 1911 2648">
    <p class='ocr_par' dir='ltr' id='par_1_37' title="bbox 466 2574 1911 2648">
     <span class='ocr_line' id='line_1_37' title="bbox 466 2574 1911 2648; baseline 0.003 -19"><span class='ocrx_word' id='word_1_229' title='bbox 466 2574 564 2641; x_wconf 78' lang='lat' dir='ltr'><strong>Qui</strong></span> <span class='ocrx_word' id='word_1_230' title='bbox 591 2577 726 2629; x_wconf 87' lang='lat' dir='ltr'><strong>male</strong></span> <span class='ocrx_word' id='word_1_231' title='bbox 767 2576 860 2630; x_wconf 87' lang='lat' dir='ltr'><strong>has</strong></span> <span class='ocrx_word' id='word_1_232' title='bbox 891 2578 1255 2632; x_wconf 86' lang='lat' dir='ltr'><strong>annotationes</strong></span> <span class='ocrx_word' id='word_1_233' title='bbox 1295 2579 1474 2632; x_wconf 79' lang='lat' dir='ltr'><strong>tribuit</strong></span> <span class='ocrx_word' id='word_1_234' title='bbox 1504 2578 1734 2633; x_wconf 81' lang='lat' dir='ltr'><strong>Arnobio</strong></span> <span class='ocrx_word' id='word_1_235' title='bbox 1762 2578 1911 2648; x_wconf 77' lang='lat' dir='ltr'><strong>Afro.</strong></span> 
     </span>
    </p>
   </div>
   <div class='ocr_carea' id='block_1_38' title="bbox 463 2758 1987 2831">
    <p class='ocr_par' dir='ltr' id='par_1_38' title="bbox 463 2758 1987 2831">
     <span class='ocr_line' id='line_1_38' title="bbox 463 2758 1987 2831; baseline 0.002 -18"><span class='ocrx_word' id='word_1_236' title='bbox 463 2758 924 2831; x_wconf 79' lang='lat' dir='ltr'><strong>Commendabunt</strong></span> <span class='ocrx_word' id='word_1_237' title='bbox 952 2759 1059 2814; x_wconf 89' lang='lat' dir='ltr'><strong>hoc</strong></span> <span class='ocrx_word' id='word_1_238' title='bbox 1078 2759 1426 2831; x_wconf 81' lang='lat' dir='ltr'><strong>opusculum</strong></span> <span class='ocrx_word' id='word_1_239' title='bbox 1447 2759 1747 2831; x_wconf 70' lang='lat' dir='ltr'><strong>archetypi</strong></span> <span class='ocrx_word' id='word_1_240' title='bbox 1784 2773 1852 2831; x_wconf 86' lang='lat' dir='ltr'><strong>ex</strong></span> <span class='ocrx_word' id='word_1_241' title='bbox 1878 2774 1987 2829; x_wconf 89' lang='lat' dir='ltr'><strong>quo</strong></span> 
     </span>
    </p>
   </div>
   <div class='ocr_carea' id='block_1_39' title="bbox 394 2828 1985 2901">
    <p class='ocr_par' dir='ltr' id='par_1_39' title="bbox 394 2828 1985 2901">
     <span class='ocr_line' id='line_1_39' title="bbox 394 2828 1985 2901; baseline 0.001 -18"><span class='ocrx_word' id='word_1_242' title='bbox 394 2830 695 2901; x_wconf 57' lang='lat' dir='ltr'><strong>desumpta:</strong></span> <span class='ocrx_word' id='word_1_243' title='bbox 724 2829 807 2883; x_wconf 71' lang='lat' dir='ltr'><strong>hae</strong></span> <span class='ocrx_word' id='word_1_244' title='bbox 835 2828 1483 2901; x_wconf 25' lang='lat' dir='ltr'><strong>Annotati‘onesArnobii</strong></span> <span class='ocrx_word' id='word_1_245' title='bbox 1528 2829 1583 2901; x_wconf 75' lang='lat' dir='ltr'><strong>in</strong></span> <span class='ocrx_word' id='word_1_246' title='bbox 1627 2828 1985 2901; x_wconf 74' lang='lat' dir='ltr'><strong>evangelista-</strong></span> 
     </span>
    </p>
   </div>
   <div class='ocr_carea' id='block_1_40' title="bbox 393 2897 1986 2968">
    <p class='ocr_par' dir='ltr' id='par_1_40' title="bbox 393 2897 1986 2968">
     <span class='ocr_line' id='line_1_40' title="bbox 393 2897 1986 2968; baseline 0.001 -14"><span class='ocrx_word' id='word_1_247' title='bbox 393 2914 510 2954; x_wconf 89' lang='lat' dir='ltr'><strong>rum</strong></span> <span class='ocrx_word' id='word_1_248' title='bbox 525 2897 949 2968; x_wconf 25' lang='lat' dir='ltr'><strong>loca,‘vetustas.</strong></span> <span class='ocrx_word' id='word_1_249' title='bbox 969 2897 1166 2968; x_wconf 84' lang='lat' dir='ltr'><strong>deinde</strong></span> <span class='ocrx_word' id='word_1_250' title='bbox 1188 2897 1321 2953; x_wconf 84' lang='lat' dir='ltr'><strong>ﬁdes</strong></span> <span class='ocrx_word' id='word_1_251' title='bbox 1340 2900 1543 2968; x_wconf 88' lang='lat' dir='ltr'><strong>optima</strong></span> <span class='ocrx_word' id='word_1_252' title='bbox 1565 2898 1619 2953; x_wconf 91' lang='lat' dir='ltr'><strong>in</strong></span> <span class='ocrx_word' id='word_1_253' title='bbox 1636 2898 1986 2968; x_wconf 81' lang='lat' dir='ltr'><strong>describendo</strong></span> 
     </span>
    </p>
   </div>
   <div class='ocr_carea' id='block_1_41' title="bbox 394 2962 2111 3040">
    <p class='ocr_par' dir='ltr' id='par_1_41' title="bbox 394 2962 2111 3040">
     <span class='ocr_line' id='line_1_41' title="bbox 394 2962 2111 3040; baseline 0.001 -17"><span class='ocrx_word' id='word_1_254' title='bbox 394 2983 584 3040; x_wconf 80' lang='lat' dir='ltr'><strong>magna</strong></span> <span class='ocrx_word' id='word_1_255' title='bbox 602 2966 915 3040; x_wconf 81' lang='lat' dir='ltr'><strong>diﬂicultate</strong></span> <span class='ocrx_word' id='word_1_256' title='bbox 927 2967 1068 3040; x_wconf 78' lang='lat' dir='ltr'><strong>libro</strong></span> <span class='ocrx_word' id='word_1_257' title='bbox 1081 2968 1337 3040; x_wconf 80' lang='lat' dir='ltr'><strong>obsoletis</strong></span> <span class='ocrx_word' id='word_1_258' title='bbox 1350 2962 1750 3040; x_wconf 75' lang='lat' dir='ltr'><strong>characteribus</strong></span> <span class='ocrx_word' id='word_1_259' title='bbox 1763 2970 1981 3040; x_wconf 88' lang='lat' dir='ltr'><strong>scripto,</strong></span> <span class='ocrx_word' id='word_1_260' title='bbox 2046 2976 2049 2979; x_wconf 72' lang='lat'><em>&#39;</em></span> <span class='ocrx_word' id='word_1_261' title='bbox 2106 2982 2111 2987; x_wconf 76' lang='lat'><strong>‘</strong></span> 
     </span>
    </p>
   </div>
   <div class='ocr_carea' id='block_1_42' title="bbox 392 3036 1984 3104">
    <p class='ocr_par' dir='ltr' id='par_1_42' title="bbox 392 3036 1984 3104">
     <span class='ocr_line' id='line_1_42' title="bbox 392 3036 1984 3104; baseline 0.002 -13"><span class='ocrx_word' id='word_1_262' title='bbox 392 3038 460 3092; x_wconf 87' lang='lat' dir='ltr'><strong>ad</strong></span> <span class='ocrx_word' id='word_1_263' title='bbox 488 3039 593 3092; x_wconf 91' lang='lat' dir='ltr'><strong>hoc</strong></span> <span class='ocrx_word' id='word_1_264' title='bbox 613 3037 689 3091; x_wconf 88' lang='lat' dir='ltr'><strong>ita</strong></span> <span class='ocrx_word' id='word_1_265' title='bbox 716 3037 858 3092; x_wconf 89' lang='lat' dir='ltr'><strong>inter</strong></span> <span class='ocrx_word' id='word_1_266' title='bbox 899 3052 959 3091; x_wconf 93' lang='lat' dir='ltr'><strong>se</strong></span> <span class='ocrx_word' id='word_1_267' title='bbox 985 3036 1399 3104; x_wconf 64' lang='lat' dir='ltr'><strong>cohaerentibus,</strong></span> <span class='ocrx_word' id='word_1_268' title='bbox 1424 3048 1483 3093; x_wconf 93' lang='lat' dir='ltr'><strong>ut</strong></span> <span class='ocrx_word' id='word_1_269' title='bbox 1508 3053 1619 3094; x_wconf 89' lang='lat' dir='ltr'><strong>non</strong></span> <span class='ocrx_word' id='word_1_270' title='bbox 1664 3038 1838 3095; x_wconf 89' lang='lat' dir='ltr'><strong>dicam</strong></span> <span class='ocrx_word' id='word_1_271' title='bbox 1859 3036 1984 3095; x_wconf 80' lang='lat' dir='ltr'><strong>sen-</strong></span> 
     </span>
    </p>
   </div>
   <div class='ocr_carea' id='block_1_43' title="bbox 394 3106 1982 3172">
    <p class='ocr_par' dir='ltr' id='par_1_43' title="bbox 394 3106 1982 3172">
     <span class='ocr_line' id='line_1_43' title="bbox 394 3106 1982 3172; baseline 0.003 -11"><span class='ocrx_word' id='word_1_272' title='bbox 394 3108 614 3162; x_wconf 89' lang='lat' dir='ltr'><strong>tentiam</strong></span> <span class='ocrx_word' id='word_1_273' title='bbox 660 3122 692 3160; x_wconf 89' lang='lat' dir='ltr'><strong>a</strong></span> <span class='ocrx_word' id='word_1_274' title='bbox 734 3106 1018 3172; x_wconf 88' lang='lat' dir='ltr'><strong>sententia‘,</strong></span> <span class='ocrx_word' id='word_1_275' title='bbox 1052 3107 1147 3161; x_wconf 87' lang='lat' dir='ltr'><strong>sed</strong></span> <span class='ocrx_word' id='word_1_276' title='bbox 1193 3108 1417 3163; x_wconf 85' lang='lat' dir='ltr'><strong>verbum</strong></span> <span class='ocrx_word' id='word_1_277' title='bbox 1463 3124 1494 3164; x_wconf 89' lang='lat' dir='ltr'><strong>a</strong></span> <span class='ocrx_word' id='word_1_278' title='bbox 1518 3108 1688 3163; x_wconf 83' lang='lat' dir='ltr'><strong>verbo</strong></span> <span class='ocrx_word' id='word_1_279' title='bbox 1728 3110 1982 3165; x_wconf 88' lang='lat' dir='ltr'><strong>dirimere</strong></span> 
     </span>
    </p>
   </div>
   <div class='ocr_carea' id='block_1_44' title="bbox 394 3175 1981 3246">
    <p class='ocr_par' dir='ltr' id='par_1_44' title="bbox 394 3175 1981 3246">
     <span class='ocr_line' id='line_1_44' title="bbox 394 3175 1981 3246; baseline 0.002 -15"><span class='ocrx_word' id='word_1_280' title='bbox 394 3177 498 3233; x_wconf 90' lang='lat' dir='ltr'><strong>nisi</strong></span> <span class='ocrx_word' id='word_1_281' title='bbox 521 3184 737 3246; x_wconf 75' lang='lat' dir='ltr'><strong>assueto</strong></span> <span class='ocrx_word' id='word_1_282' title='bbox 764 3191 1048 3246; x_wconf 67' lang='lat' dir='ltr'><strong>operosum</strong></span> <span class='ocrx_word' id='word_1_283' title='bbox 1068 3176 1157 3231; x_wconf 91' lang='lat' dir='ltr'><strong>sit.</strong></span> <span class='ocrx_word' id='word_1_284' title='bbox 1176 3175 1426 3246; x_wconf 85' lang='lat' dir='ltr'><strong>Ejusdem</strong></span> <span class='ocrx_word' id='word_1_285' title='bbox 1449 3179 1671 3234; x_wconf 83' lang='lat' dir='ltr'><strong>Arnobii</strong></span> <span class='ocrx_word' id='word_1_286' title='bbox 1690 3176 1981 3235; x_wconf 90' lang='lat' dir='ltr'><strong>Commen-</strong></span> 
     </span>
    </p>
   </div>
   <div class='ocr_carea' id='block_1_45' title="bbox 393 3243 1977 3319">
    <p class='ocr_par' dir='ltr' id='par_1_45' title="bbox 393 3243 1977 3319">
     <span class='ocr_line' id='line_1_45' title="bbox 393 3243 1977 3319; baseline 0.002 -18"><span class='ocrx_word' id='word_1_287' title='bbox 393 3246 512 3319; x_wconf 84' lang='lat' dir='ltr'><strong>tarii</strong></span> <span class='ocrx_word' id='word_1_288' title='bbox 532 3246 591 3319; x_wconf 79' lang='lat' dir='ltr'><strong>in</strong></span> <span class='ocrx_word' id='word_1_289' title='bbox 619 3243 861 3319; x_wconf 70' lang='lat' dir='ltr'><strong>Psalmos</strong></span> <span class='ocrx_word' id='word_1_290' title='bbox 880 3244 1172 3319; x_wconf 78' lang='lat' dir='ltr'><strong>Davidicos</strong></span> <span class='ocrx_word' id='word_1_291' title='bbox 1191 3243 1320 3301; x_wconf 79' lang='lat' dir='ltr'><strong>editi</strong></span> <span class='ocrx_word' id='word_1_292' title='bbox 1343 3247 1456 3317; x_wconf 90' lang='lat' dir='ltr'><strong>jam</strong></span> <span class='ocrx_word' id='word_1_293' title='bbox 1486 3247 1691 3319; x_wconf 87' lang='lat' dir='ltr'><strong>pridem</strong></span> <span class='ocrx_word' id='word_1_294' title='bbox 1727 3256 1977 3319; x_wconf 77' lang='lat' dir='ltr'><strong>exstant;</strong></span> 
     </span>
    </p>
   </div>
   <div class='ocr_carea' id='block_1_46' title="bbox 393 3316 1979 3387">
    <p class='ocr_par' dir='ltr' id='par_1_46' title="bbox 393 3316 1979 3387">
     <span class='ocr_line' id='line_1_46' title="bbox 393 3316 1979 3387; baseline 0.004 -18"><span class='ocrx_word' id='word_1_295' title='bbox 393 3316 612 3372; x_wconf 85' lang='lat' dir='ltr'><strong>alterius</strong></span> <span class='ocrx_word' id='word_1_296' title='bbox 636 3330 768 3387; x_wconf 76' lang='lat' dir='ltr'><strong>vero</strong></span> <span class='ocrx_word' id='word_1_297' title='bbox 815 3316 1017 3387; x_wconf 80' lang='lat' dir='ltr'><strong>laudati</strong></span> <span class='ocrx_word' id='word_1_298' title='bbox 1054 3316 1175 3387; x_wconf 85' lang='lat' dir='ltr'><strong>libri</strong></span> <span class='ocrx_word' id='word_1_299' title='bbox 1225 3316 1432 3387; x_wconf 84' lang='lat' dir='ltr'><strong>septem</strong></span> <span class='ocrx_word' id='word_1_300' title='bbox 1460 3316 1719 3375; x_wconf 82' lang='lat' dir='ltr'><strong>adversus</strong></span> <span class='ocrx_word' id='word_1_301' title='bbox 1754 3316 1979 3385; x_wconf 88' lang='lat' dir='ltr'><strong>Gentes,</strong></span> 
     </span>
    </p>
   </div>
   <div class='ocr_carea' id='block_1_47' title="bbox 396 3386 1984 3508">
    <p class='ocr_par' dir='ltr' id='par_1_47' title="bbox 396 3386 1984 3508">
     <span class='ocr_line' id='line_1_47' title="bbox 396 3386 1984 3508; baseline 0.003 -69"><span class='ocrx_word' id='word_1_302' title='bbox 396 3400 616 3508; x_wconf 54' lang='lat' dir='ltr'><strong>auorum</strong></span> <span class='ocrx_word' id='word_1_303' title='bbox 641 3386 696 3441; x_wconf 92' lang='lat' dir='ltr'><strong>in</strong></span> <span class='ocrx_word' id='word_1_304' title='bbox 746 3386 994 3456; x_wconf 67' lang='lat' dir='ltr'><strong>catalogo</strong></span> <span class='ocrx_word' id='word_1_305' title='bbox 1043 3386 1329 3443; x_wconf 82' lang='lat' dir='ltr'><strong>illustrium</strong></span> <span class='ocrx_word' id='word_1_306' title='bbox 1368 3390 1693 3461; x_wconf 84' lang='lat' dir='ltr'><strong>scripton</strong></span> <span class='ocrx_word' id='word_1_307' title='bbox 1738 3391 1984 3446; x_wconf 86' lang='lat' dir='ltr'><strong>meminit</strong></span> 
     </span>
     <span class='ocr_line' id='line_1_48' title="bbox 440 3455 865 3508; baseline 0 0"><span class='ocrx_word' id='word_1_308' title='bbox 440 3495 453 3508; x_wconf 97' lang='lat'><strong>.</strong></span> <span class='ocrx_word' id='word_1_309' title='bbox 485 3455 865 3508; x_wconf 78' lang='lat' dir='ltr'><strong>Hieronvmus.</strong></span> 
     </span>
    </p>
   </div>
   <div class='ocr_carea' id='block_1_48' title="bbox 485 3455 865 3527">
    <p class='ocr_par' dir='ltr' id='par_1_48' title="bbox 485 3455 865 3527">
     <span class='ocr_line' id='line_1_49' title="bbox 485 3455 865 3527; baseline 0.005 -17"><span class='ocrx_word' id='word_1_310' title='bbox 485 3455 865 3527; x_wconf 82' lang='lat' dir='ltr'><strong>Hieronymus.</strong></span> 
     </span>
    </p>
   </div>
   <div class='ocr_carea' id='block_1_49' title="bbox 970 3542 1383 3603">
    <p class='ocr_par' dir='ltr' id='par_1_49' title="bbox 970 3542 1383 3603">
     <span class='ocr_line' id='line_1_50' title="bbox 970 3542 1383 3603; baseline 0 -3"><span class='ocrx_word' id='word_1_311' title='bbox 970 3543 1068 3601; x_wconf 81' lang='lat' dir='ltr'><strong>EX</strong></span> <span class='ocrx_word' id='word_1_312' title='bbox 1104 3542 1383 3603; x_wconf 81' lang='lat' dir='ltr'><strong>JOANNE.</strong></span> 
     </span>
    </p>
   </div>
   <div class='ocr_carea' id='block_1_50' title="bbox 1056 3634 1323 3696">
    <p class='ocr_par' dir='ltr' id='par_1_50' title="bbox 1056 3634 1323 3696">
     <span class='ocr_line' id='line_1_51' title="bbox 1056 3634 1323 3696; baseline 0 -2"><span class='ocrx_word' id='word_1_313' title='bbox 1056 3634 1243 3696; x_wconf 69' lang='lat' dir='ltr'><strong>Cum</strong></span> <span class='ocrx_word' id='word_1_314' title='bbox 1280 3639 1323 3695; x_wconf 95' lang='lat' dir='ltr'><strong>l.</strong></span> 
     </span>
    </p>
   </div>
   <div class='ocr_carea' id='block_1_51' title="bbox 462 3726 1977 3803">
    <p class='ocr_par' dir='ltr' id='par_1_51' title="bbox 462 3726 1977 3803">
     <span class='ocr_line' id='line_1_52' title="bbox 462 3726 1977 3803; baseline 0.001 -18"><span class='ocrx_word' id='word_1_315' title='bbox 462 3726 531 3785; x_wconf 80' lang='lat' dir='ltr'><strong>In</strong></span> <span class='ocrx_word' id='word_1_316' title='bbox 816 3740 931 3786; x_wconf 88' lang='lat' dir='ltr'><strong>erat</strong></span> <span class='ocrx_word' id='word_1_317' title='bbox 946 3728 1189 3797; x_wconf 81' lang='lat' dir='ltr'><strong>Verbum,</strong></span> <span class='ocrx_word' id='word_1_318' title='bbox 1202 3740 1253 3785; x_wconf 91' lang='lat' dir='ltr'><strong>et</strong></span> <span class='ocrx_word' id='word_1_319' title='bbox 1270 3730 1495 3786; x_wconf 82' lang='lat' dir='ltr'><strong>Verbum</strong></span> <span class='ocrx_word' id='word_1_320' title='bbox 1512 3741 1625 3786; x_wconf 88' lang='lat' dir='ltr'><strong>erat</strong></span> <span class='ocrx_word' id='word_1_321' title='bbox 1645 3731 1786 3802; x_wconf 86' lang='lat' dir='ltr'><strong>apud</strong></span> <span class='ocrx_word' id='word_1_322' title='bbox 1796 3730 1977 3797; x_wconf 88' lang='lat' dir='ltr'><strong>Deum,</strong></span> 
     </span>
    </p>
   </div>
   <div class='ocr_carea' id='block_1_52' title="bbox 397 3819 1097 3879">
    <p class='ocr_par' dir='ltr' id='par_1_52' title="bbox 397 3819 1097 3879">
     <span class='ocr_line' id='line_1_53' title="bbox 397 3819 1097 3879; baseline -0.003 0"><span class='ocrx_word' id='word_1_323' title='bbox 397 3832 444 3879; x_wconf 82' lang='lat' dir='ltr'><strong>et</strong></span> <span class='ocrx_word' id='word_1_324' title='bbox 486 3819 625 3878; x_wconf 83' lang='lat' dir='ltr'><strong>Deus</strong></span> <span class='ocrx_word' id='word_1_325' title='bbox 672 3832 786 3878; x_wconf 89' lang='lat' dir='ltr'><strong>erat</strong></span> <span class='ocrx_word' id='word_1_326' title='bbox 818 3819 1039 3878; x_wconf 78' lang='lat' dir='ltr'><strong>Verbum</strong></span> <span class='ocrx_word' id='word_1_327' title='bbox 1078 3840 1097 3877; x_wconf 90' lang='lat'><strong><em>:</em></strong></span> 
     </span>
    </p>
   </div>
   <div class='ocr_carea' id='block_1_53' title="bbox 399 3910 1981 3986">
    <p class='ocr_par' dir='ltr' id='par_1_53' title="bbox 399 3910 1981 3986">
     <span class='ocr_line' id='line_1_54' title="bbox 399 3910 1981 3986; baseline 0 -20"><span class='ocrx_word' id='word_1_328' title='bbox 399 3911 580 3966; x_wconf 88' lang='lat' dir='ltr'><strong>Deum.</strong></span> <span class='ocrx_word' id='word_1_329' title='bbox 606 3910 797 3967; x_wconf 86' lang='lat' dir='ltr'><strong>Omnia</strong></span> <span class='ocrx_word' id='word_1_330' title='bbox 830 3930 922 3985; x_wconf 88' lang='lat' dir='ltr'><strong>per</strong></span> <span class='ocrx_word' id='word_1_331' title='bbox 946 3915 1117 3985; x_wconf 89' lang='lat' dir='ltr'><strong>ipsum</strong></span> <span class='ocrx_word' id='word_1_332' title='bbox 1139 3914 1281 3985; x_wconf 83' lang='lat' dir='ltr'><strong>facta</strong></span> <span class='ocrx_word' id='word_1_333' title='bbox 1300 3920 1438 3979; x_wconf 85' lang='lat' dir='ltr'><strong>sunt,</strong></span> <span class='ocrx_word' id='word_1_334' title='bbox 1465 3922 1517 3968; x_wconf 90' lang='lat' dir='ltr'><strong>et</strong></span> <span class='ocrx_word' id='word_1_335' title='bbox 1531 3914 1642 3967; x_wconf 87' lang='lat' dir='ltr'><strong>sine</strong></span> <span class='ocrx_word' id='word_1_336' title='bbox 1658 3913 1759 3967; x_wconf 79' lang='lat' dir='ltr'><strong>illo</strong></span> <span class='ocrx_word' id='word_1_337' title='bbox 1787 3914 1981 3986; x_wconf 83' lang='lat' dir='ltr'><strong>factum</strong></span> 
     </span>
    </p>
   </div>
   <div class='ocr_carea' id='block_1_54' title="bbox 401 4004 1133 4076">
    <p class='ocr_par' dir='ltr' id='par_1_54' title="bbox 401 4004 1133 4076">
     <span class='ocr_line' id='line_1_55' title="bbox 401 4004 1133 4076; baseline 0 -18"><span class='ocrx_word' id='word_1_338' title='bbox 401 4012 475 4059; x_wconf 84' lang='lat' dir='ltr'><strong>est</strong></span> <span class='ocrx_word' id='word_1_339' title='bbox 493 4004 646 4069; x_wconf 88' lang='lat' dir='ltr'><strong>nihil,</strong></span> <span class='ocrx_word' id='word_1_340' title='bbox 668 4004 806 4075; x_wconf 87' lang='lat' dir='ltr'><strong>quod</strong></span> <span class='ocrx_word' id='word_1_341' title='bbox 829 4007 1020 4076; x_wconf 76' lang='lat' dir='ltr'><strong>factum</strong></span> <span class='ocrx_word' id='word_1_342' title='bbox 1038 4014 1133 4059; x_wconf 88' lang='lat' dir='ltr'><strong>est.</strong></span> 
     </span>
    </p>
   </div>
   <div class='ocr_carea' id='block_1_55' title="bbox 474 4092 1979 4167">
    <p class='ocr_par' dir='ltr' id='par_1_55' title="bbox 474 4092 1979 4167">
     <span class='ocr_line' id='line_1_56' title="bbox 474 4092 1979 4167; baseline 0.002 -20"><span class='ocrx_word' id='word_1_343' title='bbox 474 4092 798 4165; x_wconf 88' lang='lat' dir='ltr'><strong>Principium</strong></span> <span class='ocrx_word' id='word_1_344' title='bbox 817 4095 960 4151; x_wconf 85' lang='lat' dir='ltr'><strong>Deus</strong></span> <span class='ocrx_word' id='word_1_345' title='bbox 986 4104 1084 4162; x_wconf 89' lang='lat' dir='ltr'><strong>est,</strong></span> <span class='ocrx_word' id='word_1_346' title='bbox 1115 4095 1206 4165; x_wconf 93' lang='lat' dir='ltr'><strong>qui</strong></span> <span class='ocrx_word' id='word_1_347' title='bbox 1229 4096 1559 4167; x_wconf 90' lang='lat' dir='ltr'><strong>principator</strong></span> <span class='ocrx_word' id='word_1_348' title='bbox 1586 4110 1703 4152; x_wconf 90' lang='lat' dir='ltr'><strong>esse</strong></span> <span class='ocrx_word' id='word_1_349' title='bbox 1739 4096 1979 4151; x_wconf 92' lang='lat' dir='ltr'><strong>omnium</strong></span> 
     </span>
    </p>
   </div>
   <div class='ocr_carea' id='block_1_56' title="bbox 402 4185 1981 4258">
    <p class='ocr_par' dir='ltr' id='par_1_56' title="bbox 402 4185 1981 4258">
     <span class='ocr_line' id='line_1_57' title="bbox 402 4185 1981 4258; baseline 0.001 -16"><span class='ocrx_word' id='word_1_350' title='bbox 402 4185 587 4242; x_wconf 84' lang='lat' dir='ltr'><strong>voluit.</strong></span> <span class='ocrx_word' id='word_1_351' title='bbox 615 4185 672 4242; x_wconf 87' lang='lat' dir='ltr'><strong>In</strong></span> <span class='ocrx_word' id='word_1_352' title='bbox 700 4185 804 4242; x_wconf 93' lang='lat' dir='ltr'><strong>hoc</strong></span> <span class='ocrx_word' id='word_1_353' title='bbox 830 4187 1009 4257; x_wconf 89' lang='lat' dir='ltr'><strong>itaque</strong></span> <span class='ocrx_word' id='word_1_354' title='bbox 1051 4188 1293 4258; x_wconf 88' lang='lat' dir='ltr'><strong>principe</strong></span> <span class='ocrx_word' id='word_1_355' title='bbox 1325 4194 1443 4243; x_wconf 90' lang='lat' dir='ltr'><strong>erat</strong></span> <span class='ocrx_word' id='word_1_356' title='bbox 1473 4187 1731 4254; x_wconf 79' lang='lat' dir='ltr'><strong>Verbum,</strong></span> <span class='ocrx_word' id='word_1_357' title='bbox 1761 4189 1865 4244; x_wconf 90' lang='lat' dir='ltr'><strong>hoc</strong></span> <span class='ocrx_word' id='word_1_358' title='bbox 1894 4198 1981 4244; x_wconf 92' lang='lat' dir='ltr'><strong>est</strong></span> 
     </span>
    </p>
   </div>
   <div class='ocr_carea' id='block_1_57' title="bbox 399 4275 1986 4352">
    <p class='ocr_par' dir='ltr' id='par_1_57' title="bbox 399 4275 1986 4352">
     <span class='ocr_line' id='line_1_58' title="bbox 399 4275 1986 4352; baseline 0.001 -18"><span class='ocrx_word' id='word_1_359' title='bbox 399 4275 644 4335; x_wconf 86' lang='lat' dir='ltr'><strong>Christus</strong></span> <span class='ocrx_word' id='word_1_360' title='bbox 676 4297 689 4331; x_wconf 89' lang='lat'><strong>:</strong></span> <span class='ocrx_word' id='word_1_361' title='bbox 714 4278 783 4334; x_wconf 90' lang='lat' dir='ltr'><strong>de</strong></span> <span class='ocrx_word' id='word_1_362' title='bbox 808 4293 918 4349; x_wconf 88' lang='lat' dir='ltr'><strong>quo</strong></span> <span class='ocrx_word' id='word_1_363' title='bbox 958 4278 1103 4347; x_wconf 89' lang='lat' dir='ltr'><strong>dicit,</strong></span> <span class='ocrx_word' id='word_1_364' title='bbox 1131 4279 1368 4336; x_wconf 79' lang='lat' dir='ltr'><strong>Verbum</strong></span> <span class='ocrx_word' id='word_1_365' title='bbox 1397 4288 1515 4336; x_wconf 89' lang='lat' dir='ltr'><strong>erat</strong></span> <span class='ocrx_word' id='word_1_366' title='bbox 1543 4282 1686 4352; x_wconf 91' lang='lat' dir='ltr'><strong>apud</strong></span> <span class='ocrx_word' id='word_1_367' title='bbox 1718 4282 1900 4348; x_wconf 90' lang='lat' dir='ltr'><strong>Deum,</strong></span> <span class='ocrx_word' id='word_1_368' title='bbox 1928 4290 1986 4337; x_wconf 90' lang='lat' dir='ltr'><strong>et</strong></span> 
     </span>
    </p>
   </div>
   <div class='ocr_carea' id='block_1_58' title="bbox 399 4368 1984 4442">
    <p class='ocr_par' dir='ltr' id='par_1_58' title="bbox 399 4368 1984 4442">
     <span class='ocr_line' id='line_1_59' title="bbox 399 4368 1984 4442; baseline 0.002 -17"><span class='ocrx_word' id='word_1_369' title='bbox 399 4369 541 4427; x_wconf 88' lang='lat' dir='ltr'><strong>Deus</strong></span> <span class='ocrx_word' id='word_1_370' title='bbox 568 4378 685 4426; x_wconf 90' lang='lat' dir='ltr'><strong>erat</strong></span> <span class='ocrx_word' id='word_1_371' title='bbox 710 4368 963 4426; x_wconf 84' lang='lat' dir='ltr'><strong>Verbum.</strong></span> <span class='ocrx_word' id='word_1_372' title='bbox 995 4368 1241 4427; x_wconf 89' lang='lat' dir='ltr'><strong>Ostendit</strong></span> <span class='ocrx_word' id='word_1_373' title='bbox 1267 4370 1537 4428; x_wconf 89' lang='lat' dir='ltr'><strong>Christum</strong></span> <span class='ocrx_word' id='word_1_374' title='bbox 1583 4387 1653 4428; x_wconf 92' lang='lat' dir='ltr'><strong>ex</strong></span> <span class='ocrx_word' id='word_1_375' title='bbox 1693 4373 1805 4427; x_wconf 90' lang='lat' dir='ltr'><strong>Deo</strong></span> <span class='ocrx_word' id='word_1_376' title='bbox 1855 4389 1984 4442; x_wconf 89' lang='lat' dir='ltr'><strong>pro-</strong></span> 
     </span>
    </p>
   </div>
   <div class='ocr_carea' id='block_1_59' title="bbox 402 4461 1982 4536">
    <p class='ocr_par' dir='ltr' id='par_1_59' title="bbox 402 4461 1982 4536">
     <span class='ocr_line' id='line_1_60' title="bbox 402 4461 1982 4536; baseline 0.004 -22"><span class='ocrx_word' id='word_1_377' title='bbox 402 4462 640 4526; x_wconf 87' lang='lat' dir='ltr'><strong>cessisse,</strong></span> <span class='ocrx_word' id='word_1_378' title='bbox 677 4461 745 4516; x_wconf 90' lang='lat' dir='ltr'><strong>de</strong></span> <span class='ocrx_word' id='word_1_379' title='bbox 771 4477 880 4531; x_wconf 86' lang='lat' dir='ltr'><strong>quo</strong></span> <span class='ocrx_word' id='word_1_380' title='bbox 906 4470 961 4518; x_wconf 90' lang='lat' dir='ltr'><strong>et</strong></span> <span class='ocrx_word' id='word_1_381' title='bbox 987 4463 1041 4517; x_wconf 91' lang='lat' dir='ltr'><strong>in</strong></span> <span class='ocrx_word' id='word_1_382' title='bbox 1063 4464 1252 4534; x_wconf 91' lang='lat' dir='ltr'><strong>psalm.</strong></span> <span class='ocrx_word' id='word_1_383' title='bbox 1285 4481 1408 4520; x_wconf 81' lang='lat' dir='ltr'><strong>xuv</strong></span> <span class='ocrx_word' id='word_1_384' title='bbox 1434 4480 1544 4520; x_wconf 87' lang='lat' dir='ltr'><strong>vox</strong></span> <span class='ocrx_word' id='word_1_385' title='bbox 1568 4473 1792 4536; x_wconf 90' lang='lat' dir='ltr'><strong>paterna</strong></span> <span class='ocrx_word' id='word_1_386' title='bbox 1815 4465 1982 4520; x_wconf 87' lang='lat' dir='ltr'><strong>dixit:</strong></span> 
     </span>
    </p>
   </div>
   <div class='ocr_carea' id='block_1_60' title="bbox 401 4551 1987 4612">
    <p class='ocr_par' dir='ltr' id='par_1_60' title="bbox 401 4551 1987 4612">
     <span class='ocr_line' id='line_1_61' title="bbox 401 4551 1987 4612; baseline 0.004 -6"><span class='ocrx_word' id='word_1_387' title='bbox 401 4551 675 4607; x_wconf 83' lang='lat' dir='ltr'><strong>Eructavit</strong></span> <span class='ocrx_word' id='word_1_388' title='bbox 699 4568 794 4609; x_wconf 91' lang='lat' dir='ltr'><strong>cor</strong></span> <span class='ocrx_word' id='word_1_389' title='bbox 819 4570 997 4611; x_wconf 90' lang='lat' dir='ltr'><strong>meum</strong></span> <span class='ocrx_word' id='word_1_390' title='bbox 1026 4556 1261 4611; x_wconf 89' lang='lat' dir='ltr'><strong>Verbum</strong></span> <span class='ocrx_word' id='word_1_391' title='bbox 1305 4556 1507 4612; x_wconf 86' lang='lat' dir='ltr'><strong>bonum</strong></span> <span class='ocrx_word' id='word_1_392' title='bbox 1538 4574 1551 4610; x_wconf 90' lang='lat'><strong>:</strong></span> <span class='ocrx_word' id='word_1_393' title='bbox 1583 4557 1689 4612; x_wconf 91' lang='lat' dir='ltr'><strong>hoc</strong></span> <span class='ocrx_word' id='word_1_394' title='bbox 1714 4563 1799 4612; x_wconf 88' lang='lat' dir='ltr'><strong>est</strong></span> <span class='ocrx_word' id='word_1_395' title='bbox 1831 4554 1987 4612; x_wconf 86' lang='lat' dir='ltr'><strong>Chri-</strong></span> 
     </span>
    </p>
   </div>
   <div class='ocr_carea' id='block_1_61' title="bbox 401 4647 1986 4718">
    <p class='ocr_par' dir='ltr' id='par_1_61' title="bbox 401 4647 1986 4718">
     <span class='ocr_line' id='line_1_62' title="bbox 401 4647 1986 4718; baseline 0.003 -19"><span class='ocrx_word' id='word_1_396' title='bbox 401 4651 565 4709; x_wconf 85' lang='lat' dir='ltr'><strong>stum,</strong></span> <span class='ocrx_word' id='word_1_397' title='bbox 596 4659 695 4715; x_wconf 89' lang='lat' dir='ltr'><strong>per</strong></span> <span class='ocrx_word' id='word_1_398' title='bbox 718 4659 874 4714; x_wconf 88' lang='lat' dir='ltr'><strong>quem</strong></span> <span class='ocrx_word' id='word_1_399' title='bbox 904 4648 1085 4703; x_wconf 89' lang='lat' dir='ltr'><strong>omnia</strong></span> <span class='ocrx_word' id='word_1_400' title='bbox 1114 4647 1253 4703; x_wconf 83' lang='lat' dir='ltr'><strong>facta</strong></span> <span class='ocrx_word' id='word_1_401' title='bbox 1282 4654 1425 4714; x_wconf 84' lang='lat' dir='ltr'><strong>sunt,</strong></span> <span class='ocrx_word' id='word_1_402' title='bbox 1457 4656 1651 4717; x_wconf 82' lang='lat' dir='ltr'><strong>praeter</strong></span> <span class='ocrx_word' id='word_1_403' title='bbox 1676 4648 1836 4714; x_wconf 88' lang='lat' dir='ltr'><strong>idola,</strong></span> <span class='ocrx_word' id='word_1_404' title='bbox 1868 4663 1986 4718; x_wconf 70' lang='lat' dir='ltr'><strong>quze</strong></span> 
     </span>
    </p>
   </div>
   <div class='ocr_carea' id='block_1_62' title="bbox 401 4734 1987 4807">
    <p class='ocr_par' dir='ltr' id='par_1_62' title="bbox 401 4734 1987 4807">
     <span class='ocr_line' id='line_1_63' title="bbox 401 4734 1987 4807; baseline 0.002 -19"><span class='ocrx_word' id='word_1_405' title='bbox 401 4734 517 4789; x_wconf 84' lang='lat' dir='ltr'><strong>sine</strong></span> <span class='ocrx_word' id='word_1_406' title='bbox 543 4734 766 4791; x_wconf 89' lang='lat' dir='ltr'><strong>arbitrio</strong></span> <span class='ocrx_word' id='word_1_407' title='bbox 786 4734 985 4791; x_wconf 88' lang='lat' dir='ltr'><strong>Christi</strong></span> <span class='ocrx_word' id='word_1_408' title='bbox 1012 4735 1152 4794; x_wconf 79' lang='lat' dir='ltr'><strong>facta</strong></span> <span class='ocrx_word' id='word_1_409' title='bbox 1193 4746 1349 4803; x_wconf 90' lang='lat' dir='ltr'><strong>sunt,</strong></span> <span class='ocrx_word' id='word_1_410' title='bbox 1380 4737 1448 4792; x_wconf 93' lang='lat' dir='ltr'><strong>de</strong></span> <span class='ocrx_word' id='word_1_411' title='bbox 1479 4738 1672 4807; x_wconf 89' lang='lat' dir='ltr'><strong>quibus</strong></span> <span class='ocrx_word' id='word_1_412' title='bbox 1700 4738 1987 4806; x_wconf 85' lang='lat' dir='ltr'><strong>Apostolus</strong></span> 
     </span>
    </p>
   </div>
   <div class='ocr_carea' id='block_1_63' title="bbox 404 4824 1472 4896">
    <p class='ocr_par' dir='ltr' id='par_1_63' title="bbox 404 4824 1472 4896">
     <span class='ocr_line' id='line_1_64' title="bbox 404 4824 1472 4896; baseline 0.004 -18"><span class='ocrx_word' id='word_1_413' title='bbox 404 4824 534 4879; x_wconf 90' lang='lat' dir='ltr'><strong>dicit</strong></span> <span class='ocrx_word' id='word_1_414' title='bbox 564 4843 578 4878; x_wconf 87' lang='lat'><strong>:</strong></span> <span class='ocrx_word' id='word_1_415' title='bbox 610 4824 820 4882; x_wconf 87' lang='lat' dir='ltr'><strong>Scimus</strong></span> <span class='ocrx_word' id='word_1_416' title='bbox 833 4827 958 4896; x_wconf 89' lang='lat' dir='ltr'><strong>quia</strong></span> <span class='ocrx_word' id='word_1_417' title='bbox 983 4827 1115 4883; x_wconf 92' lang='lat' dir='ltr'><strong>nihil</strong></span> <span class='ocrx_word' id='word_1_418' title='bbox 1143 4835 1227 4884; x_wconf 89' lang='lat' dir='ltr'><strong>est</strong></span> <span class='ocrx_word' id='word_1_419' title='bbox 1252 4827 1472 4883; x_wconf 90' lang='lat' dir='ltr'><strong>idolum.</strong></span> 
     </span>
    </p>
   </div>
   <div class='ocr_carea' id='block_1_64' title="bbox 894 4930 1485 5015">
    <p class='ocr_par' dir='ltr' id='par_1_64' title="bbox 894 4930 1485 5015">
     <span class='ocr_line' id='line_1_65' title="bbox 894 4930 1485 5015; baseline -0.003 -21"><span class='ocrx_word' id='word_1_420' title='bbox 894 4930 1026 4994; x_wconf 70' lang='lat' dir='ltr'><strong>Cn.</strong></span> <span class='ocrx_word' id='word_1_421' title='bbox 1065 4938 1129 4993; x_wconf 89' lang='lat' dir='ltr'><strong>ll.</strong></span> <span class='ocrx_word' id='word_1_422' title='bbox 1165 4939 1243 4995; x_wconf 92' lang='lat' dir='ltr'><strong>De</strong></span> <span class='ocrx_word' id='word_1_423' title='bbox 1271 4938 1485 5015; x_wconf 85' lang='lat' dir='ltr'><strong>nuptiis.</strong></span> 
     </span>
    </p>
   </div>
   <div class='ocr_carea' id='block_1_65' title="bbox 473 5028 1989 5103">
    <p class='ocr_par' dir='ltr' id='par_1_65' title="bbox 473 5028 1989 5103">
     <span class='ocr_line' id='line_1_66' title="bbox 473 5028 1989 5103; baseline -0.001 -18"><span class='ocrx_word' id='word_1_424' title='bbox 473 5028 574 5085; x_wconf 81' lang='lat' dir='ltr'><strong>Dis</strong></span> <span class='ocrx_word' id='word_1_425' title='bbox 612 5033 761 5087; x_wconf 86' lang='lat' dir='ltr'><strong>tertio</strong></span> <span class='ocrx_word' id='word_1_426' title='bbox 799 5033 994 5102; x_wconf 69' lang='lat' dir='ltr'><strong>nuptiis</strong></span> <span class='ocrx_word' id='word_1_427' title='bbox 1020 5030 1215 5103; x_wconf 74' lang='lat' dir='ltr'><strong>ﬁebant</strong></span> <span class='ocrx_word' id='word_1_428' title='bbox 1242 5033 1301 5087; x_wconf 89' lang='lat' dir='ltr'><strong>in</strong></span> <span class='ocrx_word' id='word_1_429' title='bbox 1328 5031 1473 5086; x_wconf 87' lang='lat' dir='ltr'><strong>Cana</strong></span> <span class='ocrx_word' id='word_1_430' title='bbox 1511 5028 1770 5094; x_wconf 75' lang='lat' dir='ltr'><strong>Galiltw;</strong></span> <span class='ocrx_word' id='word_1_431' title='bbox 1799 5039 1848 5084; x_wconf 90' lang='lat' dir='ltr'><strong>et</strong></span> <span class='ocrx_word' id='word_1_432' title='bbox 1877 5039 1989 5085; x_wconf 87' lang='lat' dir='ltr'><strong>erat</strong></span> 
     </span>
    </p>
   </div>
   <div class='ocr_carea' id='block_1_66' title="bbox 403 5118 1987 5190">
    <p class='ocr_par' dir='ltr' id='par_1_66' title="bbox 403 5118 1987 5190">
     <span class='ocr_line' id='line_1_67' title="bbox 403 5118 1987 5190; baseline 0.001 -19"><span class='ocrx_word' id='word_1_433' title='bbox 403 5127 569 5174; x_wconf 87' lang='lat' dir='ltr'><strong>mater</strong></span> <span class='ocrx_word' id='word_1_434' title='bbox 591 5118 716 5176; x_wconf 87' lang='lat' dir='ltr'><strong>Iesu</strong></span> <span class='ocrx_word' id='word_1_435' title='bbox 739 5118 830 5175; x_wconf 88' lang='lat' dir='ltr'><strong>ibi.</strong></span> <span class='ocrx_word' id='word_1_436' title='bbox 859 5119 1082 5175; x_wconf 84' lang='lat' dir='ltr'><strong>Vocatus</strong></span> <span class='ocrx_word' id='word_1_437' title='bbox 1110 5130 1188 5175; x_wconf 91' lang='lat' dir='ltr'><strong>est</strong></span> <span class='ocrx_word' id='word_1_438' title='bbox 1206 5130 1376 5176; x_wconf 87' lang='lat' dir='ltr'><strong>autem</strong></span> <span class='ocrx_word' id='word_1_439' title='bbox 1395 5127 1444 5175; x_wconf 88' lang='lat' dir='ltr'><strong>et</strong></span> <span class='ocrx_word' id='word_1_440' title='bbox 1469 5119 1640 5183; x_wconf 88' lang='lat' dir='ltr'><strong>Iesus,</strong></span> <span class='ocrx_word' id='word_1_441' title='bbox 1672 5128 1721 5172; x_wconf 89' lang='lat' dir='ltr'><strong>et</strong></span> <span class='ocrx_word' id='word_1_442' title='bbox 1749 5120 1987 5190; x_wconf 79' lang='lat' dir='ltr'><strong>discipuli</strong></span> 
     </span>
    </p>
   </div>
   <div class='ocr_carea' id='block_1_67' title="bbox 404 5210 1698 5284">
    <p class='ocr_par' dir='ltr' id='par_1_67' title="bbox 404 5210 1698 5284">
     <span class='ocr_line' id='line_1_68' title="bbox 404 5210 1698 5284; baseline 0.002 -21"><span class='ocrx_word' id='word_1_443' title='bbox 404 5210 518 5279; x_wconf 89' lang='lat' dir='ltr'><strong>ejus</strong></span> <span class='ocrx_word' id='word_1_444' title='bbox 539 5211 609 5264; x_wconf 83' lang='lat' dir='ltr'><strong>ad</strong></span> <span class='ocrx_word' id='word_1_445' title='bbox 629 5212 869 5284; x_wconf 46' lang='lat' dir='ltr'><strong>nuptias,“</strong></span> <span class='ocrx_word' id='word_1_446' title='bbox 892 5210 942 5266; x_wconf 81' lang='lat' dir='ltr'><strong>et</strong></span> <span class='ocrx_word' id='word_1_447' title='bbox 966 5214 1140 5268; x_wconf 82' lang='lat' dir='ltr'><strong>vinum</strong></span> <span class='ocrx_word' id='word_1_448' title='bbox 1168 5229 1273 5267; x_wconf 88' lang='lat' dir='ltr'><strong>nou</strong></span> <span class='ocrx_word' id='word_1_449' title='bbox 1304 5212 1573 5277; x_wconf 85' lang='lat' dir='ltr'><strong>habebant,</strong></span> <span class='ocrx_word' id='word_1_450' title='bbox 1596 5220 1698 5267; x_wconf 89' lang='lat' dir='ltr'><strong>etc.</strong></span> 
     </span>
    </p>
   </div>
   <div class='ocr_carea' id='block_1_68' title="bbox 476 5300 1986 5370">
    <p class='ocr_par' dir='ltr' id='par_1_68' title="bbox 476 5300 1986 5370">
     <span class='ocr_line' id='line_1_69' title="bbox 476 5300 1986 5370; baseline -0.001 -16"><span class='ocrx_word' id='word_1_451' title='bbox 476 5300 637 5356; x_wconf 78' lang='lat' dir='ltr'><strong>Facta</strong></span> <span class='ocrx_word' id='word_1_452' title='bbox 658 5309 784 5357; x_wconf 91' lang='lat' dir='ltr'><strong>sunt</strong></span> <span class='ocrx_word' id='word_1_453' title='bbox 802 5303 903 5357; x_wconf 90' lang='lat' dir='ltr'><strong>ista</strong></span> <span class='ocrx_word' id='word_1_454' title='bbox 932 5302 1146 5368; x_wconf 89' lang='lat' dir='ltr'><strong>omnia;</strong></span> <span class='ocrx_word' id='word_1_455' title='bbox 1182 5302 1277 5357; x_wconf 87' lang='lat' dir='ltr'><strong>sed</strong></span> <span class='ocrx_word' id='word_1_456' title='bbox 1313 5302 1513 5357; x_wconf 92' lang='lat' dir='ltr'><strong>habent</strong></span> <span class='ocrx_word' id='word_1_457' title='bbox 1544 5302 1871 5370; x_wconf 87' lang='lat' dir='ltr'><strong>spiritualem</strong></span> <span class='ocrx_word' id='word_1_458' title='bbox 1903 5300 1986 5353; x_wconf 92' lang='lat' dir='ltr'><strong>in-</strong></span> 
     </span>
    </p>
   </div>
   <div class='ocr_carea' id='block_1_69' title="bbox 404 5389 1990 5462">
    <p class='ocr_par' dir='ltr' id='par_1_69' title="bbox 404 5389 1990 5462">
     <span class='ocr_line' id='line_1_70' title="bbox 404 5389 1990 5462; baseline -0.001 -17"><span class='ocrx_word' id='word_1_459' title='bbox 404 5389 702 5446; x_wconf 79' lang='lat' dir='ltr'><strong>tellectum.</strong></span> <span class='ocrx_word' id='word_1_460' title='bbox 734 5391 962 5462; x_wconf 64' lang='lat' dir='ltr'><strong>Nuptiae,</strong></span> <span class='ocrx_word' id='word_1_461' title='bbox 998 5393 1224 5457; x_wconf 88' lang='lat' dir='ltr'><strong>scilicet,</strong></span> <span class='ocrx_word' id='word_1_462' title='bbox 1267 5391 1573 5461; x_wconf 89' lang='lat' dir='ltr'><strong>eonjunctio</strong></span> <span class='ocrx_word' id='word_1_463' title='bbox 1601 5390 1798 5446; x_wconf 89' lang='lat' dir='ltr'><strong>Christi</strong></span> <span class='ocrx_word' id='word_1_464' title='bbox 1827 5399 1908 5445; x_wconf 91' lang='lat' dir='ltr'><strong>est</strong></span> <span class='ocrx_word' id='word_1_465' title='bbox 1935 5398 1990 5445; x_wconf 91' lang='lat' dir='ltr'><strong>et</strong></span> 
     </span>
    </p>
   </div>
   <div class='ocr_carea' id='block_1_70' title="bbox 407 5479 1986 5552">
    <p class='ocr_par' dir='ltr' id='par_1_70' title="bbox 407 5479 1986 5552">
     <span class='ocr_line' id='line_1_71' title="bbox 407 5479 1986 5552; baseline -0.003 -14"><span class='ocrx_word' id='word_1_466' title='bbox 407 5479 677 5547; x_wconf 68' lang='lat' dir='ltr'><strong>Ecclesiae,</strong></span> <span class='ocrx_word' id='word_1_467' title='bbox 709 5480 815 5539; x_wconf 90' lang='lat' dir='ltr'><strong>hoc</strong></span> <span class='ocrx_word' id='word_1_468' title='bbox 833 5490 936 5548; x_wconf 90' lang='lat' dir='ltr'><strong>est,</strong></span> <span class='ocrx_word' id='word_1_469' title='bbox 962 5498 1117 5539; x_wconf 67' lang='lat' dir='ltr'><strong>nova:</strong></span> <span class='ocrx_word' id='word_1_470' title='bbox 1152 5482 1283 5551; x_wconf 88' lang='lat' dir='ltr'><strong>legis</strong></span> <span class='ocrx_word' id='word_1_471' title='bbox 1308 5482 1631 5538; x_wconf 59' lang='lat' dir='ltr'><strong>traditionis;</strong></span> <span class='ocrx_word' id='word_1_472' title='bbox 1658 5481 1867 5552; x_wconf 83' lang='lat' dir='ltr'><strong>Hydriae</strong></span> <span class='ocrx_word' id='word_1_473' title='bbox 1889 5496 1986 5534; x_wconf 93' lang='lat' dir='ltr'><strong>au-</strong></span> 
     </span>
    </p>
   </div>
   <div class='ocr_carea' id='block_1_71' title="bbox 408 5570 2005 5651">
    <p class='ocr_par' dir='ltr' id='par_1_71' title="bbox 408 5570 2005 5651">
     <span class='ocr_line' id='line_1_72' title="bbox 408 5570 2005 5651; baseline -0.002 -24"><span class='ocrx_word' id='word_1_474' title='bbox 408 5580 518 5627; x_wconf 89' lang='lat' dir='ltr'><strong>tem</strong></span> <span class='ocrx_word' id='word_1_475' title='bbox 538 5579 745 5643; x_wconf 85' lang='lat' dir='ltr'><strong>septem</strong></span> <span class='ocrx_word' id='word_1_476' title='bbox 764 5572 987 5643; x_wconf 69' lang='lat' dir='ltr'><strong>lapideae</strong></span> <span class='ocrx_word' id='word_1_477' title='bbox 1010 5572 1277 5629; x_wconf 90' lang='lat' dir='ltr'><strong>Ecclesias</strong></span> <span class='ocrx_word' id='word_1_478' title='bbox 1300 5582 1505 5651; x_wconf 86' lang='lat' dir='ltr'><strong>septem</strong></span> <span class='ocrx_word' id='word_1_479' title='bbox 1519 5588 1682 5642; x_wconf 89' lang='lat' dir='ltr'><strong>super</strong></span> <span class='ocrx_word' id='word_1_480' title='bbox 1700 5580 1850 5642; x_wconf 87' lang='lat' dir='ltr'><strong>petra</strong></span> <span class='ocrx_word' id='word_1_481' title='bbox 1878 5570 2005 5625; x_wconf 23' lang='lat' dir='ltr'><strong>fun-r</strong></span> 
     </span>
    </p>
   </div>
   <div class='ocr_carea' id='block_1_72' title="bbox 410 5660 1986 5734">
    <p class='ocr_par' dir='ltr' id='par_1_72' title="bbox 410 5660 1986 5734">
     <span class='ocr_line' id='line_1_73' title="bbox 410 5660 1986 5734; baseline 0 -20"><span class='ocrx_word' id='word_1_482' title='bbox 410 5660 562 5716; x_wconf 88' lang='lat' dir='ltr'><strong>datas</strong></span> <span class='ocrx_word' id='word_1_483' title='bbox 607 5662 998 5717; x_wconf 88' lang='lat' dir='ltr'><strong>demonstrant.</strong></span> <span class='ocrx_word' id='word_1_484' title='bbox 1043 5663 1211 5734; x_wconf 85' lang='lat' dir='ltr'><strong>Aqua,</strong></span> <span class='ocrx_word' id='word_1_485' title='bbox 1243 5663 1441 5732; x_wconf 89' lang='lat' dir='ltr'><strong>inquit,</strong></span> <span class='ocrx_word' id='word_1_486' title='bbox 1490 5663 1661 5733; x_wconf 71' lang='lat' dir='ltr'><strong>plenm</strong></span> <span class='ocrx_word' id='word_1_487' title='bbox 1694 5679 1705 5713; x_wconf 94' lang='lat'>:</span> <span class='ocrx_word' id='word_1_488' title='bbox 1738 5663 1840 5716; x_wconf 92' lang='lat' dir='ltr'><strong>hoc</strong></span> <span class='ocrx_word' id='word_1_489' title='bbox 1885 5670 1986 5723; x_wconf 89' lang='lat' dir='ltr'><strong>est,</strong></span> 
     </span>
    </p>
   </div>
   <div class='ocr_carea' id='block_1_73' title="bbox 320 5753 1989 5829">
    <p class='ocr_par' dir='ltr' id='par_1_73' title="bbox 320 5753 1989 5829">
     <span class='ocr_line' id='line_1_74' title="bbox 320 5753 1989 5829; baseline -0.001 -22"><span class='ocrx_word' id='word_1_490' title='bbox 320 5755 333 5782; x_wconf 78' lang='lat'><strong>‘</strong></span> <span class='ocrx_word' id='word_1_491' title='bbox 409 5753 661 5825; x_wconf 88' lang='lat' dir='ltr'><strong>baptismi</strong></span> <span class='ocrx_word' id='word_1_492' title='bbox 689 5756 879 5829; x_wconf 75' lang='lat' dir='ltr'><strong>gratia.</strong></span> <span class='ocrx_word' id='word_1_493' title='bbox 913 5755 1071 5823; x_wconf 83' lang='lat' dir='ltr'><strong>Quod</strong></span> <span class='ocrx_word' id='word_1_494' title='bbox 1098 5763 1279 5811; x_wconf 89' lang='lat' dir='ltr'><strong>autem</strong></span> <span class='ocrx_word' id='word_1_495' title='bbox 1302 5754 1430 5812; x_wconf 86' lang='lat' dir='ltr'><strong>dicit</strong></span> <span class='ocrx_word' id='word_1_496' title='bbox 1448 5772 1460 5805; x_wconf 89' lang='lat'><strong>:</strong></span> <span class='ocrx_word' id='word_1_497' title='bbox 1478 5753 1765 5826; x_wconf 85' lang='lat' dir='ltr'><strong>Capientes</strong></span> <span class='ocrx_word' id='word_1_498' title='bbox 1790 5762 1989 5808; x_wconf 88' lang='lat' dir='ltr'><strong>metre-</strong></span> 
     </span>
    </p>
   </div>
   <div class='ocr_carea' id='block_1_74' title="bbox 1154 3823 2053 3919">
    <p class='ocr_par' dir='ltr' id='par_1_74' title="bbox 1154 3823 2053 3919">
     <span class='ocr_line' id='line_1_75' title="bbox 1154 3823 2053 3919; baseline 0 -41"><span class='ocrx_word' id='word_1_499' title='bbox 1154 3823 1250 3919; x_wconf 79' lang='lat' dir='ltr'><strong>hoc</strong></span> <span class='ocrx_word' id='word_1_500' title='bbox 1292 3831 1407 3878; x_wconf 89' lang='lat' dir='ltr'><strong>erat</strong></span> <span class='ocrx_word' id='word_1_501' title='bbox 1440 3826 1496 3878; x_wconf 82' lang='lat' dir='ltr'><strong>in</strong></span> <span class='ocrx_word' id='word_1_502' title='bbox 1843 3826 1982 3895; x_wconf 84' lang='lat' dir='ltr'><strong>apud</strong></span> <span class='ocrx_word' id='word_1_503' title='bbox 2006 3856 2053 3919; x_wconf 58' lang='grc' dir='ltr'>η</span> 
     </span>
    </p>
   </div>
   <div class='ocr_carea' id='block_1_75' title="bbox 2013 2487 3660 2562">
    <p class='ocr_par' dir='ltr' id='par_1_75' title="bbox 2013 2487 3660 2562">
     <span class='ocr_line' id='line_1_76' title="bbox 2013 2487 3660 2562; baseline 0.005 -22"><span class='ocrx_word' id='word_1_504' title='bbox 2013 2491 2058 2550; x_wconf 81' lang='grc' dir='ltr'><strong>Β</strong></span> <span class='ocrx_word' id='word_1_505' title='bbox 2088 2494 2169 2542; x_wconf 90' lang='lat' dir='ltr'><strong>tas</strong></span> <span class='ocrx_word' id='word_1_506' title='bbox 2190 2487 2343 2544; x_wconf 93' lang='lat' dir='ltr'><strong>binas</strong></span> <span class='ocrx_word' id='word_1_507' title='bbox 2374 2508 2387 2542; x_wconf 89' lang='lat'>:</span> <span class='ocrx_word' id='word_1_508' title='bbox 2420 2490 2472 2544; x_wconf 92' lang='lat' dir='ltr'><strong>hi</strong></span> <span class='ocrx_word' id='word_1_509' title='bbox 2494 2497 2617 2545; x_wconf 81' lang='lat' dir='ltr'><strong>sunt</strong></span> <span class='ocrx_word' id='word_1_510' title='bbox 2645 2492 2736 2561; x_wconf 90' lang='lat' dir='ltr'><strong>qui</strong></span> <span class='ocrx_word' id='word_1_511' title='bbox 2756 2493 3108 2548; x_wconf 84' lang='lat' dir='ltr'><strong>matrimoniis</strong></span> <span class='ocrx_word' id='word_1_512' title='bbox 3131 2492 3440 2562; x_wconf 84' lang='lat' dir='ltr'><strong>junguntur.</strong></span> <span class='ocrx_word' id='word_1_513' title='bbox 3461 2493 3660 2549; x_wconf 64' lang='lat' dir='ltr'><strong>Terna‘.</strong></span> 
     </span>
    </p>
   </div>
   <div class='ocr_carea' id='block_1_76' title="bbox 2087 2582 3661 2656">
    <p class='ocr_par' dir='ltr' id='par_1_76' title="bbox 2087 2582 3661 2656">
     <span class='ocr_line' id='line_1_77' title="bbox 2087 2582 3661 2656; baseline 0.006 -23"><span class='ocrx_word' id='word_1_514' title='bbox 2087 2588 2266 2635; x_wconf 91' lang='lat' dir='ltr'><strong>autem</strong></span> <span class='ocrx_word' id='word_1_515' title='bbox 2295 2582 2585 2651; x_wconf 84' lang='lat' dir='ltr'><strong>capientes,</strong></span> <span class='ocrx_word' id='word_1_516' title='bbox 2632 2591 2757 2638; x_wconf 91' lang='lat' dir='ltr'><strong>sunt</strong></span> <span class='ocrx_word' id='word_1_517' title='bbox 2785 2585 3051 2655; x_wconf 85' lang='lat' dir='ltr'><strong>spiritales</strong></span> <span class='ocrx_word' id='word_1_518' title='bbox 3091 2593 3145 2641; x_wconf 85' lang='lat' dir='ltr'><strong>et</strong></span> <span class='ocrx_word' id='word_1_519' title='bbox 3189 2586 3542 2652; x_wconf 85' lang='lat' dir='ltr'><strong>continentes,</strong></span> <span class='ocrx_word' id='word_1_520' title='bbox 3572 2589 3661 2656; x_wconf 85' lang='lat' dir='ltr'><strong>qui</strong></span> 
     </span>
    </p>
   </div>
   <div class='ocr_carea' id='block_1_77' title="bbox 2088 2668 3661 2747">
    <p class='ocr_par' dir='ltr' id='par_1_77' title="bbox 2088 2668 3661 2747">
     <span class='ocr_line' id='line_1_78' title="bbox 2088 2668 3661 2747; baseline 0.004 -22"><span class='ocrx_word' id='word_1_521' title='bbox 2088 2670 2363 2731; x_wconf 89' lang='lat' dir='ltr'><strong>Trinitatis</strong></span> <span class='ocrx_word' id='word_1_522' title='bbox 2390 2673 2676 2730; x_wconf 83' lang='lat' dir='ltr'><strong>virtutibus</strong></span> <span class='ocrx_word' id='word_1_523' title='bbox 2721 2676 3024 2747; x_wconf 90' lang='lat' dir='ltr'><strong>implentur.</strong></span> <span class='ocrx_word' id='word_1_524' title='bbox 3055 2668 3456 2731; x_wconf 79' lang='lat' dir='ltr'><strong>Architriclinus</strong></span> <span class='ocrx_word' id='word_1_525' title='bbox 3483 2686 3661 2731; x_wconf 87' lang='lat' dir='ltr'><strong>autem</strong></span> 
     </span>
    </p>
   </div>
   <div class='ocr_carea' id='block_1_78' title="bbox 2085 2761 3661 2836">
    <p class='ocr_par' dir='ltr' id='par_1_78' title="bbox 2085 2761 3661 2836">
     <span class='ocr_line' id='line_1_79' title="bbox 2085 2761 3661 2836; baseline 0.003 -19"><span class='ocrx_word' id='word_1_526' title='bbox 2085 2761 2297 2835; x_wconf 81' lang='lat' dir='ltr'><strong>Moyses</strong></span> <span class='ocrx_word' id='word_1_527' title='bbox 2316 2774 2416 2829; x_wconf 91' lang='lat' dir='ltr'><strong>est,</strong></span> <span class='ocrx_word' id='word_1_528' title='bbox 2436 2780 2664 2835; x_wconf 84' lang='lat' dir='ltr'><strong>sponsus</strong></span> <span class='ocrx_word' id='word_1_529' title='bbox 2683 2782 2853 2821; x_wconf 88' lang='lat' dir='ltr'><strong>novus</strong></span> <span class='ocrx_word' id='word_1_530' title='bbox 2866 2764 3107 2822; x_wconf 89' lang='lat' dir='ltr'><strong>Christus</strong></span> <span class='ocrx_word' id='word_1_531' title='bbox 3126 2774 3227 2829; x_wconf 88' lang='lat' dir='ltr'><strong>est,</strong></span> <span class='ocrx_word' id='word_1_532' title='bbox 3241 2779 3376 2836; x_wconf 86' lang='lat' dir='ltr'><strong>aqua</strong></span> <span class='ocrx_word' id='word_1_533' title='bbox 3404 2769 3455 2822; x_wconf 93' lang='lat' dir='ltr'><strong>in</strong></span> <span class='ocrx_word' id='word_1_534' title='bbox 3482 2768 3661 2822; x_wconf 86' lang='lat' dir='ltr'><strong>vinum</strong></span> 
     </span>
    </p>
   </div>
   <div class='ocr_carea' id='block_1_79' title="bbox 2085 2857 3275 2927">
    <p class='ocr_par' dir='ltr' id='par_1_79' title="bbox 2085 2857 3275 2927">
     <span class='ocr_line' id='line_1_80' title="bbox 2085 2857 3275 2927; baseline 0.001 -17"><span class='ocrx_word' id='word_1_535' title='bbox 2085 2869 2343 2911; x_wconf 84' lang='lat' dir='ltr'><strong>conversa</strong></span> <span class='ocrx_word' id='word_1_536' title='bbox 2372 2857 2637 2927; x_wconf 87' lang='lat' dir='ltr'><strong>passionis</strong></span> <span class='ocrx_word' id='word_1_537' title='bbox 2658 2872 2902 2913; x_wconf 90' lang='lat' dir='ltr'><strong>cruorem</strong></span> <span class='ocrx_word' id='word_1_538' title='bbox 2927 2857 3275 2913; x_wconf 86' lang='lat' dir='ltr'><strong>demonstrat.</strong></span> 
     </span>
    </p>
   </div>
   <div class='ocr_carea' id='block_1_80' title="bbox 2590 2967 3148 3025">
    <p class='ocr_par' dir='ltr' id='par_1_80' title="bbox 2590 2967 3148 3025">
     <span class='ocr_line' id='line_1_81' title="bbox 2590 2967 3148 3025; baseline 0.005 -3"><span class='ocrx_word' id='word_1_539' title='bbox 2590 2967 2718 3023; x_wconf 75' lang='lat' dir='ltr'><strong>CAP.</strong></span> <span class='ocrx_word' id='word_1_540' title='bbox 2760 2967 2847 3023; x_wconf 84' lang='lat' dir='ltr'><strong>Ill.</strong></span> <span class='ocrx_word' id='word_1_541' title='bbox 2888 2967 2964 3024; x_wconf 90' lang='lat' dir='ltr'><strong>De</strong></span> <span class='ocrx_word' id='word_1_542' title='bbox 2986 2984 3148 3025; x_wconf 72' lang='lat' dir='ltr'><strong>accc.</strong></span> 
     </span>
    </p>
   </div>
   <div class='ocr_carea' id='block_1_81' title="bbox 2156 3058 3663 3155">
    <p class='ocr_par' dir='ltr' id='par_1_81' title="bbox 2156 3058 3663 3155">
     <span class='ocr_line' id='line_1_82' title="bbox 2156 3058 3663 3155; baseline 0.006 -22"><span class='ocrx_word' id='word_1_543' title='bbox 2156 3077 2227 3132; x_wconf 86' lang='lat' dir='ltr'><strong>Et</strong></span> <span class='ocrx_word' id='word_1_544' title='bbox 2244 3066 2473 3151; x_wconf 83' lang='lat' dir='ltr'><strong>egressus</strong></span> <span class='ocrx_word' id='word_1_545' title='bbox 2507 3080 2656 3136; x_wconf 89' lang='lat' dir='ltr'><strong>Iesus</strong></span> <span class='ocrx_word' id='word_1_546' title='bbox 2685 3058 2749 3137; x_wconf 85' lang='lat' dir='ltr'><strong>de</strong></span> <span class='ocrx_word' id='word_1_547' title='bbox 2778 3084 2964 3155; x_wconf 85' lang='lat' dir='ltr'><strong>templo</strong></span> <span class='ocrx_word' id='word_1_548' title='bbox 2982 3124 2997 3149; x_wconf 93' lang='lat'><strong>,</strong></span> <span class='ocrx_word' id='word_1_549' title='bbox 3024 3083 3147 3137; x_wconf 89' lang='lat' dir='ltr'><strong>dum</strong></span> <span class='ocrx_word' id='word_1_550' title='bbox 3176 3086 3402 3140; x_wconf 83' lang='lat' dir='ltr'><strong>ambulat</strong></span> <span class='ocrx_word' id='word_1_551' title='bbox 3424 3088 3549 3141; x_wconf 81' lang='lat' dir='ltr'><strong>uidit</strong></span> <span class='ocrx_word' id='word_1_552' title='bbox 3574 3089 3663 3142; x_wconf 71' lang='lat' dir='ltr'><strong>ho~</strong></span> 
     </span>
    </p>
   </div>
   <div class='ocr_carea' id='block_1_82' title="bbox 2084 3170 3763 3249">
    <p class='ocr_par' dir='ltr' id='par_1_82' title="bbox 2084 3170 3763 3249">
     <span class='ocr_line' id='line_1_83' title="bbox 2084 3170 3763 3249; baseline 0.008 -28"><span class='ocrx_word' id='word_1_553' title='bbox 2084 3170 2272 3223; x_wconf 85' lang='lat' dir='ltr'><strong>minem</strong></span> <span class='ocrx_word' id='word_1_554' title='bbox 2295 3187 2483 3225; x_wconf 75' lang='lat' dir='ltr'><strong>cwcum</strong></span> <span class='ocrx_word' id='word_1_555' title='bbox 2513 3190 2545 3226; x_wconf 91' lang='lat' dir='ltr'><strong>a</strong></span> <span class='ocrx_word' id='word_1_556' title='bbox 2566 3174 2829 3227; x_wconf 83' lang='lat' dir='ltr'><strong>nativitate</strong></span> <span class='ocrx_word' id='word_1_557' title='bbox 2855 3191 2968 3229; x_wconf 87' lang='lat' dir='ltr'><strong>sua.</strong></span> <span class='ocrx_word' id='word_1_558' title='bbox 2998 3173 3069 3227; x_wconf 86' lang='lat' dir='ltr'><strong>Et</strong></span> <span class='ocrx_word' id='word_1_559' title='bbox 3092 3174 3531 3249; x_wconf 71' lang='lat' dir='ltr'><strong>interrogaverunt</strong></span> <span class='ocrx_word' id='word_1_560' title='bbox 3552 3196 3664 3234; x_wconf 89' lang='lat' dir='ltr'><strong>eum</strong></span> <span class='ocrx_word' id='word_1_561' title='bbox 3754 3178 3763 3189; x_wconf 81' lang='grc'><strong>“</strong></span> 
     </span>
    </p>
   </div>
   <div class='ocr_carea' id='block_1_83' title="bbox 2082 3260 3664 3338">
    <p class='ocr_par' dir='ltr' id='par_1_83' title="bbox 2082 3260 3664 3338">
     <span class='ocr_line' id='line_1_84' title="bbox 2082 3260 3664 3338; baseline 0.006 -23"><span class='ocrx_word' id='word_1_562' title='bbox 2082 3260 2324 3331; x_wconf 81' lang='lat' dir='ltr'><strong>discipuli</strong></span> <span class='ocrx_word' id='word_1_563' title='bbox 2364 3261 2496 3332; x_wconf 88' lang='lat' dir='ltr'><strong>ejus,</strong></span> <span class='ocrx_word' id='word_1_564' title='bbox 2526 3264 2784 3335; x_wconf 73' lang='lat' dir='ltr'><strong>dicentes:</strong></span> <span class='ocrx_word' id='word_1_565' title='bbox 2822 3263 3010 3331; x_wconf 83' lang='lat' dir='ltr'><strong>Rabbi,</strong></span> <span class='ocrx_word' id='word_1_566' title='bbox 3039 3268 3153 3337; x_wconf 88' lang='lat' dir='ltr'><strong>quis</strong></span> <span class='ocrx_word' id='word_1_567' title='bbox 3192 3270 3443 3338; x_wconf 84' lang='lat' dir='ltr'><strong>peccavit,</strong></span> <span class='ocrx_word' id='word_1_568' title='bbox 3490 3270 3570 3323; x_wconf 88' lang='lat' dir='ltr'><strong>hic</strong></span> <span class='ocrx_word' id='word_1_569' title='bbox 3596 3287 3664 3324; x_wconf 85' lang='lat' dir='ltr'><strong>an</strong></span> 
     </span>
    </p>
   </div>
   <div class='ocr_carea' id='block_1_84' title="bbox 2082 3353 3665 3431">
    <p class='ocr_par' dir='ltr' id='par_1_84' title="bbox 2082 3353 3665 3431">
     <span class='ocr_line' id='line_1_85' title="bbox 2082 3353 3665 3431; baseline 0.008 -28"><span class='ocrx_word' id='word_1_570' title='bbox 2082 3361 2318 3421; x_wconf 79' lang='lat' dir='ltr'><strong>parentes</strong></span> <span class='ocrx_word' id='word_1_571' title='bbox 2346 3353 2476 3424; x_wconf 86' lang='lat' dir='ltr'><strong>ejus,</strong></span> <span class='ocrx_word' id='word_1_572' title='bbox 2501 3357 2621 3427; x_wconf 82' lang='lat' dir='ltr'><strong>quia</strong></span> <span class='ocrx_word' id='word_1_573' title='bbox 2651 3373 2815 3411; x_wconf 69' lang='lat' dir='ltr'><strong>caecus</strong></span> <span class='ocrx_word' id='word_1_574' title='bbox 2854 3367 3007 3412; x_wconf 85' lang='lat' dir='ltr'><strong>natus</strong></span> <span class='ocrx_word' id='word_1_575' title='bbox 3028 3360 3138 3412; x_wconf 84' lang='lat' dir='ltr'><strong>est?</strong></span> <span class='ocrx_word' id='word_1_576' title='bbox 3159 3359 3490 3431; x_wconf 75' lang='lat' dir='ltr'><strong>Respondeas</strong></span> <span class='ocrx_word' id='word_1_577' title='bbox 3516 3360 3665 3415; x_wconf 88' lang='lat' dir='ltr'><strong>Iesus</strong></span> 
     </span>
    </p>
   </div>
   <div class='ocr_carea' id='block_1_85' title="bbox 2083 3441 3664 3525">
    <p class='ocr_par' dir='ltr' id='par_1_85' title="bbox 2083 3441 3664 3525">
     <span class='ocr_line' id='line_1_86' title="bbox 2083 3441 3664 3525; baseline 0.006 -31"><span class='ocrx_word' id='word_1_578' title='bbox 2083 3441 2218 3509; x_wconf 78' lang='lat' dir='ltr'><strong>dixit</strong></span> <span class='ocrx_word' id='word_1_579' title='bbox 2243 3443 2397 3512; x_wconf 70' lang='lat' dir='ltr'><strong>illis:</strong></span> <span class='ocrx_word' id='word_1_580' title='bbox 2423 3441 2605 3516; x_wconf 83' lang='lat' dir='ltr'><strong>Neque</strong></span> <span class='ocrx_word' id='word_1_581' title='bbox 2631 3450 2879 3517; x_wconf 78' lang='lat' dir='ltr'><strong>peccavit,</strong></span> <span class='ocrx_word' id='word_1_582' title='bbox 2906 3465 3067 3521; x_wconf 86' lang='lat' dir='ltr'><strong>neque</strong></span> <span class='ocrx_word' id='word_1_583' title='bbox 3104 3460 3346 3519; x_wconf 25' lang='lat' dir='ltr'><strong>parentes,</strong></span> <span class='ocrx_word' id='word_1_584' title='bbox 3388 3452 3530 3521; x_wconf 79' lang='lat' dir='ltr'><strong>ejus,</strong></span> <span class='ocrx_word' id='word_1_585' title='bbox 3577 3452 3664 3525; x_wconf 65' lang='lat' dir='ltr'><strong>sed</strong></span> 
     </span>
    </p>
   </div>
   <div class='ocr_carea' id='block_1_86' title="bbox 2082 3537 3664 3609">
    <p class='ocr_par' dir='ltr' id='par_1_86' title="bbox 2082 3537 3664 3609">
     <span class='ocr_line' id='line_1_87' title="bbox 2082 3537 3664 3609; baseline 0.004 -22"><span class='ocrx_word' id='word_1_586' title='bbox 2082 3544 2140 3587; x_wconf 89' lang='lat' dir='ltr'><strong>ut</strong></span> <span class='ocrx_word' id='word_1_587' title='bbox 2166 3537 2624 3608; x_wconf 77' lang='lat' dir='ltr'><strong>manifestareutur</strong></span> <span class='ocrx_word' id='word_1_588' title='bbox 2652 3556 2808 3609; x_wconf 87' lang='lat' dir='ltr'><strong>opera</strong></span> <span class='ocrx_word' id='word_1_589' title='bbox 2835 3555 2932 3593; x_wconf 68' lang='grc' dir='ltr'><strong>ια</strong></span> <span class='ocrx_word' id='word_1_590' title='bbox 2958 3541 3013 3593; x_wconf 83' lang='lat' dir='ltr'><strong>in</strong></span> <span class='ocrx_word' id='word_1_591' title='bbox 3043 3540 3152 3593; x_wconf 89' lang='lat' dir='ltr'><strong>illo.</strong></span> <span class='ocrx_word' id='word_1_592' title='bbox 3186 3539 3317 3594; x_wconf 67' lang='lat' dir='ltr'><strong>Haec</strong></span> <span class='ocrx_word' id='word_1_593' title='bbox 3356 3541 3550 3603; x_wconf 83' lang='lat' dir='ltr'><strong>dicens,</strong></span> <span class='ocrx_word' id='word_1_594' title='bbox 3576 3559 3664 3595; x_wconf 79' lang='lat' dir='ltr'><strong>ea:-</strong></span> 
     </span>
    </p>
   </div>
   <div class='ocr_carea' id='block_1_87' title="bbox 2083 3628 3701 3700">
    <p class='ocr_par' dir='ltr' id='par_1_87' title="bbox 2083 3628 3701 3700">
     <span class='ocr_line' id='line_1_88' title="bbox 2083 3628 3701 3700; baseline 0.003 -21"><span class='ocrx_word' id='word_1_595' title='bbox 2083 3628 2222 3695; x_wconf 88' lang='lat' dir='ltr'><strong>spuit</strong></span> <span class='ocrx_word' id='word_1_596' title='bbox 2246 3629 2302 3681; x_wconf 87' lang='lat' dir='ltr'><strong>in</strong></span> <span class='ocrx_word' id='word_1_597' title='bbox 2333 3637 2487 3694; x_wconf 87' lang='lat' dir='ltr'><strong>terra,</strong></span> <span class='ocrx_word' id='word_1_598' title='bbox 2518 3638 2568 3682; x_wconf 89' lang='lat' dir='ltr'><strong>et</strong></span> <span class='ocrx_word' id='word_1_599' title='bbox 2593 3630 2712 3700; x_wconf 79' lang='lat' dir='ltr'><strong>fecit</strong></span> <span class='ocrx_word' id='word_1_600' title='bbox 2734 3629 2895 3682; x_wconf 89' lang='lat' dir='ltr'><strong>lutum</strong></span> <span class='ocrx_word' id='word_1_601' title='bbox 2924 3630 2987 3681; x_wconf 90' lang='lat' dir='ltr'><strong>de</strong></span> <span class='ocrx_word' id='word_1_602' title='bbox 3016 3639 3196 3699; x_wconf 88' lang='lat' dir='ltr'><strong>sputo,</strong></span> <span class='ocrx_word' id='word_1_603' title='bbox 3220 3640 3269 3682; x_wconf 89' lang='lat' dir='ltr'><strong>et</strong></span> <span class='ocrx_word' id='word_1_604' title='bbox 3296 3630 3460 3683; x_wconf 87' lang='lat' dir='ltr'><strong>linivit</strong></span> <span class='ocrx_word' id='word_1_605' title='bbox 3492 3632 3663 3684; x_wconf 87' lang='lat' dir='ltr'><strong>oculos</strong></span> <span class='ocrx_word' id='word_1_606' title='bbox 3698 3692 3701 3699; x_wconf 27' lang='grc' dir='ltr'>ί</span> 
     </span>
    </p>
   </div>
   <div class='ocr_carea' id='block_1_88' title="bbox 2083 3717 3663 3790">
    <p class='ocr_par' dir='ltr' id='par_1_88' title="bbox 2083 3717 3663 3790">
     <span class='ocr_line' id='line_1_89' title="bbox 2083 3717 3663 3790; baseline 0.004 -20"><span class='ocrx_word' id='word_1_607' title='bbox 2083 3717 2194 3787; x_wconf 89' lang='lat' dir='ltr'><strong>ejus</strong></span> <span class='ocrx_word' id='word_1_608' title='bbox 2215 3719 2351 3783; x_wconf 85' lang='lat' dir='ltr'><strong>luto,</strong></span> <span class='ocrx_word' id='word_1_609' title='bbox 2383 3720 2611 3790; x_wconf 75' lang='lat' dir='ltr'><strong>dixitque</strong></span> <span class='ocrx_word' id='word_1_610' title='bbox 2638 3722 2684 3773; x_wconf 87' lang='lat' dir='ltr'><strong>ei</strong></span> <span class='ocrx_word' id='word_1_611' title='bbox 2706 3735 2724 3772; x_wconf 93' lang='lat'><strong><em>:</em></strong></span> <span class='ocrx_word' id='word_1_612' title='bbox 2756 3718 2897 3772; x_wconf 85' lang='lat' dir='ltr'><strong>Vade</strong></span> <span class='ocrx_word' id='word_1_613' title='bbox 2922 3721 2992 3771; x_wconf 89' lang='lat' dir='ltr'><strong>ad</strong></span> <span class='ocrx_word' id='word_1_614' title='bbox 3018 3721 3270 3789; x_wconf 82' lang='lat' dir='ltr'><strong>piscinam</strong></span> <span class='ocrx_word' id='word_1_615' title='bbox 3292 3721 3451 3788; x_wconf 86' lang='lat' dir='ltr'><strong>Siloe,</strong></span> <span class='ocrx_word' id='word_1_616' title='bbox 3483 3730 3531 3775; x_wconf 89' lang='lat' dir='ltr'><strong>et</strong></span> <span class='ocrx_word' id='word_1_617' title='bbox 3550 3723 3663 3777; x_wconf 79' lang='lat' dir='ltr'><strong>lava</strong></span> 
     </span>
    </p>
   </div>
   <div class='ocr_carea' id='block_1_89' title="bbox 2085 3809 3654 3881">
    <p class='ocr_par' dir='ltr' id='par_1_89' title="bbox 2085 3809 3654 3881">
     <span class='ocr_line' id='line_1_90' title="bbox 2085 3809 3654 3881; baseline 0.003 -19"><span class='ocrx_word' id='word_1_618' title='bbox 2085 3809 2258 3863; x_wconf 87' lang='lat' dir='ltr'><strong>oculos</strong></span> <span class='ocrx_word' id='word_1_619' title='bbox 2281 3818 2412 3863; x_wconf 85' lang='lat' dir='ltr'><strong>tuos.</strong></span> <span class='ocrx_word' id='word_1_620' title='bbox 2436 3809 2572 3865; x_wconf 83' lang='lat' dir='ltr'><strong>Abiit</strong></span> <span class='ocrx_word' id='word_1_621' title='bbox 2598 3826 2737 3881; x_wconf 84' lang='lat' dir='ltr'><strong>ergo,</strong></span> <span class='ocrx_word' id='word_1_622' title='bbox 2763 3818 2811 3863; x_wconf 87' lang='lat' dir='ltr'><strong>et</strong></span> <span class='ocrx_word' id='word_1_623' title='bbox 2830 3810 2972 3875; x_wconf 78' lang='lat' dir='ltr'><strong>lavit,</strong></span> <span class='ocrx_word' id='word_1_624' title='bbox 2990 3820 3039 3863; x_wconf 91' lang='lat' dir='ltr'><strong>et</strong></span> <span class='ocrx_word' id='word_1_625' title='bbox 3064 3812 3197 3864; x_wconf 74' lang='lat' dir='ltr'><strong>venit</strong></span> <span class='ocrx_word' id='word_1_626' title='bbox 3216 3821 3421 3881; x_wconf 84' lang='lat' dir='ltr'><strong>accepta</strong></span> <span class='ocrx_word' id='word_1_627' title='bbox 3448 3814 3654 3867; x_wconf 78' lang='lat' dir='ltr'><strong>visione.</strong></span> 
     </span>
    </p>
   </div>
   <div class='ocr_carea' id='block_1_90' title="bbox 2153 3898 3663 3970">
    <p class='ocr_par' dir='ltr' id='par_1_90' title="bbox 2153 3898 3663 3970">
     <span class='ocr_line' id='line_1_91' title="bbox 2153 3898 3663 3970; baseline 0.004 -18"><span class='ocrx_word' id='word_1_628' title='bbox 2153 3898 2367 3954; x_wconf 77' lang='lat' dir='ltr'><strong>Caecum</strong></span> <span class='ocrx_word' id='word_1_629' title='bbox 2394 3900 2537 3970; x_wconf 89' lang='lat' dir='ltr'><strong>quod</strong></span> <span class='ocrx_word' id='word_1_630' title='bbox 2572 3900 2721 3963; x_wconf 81' lang='lat' dir='ltr'><strong>dixit,</strong></span> <span class='ocrx_word' id='word_1_631' title='bbox 2754 3914 2920 3968; x_wconf 92' lang='lat' dir='ltr'><strong>genus</strong></span> <span class='ocrx_word' id='word_1_632' title='bbox 2950 3900 3231 3954; x_wconf 84' lang='lat' dir='ltr'><strong>hominum</strong></span> <span class='ocrx_word' id='word_1_633' title='bbox 3254 3902 3530 3969; x_wconf 79' lang='lat' dir='ltr'><strong>gentilium</strong></span> <span class='ocrx_word' id='word_1_634' title='bbox 3571 3904 3663 3958; x_wconf 86' lang='lat' dir='ltr'><strong>de-</strong></span> 
     </span>
    </p>
   </div>
   <div class='ocr_carea' id='block_1_91' title="bbox 2085 3989 3662 4062">
    <p class='ocr_par' dir='ltr' id='par_1_91' title="bbox 2085 3989 3662 4062">
     <span class='ocr_line' id='line_1_92' title="bbox 2085 3989 3662 4062; baseline 0.001 -18"><span class='ocrx_word' id='word_1_635' title='bbox 2085 3998 2366 4056; x_wconf 88' lang='lat' dir='ltr'><strong>monstrat,</strong></span> <span class='ocrx_word' id='word_1_636' title='bbox 2398 3992 2596 4062; x_wconf 89' lang='lat' dir='ltr'><strong>quique</strong></span> <span class='ocrx_word' id='word_1_637' title='bbox 2623 4007 2653 4045; x_wconf 88' lang='lat' dir='ltr'><strong>a</strong></span> <span class='ocrx_word' id='word_1_638' title='bbox 2682 3989 2960 4045; x_wconf 89' lang='lat' dir='ltr'><strong>nativitate</strong></span> <span class='ocrx_word' id='word_1_639' title='bbox 2988 3991 3041 4045; x_wconf 92' lang='lat' dir='ltr'><strong>in</strong></span> <span class='ocrx_word' id='word_1_640' title='bbox 3079 3991 3392 4047; x_wconf 70' lang='lat' dir='ltr'><strong>aeeitudine</strong></span> <span class='ocrx_word' id='word_1_641' title='bbox 3441 3993 3662 4046; x_wconf 89' lang='lat' dir='ltr'><strong>erraba-</strong></span> 
     </span>
    </p>
   </div>
   <div class='ocr_carea' id='block_1_92' title="bbox 2083 4079 3662 4153">
    <p class='ocr_par' dir='ltr' id='par_1_92' title="bbox 2083 4079 3662 4153">
     <span class='ocr_line' id='line_1_93' title="bbox 2083 4079 3662 4153; baseline 0.001 -20"><span class='ocrx_word' id='word_1_642' title='bbox 2083 4095 2221 4134; x_wconf 90' lang='lat' dir='ltr'><strong>mus.</strong></span> <span class='ocrx_word' id='word_1_643' title='bbox 2272 4080 2471 4136; x_wconf 89' lang='lat' dir='ltr'><strong>Siloam</strong></span> <span class='ocrx_word' id='word_1_644' title='bbox 2521 4090 2735 4147; x_wconf 89' lang='lat' dir='ltr'><strong>autem,</strong></span> <span class='ocrx_word' id='word_1_645' title='bbox 2793 4079 2993 4136; x_wconf 82' lang='lat' dir='ltr'><strong>fontem</strong></span> <span class='ocrx_word' id='word_1_646' title='bbox 3049 4081 3262 4136; x_wconf 89' lang='lat' dir='ltr'><strong>luminis</strong></span> <span class='ocrx_word' id='word_1_647' title='bbox 3308 4082 3662 4153; x_wconf 88' lang='lat' dir='ltr'><strong>interpretan-</strong></span> 
     </span>
    </p>
   </div>
   <div class='ocr_carea' id='block_1_93' title="bbox 2084 4172 3661 4244">
    <p class='ocr_par' dir='ltr' id='par_1_93' title="bbox 2084 4172 3661 4244">
     <span class='ocr_line' id='line_1_94' title="bbox 2084 4172 3661 4244; baseline 0.003 -19"><span class='ocrx_word' id='word_1_648' title='bbox 2084 4180 2172 4226; x_wconf 92' lang='lat' dir='ltr'><strong>tur</strong></span> <span class='ocrx_word' id='word_1_649' title='bbox 2203 4191 2214 4225; x_wconf 93' lang='lat'><strong>:</strong></span> <span class='ocrx_word' id='word_1_650' title='bbox 2246 4173 2391 4241; x_wconf 93' lang='lat' dir='ltr'><strong>quod</strong></span> <span class='ocrx_word' id='word_1_651' title='bbox 2437 4182 2519 4229; x_wconf 91' lang='lat' dir='ltr'><strong>est</strong></span> <span class='ocrx_word' id='word_1_652' title='bbox 2544 4174 2827 4244; x_wconf 89' lang='lat' dir='ltr'><strong>baptisma,</strong></span> <span class='ocrx_word' id='word_1_653' title='bbox 2872 4174 3014 4229; x_wconf 90' lang='lat' dir='ltr'><strong>unde</strong></span> <span class='ocrx_word' id='word_1_654' title='bbox 3041 4172 3217 4229; x_wconf 91' lang='lat' dir='ltr'><strong>cordis</strong></span> <span class='ocrx_word' id='word_1_655' title='bbox 3248 4174 3431 4230; x_wconf 88' lang='lat' dir='ltr'><strong>oculos</strong></span> <span class='ocrx_word' id='word_1_656' title='bbox 3464 4174 3661 4229; x_wconf 87' lang='lat' dir='ltr'><strong>illumi-</strong></span> 
     </span>
    </p>
   </div>
   <div class='ocr_carea' id='block_1_94' title="bbox 2087 4278 2296 4318">
    <p class='ocr_par' dir='ltr' id='par_1_94' title="bbox 2087 4278 2296 4318">
     <span class='ocr_line' id='line_1_95' title="bbox 2087 4278 2296 4318; baseline 0.01 -3"><span class='ocrx_word' id='word_1_657' title='bbox 2087 4278 2296 4318; x_wconf 89' lang='lat' dir='ltr'><strong>namus.</strong></span> 
     </span>
    </p>
   </div>
   <div class='ocr_carea' id='block_1_95' title="bbox 2570 4373 3185 4431">
    <p class='ocr_par' dir='ltr' id='par_1_95' title="bbox 2570 4373 3185 4431">
     <span class='ocr_line' id='line_1_96' title="bbox 2570 4373 3185 4431; baseline 0.003 -2"><span class='ocrx_word' id='word_1_658' title='bbox 2570 4373 2696 4430; x_wconf 77' lang='lat' dir='ltr'><strong>CAP.</strong></span> <span class='ocrx_word' id='word_1_659' title='bbox 2738 4375 2825 4430; x_wconf 90' lang='lat' dir='ltr'><strong>lV.</strong></span> <span class='ocrx_word' id='word_1_660' title='bbox 2858 4374 2934 4431; x_wconf 92' lang='lat' dir='ltr'><strong>De</strong></span> <span class='ocrx_word' id='word_1_661' title='bbox 2964 4375 3185 4431; x_wconf 72' lang='lat' dir='ltr'><strong>Lasaro.</strong></span> 
     </span>
    </p>
   </div>
   <div class='ocr_carea' id='block_1_96' title="bbox 2159 4482 3665 4556">
    <p class='ocr_par' dir='ltr' id='par_1_96' title="bbox 2159 4482 3665 4556">
     <span class='ocr_line' id='line_1_97' title="bbox 2159 4482 3665 4556; baseline 0.005 -21"><span class='ocrx_word' id='word_1_662' title='bbox 2159 4482 2283 4536; x_wconf 80' lang='lat' dir='ltr'><strong>Fuit</strong></span> <span class='ocrx_word' id='word_1_663' title='bbox 2327 4491 2494 4538; x_wconf 84' lang='lat' dir='ltr'><strong>autem</strong></span> <span class='ocrx_word' id='word_1_664' title='bbox 2522 4486 2728 4553; x_wconf 83' lang='lat' dir='ltr'><strong>quidam</strong></span> <span class='ocrx_word' id='word_1_665' title='bbox 2772 4486 3032 4556; x_wconf 82' lang='lat' dir='ltr'><strong>inﬁrmus,</strong></span> <span class='ocrx_word' id='word_1_666' title='bbox 3072 4487 3276 4541; x_wconf 85' lang='lat' dir='ltr'><strong>nomine</strong></span> <span class='ocrx_word' id='word_1_667' title='bbox 3315 4484 3579 4552; x_wconf 76' lang='lat' dir='ltr'><strong>Lazarus,</strong></span> <span class='ocrx_word' id='word_1_668' title='bbox 3604 4489 3665 4542; x_wconf 83' lang='lat' dir='ltr'><strong>de</strong></span> 
     </span>
    </p>
   </div>
   <div class='ocr_carea' id='block_1_97' title="bbox 2087 4574 3664 4653">
    <p class='ocr_par' dir='ltr' id='par_1_97' title="bbox 2087 4574 3664 4653">
     <span class='ocr_line' id='line_1_98' title="bbox 2087 4574 3664 4653; baseline 0.005 -25"><span class='ocrx_word' id='word_1_669' title='bbox 2087 4576 2297 4630; x_wconf 86' lang='lat' dir='ltr'><strong>castello</strong></span> <span class='ocrx_word' id='word_1_670' title='bbox 2326 4574 2514 4630; x_wconf 75' lang='lat' dir='ltr'><strong>Maria:</strong></span> <span class='ocrx_word' id='word_1_671' title='bbox 2536 4586 2584 4629; x_wconf 78' lang='lat' dir='ltr'><strong>et</strong></span> <span class='ocrx_word' id='word_1_672' title='bbox 2613 4577 2838 4633; x_wconf 69' lang='lat' dir='ltr'><strong>Martha:</strong></span> <span class='ocrx_word' id='word_1_673' title='bbox 2858 4580 3050 4635; x_wconf 88' lang='lat' dir='ltr'><strong>sororis</strong></span> <span class='ocrx_word' id='word_1_674' title='bbox 3087 4580 3216 4653; x_wconf 88' lang='lat' dir='ltr'><strong>ejus.</strong></span> <span class='ocrx_word' id='word_1_675' title='bbox 3253 4579 3382 4635; x_wconf 67' lang='grc' dir='ltr'><em>Ηαεε</em></span> <span class='ocrx_word' id='word_1_676' title='bbox 3402 4589 3475 4635; x_wconf 87' lang='lat' dir='ltr'><strong>est</strong></span> <span class='ocrx_word' id='word_1_677' title='bbox 3499 4591 3664 4636; x_wconf 86' lang='lat' dir='ltr'><strong>autem</strong></span> 
     </span>
    </p>
   </div>
   <div class='ocr_carea' id='block_1_98' title="bbox 2087 4667 3664 4743">
    <p class='ocr_par' dir='ltr' id='par_1_98' title="bbox 2087 4667 3664 4743">
     <span class='ocr_line' id='line_1_99' title="bbox 2087 4667 3664 4743; baseline 0.004 -22"><span class='ocrx_word' id='word_1_678' title='bbox 2087 4667 2261 4721; x_wconf 79' lang='lat' dir='ltr'><strong>Maria</strong></span> <span class='ocrx_word' id='word_1_679' title='bbox 2290 4683 2405 4739; x_wconf 73' lang='lat' dir='ltr'><strong>qua:</strong></span> <span class='ocrx_word' id='word_1_680' title='bbox 2428 4680 2649 4723; x_wconf 70' lang='lat' dir='ltr'><strong>tinxerat</strong></span> <span class='ocrx_word' id='word_1_681' title='bbox 2682 4669 2963 4726; x_wconf 86' lang='lat' dir='ltr'><strong>Dominum</strong></span> <span class='ocrx_word' id='word_1_682' title='bbox 2992 4680 3278 4743; x_wconf 83' lang='lat' dir='ltr'><strong>unguento,</strong></span> <span class='ocrx_word' id='word_1_683' title='bbox 3310 4682 3360 4727; x_wconf 87' lang='lat' dir='ltr'><strong>et</strong></span> <span class='ocrx_word' id='word_1_684' title='bbox 3387 4683 3664 4729; x_wconf 68' lang='lat' dir='ltr'><strong>exterserat</strong></span> 
     </span>
    </p>
   </div>
   <div class='ocr_carea' id='block_1_99' title="bbox 2085 4758 3662 4832">
    <p class='ocr_par' dir='ltr' id='par_1_99' title="bbox 2085 4758 3662 4832">
     <span class='ocr_line' id='line_1_100' title="bbox 2085 4758 3662 4832; baseline 0.004 -22"><span class='ocrx_word' id='word_1_685' title='bbox 2085 4759 2262 4828; x_wconf 88' lang='lat' dir='ltr'><strong>pedem</strong></span> <span class='ocrx_word' id='word_1_686' title='bbox 2282 4758 2394 4829; x_wconf 89' lang='lat' dir='ltr'><strong>ejus</strong></span> <span class='ocrx_word' id='word_1_687' title='bbox 2414 4759 2616 4829; x_wconf 85' lang='lat' dir='ltr'><strong>capillis</strong></span> <span class='ocrx_word' id='word_1_688' title='bbox 2636 4763 2763 4826; x_wconf 89' lang='lat' dir='ltr'><strong>suis,</strong></span> <span class='ocrx_word' id='word_1_689' title='bbox 2789 4761 2933 4832; x_wconf 86' lang='lat' dir='ltr'><strong>cujus</strong></span> <span class='ocrx_word' id='word_1_690' title='bbox 2958 4762 3378 4832; x_wconf 77' lang='lat' dir='ltr'><strong>frateriuﬁrmus</strong></span> <span class='ocrx_word' id='word_1_691' title='bbox 3404 4772 3532 4827; x_wconf 87' lang='lat' dir='ltr'><strong>erat,</strong></span> <span class='ocrx_word' id='word_1_692' title='bbox 3558 4772 3662 4817; x_wconf 88' lang='lat' dir='ltr'><strong>etc.</strong></span> 
     </span>
    </p>
   </div>
   <div class='ocr_carea' id='block_1_100' title="bbox 2158 4847 3657 4924">
    <p class='ocr_par' dir='ltr' id='par_1_100' title="bbox 2158 4847 3657 4924">
     <span class='ocr_line' id='line_1_101' title="bbox 2158 4847 3657 4924; baseline 0.003 -23"><span class='ocrx_word' id='word_1_693' title='bbox 2158 4847 2322 4903; x_wconf 88' lang='lat' dir='ltr'><strong>Facta</strong></span> <span class='ocrx_word' id='word_1_694' title='bbox 2341 4858 2466 4903; x_wconf 90' lang='lat' dir='ltr'><strong>sunt</strong></span> <span class='ocrx_word' id='word_1_695' title='bbox 2495 4851 2596 4903; x_wconf 90' lang='lat' dir='ltr'><strong>ista</strong></span> <span class='ocrx_word' id='word_1_696' title='bbox 2627 4852 2824 4915; x_wconf 89' lang='lat' dir='ltr'><strong>omnia,</strong></span> <span class='ocrx_word' id='word_1_697' title='bbox 2857 4851 2950 4905; x_wconf 88' lang='lat' dir='ltr'><strong>sed</strong></span> <span class='ocrx_word' id='word_1_698' title='bbox 2970 4852 3167 4907; x_wconf 89' lang='lat' dir='ltr'><strong>habent</strong></span> <span class='ocrx_word' id='word_1_699' title='bbox 3186 4854 3478 4924; x_wconf 86' lang='lat' dir='ltr'><strong>spiritalem</strong></span> <span class='ocrx_word' id='word_1_700' title='bbox 3507 4855 3657 4907; x_wconf 77' lang='lat' dir='ltr'><strong>intel-</strong></span> 
     </span>
    </p>
   </div>
   <div class='ocr_carea' id='block_1_101' title="bbox 2088 4938 3658 5009">
    <p class='ocr_par' dir='ltr' id='par_1_101' title="bbox 2088 4938 3658 5009">
     <span class='ocr_line' id='line_1_102' title="bbox 2088 4938 3658 5009; baseline 0.001 -18"><span class='ocrx_word' id='word_1_701' title='bbox 2088 4939 2315 5004; x_wconf 91' lang='lat' dir='ltr'><strong>lectum;</strong></span> <span class='ocrx_word' id='word_1_702' title='bbox 2346 4954 2467 4992; x_wconf 89' lang='lat' dir='ltr'><strong>nam</strong></span> <span class='ocrx_word' id='word_1_703' title='bbox 2498 4938 2732 4996; x_wconf 77' lang='lat' dir='ltr'><strong>Lazarus</strong></span> <span class='ocrx_word' id='word_1_704' title='bbox 2768 4955 2953 5009; x_wconf 64' lang='lat' dir='ltr'><strong>genus,</strong></span> <span class='ocrx_word' id='word_1_705' title='bbox 2979 4940 3268 4997; x_wconf 91' lang='lat' dir='ltr'><strong>humanum</strong></span> <span class='ocrx_word' id='word_1_706' title='bbox 3314 4941 3658 5000; x_wconf 84' lang='lat' dir='ltr'><strong>demonstrat,</strong></span> 
     </span>
    </p>
   </div>
   <div class='ocr_carea' id='block_1_102' title="bbox 2086 5027 3661 5102">
    <p class='ocr_par' dir='ltr' id='par_1_102' title="bbox 2086 5027 3661 5102">
     <span class='ocr_line' id='line_1_103' title="bbox 2086 5027 3661 5102; baseline 0.001 -21"><span class='ocrx_word' id='word_1_707' title='bbox 2086 5027 2179 5096; x_wconf 92' lang='lat' dir='ltr'><strong>qui</strong></span> <span class='ocrx_word' id='word_1_708' title='bbox 2203 5028 2256 5082; x_wconf 93' lang='lat' dir='ltr'><strong>in</strong></span> <span class='ocrx_word' id='word_1_709' title='bbox 2288 5036 2461 5084; x_wconf 91' lang='lat' dir='ltr'><strong>morte</strong></span> <span class='ocrx_word' id='word_1_710' title='bbox 2489 5029 2893 5087; x_wconf 90' lang='lat' dir='ltr'><strong>condormiebat</strong></span> <span class='ocrx_word' id='word_1_711' title='bbox 2919 5032 3225 5102; x_wconf 89' lang='lat' dir='ltr'><strong>priusquam</strong></span> <span class='ocrx_word' id='word_1_712' title='bbox 3254 5030 3492 5085; x_wconf 82' lang='lat' dir='ltr'><strong>Christus</strong></span> <span class='ocrx_word' id='word_1_713' title='bbox 3510 5028 3661 5083; x_wconf 84' lang='lat' dir='ltr'><strong>veni.-</strong></span> 
     </span>
    </p>
   </div>
   <div class='ocr_carea' id='block_1_103' title="bbox 2087 5115 3661 5185">
    <p class='ocr_par' dir='ltr' id='par_1_103' title="bbox 2087 5115 3661 5185">
     <span class='ocr_line' id='line_1_104' title="bbox 2087 5115 3661 5185; baseline -0.003 -12"><span class='ocrx_word' id='word_1_714' title='bbox 2087 5128 2188 5173; x_wconf 90' lang='lat' dir='ltr'><strong>ret.</strong></span> <span class='ocrx_word' id='word_1_715' title='bbox 2223 5118 2429 5173; x_wconf 80' lang='lat' dir='ltr'><strong>Martha</strong></span> <span class='ocrx_word' id='word_1_716' title='bbox 2460 5128 2639 5175; x_wconf 88' lang='lat' dir='ltr'><strong>autem</strong></span> <span class='ocrx_word' id='word_1_717' title='bbox 2665 5129 2721 5175; x_wconf 91' lang='lat' dir='ltr'><strong>et</strong></span> <span class='ocrx_word' id='word_1_718' title='bbox 2757 5121 2951 5185; x_wconf 84' lang='lat' dir='ltr'><strong>Maria,</strong></span> <span class='ocrx_word' id='word_1_719' title='bbox 2975 5119 3210 5174; x_wconf 86' lang='lat' dir='ltr'><strong>Ecclesia</strong></span> <span class='ocrx_word' id='word_1_720' title='bbox 3240 5125 3292 5172; x_wconf 91' lang='lat' dir='ltr'><strong>et</strong></span> <span class='ocrx_word' id='word_1_721' title='bbox 3314 5116 3443 5169; x_wconf 86' lang='lat' dir='ltr'><strong>iides</strong></span> <span class='ocrx_word' id='word_1_722' title='bbox 3464 5115 3661 5169; x_wconf 85' lang='lat' dir='ltr'><strong>intelli-</strong></span> 
     </span>
    </p>
   </div>
   <div class='ocr_carea' id='block_1_104' title="bbox 2016 5204 3660 5281">
    <p class='ocr_par' dir='ltr' id='par_1_104' title="bbox 2016 5204 3660 5281">
     <span class='ocr_line' id='line_1_105' title="bbox 2016 5204 3660 5281; baseline -0.001 -20"><span class='ocrx_word' id='word_1_723' title='bbox 2016 5223 2064 5281; x_wconf 79' lang='grc' dir='ltr'><strong>υ</strong></span> <span class='ocrx_word' id='word_1_724' title='bbox 2088 5216 2301 5276; x_wconf 87' lang='lat' dir='ltr'><strong>guntur,</strong></span> <span class='ocrx_word' id='word_1_725' title='bbox 2325 5216 2577 5277; x_wconf 86' lang='lat' dir='ltr'><strong>rogantes</strong></span> <span class='ocrx_word' id='word_1_726' title='bbox 2596 5208 2861 5264; x_wconf 86' lang='lat' dir='ltr'><strong>Christum</strong></span> <span class='ocrx_word' id='word_1_727' title='bbox 2892 5215 2949 5262; x_wconf 91' lang='lat' dir='ltr'><strong>ut</strong></span> <span class='ocrx_word' id='word_1_728' title='bbox 2968 5208 3222 5259; x_wconf 86' lang='lat' dir='ltr'><strong>Lazarum</strong></span> <span class='ocrx_word' id='word_1_729' title='bbox 3238 5205 3538 5259; x_wconf 87' lang='lat' dir='ltr'><strong>suscitaret.</strong></span> <span class='ocrx_word' id='word_1_730' title='bbox 3568 5204 3660 5260; x_wconf 88' lang='lat' dir='ltr'><strong>La-</strong></span> 
     </span>
    </p>
   </div>
   <div class='ocr_carea' id='block_1_105' title="bbox 2093 5294 3660 5367">
    <p class='ocr_par' dir='ltr' id='par_1_105' title="bbox 2093 5294 3660 5367">
     <span class='ocr_line' id='line_1_106' title="bbox 2093 5294 3660 5367; baseline 0.001 -16"><span class='ocrx_word' id='word_1_731' title='bbox 2093 5297 2217 5367; x_wconf 89' lang='lat' dir='ltr'><strong>pide</strong></span> <span class='ocrx_word' id='word_1_732' title='bbox 2241 5307 2420 5354; x_wconf 89' lang='lat' dir='ltr'><strong>autem</strong></span> <span class='ocrx_word' id='word_1_733' title='bbox 2448 5300 2701 5356; x_wconf 72' lang='lat' dir='ltr'><strong>devoluta</strong></span> <span class='ocrx_word' id='word_1_734' title='bbox 2728 5298 2795 5352; x_wconf 92' lang='lat' dir='ltr'><strong>de</strong></span> <span class='ocrx_word' id='word_1_735' title='bbox 2822 5302 3167 5351; x_wconf 89' lang='lat' dir='ltr'><strong>monumento</strong></span> <span class='ocrx_word' id='word_1_736' title='bbox 3184 5334 3199 5357; x_wconf 86' lang='lat'><strong>,</strong></span> <span class='ocrx_word' id='word_1_737' title='bbox 3231 5295 3333 5351; x_wconf 90' lang='lat' dir='ltr'><strong>hoc</strong></span> <span class='ocrx_word' id='word_1_738' title='bbox 3354 5294 3441 5351; x_wconf 79' lang='lat' dir='ltr'><strong>est</strong></span> <span class='ocrx_word' id='word_1_739' title='bbox 3467 5297 3660 5353; x_wconf 88' lang='lat' dir='ltr'><strong>duritia</strong></span> 
     </span>
    </p>
   </div>
   <div class='ocr_carea' id='block_1_106' title="bbox 2090 5385 3659 5453">
    <p class='ocr_par' dir='ltr' id='par_1_106' title="bbox 2090 5385 3659 5453">
     <span class='ocr_line' id='line_1_107' title="bbox 2090 5385 3659 5453; baseline 0.002 -11"><span class='ocrx_word' id='word_1_740' title='bbox 2090 5390 2363 5445; x_wconf 76' lang='lat' dir='ltr'><strong>hominum</strong></span> <span class='ocrx_word' id='word_1_741' title='bbox 2393 5392 2461 5446; x_wconf 89' lang='lat' dir='ltr'><strong>de</strong></span> <span class='ocrx_word' id='word_1_742' title='bbox 2480 5392 2641 5447; x_wconf 89' lang='lat' dir='ltr'><strong>corde</strong></span> <span class='ocrx_word' id='word_1_743' title='bbox 2666 5397 2886 5443; x_wconf 84' lang='lat' dir='ltr'><strong>remota.</strong></span> <span class='ocrx_word' id='word_1_744' title='bbox 2922 5385 3179 5453; x_wconf 84' lang='lat' dir='ltr'><strong>Quartum</strong></span> <span class='ocrx_word' id='word_1_745' title='bbox 3201 5396 3377 5442; x_wconf 88' lang='lat' dir='ltr'><strong>autem</strong></span> <span class='ocrx_word' id='word_1_746' title='bbox 3398 5388 3537 5444; x_wconf 89' lang='lat' dir='ltr'><strong>diem</strong></span> <span class='ocrx_word' id='word_1_747' title='bbox 3563 5405 3659 5447; x_wconf 48' lang='lat' dir='ltr'><strong>ex.-</strong></span> 
     </span>
    </p>
   </div>
   <div class='ocr_carea' id='block_1_107' title="bbox 2090 5466 3661 5550">
    <p class='ocr_par' dir='ltr' id='par_1_107' title="bbox 2090 5466 3661 5550">
     <span class='ocr_line' id='line_1_108' title="bbox 2090 5466 3661 5550; baseline 0 -15"><span class='ocrx_word' id='word_1_748' title='bbox 2090 5466 2348 5547; x_wconf 83' lang='lat' dir='ltr'><strong>citatum,</strong></span> <span class='ocrx_word' id='word_1_749' title='bbox 2407 5481 2812 5549; x_wconf 84' lang='lat' dir='ltr'><strong>Evangeliorum</strong></span> <span class='ocrx_word' id='word_1_750' title='bbox 2852 5479 3185 5534; x_wconf 85' lang='lat' dir='ltr'><strong>demonstrat</strong></span> <span class='ocrx_word' id='word_1_751' title='bbox 3233 5480 3479 5548; x_wconf 32' lang='lat' dir='ltr'><strong>ﬁguram,</strong></span> <span class='ocrx_word' id='word_1_752' title='bbox 3543 5496 3661 5550; x_wconf 69' lang='lat' dir='ltr'><strong>qua.</strong></span> 
     </span>
    </p>
   </div>
   <div class='ocr_carea' id='block_1_108' title="bbox 2090 5567 3657 5639">
    <p class='ocr_par' dir='ltr' id='par_1_108' title="bbox 2090 5567 3657 5639">
     <span class='ocr_line' id='line_1_109' title="bbox 2090 5567 3657 5639; baseline -0.001 -15"><span class='ocrx_word' id='word_1_753' title='bbox 2090 5574 2245 5627; x_wconf 85' lang='lat' dir='ltr'><strong>nobis</strong></span> <span class='ocrx_word' id='word_1_754' title='bbox 2284 5572 2533 5626; x_wconf 89' lang='lat' dir='ltr'><strong>duritiam</strong></span> <span class='ocrx_word' id='word_1_755' title='bbox 2571 5567 2751 5623; x_wconf 83' lang='lat' dir='ltr'><strong>cordis</strong></span> <span class='ocrx_word' id='word_1_756' title='bbox 2784 5570 3061 5639; x_wconf 84' lang='lat' dir='ltr'><strong>repellent.</strong></span> <span class='ocrx_word' id='word_1_757' title='bbox 3102 5570 3256 5638; x_wconf 83' lang='lat' dir='ltr'><strong>Quod</strong></span> <span class='ocrx_word' id='word_1_758' title='bbox 3294 5580 3471 5626; x_wconf 89' lang='lat' dir='ltr'><strong>autem</strong></span> <span class='ocrx_word' id='word_1_759' title='bbox 3507 5573 3657 5636; x_wconf 80' lang='lat' dir='ltr'><strong>dixit,</strong></span> 
     </span>
    </p>
   </div>
   <div class='ocr_carea' id='block_1_109' title="bbox 2092 5656 3657 5732">
    <p class='ocr_par' dir='ltr' id='par_1_109' title="bbox 2092 5656 3657 5732">
     <span class='ocr_line' id='line_1_110' title="bbox 2092 5656 3657 5732; baseline -0.001 -19"><span class='ocrx_word' id='word_1_760' title='bbox 2092 5661 2427 5732; x_wconf 79' lang='lat' dir='ltr'><strong>Lacrymatus</strong></span> <span class='ocrx_word' id='word_1_761' title='bbox 2477 5668 2553 5712; x_wconf 88' lang='lat' dir='ltr'><strong>est</strong></span> <span class='ocrx_word' id='word_1_762' title='bbox 2599 5656 2790 5721; x_wconf 85' lang='lat' dir='ltr'><strong>Iesus,</strong></span> <span class='ocrx_word' id='word_1_763' title='bbox 2845 5660 2913 5715; x_wconf 91' lang='lat' dir='ltr'><strong>de</strong></span> <span class='ocrx_word' id='word_1_764' title='bbox 2959 5660 3274 5717; x_wconf 80' lang='lat' dir='ltr'><strong>inﬁdelitate</strong></span> <span class='ocrx_word' id='word_1_765' title='bbox 3323 5660 3525 5717; x_wconf 82' lang='lat' dir='ltr'><strong>scilicet</strong></span> <span class='ocrx_word' id='word_1_766' title='bbox 3568 5658 3657 5712; x_wconf 80' lang='lat' dir='ltr'><strong>Iu-</strong></span> 
     </span>
    </p>
   </div>
   <div class='ocr_carea' id='block_1_110' title="bbox 2087 5751 2344 5805">
    <p class='ocr_par' dir='ltr' id='par_1_110' title="bbox 2087 5751 2344 5805">
     <span class='ocr_line' id='line_1_111' title="bbox 2087 5751 2344 5805; baseline -0.004 -2"><span class='ocrx_word' id='word_1_767' title='bbox 2087 5751 2344 5805; x_wconf 84' lang='lat' dir='ltr'><strong>daeorum.</strong></span> 
     </span>
    </p>
   </div>
  </div>
