4244 6258
1968 248 2237 330 ΑκΝοΒιι
2272 270 2573 328 JUNIORIS

1158 330 1169 339 ρ
1968 271 2237 330 ARNOBII
2272 270 2573 328 JUNIORIS
3202 276 3203 283 ‘
3720 294 3723 295 ν
3804 267 3913 325 8Ἱῖ

1236 473 1238 476 ν
1313 380 1538 451 (Ἆγίν.
2245 388 2319 467 Δ,

639 293 738 352 571

722 404 728 409 ’
1313 396 1442 447 Cn.
1472 393 1538 447 ν.
2245 388 2296 446 Δ
2995 388 3125 447 Car.
3166 388 3231 447 II.

712 514 1117 577 Ambulate‘dum
1157 512 1321 565 lucem
1348 507 1573 574 habetis,
1602 523 1668 561 ne
1697 506 1915 560 tenebrat
1953 520 2040 558 vos
2082 519 2221 558 com-
2407 503 2519 559 Vox
2554 506 2826 559 clamantis
2871 504 2928 558 in
2979 502 3221 558 deserto:
3271 499 3468 579 Parata
3513 503 3648 558 uiam
3684 501 3907 567 Domini,

638 611 987 689 prehendunt;
1030 605 1118 678 qui
1144 604 1281 658 enim
1306 600 1538 655 ambulat
1566 594 1627 653 in
1669 598 1907 664 tenebris,
1939 598 2099 650 nescit
2122 604 2221 672 quo
2324 603 2489 653 rectas
2517 597 2673 667 facile
2699 595 2910 649 semitas
2933 593 3031 648 Dei
3060 594 3259 659 nostri;
3289 594 3456 649 omnis
3497 592 3646 649 vallis
3674 592 3910 665 implebi-

637 684 808 763 radat.
843 702 968 757 Cum
988 716 1109 771 ergo
1132 701 1294 751 lucem
1313 694 1531 771 habetis,
1555 692 1747 748 credite
1771 693 1829 747 in
1848 692 2027 754 lucem,
2051 700 2107 745 ut
2126 690 2226 763 ﬁlii
2327 696 2427 755 tur,
2452 697 2502 743 et
2528 689 2694 743 omnis
2720 703 2866 743 mons
2883 696 2933 742 et
2951 685 3097 742 collis
3125 684 3496 753 humiliabitur,
3512 694 3562 742 et
3586 696 3739 741 erunt
3755 703 3916 755 praua

638 798 764 853 lucis
792 795 910 867 ﬁeri
928 762 1154 866 possitis.
1408 762 1426 786 ι
2130 762 2133 763 ν
2325 780 2382 836 in
2410 779 2628 839 directa.
2969 783 2972 786 ’

710 888 907 942 Lucem
949 883 1092 954 quod
1133 881 1281 943 dicit,
1328 879 1417 934 lex
1448 877 1544 934 Dei
1586 885 1686 945 est,
1715 877 1770 933 in
1797 893 1903 948 qua
1951 876 2226 932 ambulare

638 980 912 1037 debemus.
946 976 1218 1032 Tenebras
1261 980 1439 1027 autem
1461 970 1602 1041 quod
1631 969 1768 1025 dixit
1795 970 2094 1039 ignorantia
2122 975 2221 1025 est.

639 1069 883 1127 Christus
910 1069 999 1123 lux
1030 1075 1131 1133 est,
1163 1064 1399 1120 tenebrae
1426 1071 1607 1118 autem
1634 1062 1994 1117 antichristus.

1010 1183 1140 1238 Car.
1182 1179 1269 1237 Vl.
1308 1179 1386 1235 De
1415 1179 1524 1233 vite
1551 1186 1608 1233 et
1632 1177 1869 1248 palmite.

710 1296 824 1368 Ego
847 1313 982 1361 sum,
1008 1294 1198 1363 inquit,
1229 1291 1349 1347 uitis
1380 1306 1519 1356 uera,
1549 1297 1601 1344 et
1635 1287 1801 1343 Pater
1825 1304 1966 1343 meus
1995 1291 2231 1361 agricola

638 1401 716 1446 est
741 1407 755 1444 :
777 1405 977 1444 omnem
992 1387 1257 1458 palmitem
1277 1385 1333 1437 in
1353 1399 1434 1437 me
1459 1397 1564 1437 non
1586 1383 1830 1454 {ereum
1850 1383 2073 1453 fructum
2092 1382 2234 1436 exci—
2256 1408 2273 1417 ο

642 1484 744 1548 det,
768 1491 817 1535 et
843 1483 898 1535 in
919 1482 1091 1552 ignem
1119 1474 1306 1532 mittet.
1444 1466 1455 1481 “

716 1572 906 1627 Merito
956 1568 1202 1625 Christus
1232 1552 1352 1623 vitis
1380 1576 1491 1633 est,
1521 1567 1614 1637 qui
1644 1566 1807 1621 vitam
1836 1565 1992 1621 nobis
2027 1564 2232 1632 attulit;

643 1673 791 1720 recte
821 1670 874 1717 et
903 1660 1065 1715 Pater
1091 1659 1207 1728 ejus
1229 1658 1537 1726 agricultor,
1554 1658 1679 1726 quia
1709 1657 1897 1712 mundi
1912 1657 2239 1725 gubernator

2400 872 2607 928 Vallem
2627 870 2771 943 quod
2800 868 2956 938 dixit,
2980 869 3240 926 mundum
3267 870 3429 926 istum
3458 869 3811 938 demonstrat,
3832 889 3919 929 re—

2329 966 2535 1039 pletum
2560 960 2762 1021 Christi
2790 963 3054 1020 doctrina.
3096 960 3306 1018 Montes
3330 969 3509 1018 autem
3539 972 3594 1018 et
3621 962 3789 1019 colles
3820 964 3919 1019 hu-

2329 1058 2523 1114 miliati
2570 1056 2794 1129 perﬁdia
2823 1056 3030 1113 scilicet
3049 1054 3270 1121 diaboli,
3300 1065 3356 1111 et
3391 1055 3658 1113 idolorum
3687 1057 3917 1124 cultura,

2333 1165 2450 1219 qum
2498 1149 2553 1204 in
2605 1148 2893 1204 adventum
2921 1145 3121 1203 Christi
3151 1146 3431 1227 humiliata
3470 1156 3597 1203 sunt
3636 1158 3798 1219 atque
3822 1149 3919 1205 de-

2330 1259 2535 1315 pressa.
2566 1240 2720 1310 Quod
2748 1248 2927 1296 autem
2976 1238 3113 1295 dixit
3154 1258 3165 1292 :
3198 1237 3367 1294 Erunt
3395 1256 3557 1311 prava
3590 1240 3642 1293 in
3694 1240 3917 1306 directa,

2332 1336 2439 1392 hoc
2476 1336 2544 1392 de
2582 1334 2864 1405 gentilium
2902 1336 3169 1407 pravitate
3208 1323 3572 1404 dicebat,'qui
3604 1351 3747 1390 nunc
3775 1344 3919 1390 recta

2333 1427 2527 1483 itinera
2554 1427 2890 1497 gradiuntur.

2737 1516 2869 1576 Car.
2907 1518 2992 1574 Ill.
3034 1512 3112 1574 De
3139 1518 3260 1575 cibo
3288 1514 3526 1573 Joannis.

2408 1632 2560 1690 Cibus
2579 1642 2751 1690 autem
2775 1632 3000 1689 Joannis
3024 1641 3176 1688 erant
3205 1632 3433 1697 locustae,
3462 1639 3512 1684 et
3537 1630 3637 1685 mel
3669 1630 3918 1685 silvestre.

646 1765 748 1821 est,
778 1756 868 1824 qui
890 1754 1097 1825 pluvias
1121 1723 1180 1807 et
1209 1723 1453 1821 tempora
1481 1723 1636 1820 quasi
1662 1751 1839 1805 bonus
1858 1723 2033 1805 cultor
2061 1749 2231 1804 admi-

2412 1727 2670 1784 Locustas
2697 1742 2832 1797 quas
2857 1727 3012 1793 dixit,
3042 1723 3364 1796 populorum
3390 1724 3681 1779 multorum
3702 1724 3924 1778 demona

645 1851 856 1905 nistrat.
909 1839 1189 1902 Palmitem
1217 1861 1348 1901 vero
1398 1844 1541 1914 quod
1584 1844 1725 1898 dixit
1762 1841 2107 1908 fructiferum,
2134 1856 2234 1897 no-

645 1949 813 1996 strum
837 1939 1093 2011 populum
1116 1936 1398 2006 signiﬁcat.
1417 1934 1816 1990 .lnlructuosum
1843 1942 2044 2001 autem,
2076 1935 2238 1989 hzere-

646 2032 873 2087 ticorum
901 2029 1069 2100 ﬁgura
1098 2035 1202 2094 est,
1232 2042 1395 2097 quam
1420 2026 1557 2096 ignis
1584 2035 1879 2097 exspectat.

1066 2139 1193 2197 Car.
1238 2138 1344 2197 ΥΠ.
1383 2138 1463 2196 De
1497 2139 1790 2196 Abraham.

716 2256 977 2312 Abraham
1028 2265 1175 2327 pater
1202 2262 1366 2310 vester
1400 2255 1715 2326 exspectavit
1759 2261 1815 2307 ut
1858 2252 2049 2307 uideret
2101 2251 2236 2306 diem

647 2368 831 2416 meum,
855 2358 905 2405 et
933 2350 1079 2416 vidit,
1110 2358 1159 2404 et
1187 2350 1391 2421 gavisus
1420 2354 1517 2402 est.

718 2443 1033 2512 Priusquam
1061 2439 1310 2497 Christus
1340 2440 1565 2503 venerit,
1593 2449 1719 2493 ante
1745 2437 1853 2493 duo
1874 2437 2041 2491 millia
2062 2451 2236 2491 anno-

650 2550 768 2591 rum
813 2532 1081 2589 Abraham
1130 2530 1438 2599 defuuctus;
1478 2528 1749 2600 quomodo
1803 2543 1932 2599 ergo
1980 2527 2239 2583 Dominus

648 2626 797 2689 dixit,
813 2625 1082 2681 Abraham
1102 2623 1234 2680 vidit
1255 2623 1395 2679 diem
1424 2638 1625 2690 meum,
1648 2629 1705 2678 et
1722 2621 1936 2691 gavisus
1955 2620 2070 2675 est?
2089 2618 2240 2675 Tunc

646 2716 870 2785 scilicet,
904 2732 1026 2772 cum
1072 2698 1223 2771 isaac
1262 2713 1329 2769 ad
1363 2714 1633 2770 victimam
1653 2710 1855 2782 lignum
1882 2710 2153 2783 portabat,
2183 2717 2240 2767 et

648 2810 871 2864 arietem
900 2807 1132 2863 victimae
1172 2806 1391 2876 dignum
1418 2805 1583 2873 dedit,
1614 2813 1670 2860 et
1691 2803 1932 2875 gaudens
1961 2799 2127 2857 lilium
2147 2817 2237 2857 re-

649 2900 806 2970 cepit,
841 2908 969 2955 tunc
1016 2900 1335 2964 exsultavit,
1367 2898 1493 2970 quia
1534 2898 1710 2953 crucis
1746 2896 1948 2966 lignum
1977 2895 2137 2963 vidit,
2183 2903 2239 2950 et

650 2987 914 3045 Christum
942 3005 1225 3062 passurum
1250 2992 1521 3061 cognovit.

1042 3100 1170 3157 Car.
1213 3102 1345 3158 Vill.
1387 3101 1462 3157 De
1481 3101 1656 3170 gladio
1678 3097 1840 3156 Petri.
2263 3128 2311 3192 ο

719 3209 905 3266 Simon
939 3212 1099 3282 igitur
1125 3208 1314 3265 Petrus
1342 3210 1535 3265 habens
1562 3209 1819 3281 gladium,
1844 3210 2023 3287 eduxit
2047 3218 2098 3264 et
2119 3228 2241 3283 per-

653 3304 807 3359 cussit
845 3320 1047 3358 servum
1079 3288 1328 3375 principis
1357 3304 1700 3381 sacerdotum,
1750 3313 1799 3358 et
1836 3307 2119 3376 amputavit
2161 3305 2243 3360 illi

652 3396 937 3451 auriculam
967 3396 1223 3462 dextram,
1254 3406 1309 3452 et
1331 3406 1525 3452 caetera
1554 3412 1674 3466 qute
1698 3405 2013 3468 sequuntur.

654 3500 659 3506 ·
724 3485 859 3542 Cum
889 3495 1047 3542 antea
1078 3488 1338 3544 Dominus
1379 3489 1694 3561 praeceperit
1722 3487 1996 3560 discipulis
2034 3490 2145 3545 su'is
2174 3505 2243 3546 ne

652 3579 870 3652 quidem
899 3580 1107 3649 virgam
1136 3582 1190 3635 in
1231 3582 1315 3636 via
1345 3582 1566 3647 ferrent,
1598 3582 1870 3653 quomodo
1895 3597 2024 3653 ergo
2053 3575 2244 3639 Petrus

653 3673 851 3729 eXemit
877 3671 1130 3755 gladium,
1163 3682 1218 3728 et
1242 3675 1541 3745 amputavit
1557 3676 1850 3731 auriculam
1876 3691 2045 3747 puero
2064 3691 2243 3732 sacer-

653 3765 825 3833 dotis;
856 3773 912 3820 et
939 3764 1196 3820 Dominus
1225 3767 1273 3821 ei
1303 3765 1436 3822 dixit
1468 3786 1480 3821 :
1516 3765 1751 3822 Reconde
1770 3768 2000 3839 gladium
2029 3777 2169 3823 tuum
2189 3768 2244 3823 in

653 3856 853 3910 thecam
896 3873 1065 3915 suam.
1112 3854 1333 3913 Gladius
1375 3857 1578 3913 scilicet
1615 3857 1846 3927 Spiritus
1885 3867 2102 3914 sanctus
2140 3866 2241 3924 est,

654 3947 794 4003 sicut
844 3946 1122 4017 apostolus
1170 3943 1364 4013 Paulus
1414 3947 1482 4002 ad
1528 3946 1790 4018 Ephesios
1842 3949 2117 4015 meminit;
2149 3964 2245 4003 au-

656 4040 823 4095 ricula
853 4047 1032 4094 autem
1061 4039 1581 4120 amputata_auditus
1620 4038 1926 4093 Judarorum
1965 4048 2076 4105 est,
2109 4043 2245 4096 sicut

654 4132 818 4188 Isaias
864 4132 1043 4188 dixit:
1093 4132 1336 4198 Domine,
1367 4135 1479 4205 quis
1523 4133 1745 4187 credidit
1789 4134 1990 4188 auditui
2030 4137 2245 4193 nostro?

658 4222 835 4279 Theca
865 4239 995 4279 vero
1024 4222 1214 4278 Petrus
1241 4232 1377 4290 erat,
1410 4224 1463 4278 in
1494 4239 1600 4292 quo
1625 4222 1861 4293 Spiritus
1890 4225 1999 4279 Dei'
2021 4225 2237 4281 latebat.

1200 4375 1294 4428 EX
1330 4374 1709 4431 MATTH/EO.
1784 4411 1793 4418 -

1316 4487 1500 4544 Carur
1540 4489 1581 4543 Ι.

726 4621 1042 4693 Aperientes,
1066 4622 1256 4692 inquit,
1286 4624 1550 4681 thesauros
1579 4642 1718 4694 suos,
1750 4628 2040 4685 obtulerunt
2057 4634 2102 4686 ei
2130 4649 2242 4687 mu-

658 4730 803 4780 nera,
836 4728 1039 4780 aurum,
1056 4713 1170 4769 thus
1184 4723 1234 4770 et
1260 4717 1559 4788 myrrham;
1587 4728 1637 4772 et
1661 4736 1905 4790 responso
1921 4724 2103 4778 moniti
2123 4736 2245 4777 sunt

658 4806 712 4860 in
741 4808 952 4893 somnis,
984 4823 1050 4861 ne
1075 4815 1444 4865 reverterentur
1467 4809 1536 4863 ad
1565 4810 1842 4882 Herodem,
1867 4813 1959 4867 sed
1974 4831 2067 4885 per
2087 4815 2244 4869 alium

657 4901 791 4955 vium
812 4903 1028 4972 regressi
1047 4911 1184 4957 sunt.

730 4993 880 5048 Tunc
905 4993 1111 5049 scilicet
1146 4996 1286 5066 magi
1322 4976 1586 5083 praesagio
1613 4999 1831 5069 spiritus
1858 4998 2074 5057 Christo
2121 5018 2241 5058 mu-

659 5100 787 5140 nera
818 5083 1159 5142 allerebant:
1209 5106 1422 5156 aurum,
1471 5092 1694 5157 scilicet,
1745 5092 1898 5161 quasi
1942 5094 2083 5163 regi;
2131 5094 2245 5149 tluts

660 5187 837 5232 autem
865 5179 1021 5248 quasi
1050 5178 1183 5245 Deo,
1216 5181 1329 5236 sive
1357 5183 1482 5251 quia
1512 5182 1775 5252 passionis
1823 5184 2247 5241 immolationem

662 5266 1129 5338 demonstrabant;
1188 5273 1403 5343 myrrha
1466 5282 1643 5340 autem
1697 5274 1984 5344 sepulturte
2037 5277 2247 5347 signum

665 5360 998 5418 «stemlebat.
1032 5362 1168 5432 Magi
1198 5375 1377 5422 autem
1408 5368 1507 5436 ipsi
1530 5376 1686 5445 typus
1710 5368 2044 5425 credentium
2071 5380 2244 5427 erant.

667 5448 903 5507 llcrudes
931 5463 1112 5510 autem
1159 5456 1357 5513 diaboli
1406 5459 1670 5528 signiﬁcat
1698 5459 1939 5528 ligurum.
1972 5460 2126 5527 Quod
2155 5478 2253 5517 au-

666 5556 771 5599 tem
802 5547 970 5616 magis
997 5547 1198 5603 dictum
1223 5560 1322 5616 est,
1356 5566 1424 5607 ne
1443 5561 1842 5615 reverterentur
1868 5553 1936 5608 ad
1957 5553 2246 5621 Herodem,

624 5682 625 5685 η
664 5638 769 5696 hoc
816 5650 918 5707 ost,
947 5643 1040 5712 qui
1087 5656 1152 5698 ex
1205 5644 1451 5711 gentibus
1480 5646 1549 5701 ad
1593 5647 1865 5705 Christum
1897 5648 2137 5715 veniunt,
2182 5664 2249 5705 ne

666 5748 802 5791 rurs'
822 5752 851 5792 ε
877 5734 941 5792 ad
970 5735 1245 5795 diabolum
1273 5746 1631 5795 revertantur.

2335 1827 2511 1875 strant
2543 1817 2801 1887 ﬁguram,
2831 1819 2927 1888 qui
2954 1818 3022 1873 ad
3056 1815 3319 1873 Joannem
3348 1815 3657 1872 veniebant.
3693 1814 3797 1869 Mel
3824 1831 3922 1869 au-

2338 1919 2445 1967 tem
2476 1912 2704 1967 fructum
2747 1911 3045 1969 dulcedinis
3080 1925 3268 1965 eorum
3314 1909 3669 1974 demonstrat,
3686 1923 3922 1979 quorum

2337 2007 2652 2063 credulitate
2678 2014 2734 2063 et
2762 2006 2865 2063 lide
2883 2004 3120 2061 Joannes
3141 2004 3503 2060 saturabatur.

2745 2141 2875 2197 Car.
2906 2136 2994 2197 IV.
3025 2140 3103 2196 De
3132 2139 3253 2211 pala
3281 2145 3336 2196 et
3367 2150 3517 2194 area.

2408 2278 2642 2344 Habeas,
2671 2279 2854 2349 inquit,
2886 2278 3062 2349 palam
3087 2279 3142 2331 in
3171 2292 3328 2330 manu
3349 2291 3465 2342 sua,
3494 2273 3732 2346 purgabit
3751 2289 3924 2328 aream

2338 2385 2502 2435 suam,
2544 2380 2594 2423 et
2620 2369 2823 2441 colliget
2865 2371 3173 2441 frumentum
3200 2369 3256 2422 in
3296 2368 3500 2433 horrea,
3542 2365 3718 2437 paleas
3754 2376 3924 2435 autem

2337 2460 2597 2515 comburet
2618 2460 2727 2532 igni
2752 2457 3179 2531 inentinguibili.
3470 2506 3476 2512 .

2419 2553 2616 2608 Arcam
2645 2551 2790 2621 quod
2818 2550 2982 2617 dixit,
3012 2549 3268 2605 mundum
3298 2549 3456 2604 istum
3491 2546 3755 2615 intelligit.
3785 2545 3925 2601 Fru-

2339 2655 2580 2699 mentum
2609 2643 2911 2711 vero-quod
2936 2641 3090 2705 dixit,
3131 2640 3303 2696 sancti
3329 2649 3384 2695 et
3410 2637 3593 2693 ﬁdeles
3619 2637 3927 2707 intelligun-

2341 2744 2449 2791 tur.
2482 2733 2642 2789 Palea
2664 2749 2816 2801 vero,
2841 2748 3054 2789 crucem
3081 2731 3434 2787 demonstrat.
3456 2728 3722 2785 Horreum
3748 2736 3928 2782 autem

2339 2827 2620 2900 paradisus
2664 2836 2770 2891 est,
2804 2825 2895 2881 ubi
2933 2824 3106 2880 sancti
3132 2823 3487 2891 colliguntur;
3520 2819 3690 2891 paleae
3720 2827 3929 2886 autem,

2338 2921 2487 2977 leves
2507 2928 2563 2976 et
2589 2920 2783 2991 perditi
2803 2918 3070 2982 homines,
3098 2917 3191 2987 qui
3218 2915 3273 2972 in
3302 2915 3603 2986 gehennam
3626 2914 3927 2979 mittuntur,

2342 3018 2398 3068 et
2417 3010 2526 3081 igni
2550 3019 2870 3066 exuruntur.
2888 2996 2897 3007 ’

2687 3098 2817 3154 Car.
2849 3098 2911 3154 V.
2947 3098 3024 3154 De
3046 3097 3253 3168 jejunio
3280 3104 3337 3152 et
3362 3096 3586 3167 templo.

2406 3211 2486 3267 Et
2521 3230 2637 3269 cum
2658 3212 2948 3286 jejunassel
2974 3211 3145 3278 Iesus,
3178 3216 3359 3284 postea
3390 3210 3592 3275 esuriit,
3618 3216 3668 3263 et
3693 3205 3829 3261 dixit
3862 3204 3933 3258 ad

2339 3322 2456 3360 eum
2486 3307 2533 3359 is
2571 3306 2661 3377 qui
2700 3313 2860 3359 tentat
2880 3320 2898 3359 :
2920 3300 2985 3359 Si
3010 3301 3060 3356 F
3063 3304 3183 3358 ilius
3212 3301 3309 3357 Dei
3337 3317 3410 3367 es,
3433 3301 3518 3355 dic
3556 3309 3611 3353 ut
3626 3297 3826 3371 lapides
3846 3296 3935 3351 isti

2339 3410 2502 3467 panes
2529 3395 2681 3467 fiant.
2715 3394 2814 3450 llle
2840 3403 3011 3449 autem
3031 3394 3167 3449 dixit
3191 3394 3240 3447 ei
3274 3410 3291 3447 :
3323 3389 3450 3446 Non
3474 3392 3532 3446 in
3557 3389 3669 3446 solo
3695 3403 3830 3461 pane
3854 3389 3934 3443 ri-

2342 3488 2412 3541 vit
2439 3488 2609 3551 homo,
2640 3486 2732 3541 sed
2758 3487 2813 3540 in
2841 3487 2981 3540 omni
3011 3483 3157 3542 verbo
3186 3484 3305 3543 Dei.
3332 3482 3477 3536 Tunc
3504 3480 3784 3550 assumpsit
3812 3495 3927 3533 eum

2343 3582 2603 3663 diabqlus,
2630 3592 2683 3635 et
2710 3583 2891 3636 statuit
2929 3598 3042 3636 eum
3071 3597 3224 3652 super
3261 3578 3476 3652 pinnam
3504 3578 3701 3648 templi,
3724 3583 3772 3629 et
3798 3576 3935 3629 dixit

2343 3674 2422 3728 illi
2450 3690 2468 3728 :
2500 3672 2559 3728 Si
2588 3672 2633 3725 F
2638 3672 2756 3727 ilius
2786 3671 2885 3726 Dei
2913 3689 2987 3738 es,
3019 3671 3164 3725 mitte
3192 3674 3239 3725 le
3265 3671 3385 3725 hinc
3424 3670 3682 3734 deorsum,
3712 3674 3762 3721 et
3786 3667 3924 3721 exci-

2345 3765 2487 3838 pient
2518 3774 2564 3818 te
2599 3765 2801 3836 angeli,
2832 3780 2894 3818 ne
2936 3765 3068 3836 forte
3104 3760 3338 3833 oﬂ'endas
3377 3761 3446 3815 ad
3491 3759 3714 3832 lapidem
3754 3758 3935 3832 pedem

2345 3862 2508 3910 tuum.
2802 3858 2809 3864 ’

2392 3932 2658 4001 Ὀὴγὶειιὶς
2682 3943 2929 4014 jejunaus
2958 3956 3057 4000 nos
3083 3942 3371 4007 esuriebat,
3397 3954 3533 4011 quos
3552 3936 3760 4010 iustitia
3787 3944 3940 3993 satu-

2345 4041 2517 4100 rabit;
2549 4039 2753 4109 lapides
2780 4046 2957 4093 autem
2999 4053 3098 4093 nos
3118 4037 3333 4101 luimus,
3365 4035 3456 4104 qui
3484 4032 3737 4089 duritiam
3758 4028 3942 4088 cordis

2345 4132 2647 4188 habuimus.
2681 4130 2961 4201 Templum
2989 4140 3167 4186 autem
3196 4111 3529 4184 Christianos
3556 4125 3804 4182 homines
3844 4124 3943 4178 de--

2345 4231 2629 4290 monstrat,
2660 4221 2828 4279 Paulo
2852 4222 3097 4294 apostolo
3126 4222 3337 4278 dicente
3359 4238 3373 4274 :
3394 4218 3500 4275 Vos
3522 4219 3652 4274 estis
3680 4216 3945 4288 templum

2345 4314 2460 4371 Dei.
2485 4313 2774 4383 Fastigium
2814 4324 2993 4370 autem
3022 4313 3208 4384 templi
3235 4310 3469 4368 charitas
3497 4296 3610 4377 est,
3642 4322 3740 4382 per
3776 4323 3948 4379 quam

2346 4407 2591 4464 Christus
2617 4410 2669 4464 in
2698 4408 3015 4464 Christianis
3061 4405 3328 4470 ascendit;
3358 4402 3502 4474 quod
3532 4411 3712 4458 autem
3752 4400 3955 4457 diabo-

2273 4498 2320 4559 D
2345 4503 2428 4557 lus
2456 4502 2669 4558 Christo
2692 4502 2858 4567 dixit,
2883 4498 3032 4557 Mitte
3062 4507 3115 4555 te
3143 4498 3211 4555 de
3256 4495 3459 4570 templo
3499 4495 3625 4551 hinc
3665 4494 3953 4561 deorsum,

2346 4595 2449 4650 hoc
2470 4602 2552 4650 est
2580 4613 2592 4647 :
2626 4592 2887 4648 suadebat
2915 4588 3130 4648 Christo
3162 4598 3219 4646 ut
3246 4590 3314 4646 de
3339 4596 3523 4644 nostra
3551 4586 3816 4643 charitate
3844 4583 3960 4639 de-

2346 4684 2646 4742 scenderet.
2676 4683 2754 4739 Ne
2782 4681 2939 4750 forte,
2972 4683 3163 4753 inquit,
3208 4678 3450 4738 oﬂendas
3478 4677 3547 4735 ad
3571 4676 3800 4747 lapidem
3847 4691 3957 4745 pe-

2346 4778 2469 4835 dem
2517 4787 2699 4844 tuum;
2746 4779 2850 4834 hoc
2892 4786 2992 4844 est,
3040 4774 3192 4848 quasi
3242 4774 3335 4846 Qui
3375 4769 3631 4830 increduli
3669 4780 3962 4845 essemus,

2349 4872 2518 4927 veluti
2547 4871 2801 4925 duritiam
2831 4868 3069 4942 lapidum
3110 4867 3453 4945 haberemus.
3484 4862 3566 4920 Ita
3589 4857 3969 4919 offensionem

2350 4971 2590 5019 nostram
2618 4962 2834 5017 Christo
2862 4960 3169 5032 objiciebat.

3029 5069 3158 5128 Car.
3180 5064 3269 5127 Vl.

2422 5188 2550 5244 Esto
2580 5186 2828 5262 benignus
2855 5186 3151 5241 adversario
3180 5192 3268 5241 tuo
3295 5185 3430 5247 cito,
3462 5182 3585 5237 dum
3613 5198 3667 5237 es
3710 5196 3834 5236 cum
3864 5182 3976 5238 illo

2350 5285 2406 5336 in
2434 5281 2548 5345 uia,
2581 5296 2646 5334 ne
2685 5281 2818 5351 forte
2844 5276 3172 5332 adversarius
3200 5275 3375 5347 tradat
3413 5284 3462 5330 te
3480 5271 3678 5345 judici,
3708 5277 3757 5327 et
3778 5273 3980 5344 judex-

2354 5372 2626 5439 mt'nistris,
2655 5380 2703 5426 et
2732 5372 2785 5426 in
2815 5387 3071 5426 carcerem
3100 5369 3347 5424 mittaris.
3568 5357 3573 5363 ’
3899 5417 3915 5429 ,

2427 5465 2805 5521 Adversarium
2832 5462 2976 5536 quod
3003 5463 3157 5530 dixit,
3186 5461 3512 5518 exteriorem
3548 5457 3845 5515 hominem
3874 5458 3987 5519 de-

2354 5564 2639 5629 monstrat,
2668 5557 2775 5612 hoc
2810 5563 2894 5612 est
2937 5555 3226 5621 carnalem,
3266 5568 3390 5610 cum
3428 5567 3539 5624 quo
3564 5551 3670 5607 iter
3700 5547 3986 5610 facimus.

2355 5651 2457 5707 Via
2484 5657 2665 5704 autem
2693 5649 2974 5705 transitum
3001 5646 3161 5717 hujus
3203 5646 3387 5705 seaculi
3430 5644 3793 5719 demonstrat.
3830 5641 3995 5704 Huic

2357 5756 2487 5812 ergo
2528 5740 2839 5799 adversario
2883 5738 3102 5808 benigni
3128 5740 3315 5804 simus,
3358 5738 3466 5795 hoc
3509 5740 3611 5799 est,
3641 5736 3799 5787 caste
3848 5747 4002 5805 cum
