4244 6258
277 360 381 415 575

1019 322 1535 418 muorartouss
1567 363 1657 417 AD
1693 360 2010 431 cumnam
2049 363 2591 421 EVANGELIORUM
2632 365 2826 425 LOCA.

3447 372 3561 436 στι

188 516 195 524 .
253 476 371 551 ‘illo
399 475 660 541 vivamus,
692 491 760 531 ne
789 475 925 531 forte
950 477 1021 531 ob
1062 475 1293 532 admissa
1342 478 1529 534 illicita
1572 479 1747 534 tradat
1776 494 1875 534 nos
1901 482 1952 539 Α
1978 489 2216 534 nostram
2243 480 2588 548 :ediiicemus,
2618 483 2722 539 hoc
2741 492 2841 549 est,
2869 499 3064 556 corpus
3087 495 3330 545 nostrum
3356 494 3557 550 sancti-

273 565 460 638 judici,
485 568 592 623 hoc
618 577 698 623 est
727 567 959 624 Christo.
987 566 1053 622 Et
1076 568 1241 638 judex
1263 570 1485 643 (inquit)
1508 570 1786 634 ministris,
1811 570 1867 625 id

277 671 359 717 est
388 663 627 732 angelis;
660 670 714 717 et
755 663 929 732 angeli
957 663 1011 718 in
1048 678 1318 740 carcerem
1348 680 1448 720 nos
1494 664 1729 730 tradant,
1761 664 1866 719 hoc

276 762 360 810 est
385 755 440 809 in
469 756 789 825 gehennam.

933 842 1061 900 CAP.
1102 843 1212 899 νη.

349 953 587 1021 Nesciet,
615 957 794 1029 inquit,
824 957 1036 1010 sinistra
1067 970 1157 1011 tua
1193 956 1317 1027 quid
1348 957 1511 1028 faciat
1536 958 1724 1014 dextra
1754 968 1860 1024 tua,

275 1056 332 1101 ut
357 1050 426 1102 sit
454 1048 771 1118 eleemosyna
796 1054 887 1101 tua
914 1049 967 1101 in
994 1047 1270 1103 absconso.

349 1140 547 1194 Dextra
576 1154 677 1195 nos
712 1154 925 1203 sumus,
958 1139 1086 1208 quia
1114 1136 1386 1195 Christum
1414 1140 1658 1206 colimus,
1689 1140 1779 1208 qui
1810 1140 1865 1194 in

271 1233 462 1288 dextra
485 1229 661 1285 Patris
684 1229 855 1286 sedet.
884 1228 1111 1285 Sinistra
1134 1241 1318 1285 autem
1343 1228 1513 1287 Judaei
1537 1237 1680 1294 sunt,
1703 1236 1867 1297 atque

274 1323 528 1379 lueretici.
572 1320 808 1378 Proinde
853 1322 1062 1378 nesciat
1101 1323 1318 1377 sinistra
1364 1339 1491 1393 pars
1531 1322 1661 1391 quid
1705 1320 1866 1378 faciat

272 1413 479 1468 dextra.
520 1470 528 1483 ι

910 1479 1053 1536 (ἔην
1078 1480 1210 1536 Vill.

344 1597 523 1653 Nolite
547 1596 687 1654 vobis
713 1597 934 1659 condere
956 1596 1223 1651 thesauros
1243 1612 1398 1667 super
1425 1605 1585 1659 terra,
1611 1592 1699 1648 ubi
1728 1594 1864 1648 tinea

273 1699 321 1745 et
370 1700 666 1753 comestura
711 1689 1085 1753 exterminant,
1113 1695 1164 1741 et
1203 1685 1291 1741 ubi
1327 1688 1470 1758 fures
1509 1685 1762 1754 effodiunt
1811 1692 1864 1738 et

276 1787 531 1855 furantur.
558 1782 600 1836 Τ
601 1781 924 1836 hesaurisate
958 1789 1129 1834 autem
1165 1777 1305 1833 vobis
1344 1778 1614 1833 thesauros
1643 1777 1695 1831 in
1715 1776 1857 1841 mlo,

275 1874 356 1929 ubi
379 1878 515 1946 fures
544 1891 649 1929 non
677 1872 945 1942 effodiunt,
969 1888 1128 1944 neque
1151 1873 1411 1943 furantur,
1440 1877 1548 1924 etc.

344 1968 564 2023 Terram
603 1983 767 2037 quam
810 1967 962 2028 dixit,
1005 1964 1368 2019 habitaculum
1404 1962 1648 2032 corporis
1691 1961 1860 2015 nostri

262 2055 557 2127 signiﬁcat.
585 2058 892 2113 Thesaurus
910 2070 1039 2111 vero
1067 2053 1198 2109 ﬁdes
1235 2062 1335 2109 est.
1364 2052 1521 2120 Quod
1550 2066 1680 2120 ergo
1712 2070 1725 2105 :
1754 2051 1867 2105 No-

274 2151 367 2205 lite
397 2151 552 2205 vobis
577 2149 808 2206 condere
838 2148 1119 2202 thesauros
1146 2147 1200 2200 in
1229 2154 1400 2212 terra,
1428 2145 1533 2201 hoc
1558 2151 1661 2209 est,
1692 2143 1864 2205 nolite

274 2242 646 2297 thesaurizare
674 2241 728 2295 in
754 2253 934 2302 carne,
966 2238 1056 2293 ubi
1083 2238 1226 2293 tinea
1251 2237 1464 2308 (inquit)
1479 2235 1736 2302 comedit,
1758 2236 1862 2291 hoc

274 2342 363 2389 est
383 2333 629 2398 avaritia,
657 2332 771 2388 sive
813 2319 1010 2396 libido;
1041 2338 1096 2384 et
1122 2328 1266 2385 fures
1307 2327 1594 2395 eii‘odiunt,
1625 2329 1731 2384 hoc
1756 2336 1859 2392 est,

272 2425 540 2490 diabolus,
582 2424 674 2497 qui
720 2420 875 2477 ﬁdem
918 2419 1153 2486 furatur;
1199 2420 1295 2476 sed
1334 2418 1628 2485 :Condite,
1668 2420 1859 2491 inquit,

273 2518 559 2572 thesauros
585 2515 640 2570 in
669 2514 824 2580 cmlo,
847 2513 948 2568 hoc
975 2520 1078 2579 est,
1106 2512 1161 2566 in
1189 2512 1400 2583 spiritu,
1429 2512 1521 2581 qui
1548 2511 1741 2567 omium
1780 2510 1865 2564 in-

275 2609 556 2677 telligitur;
582 2606 720 2663 sicut
752 2604 1027 2676 apostolus
1055 2602 1255 2660 Paulus
1280 2603 1417 2659 dixit
1445 2621 1459 2657 :
1484 2602 1586 2670 Qui
1627 2603 1862 2658 semina-

275 2702 412 2756 verit
441 2700 493 2754 in
538 2713 718 2763 carne,
746 2698 814 2753 de
862 2712 1025 2775 carne
1074 2704 1243 2751 metet
1286 2696 1722 2765 corruptionem;
1771 2694 1864 2763 qui

276 2799 456 2846 autem
485 2788 830 2845 seminaverit
858 2786 925 2842 de
945 2787 1157 2857 spiritu,
1183 2785 1469 2855 de,spiritu
1510 2792 1676 2839 metet
1698 2784 1865 2839 vitam

273 2892 548 2938 mternam.
901 2906 908 2913 -
1229 2930 1245 2941 κ

952 2947 1081 3003 CAP.
1121 2946 1214 3001 1X.

346 3067 448 3134 Qui
476 3067 615 3123 vides
656 3067 908 3137 festucam
934 3066 989 3118 in
1018 3064 1167 3117 oculo
1197 3063 1377 3133 fratris
1398 3064 1473 3115 tui
1494 3100 1508 3124 ,
1545 3060 1743 3115 trabem
1768 3077 1865 3115 an-

276 3170 378 3214 tem
402 3161 457 3213 in
478 3158 627 3214 oculo
647 3164 734 3209 tuo
761 3171 867 3210 non
889 3153 1206 3209 consideras.

1971 570 2212 638 iicemus,
2244 582 2303 629 ut
2323 591 2446 630 cum
2474 574 2691 630 ﬂumina
2714 584 2771 632 et
2796 585 2988 633 ventus
3026 574 3289 646 venerint,
3319 582 3424 639 hoc
3449 597 3552 653 est,

1969 662 2200 740 impetus
2242 666 2634 734 persecutionis
2674 674 2730 721 et
2763 669 3043 741 procellae,
3076 669 3289 739 impulsi
3335 688 3438 727 non
3464 691 3555 730 ca-

1969 755 2177 810 damus.
2210 754 2387 810 Arena
2416 765 2595 833 autem
2631 773 2740 814 non
2769 760 2911 815 aliud
2934 775 3097 830 quam
3136 763 3366 818 haereses
3396 766 3554 821 intel-

1968 847 2223 915 liguntur,
2256 864 2376 918 quia
2402 849 2549 903 omni
2578 858 2898 921 tempestate
2920 846 3223 909 volvuntur.
3255 854 3430 927 Super
3456 859 3554 926 igi—

1971 944 2057 991 tur
2073 938 2212 994 hane
2231 955 2470 1006 arenam,
2494 941 2597 996 hoc
2619 950 2719 1009 est,
2739 942 3000 1010 haeresim,
3014 946 3319 1016 quicunque
3337 949 3555 1004 domum

1968 1043 2119 1082 suam
2146 1028 2521 1096 aedificaverit,
2553 1033 2748 1089 stultus
2775 1038 2877 1089 est.
2907 1024 3031 1090 Mox
3063 1036 3205 1091 enim
3242 1037 3557 1095 advenerim

1968 1118 2187 1176 ﬂumina
2225 1129 2279 1177 et
2319 1122 2487 1189 venti,
2514 1124 2619 1180 hoc
2655 1135 2739 1181 est
2778 1125 3014 1199 impetus
3052 1130 3459 1199 persecutionis,
3502 1138 3556 1187 et

1968 1212 2110 1268 illico
2139 1212 2313 1269 cadet.

2610 1283 2738 1341 CAP.
2779 1285 2892 1343 XII.

2014 1396 2163 1455 'Non
2190 1408 2402 1470 possunt
2420 1440 2436 1467 ,
2463 1401 2655 1473 inquit,
2688 1400 2787 1473 ﬁlii
2814 1402 2991 1472 sponsi
3012 1402 3255 1473 jejunare
3276 1443 3292 1469 ,
3321 1404 3551 1475 quandiu

1968 1508 2082 1546 cum
2108 1492 2214 1546 illis
2240 1501 2319 1546 est
2345 1510 2580 1564 sponsus.
2614 1491 2833 1547 Venient
2851 1502 3019 1547 autem
3047 1492 3174 1557 dies,
3199 1495 3461 1565 auferetur
3486 1497 3551 1550 ab

1966 1585 2039 1639 eis
2093 1601 2331 1655 sponsus,
2377 1594 2426 1638 et
2465 1594 2583 1637 tunc
2615 1583 2927 1655 jejunabunt
2975 1584 3082 1639 illis
3126 1582 3321 1639 diebus.
3380 1582 3550 1641 Nemo

1967 1684 2137 1730 autem
2164 1677 2390 1730 immittit
2417 1676 2807 1730 commissuram
2828 1678 3001 1747 ,panni
3030 1676 3173 1731 rudis
3199 1677 3255 1731 in
3283 1679 3552 1732 vestimen-

1968 1774 2076 1821 tum
2104 1776 2261 1830 vetus,
2295 1766 2429 1820 tollit
2456 1767 2593 1819 enim
2620 1766 2988 1836 plenitudinem
3016 1768 3127 1838 ejus
3167 1784 3198 1820 a
3229 1769 3548 1834 vestimento,

1895 1857 1942 1917 Β
1967 1866 2015 1913 et
2043 1856 2211 1928 major
2231 1856 2457 1910 scissura
2482 1857 2574 1926 ﬁt;
2603 1872 2766 1929 neque
2781 1858 3065 1911 immittunt
3091 1860 3263 1912 vinum
3290 1876 3474 1914 novum
3495 1861 3551 1915 in

1962 1958 2102 2003 utres
2144 1957 2355 2013 veteres,
2389 1949 2617 2020 alioquin
2653 1950 2847 2017 rumpit
2878 1952 3058 2005 vinum
3094 1961 3252 2017 utres,
3285 1961 3335 2006 et
3380 1955 3549 2008 vinum

1961 2040 2093 2112 perit
2117 2048 2167 2093 et
2193 2048 2355 2092 utres.
2390 2036 2497 2093 Sed
2532 2040 2741 2093 mittunt
2778 2041 2950 2095 vinum
2978 2058 3164 2098 novum
3184 2044 3247 2097 in
3277 2041 3421 2098 utres
3452 2060 3550 2099 no-

1961 2150 2067 2199 vos,
2098 2141 2148 2188 et
2172 2142 2387 2205 utraque
2406 2144 2694 2190 servantur.

2032 2222 2294 2293 Sponsus,
2322 2222 2568 2279 Christus
2596 2233 2707 2292 est;
2741 2222 2837 2281 lilii
2874 2233 3051 2281 autem
3080 2229 3283 2298 sponsi,
3311 2243 3409 2284 nos
3447 2243 3542 2284 su-

1962 2332 2101 2372 mus.
2133 2314 2366 2370 Proinde
2406 2316 2451 2369 si
2480 2317 2572 2385 qui
2612 2317 2832 2373 lectioni
2855 2318 3123 2389 persistit,
3165 2335 3273 2375 non
3316 2318 3543 2391 jejunat,

1963 2408 2090 2479 quia
2119 2422 2347 2478 sponsus
2367 2423 2488 2462 cum
2511 2408 2603 2463 illo
2625 2416 2726 2473 est,
2762 2409 2854 2479 qui
2876 2417 2958 2464 est
2976 2408 3237 2478 Christus,
3261 2412 3351 2480 qui
3373 2412 3507 2466 dixit
3530 2431 3543 2467 :

1961 2498 2078 2570 Ego
2105 2514 2224 2554 sum
2268 2499 2592 2570 panisvitae;
2626 2507 2681 2555 et
2708 2507 2836 2556 tunc
2864 2501 3121 2573 incipient
3159 2502 3422 2572 jejunare.
3455 2504 3543 2558 ln~

1962 2590 2275 2646 dumentum
2311 2598 2491 2645 autem
2540 2576 2753 2646 novum
2776 2591 3047 2647 hominem
3083 2607 3282 2647 novum
3316 2592 3541 2648 demon-

1963 2690 2129 2748 strat,
2161 2691 2315 2738 vetus
2358 2689 2539 2737 autem
2579 2681 2948 2738 indumentum
2989 2692 3228 2738 veterem
3271 2683 3543 2739 hominem

1964 2772 2246 2844 signiﬁcat.
2278 2771 2336 2829 Si
2362 2775 2481 2842 quis
2506 2787 2635 2842 ergo
2655 2774 2927 2843 hominem
2954 2774 3285 2840 interiorem,
3311 2775 3415 2829 hoc
3438 2784 3540 2838 est,

1964 2867 2279 2938 spiritalem,
2328 2864 2669 2935 conjunxerit
2714 2881 2836 2921 cum
2882 2867 3168 2933 exteriore,
3201 2864 3253 2921 id
3293 2877 3395 2931 est,
3424 2880 3544 2921 car-

1966 2960 2095 3026 nali,
2125 2957 2385 3028 majorem
2406 2958 2691 3013 scissuram
2712 2956 2856 3012 facit.
2878 2958 3072 3013 Vinum
3093 2959 3296 3014 scilicet
3324 2972 3543 3024 novum,

1965 3042 2357 3106 sacramentum
2385 3056 2485 3104 est.
2537 3046 2695 3104 Utres
2719 3056 2898 3103 autem
2918 3057 3149 3115 veteres,
3182 3047 3350 3104 Judaei
3400 3056 3542 3104 sunt.

1967 3140 2129 3198 Utres
2153 3155 2283 3196 vero
2305 3140 2433 3195 novi
2478 3155 2579 3197 nos
2605 3153 2819 3207 sumus,
2850 3137 2942 3210 qui
2986 3137 3056 3195 de
3093 3138 3197 3195 hoc
3232 3145 3409 3195 musto
3454 3154 3544 3210 po-

347 3248 461 3306 Hoc
489 3248 557 3305 ad
585 3247 869 3303 hiereticos
888 3246 1042 3311 dixit,
1066 3245 1157 3314 qui
1184 3243 1384 3299 audent
1409 3257 1530 3298 cum
1558 3240 1755 3297 iudicis
1784 3242 1863 3298 al-
1890 3232 1937 3297 C
1968 3240 2161 3289 tamus.

278 3343 490 3406 tercari,
521 3342 588 3395 de
614 3353 843 3410 quorum
889 3336 1061 3392 oculis
1088 3336 1325 3391 eximere
1362 3350 1423 3390 se
1458 3342 1653 3404 putant
1696 3334 1864 3389 festu-

276 3444 416 3500 cam,
458 3434 561 3489 hoc
598 3440 679 3487 est
718 3442 936 3485 coronae
974 3428 1115 3482 illius
1158 3428 1367 3498 spinece
1403 3427 1656 3491 festucas,
1707 3437 1765 3481 ut
1808 3428 1863 3481 in

279 3526 445 3583 oculis
472 3525 580 3581 suis
609 3524 815 3578 trabem
846 3535 951 3575 non
978 3520 1233 3583 sentiant,
1265 3519 1368 3573 hoc
1393 3526 1476 3572 est
1502 3519 1675 3573 crucis
1702 3515 1866 3573 oiien-

276 3618 505 3674 sionem.

948 3682 1081 3737 CAP.
1123 3680 1191 3735 X1

348 3795 598 3871 Nunquid
632 3796 879 3868 colligunt
917 3794 982 3848 de
1026 3793 1193 3864 spinis
1232 3807 1388 3855 uvas,
1425 3799 1516 3845 aut
1560 3792 1623 3846 de
1664 3792 1867 3847 tribulis

277 3891 436 3961 ficus?
466 3889 554 3943 Sic
582 3890 752 3943 omnis
779 3884 933 3940 arbor
961 3885 1098 3938 bona
1126 3881 1288 3938 bonos
1316 3883 1515 3953 fructus
1541 3882 1696 3953 facit;
1725 3882 1867 3936 mala

275 3989 447 4036 autem
476 3979 630 4034 arbor
654 3978 824 4032 malos
854 3978 1050 4047 fructus
1072 3975 1225 4046 facit.

345 4070 542 4141 Spinas
560 4084 697 4138 quas
715 4068 848 4123 dixit
873 4076 925 4122 et
944 4066 1187 4131 tribulos,
1220 4065 1454 4120 htereses
1474 4064 1861 4133 intelliguntur,

274 4165 341 4219 de
383 4162 580 4233 quibus
622 4157 852 4213 fructum
894 4156 1111 4227 justitize
1151 4170 1312 4212 nemo
1358 4156 1577 4223 colligit,
1611 4156 1715 4209 hoc
1757 4163 1862 4219 est,

273 4263 540 4328 martyres
568 4269 636 4308 ex
663 4252 928 4307 haereticis
974 4265 1131 4307 nemo
1167 4250 1433 4305 meminit.
1463 4248 1637 4304 Arbor
1682 4256 1863 4303 autem

274 4347 416 4401 mala
443 4354 601 4399 vetus
627 4343 794 4398 hamo
818 4348 930 4410 est,
970 4341 1062 4411 qui
1110 4340 1283 4396 malos
1319 4338 1522 4401 fructus
1550 4338 1708 4403 facit,
1758 4338 1862 4392 hoc

273 4446 376 4502 est,
426 4443 667 4506 peccata,
719 4432 964 4490 libidines
1010 4440 1067 4488 et
1114 4431 1425 4495 avaritiam;
1472 4429 1634 4483 arbor
1683 4435 1863 4482 autem

273 4528 437 4591 bona,
470 4543 599 4582 crux
628 4534 729 4590 est,
756 4541 873 4596 quas
900 4524 1132 4581 fructum
1154 4523 1276 4578 vita:
1296 4518 1638 4576 credentibus
1663 4517 1856 4571 attulit.

940 4661 1070 4717 CAP.
1111 4659 1201 4714 XI.

345 4799 524 4855 Omnis
545 4799 630 4871 qui
658 4796 804 4851 audit
832 4792 983 4849 verba
1009 4810 1123 4848 mea
1145 4793 1275 4859 hac,
1306 4801 1355 4845 et
1376 4791 1503 4863 facit
1522 4806 1603 4856 ea,
1626 4786 1862 4843 similabo

271 4884 386 4947 eum
424 4892 529 4946 viro
558 4887 801 4961 sapienti,
831 4885 918 4957 qui
961 4883 1239 4954 aedificavit
1279 4880 1493 4939 domum,
1528 4895 1675 4931 suam
1714 4894 1865 4949 super

2584 3302 2715 3373 CAP.
2769 3301 2904 3358 Xlll.

2036 3418 2171 3475 Ecce
2188 3420 2371 3474 mulier
2401 3418 2668 3491 sanguinis
2688 3417 2994 3489 profluvium
3023 3414 3241 3470 habebat
3260 3431 3352 3487 per
3378 3430 3540 3469 annos

1967 3509 2250 3573 duodecim,
2275 3519 2325 3565 et
2345 3510 2559 3565 accessit
2578 3518 2734 3573 retro,
2753 3516 2803 3562 et
2834 3509 2998 3577 tetigit
3021 3509 3373 3562 vestimentum
3394 3507 3540 3576 ejus;

1966 3601 2167 3656 dicebat
2193 3604 2326 3656 enim
2350 3602 2489 3655 intra
2512 3617 2568 3654 se
2592 3615 2610 3653 :
2634 3597 2694 3653 Si
2735 3600 2945 3669 tetigero
2968 3606 3162 3651 tantum
3190 3597 3538 3650 vestimentum

1966 3693 2095 3764 ejus,
2138 3690 2279 3747 salva
2320 3708 2426 3746 ero.
2453 3689 2553 3744 Ille
2594 3697 2763 3741 autem
2801 3686 2935 3741 dixit
2972 3685 3040 3739 ad
3060 3683 3335 3754 discipulos
3380 3701 3538 3738 suos:

1970 3783 2095 3849 Quis
2114 3794 2196 3839 nte
2236 3782 2437 3854 tetigit?
2482 3780 2620 3836 sensi
2638 3779 2774 3833 enim
2815 3793 2847 3830 a
2877 3793 2958 3831 me
2989 3776 3156 3830 exisse
3181 3765 3437 3827 virtutem.
3480 3775 3542 3827 At

1966 3877 2051 3930 ubi
2074 3876 2198 3929 vidit
2240 3875 2422 3929 mulier
2459 3872 2554 3926 illa
2592 3886 2708 3943 quas
2740 3870 2976 3940 tetigerat
2999 3868 3355 3920 vestimentum
3393 3865 3537 3935 ejus,

1967 3984 2069 4021 non
2100 3982 2248 4036 posse
2272 3965 2449 4030 celari,
2485 3960 2703 4035 procidit
2723 3959 2792 4014 ad
2820 3957 2972 4031 pedes
2998 3957 3130 4028 ejus,
3162 3956 3335 4010 dicens
3364 3954 3538 4026 :Ego,

1965 4061 2204 4125 Domine,
2234 4060 2392 4131 tetigi,
2417 4057 2537 4131 quia
2558 4054 2807 4127 profluvio
2828 4048 3071 4107 vexabar.
3094 4047 3192 4102 Ille
3212 4054 3381 4121 autem
3410 4047 3542 4100 dixit

1966 4153 2030 4218 ei,
2062 4150 2225 4216 Filia,
2246 4150 2375 4220 ﬁdes
2405 4157 2494 4203 tua
2522 4155 2568 4200 te
2588 4145 2782 4199 salvam
2809 4142 2948 4215 fecit.

2036 4243 2197 4298 Facta
2225 4248 2348 4296 sunt
2375 4241 2475 4294 ista
2498 4237 2674 4293 omnia
2694 4274 2708 4298 ,
2749 4233 2843 4289 scd
2872 4220 3072 4287 habent
3099 4226 3428 4301 spiritualem
3460 4228 3542 4282 in-

1966 4334 2253 4389 tellectum.
2286 4331 2418 4384 Nam
2446 4329 2639 4392 mulier
2677 4326 2729 4381 in
2758 4320 3075 4397 proﬂuvium
3121 4320 3392 4390 sanguinis
3413 4334 3541 4374 con-

1964 4442 2139 4490 versa,
2172 4424 2441 4489 Ecclesia;
2472 4423 2527 4477 in
2554 4420 2708 4490 cujus
2736 4419 3019 4485 imaginem
3040 4413 3148 4485 jam
3174 4421 3303 4468 tunc
3331 4411 3541 4466 Macha-

1965 4518 2078 4573 bma
2103 4515 2464 4586 iugulabatur,
2503 4512 2657 4580 cujus
2703 4508 2920 4577 sanguis
2942 4508 2993 4562 in
3036 4506 3263 4575 imagine
3292 4501 3542 4558 Ecclesia:

1884 4596 1939 4656 Β
1963 4605 2281 4681 proﬂuebat.
2314 4603 2544 4659 Veniens
2570 4610 2748 4656 autem
2768 4598 3031 4665 Christus,
3060 4597 3272 4666 sanguis
3300 4595 3416 4665 ejus
3431 4595 3539 4664 jam
3595 4642 3598 4646 .

1966 4708 2071 4754 non
2103 4700 2154 4753 in
2186 4695 2502 4768 proﬂuvium
2546 4692 2753 4755 mortis,
2797 4691 2889 4745 sed
2921 4691 2974 4744 in
3020 4690 3330 4761 martyrium
3360 4687 3543 4757 gloriae

1967 4790 2259 4845 translatus
2282 4793 2381 4842 est.
2411 4783 2800 4840 Vestimentum
2830 4791 3007 4835 autem
3038 4778 3320 4865 ejus'quod
3348 4779 3538 4844 tetigit,

1966 4897 2162 4951 corpus
2183 4877 2377 4933 Christi
2400 4882 2482 4931 est
2514 4894 2526 4928 :
2558 4875 2703 4944 quod
2731 4880 2786 4928 et
2816 4887 2911 4927 nos
2942 4871 3269 4940 attingimus,
3299 4877 3351 4922 et
3379 4882 3540 4920 sana-

272 4995 487 5056 pelram-
536 4978 810 5034 οεδεεηάίί
847 4974 1037 5048 ριιιινὶα,
1081 4974 1396 5026 advean
1424 4970 1676 5040 βιιηιίηα,
1708 4969 1868 5039 βαυε-
1969 4989 2116 5037 ιηυι·;
2145 4968 2426 5025 duodecim
2457 4974 2635 5020 autem
2666 4977 2836 5018 annos
2864 4962 3228 5033 apostolorum
3260 4970 3537 5011 munierunt

271 5086 390 5130 runt
418 5074 571 5137 venti,
603 5080 651 5126 et
678 5071 1001 5141 impegerunt
1029 5068 1083 5119 in
1121 5065 1328 5117 domum
1357 5063 1522 5128 illam,
1555 5069 1604 5114 et
1633 5077 1736 5114 non
1774 5076 1859 5113 ce-

270 5168 427 5233 cidit;
457 5165 676 5238 fundata
704 5163 841 5217 enim
871 5161 969 5235 fuit
1015 5175 1167 5229 super
1203 5168 1423 5228 petram.
1457 5154 1525 5207 Et
1564 5155 1732 5209 omnis
1775 5155 1861 5226 qui

268 5261 414 5315 audit
440 5257 590 5314 verba
621 5272 756 5322 mea,
787 5262 836 5309 et
874 5270 979 5308 non
1018 5252 1144 5325 facit
1185 5267 1264 5313 ea,
1315 5247 1552 5302 similabo
1598 5264 1711 5300 eum
1752 5247 1859 5300 viro

266 5353 451 5418 stulto,
503 5352 587 5424 qui
645 5347 924 5419 aediﬁcavit
978 5343 1183 5399 domum
1234 5358 1384 5396 suam
1426 5357 1577 5410 super
1619 5354 1853 5391 arenam.

265 5442 543 5515 Descendit
577 5441 773 5512 pluvia,
802 5440 1056 5510 [laverunt
1092 5432 1245 5501 venti,
1284 5435 1608 5517 impegerunt
1660 5432 1710 5483 in
1763 5430 1856 5483 do—

264 5554 403 5593 mum
432 5536 595 5600 illam,
618 5544 665 5588 et
694 5534 904 5598 cecidit,
936 5541 985 5585 et
1012 5533 1153 5604 facta
1182 5537 1257 5583 est
1299 5528 1451 5580 ruina
1498 5525 1613 5597 ejus
1642 5538 1861 5595 magna.

337 5630 499 5695 Petra
550 5629 757 5685 scilicet
803 5621 1047 5682 Christus
1084 5631 1183 5689 est,
1232 5630 1420 5676 auctor
1466 5606 1850 5690 apostolorum.

263 5725 493 5780 Domum
519 5729 696 5775 autem
727 5732 890 5786 quam
917 5716 1070 5780 dixit,
1102 5712 1463 5769 habitaculum
1486 5707 1733 5780 corporis
1760 5720 1855 5759 no-

262 5817 362 5876 stri
388 5824 488 5895 est.
522 5813 580 5867 In
608 5814 710 5867 hac
737 5811 899 5881 igitur
926 5819 1098 5879 petra,
1130 5810 1235 5866 hoc
1262 5815 1346 5862 est
1368 5804 1605 5867 Christo,
1638 5801 1853 5856 domum

1962 5063 2313 5119 demonstrat.

2592 5123 2723 5178 CAP.
2763 5121 2898 5176 XIV.

2034 5242 2166 5297 Ecce
2193 5258 2304 5313 ego,
2338 5238 2529 5308 inquit,
2554 5238 2698 5291 mitto
2727 5248 2812 5287 vos
2849 5232 2982 5283 sicut
3018 5240 3131 5280 oves
3160 5224 3211 5275 in
3246 5219 3412 5274 medio
3451 5219 3535 5274 lu-

1973 5350 2177 5407 porum.
2209 5331 2415 5397 Estote,‘
2461 5327 2657 5397 inquit,
2690 5320 2961 5393 prudentes
2998 5318 3128 5370 sicut
3172 5323 3459 5384 serpentes,
3489 5323 3553 5373 et.

1962 5428 2220 5497 simplices
2240 5430 2370 5478 sicut
2399 5418 2663 5476 columbis.
3172 5416 3183 5425 ‘

2031 5520 2211 5589 Lupos
2250 5532 2384 5586 quos
2412 5514 2561 5571 dixit,
2596 5509 2967 5577 persecutores
3009 5500 3177 5555 nostri
3222 5510 3363 5556 sunt.
3396 5502 3536 5559 Oves

1961 5621 2140 5668 autem
2167 5625 2266 5663 nos
2292 5620 2494 5668 sumus,
2526 5590 2614 5670 q’ui
2637 5604 2884 5663 tempore
2924 5593 3311 5664 persecutionis
3335 5608 3365 5647 a
3395 5593 3533 5662 lupis

1958 5714 2284 5759 coercentur.
2315 5695 2418 5750 Sed
2448 5685 2846 5757 estote.inquit,
2879 5684 3042 5740 astuti
3069 5684 3207 5739 sicut
3232 5691 3530 5754 serpentes,

1959 5800 2013 5849 et
2040 5790 2306 5857 simplices
2331 5785 2469 5843 sicut
2494 5776 2783 5836 columba:
2805 5776 2915 5833 hoc
2935 5782 3037 5844 est,
3066 5774 3206 5832 sicut
3227 5787 3449 5842 serpens
3477 5773 3526 5829 ἱι
