4244 6258
678 424 687 429 -
725 364 836 424 575

2060 337 2322 394 ARNOBII
2360 336 2667 393 JUNIORIS

3888 316 3996 377 576

728 481 1046 541 necessitate
1074 474 1260 530 mortis
1286 477 1445 540 caput
1473 482 1628 523 suum
1658 464 1816 528 celat,
1869 473 2069 528 corpus
2119 463 2298 509 autem
2329 456 2377 511 Α
2405 448 2549 519 quod
2576 450 2635 503 in
2674 447 2925 518 passione
2953 445 3151 501 Christi
3179 443 3424 497 turbatus
3451 443 3533 492 est
3556 476 3571 499 ,
3614 442 3673 488 ut
3701 433 3865 487 etiam
3897 447 3993 489 ne-

730 588 885 630 suum
912 567 1071 624 morti
1092 564 1287 628 tradit;
1320 563 1395 615 ita
1422 569 1477 614 et
1499 574 1597 612 nos
1618 562 1779 624 caput
1799 559 2063 612 nostrum,
2080 547 2186 601 hoc
2203 552 2307 607 est,

729 663 1029 723 Christum,
1084 655 1321 709 colamus
1367 646 1705 710 conﬁtendo;
1754 656 1949 711 corpus
1985 646 2164 691 autem
2208 649 2312 688 no-

732 764 901 810 strum
928 750 1067 819 lupis
1123 746 1414 807 tradamus.
1448 738 1706 795 Columba
1728 741 1908 788 autem
1937 729 2175 785 Ecclesia
2204 733 2325 790 est,

733 842 885 912 cujus
910 838 1021 902 ﬁlii,
1045 837 1257 906 quoties
1285 834 1355 889 ob
1383 846 1574 886 nomen
1604 824 1804 881 Christi
1825 820 2162 883 occiduntur,
2179 831 2312 886 gau-

732 936 860 990 dent
889 940 943 987 et
970 929 1260 985 exsultant.
1447 965 1456 977 .

1387 991 1517 1047 CAP.
1559 986 1670 1043 XV.

809 1115 1001 1170 Nonne
1027 1113 1127 1170 duo
1157 1125 1385 1182 passeres
1416 1123 1531 1160 asse
1562 1102 1815 1158 veneunt?
1842 1111 1894 1155 et
1935 1114 2065 1152 unus
2100 1111 2165 1151 ea:
2206 1094 2309 1148 illis

736 1225 840 1263 non
880 1204 1027 1259 cadet
1058 1205 1113 1256 in
1144 1210 1278 1254 terra
1316 1200 1428 1252 sine
1455 1196 1713 1250 voluntate
1743 1191 1922 1245 Patris
1950 1188 2104 1243 vestri
2128 1188 2214 1256 qui
2256 1185 2311 1237 in

736 1300 874 1354 cazlis
898 1306 993 1351 est.

805 1391 949 1444 Duos
976 1399 1222 1457 passeres
1245 1396 1382 1452 quos
1418 1378 1581 1442 dixit,
1613 1375 1832 1446 spiritus
1859 1378 1914 1426 et
1942 1369 2121 1424 anima
2151 1366 2315 1420 intel-

740 1485 1007 1552 liguntur;
1038 1479 1176 1533 sicut
1202 1476 1257 1529 in
1284 1472 1492 1544 psalmo
1518 1468 1651 1524 dixit
1679 1484 1691 1519 :
1724 1464 1916 1518 Anima
1963 1468 2146 1515 nostra
2180 1457 2318 1512 sicut

741 1588 931 1646 passer
947 1577 1130 1639 erepta
1151 1575 1234 1621 est
1268 1565 1336 1619 de
1382 1563 1576 1631 laqueo
1600 1556 1924 1612 venantium.
1975 1552 2107 1606 Asse
2138 1558 2317 1603 autem

741 1640 885 1733 quod
912 1660 1064 1724 dixit,
1092 1655 1369 1712 denarium
1398 1650 1520 1705 ﬁdei
1545 1656 1645 1712 est,
1690 1662 1721 1699 a
1762 1659 1868 1714 quo
1908 1657 2029 1697 eum
2054 1640 2315 1695 venimus.

742 1731 907 1810 'I‘erra
927 1758 1107 1806 autem
1135 1748 1299 1802 homo
1328 1745 1442 1813 ipse
1470 1748 1572 1806 est,
1594 1738 1685 1808 qui
1705 1738 1819 1792 sine
1848 1733 2021 1787 Patris
2044 1731 2320 1786 voluntate

742 1863 843 1903 nec
869 1844 1119 1911 animam,
1148 1855 1247 1894 nec
1270 1835 1516 1906 spiritum
1545 1838 1724 1902 potest
1750 1828 2017 1897 accipere.

1367 1968 1498 2024 Car.
1546 1965 1683 2019 XVI.

826 2110 996 2175 Venit,
1039 2107 1224 2174 inquit,
1254 2102 1405 2157 Jesus
1444 2102 1498 2154 in
1544 2112 1882 2169 synagogam,
1931 2102 1982 2147 et
2022 2095 2215 2172 invenlt
2252 2089 2323 2145 ibi

747 2205 1001 2261 hominem
1032 2197 1299 2254 habentem
1326 2209 1538 2248 manum
1563 2190 1785 2254 aridam,
1807 2196 1857 2242 et
1878 2187 2009 2240 dixit
2029 2186 2107 2239 illi
2134 2183 2319 2238 Jesus:

747 2295 983 2354 Extende
1010 2306 1217 2346 manum
1240 2299 1396 2351 tuam,
1421 2293 1470 2339 et
1488 2282 1719 2362 extendit
1744 2295 1975 2343 manum,
2006 2287 2055 2330 et
2084 2278 2224 2347 facta
2249 2283 2326 2328 est

748 2405 878 2444 sana
903 2388 1034 2442 sicut
1061 2384 1245 2438 altera.

820 2485 982 2540 Facta
1008 2481 1260 2537 suntista
1286 2477 1465 2534 omnia
1482 2515 1498 2540 ,
1525 2473 1620 2530 sed
1647 2472 1846 2527 habent
1886 2467 2217 2539 spiritualem
2246 2465 2328 2519 in-

751 2580 1040 2636 tellectum.
1084 2575 1217 2629 Nam
1253 2571 1458 2627 aridam
1476 2568 1676 2624 eodem
1722 2566 1857 2621 dixit
1883 2579 2120 2628 manum,
2164 2560 2330 2616 infru-
2370 2565 2376 2573 '

749 2670 924 2725 ctuosi
953 2666 1183 2722 hominis
1205 2662 1439 2720 ostendit
1470 2673 1774 2731 personam.
1808 2654 2036 2711 Proinde
2074 2652 2331 2707 Dominus

752 2762 889 2818 dixit
911 2760 979 2815 ad
1005 2774 1127 2814 eum
1162 2777 1175 2811 :
1207 2754 1448 2811 Extende
1479 2766 1697 2807 manum
1724 2752 1892 2814 tuam,
1937 2755 1997 2803 ut
2034 2747 2333 2817 eleemosy-

754 2867 899 2915 nam,
931 2865 1052 2906 cum
1081 2844 1462 2910 misericordia,
1495 2850 1717 2898 extensa
1744 2856 1907 2895 manu
1925 2838 2176 2910 pauperis
2202 2852 2331 2908 ρον*

755 2927 1011 3013 ﬁgamus.
1371 3006 1403 3013 _
1535 3002 1677 3013 mm
1786 2940 1795 2959 "

1363 3006 1494 3061 CAP.
1535 3002 1696 3058 XVII.

832 3121 1140 3182 Simileest,
1180 3119 1366 3190 inquit,
1418 3131 1633 3187 regnum
1672 3112 1913 3179 caelorum
1947 3113 2186 3167 thesauro
2211 3111 2334 3166 abs-

2414 539 2589 608 gando
2616 538 2748 593 ﬁdes
2770 536 2885 606 ejus
2905 536 3354 602 submergeretur.

3041 648 3170 703 CAP.
3212 645 3351 701 XIX.

2483 766 2634 820 Jesus
2660 774 2829 819 autem
2867 764 2998 817 dixit
3026 759 3292 831 discipulis
3314 759 3458 811 suis:
3482 755 3667 818 Amen,
3694 753 3810 805 dico
3834 752 3993 811 vobis,

2413 859 2533 927 quia
2576 856 2778 927 difficile
2813 856 2951 909 dives
2992 850 3204 907 intrabit
3244 852 3301 904 in
3338 863 3552 920 regnum
3591 844 3852 899 cwlorum.
3889 842 3995 894 lte-

2414 963 2529 1000 rum
2558 947 2673 999 dico
2699 944 2874 999 vobis:
2897 943 3101 1014 facilius
3124 949 3199 993 est
3220 937 3473 992 camelum
3500 952 3592 1006 per
3613 935 3849 1005 foramen
3876 947 3994 983 acus

2417 1038 2658 1101 transire,
2680 1052 2831 1107 quam
2860 1035 3061 1088 divitem
3087 1035 3143 1087 in
3167 1046 3379 1102 regnum
3408 1027 3523 1082 Dei.

2488 1132 2715 1185 Divitem
2745 1129 2999 1200 p0pulum
3023 1125 3300 1181 Iudaicum
3338 1122 3493 1188 dixit,
3520 1122 3614 1191 qui
3648 1136 3771 1176 cum
3798 1118 3995 1175 divitiis

2418 1221 2744 1301 de'Egypto
2771 1220 3035 1278 exierunt,
3067 1217 3134 1271 de
3161 1230 3269 1284 quo
3300 1215 3351 1267 in
3383 1213 3588 1283 psalmo
3615 1211 3773 1277 dixit,
3796 1210 3995 1264 Divites

2417 1322 2678 1383 eguerunt
2705 1320 2760 1365 et
2786 1310 3106 1383 esui-ierunt.
3131 1301 3385 1360 Camelus
3412 1312 3590 1358 autem
3619 1318 3721 1358 nos
3765 1300 3963 1355 fuimus
3980 1340 3995 1363 ,

2417 1406 2511 1476 qui
2540 1404 2671 1458 nihil
2699 1410 2904 1457 rectum
2934 1400 2986 1455 in
3029 1399 3182 1454 nobis
3210 1396 3520 1460 habuimus,
3548 1394 3639 1463 qui
3659 1407 3809 1447 nunc
3834 1390 3996 1446 sarci-

2419 1513 2543 1553 nam
2586 1502 2926 1567 peecatorum
2969 1491 3332 1561 exposuimus,
3364 1496 3419 1543 et
3441 1501 3539 1557 per
3583 1484 3828 1540 foramen
3873 1498 3997 1538 acus

2419 1589 2777 1652 introivimus,
2798 1587 2903 1641 hoc
2933 1594 3033 1651 est,
3067 1598 3164 1654 per
3211 1590 3413 1638 arctam
3440 1588 3494 1635 et
3522 1586 3805 1647 angustam
3829 1576 3994 1639 viam,
4072 1632 4081 1639 ,

2419 1694 2539 1749 quas
2564 1677 2716 1733 duxit
2744 1676 2811 1730 ad
2839 1676 3022 1729 vitam.
3052 1672 3185 1727 Nam
3203 1668 3369 1726 Iudas
3396 1669 3674 1724 lscariotes
3701 1666 3853 1720 dives
3878 1664 3994 1729 fuit,

2420 1771 2489 1826 de
2514 1768 2691 1840 pretio
2715 1782 2824 1835 quo
2851 1764 3121 1820 Christum
3152 1761 3386 1826 tradidit,
3414 1759 3512 1815 sed
3538 1759 3593 1813 in
3620 1770 3847 1825 regnum
3888 1768 3997 1809 cm-

2422 1861 2596 1916 lorum
2625 1873 2731 1913 non
2763 1856 2999 1912 intravit.

3072 1921 3202 1979 CAP.
3238 1920 3356 1976 XX.

2497 2043 2681 2099 Simile
2705 2050 2783 2095 est
2807 2055 3019 2111 regnum
3042 2036 3283 2093 ccelorum
3310 2033 3505 2089 homini
3525 2029 3893 2103 patrifamilias
3911 2029 3997 2100 qui

2424 2136 2618 2208 prodiit
2661 2149 2816 2187 mane
2853 2132 2911 2185 in
2959 2132 3071 2201 foro
3100 2127 3383 2182 conducere
3409 2124 3676 2193 operarios
3709 2122 3767 2175 in
3803 2123 3999 2174 vineam

2425 2244 2600 2291 suam,
2638 2233 2687 2278 et
2714 2224 2907 2295 placuit
2942 2221 3022 2275 illi
3067 2236 3181 2274 cum
3227 2217 3477 2288 operariis
3516 2213 3733 2286 singulis
3772 2212 4002 2266 denariis

2427 2322 2648 2375 diurnis.
2680 2318 2751 2371 Et
2776 2332 3011 2389 egressus
3040 2315 3177 2369 circa
3206 2313 3390 2367 horam
3408 2319 3609 2364 sextam
3637 2316 3687 2361 et
3714 2321 3924 2370 nonam,
3954 2312 4002 2357 et

2427 2410 2563 2464 idem
2585 2409 2735 2479 fecit;
2757 2407 2849 2461 sed
2865 2416 2914 2459 et
2942 2405 3080 2457 circa
3102 2403 3282 2456 horam
3302 2399 3625 2477 undecimam
3649 2411 3886 2467 egressus
3904 2404 4003 2458 est,

2428 2509 2477 2554 et
2512 2474 2705 2554 invenit
2744 2499 2876 2552 alios
2920 2505 3152 2561 stantes,
3196 2504 3246 2548 et
3273 2495 3348 2547 ait
3383 2492 3488 2546 tua
3518 2507 3535 2544 .-
3565 2474 3703 2554 Quid
3743 2488 3826 2541 hic
3853 2488 4005 2541 statis

2430 2593 2621 2649 otiosi?
2657 2590 2727 2644 Et
2753 2590 2831 2645 illi
2860 2587 3250 2658 responderunt,
3282 2581 3418 2648 Quia
3439 2598 3584 2636 nemo
3603 2596 3696 2635 nos
3722 2578 4005 2641 conduxit;

2430 2697 2481 2740 et
2509 2688 2582 2741 ait
2605 2685 2709 2740 illis
2734 2682 2853 2737 :Ite
2881 2692 2931 2735 et
2951 2698 3038 2735 vos
3069 2681 3125 2733 in
3152 2680 3371 2733 vineam.
3405 2675 3623 2746 Vespere
3649 2684 3819 2727 autem
3850 2675 4005 2744 facto,

2434 2778 2568 2831 dixit
2612 2775 2864 2829 Dominus
2905 2771 3227 2843 procuratori
3271 2752 3397 2833 suo,
3442 2766 3725 2837 Operar-ios
3762 2780 3921 2825 voca,
3961 2772 4009 2817 et

2434 2867 2590 2922 redde
2615 2867 2719 2921 illis
2738 2863 3060 2927 .mercedem,
3090 2862 3343 2931 incipiens
3381 2876 3414 2912 a
3442 2857 3734 2911 novissimis
3758 2871 3916 2924 usque
3941 2859 4011 2907 ad

2435 2962 2646 3030 primos.
2679 2956 2805 3011 Cum
2832 2971 2952 3026 ergo
2979 2954 3229 3008 venissent
3261 2952 3348 3021 qui
3374 2951 3514 3004 circa
3546 2948 3870 3001 undecimam
3897 2947 4013 3017 fue-

2436 3061 2558 3104 rant
2586 3050 2786 3114 vocati,
2831 3053 3137 3116 acceperunt
3180 3042 3413 3114 singulos
3450 3039 3714 3093 denarios.
3753 3035 4013 3091 Venerunt

2439 3151 2607 3195 autem
2636 3148 2685 3193 et
2722 3139 2949 3209 priores;
2984 3144 3246 3207 sperantes
3275 3150 3331 3187 se
3371 3131 3594 3201 amplius
3621 3137 3937 3199 accepturos,
3966 3134 4017 3179 et

760 3229 917 3268 conso
942 3214 997 3266 in
1044 3220 1189 3281 agro,
1221 3226 1368 3282 quem
1407 3210 1491 3280 qui
1529 3207 1777 3301 invenerit
1822 3206 1971 3259 homo
2009 3206 2332 3270 absconsum,
2362 3189 2411 3253 C
2442 3249 2556 3286 cum
2592 3189 2905 3301 “coegisse,”
2930 3189 3163 3297 "in'gulos
3191 3189 3468 3288 denum-08"
3507 3189 3760 3292 cm";
3787 3189 4019 3272 πωτῶν-

763 3303 913 3358 vadet
929 3311 980 3356 et
1005 3301 1185 3356 vendet
1203 3300 1374 3354 omnia
1399 3314 1514 3369 quia
1540 3295 1708 3361 habet,
1726 3304 1777 3350 et
1802 3305 1933 3367 emet
1959 3307 2142 3366 agrum
2170 3296 2336 3349 illum.

831 3394 975 3461 Ager
1019 3392 1124 3455 hic,
1165 3388 1391 3444 mundus
1436 3396 1547 3451 est;
1588 3386 1869 3441 thesaurus
1908 3393 2087 3452 autem
2128 3385 2181 3439 in
2211 3398 2340 3452 agro

764 3483 1075 3549 absconsus,
1105 3480 1369 3542 Christus,
1392 3479 1483 3547 qui
1514 3477 1671 3532 latuit
1694 3475 1940 3530 triduana
1962 3475 2047 3529 illa
2071 3476 2337 3545 passione,

764 3575 878 3630 sive
921 3574 1014 3655 qui
1056 3584 1182 3641 ager
1211 3569 1489 3641 paradisus
1528 3577 1613 3622 est
1645 3585 1656 3619 :
1702 3567 1986 3621 thesaurus
2029 3573 2207 3620 autem
2231 3566 2339 3620 vita

766 3675 963 3722 aeterna
983 3673 1084 3720 est.
1113 3661 1341 3718 Proinde
1355 3660 1649 3716 vendamus
1675 3657 1930 3727 quidquid
1951 3657 2005 3710 in
2023 3657 2127 3713 hoc
2146 3657 2342 3712 sacculo

768 3744 1040 3821 habemus,
1074 3764 1133 3810 ut
1152 3751 1218 3810 ad
1242 3754 1387 3809 illum
1413 3765 1599 3819 agrum
1628 3750 2018 3822 perveniamus.

1369 3884 1497 3939 CAP.
1540 3883 1724 3938 XVIII.

836 4020 908 4076 Et
934 4021 1099 4092 coegit
1119 4018 1398 4088 discipulos
1426 4024 1482 4069 ut
1509 4015 1847 4068 ascenderent
1875 4029 2076 4076 navem,
2099 4022 2148 4065 et
2174 4027 2347 4083 proce-

772 4113 947 4167 derent
975 4121 1120 4164 trans
1142 4126 1303 4171 mare,
1336 4106 1497 4160 donec
1526 4106 1805 4158 remitteret
1833 4101 2027 4156 turbas.
2056 4100 2218 4156 Navis
2248 4119 2343 4155 au-

773 4215 873 4259 tem
915 4205 1032 4274 jam
1060 4210 1171 4257 erat
1206 4204 1261 4255 in
1299 4200 1469 4253 medio
1514 4199 1648 4252 mari
1701 4196 1939 4266 ﬂuctibus
1969 4196 2207 4262 turbata,
2249 4200 2346 4269 fuit

774 4295 907 4349 enim
948 4294 1234 4348 contrarius
1275 4298 1470 4345 ventus.
1521 4286 1721 4352 Quarta
1748 4296 1917 4341 autem
1970 4288 2142 4359 vigilia
2181 4289 2346 4341 noctis

775 4387 901 4459 abiit
929 4385 998 4438 ad
1036 4385 1152 4438 illos
1182 4381 1449 4436 ambulans
1477 4380 1531 4432 in
1556 4380 1690 4432 mari
1724 4377 1772 4431 cl
1813 4395 1928 4432 cum
1956 4378 2186 4432 viderent
2211 4377 2344 4443 eum,

775 4475 962 4529 turbati
994 4482 1132 4527 sunt.
1160 4472 1305 4525 Dixit
1335 4479 1505 4523 autem
1546 4468 1727 4525 Simon
1757 4469 1946 4524 Petrus
1977 4487 1995 4523 :
2032 4468 2273 4533 Domine,
2301 4471 2345 4522 si

774 4575 826 4618 tu
856 4581 929 4629 es,
969 4563 1094 4632 jube
1134 4577 1212 4614 me
1247 4560 1418 4614 venire
1455 4559 1525 4612 ad
1555 4569 1602 4613 te
1641 4576 1794 4631 super
1822 4577 2002 4631 aquas.
2034 4562 2100 4613 At
2128 4560 2216 4614 ille
2239 4562 2344 4614 ait:
2373 4557 2427 4617 Ι)

783 4658 943 4717 Veni;
974 4664 1023 4709 et
1055 4654 1368 4709 descendens
1398 4652 1588 4707 Petrus
1614 4669 1767 4724 super
1793 4669 1980 4724 aquam
2023 4651 2334 4714 ambulabat,

773 4759 828 4803 ut
851 4749 1044 4802 veniret
1073 4747 1139 4799 ad
1158 4746 1354 4800 .Iesum.
1396 4744 1588 4798 Videns
1617 4754 1786 4798 autem
1815 4743 2001 4798 Petrus
2029 4745 2238 4813 ﬂuctum
2269 4761 2351 4797 va-

774 4839 935 4893 lidum
956 4838 1234 4892 venientem
1263 4835 1332 4887 ad
1358 4852 1430 4900 se,
1464 4836 1648 4899 timuit,
1679 4842 1726 4888 et
1754 4850 1869 4887 cum
1905 4835 2136 4902 coepisset
2164 4837 2344 4905 mergi,

774 4929 1013 4984 clamavit
1036 4928 1241 4980 dicens:
1264 4924 1498 4989 Domine,
1528 4924 1724 4978 salvum
1750 4941 1831 4978 me
1859 4925 1963 4995 fac,
1994 4931 2097 4977 etc.

843 5020 991 5074 Mare
1018 5018 1224 5073 scilicet
1251 5015 1503 5070 saeculum
1547 5025 1659 5078 est;
1707 5015 1861 5070 navis
1889 5022 2069 5068 autem
2098 5011 2149 5066 in
2180 5000 2340 5080 quam

774 5109 1004 5182 apostoli
1029 5105 1401 5169 asCenderunt,
1436 5104 1675 5159 Ecclesia
1695 5108 1795 5157 est.
1822 5103 1975 5168 Quod
1995 5111 2173 5156 autem
2190 5101 2342 5165 dixit,

775 5200 1020 5257 ﬂuctibus
1040 5199 1251 5254 turbata
1280 5205 1380 5261 est,
1404 5198 1643 5256 hocest,
1674 5193 1817 5262 quod
1846 5192 2083 5248 Ecclesia
2104 5207 2350 5262 persecu-

780 5294 923 5348 tione
966 5292 1223 5363 pulsatur.
1254 5290 1458 5345 Ventus
1506 5296 1685 5341 autem
1723 5286 2058 5349 contrarius,
2103 5284 2346 5340 diabolus

777 5389 878 5444 est,
906 5383 995 5449 qui
1026 5381 1276 5436 Ecclesia:
1303 5379 1603 5437 contrarius
1630 5386 1728 5432 est.
1762 5375 1913 5441 Quod
1960 5384 2138 5429 autem
2187 5376 2340 5440 dixit,

776 5480 964 5539 quarta
993 5471 1166 5537 vigilia
1214 5466 1384 5526 noctis
1415 5471 1560 5525 venit
1605 5469 1673 5522 ad
1700 5483 1826 5529 eos,
1858 5467 2137 5522 ambulans
2182 5484 2343 5538 super

778 5576 944 5627 mare,
974 5561 1076 5614 hoc
1121 5569 1221 5627 est,
1264 5562 1406 5631 quod
1444 5561 1618 5616 lucem
1646 5559 1919 5627 Evangelii
1965 5559 2124 5632 nobis
2148 5560 2341 5624 attulit,

778 5655 867 5724 qui
909 5654 962 5708 in
1009 5652 1182 5707 noctis
1237 5653 1531 5721 ignorantia
1584 5652 1912 5720 jacebamus.
1963 5649 2116 5716 Quod
2166 5660 2352 5704 autem

756 5744 1215 5828 .dixit,'turbatus
1244 5753 1324 5797 est
1371 5742 1558 5797 Petrus
1585 5745 1695 5798 visa
1727 5751 2059 5814 tempestate,
2090 5743 2195 5799 hoc
2222 5752 2301 5797 est
2325 5784 2339 5809 ,

2441 3337 2561 3375 rare
2588 3321 2830 3374 adversus
2870 3314 3298 3389 patremfamilias
3335 3313 3565 3366 dicentes
3595 3327 3611 3363 :
3640 3308 3714 3362 Hi
3750 3306 4018 3361 novissimi

2440 3429 2547 3465 una
2584 3412 2715 3465 hora
2743 3410 2942 3480 aperati
2968 3416 3107 3469 sunt,
3137 3414 3186 3458 et
3212 3420 3363 3474 pares
3386 3403 3506 3457 illos
3535 3400 3680 3455 nobis
3709 3399 3894 3471 fecisti,
3930 3399 4019 3467 qui

2441 3504 2774 3558 sustinuimus
2804 3498 3029 3554 laborem
3049 3498 3203 3551 totius
3231 3496 3351 3549 diei.

2517 3592 2906 3649 Paterfamilias
2926 3590 3169 3653 Christus
3194 3596 3295 3652 est,
3324 3586 3415 3657 qui
3443 3583 3719 3655 operarios
3745 3581 4022 3647 conducit,

2443 3687 2548 3741 hoc
2568 3694 2668 3749 est,
2693 3686 2785 3753 qui
2806 3681 3083 3738 credentes
3105 3678 3309 3747 colligit
3333 3684 3391 3731 ut
3410 3673 3710 3730 mercedem
3731 3674 4025 3743 accipiant.

2448 3778 2612 3832 Vinea
2643 3783 2844 3837 autem,
2876 3774 3082 3828 cultura
3104 3770 3236 3839 legis
3264 3777 3360 3825 est.
3393 3766 3649 3822 Denarius
3676 3774 3882 3829 autem,
3910 3765 4028 3818 vita

2444 3876 2646 3924 atterna
2671 3872 2770 3921 est.
2795 3863 2941 3931 Quos
2965 3871 3144 3919 autem
3173 3861 3305 3917 dixit
3330 3859 3394 3914 ad
3422 3859 3605 3913 horam
3635 3855 3866 3926 primam
3887 3868 4029 3923 ope-

2445 3968 2612 4023 ratos,
2644 3957 2879 4024 virgines
2905 3964 3050 4018 sunt,
3091 3954 3186 4023 qui
3213 3969 3273 4009 se
3311 3950 3544 4007 laborem
3568 3946 3812 4017 corporis
3838 3954 3897 4000 et
3927 3962 4027 4001 ca-

2445 4048 2615 4103 lorem
2651 4047 2828 4101 carnis
2876 4044 3191 4101 sustinuisse
3218 4043 3421 4098 dicunt.
3448 4039 3647 4095 Forum
3666 4044 3849 4091 autem
3874 4051 4026 4089 mun-

2447 4142 2545 4195 dus
2576 4141 2676 4195 iste
2721 4139 3066 4208 intelligitur;
3097 4137 3189 4206 qui
3218 4144 3396 4190 autem
3434 4147 3555 4189 sero
3584 4130 3650 4185 ad
3678 4144 3816 4199 opus
3840 4142 4024 4182 acces-

2446 4239 2650 4295 serunt,
2686 4230 3012 4285 abstinentes
3038 4237 3183 4284 sunt.
3210 4225 3367 4293 Quod
3396 4232 3579 4280 autem
3606 4221 3770 4284 dixit,
3800 4232 4026 4287 vespere

2447 4324 2750 4379 mercedem
2799 4327 3151 4392 acceperunt,
3195 4320 3301 4374 hoc
3347 4320 3466 4381 est,
3508 4312 3653 4386 quod
3693 4314 3745 4366 in
3789 4310 4022 4365 adventu

2449 4417 2646 4474 Christi
2674 4414 3093 4487 reeipient‘casti
3120 4411 3420 4468 mercedem
3446 4407 3647 4464 laboris
3671 4405 3771 4461 sui.

3082 4523 3211 4579 CAP.
3239 4521 3379 4578 XXI.

2523 4645 2593 4699 Et
2630 4642 2955 4697 adduxerunt
2995 4641 3161 4696 asina:
3188 4639 3412 4709 pullum,
3456 4646 3507 4691 et
3533 4636 3666 4691 sedit
3699 4651 3852 4706 super
3878 4650 4028 4697 eum;

2450 4746 2498 4792 et
2528 4738 2834 4807 deponentes
2859 4735 3158 4788 vestimenta
3186 4748 3282 4784 sua
3314 4730 3370 4783 in
3402 4730 3514 4793 via,
3546 4728 3638 4782 alii
3667 4735 3833 4780 autem
3857 4724 4030 4778 caade‘

2452 4827 2575 4880 bant
2604 4843 2772 4880 ramos
2803 4825 2865 4878 de
2888 4823 3176 4887 arboribus,
3208 4830 3257 4875 et
3277 4816 3618 4889 proﬁciebant
3646 4825 3765 4870 ante
3790 4831 3926 4868 eum.
3964 4811 4038 4866 Et

2450 4919 2610 4974 turba:
2656 4914 3021 4971 antecedebant
3064 4931 3196 4979 eum,
3248 4912 3471 4967 dicentes
3517 4925 3534 4963 :
3586 4908 3841 4963 Hosanna
3888 4904 4039 4959 Filio

2451 5008 2639 5063 David.

2522 5099 2699 5155 Asinae
2725 5113 2884 5168 quem
2913 5097 3046 5152 dixit
3090 5094 3314 5166 pullum,
3343 5091 3603 5163 populum
3639 5086 3910 5144 novellum
3943 5079 4079 5163 dc-i

2453 5203 2745 5261 monstrat;
2777 5194 2879 5248 hoc
2907 5199 3008 5257 est,
3061 5199 3302 5262 nostrum
3322 5228 3337 5254 ,
3368 5187 3461 5257 qui
3489 5194 3545 5242 et
3571 5183 3891 5257 prmsepium
3924 5181 4043 5237 Do-

2452 5287 2581 5342 mini
2609 5287 2691 5340 sui
2725 5286 2993 5353 cognovit,
3029 5285 3132 5339 hoc
3159 5291 3276 5349 est,
3306 5281 3496 5342 altare,
3528 5278 3619 5333 ubi
3649 5274 3852 5355 cibaria
3876 5273 4045 5328 colli-

2450 5380 2641 5447 gimus.
2675 5377 2851 5430 Turba
2881 5384 3061 5429 autem
3090 5390 3250 5443 quam
3286 5370 3420 5426 dixit
3459 5369 3780 5424 vestimenta
3820 5378 3920 5419 sua
3966 5361 4048 5431 ja-

2451 5477 2681 5533 ctantes,
2700 5467 2801 5522 hoc
2825 5474 2927 5530 est,
2948 5464 3091 5533 quod
3114 5463 3446 5519 credentium
3475 5456 3766 5514 multitudo
3792 5463 4048 5512 veterem

2452 5560 2723 5614 hominem
2750 5555 3132 5625 exspoliantes,
3164 5568 3222 5608 sc
3252 5551 3553 5622 projicient.
3594 5548 3831 5605 Arbores
3855 5552 4051 5598 autem

2454 5651 2613 5704 iidem
2653 5648 2899 5704 homines
2937 5654 3078 5701 sunt.
3121 5644 3321 5699 Remos
3350 5656 3479 5696 vero
3506 5639 3576 5695 de
3617 5636 3904 5693 arboribus
3946 5635 4053 5689 ah-

2453 5742 2755 5798 scindcntes
2778 5783 2790 5806 ,
2834 5749 3050 5808 peccata
3080 5745 3201 5791 sunt
3230 5748 3348 5808 qum
3392 5735 3445 5789 in
3475 5730 3631 5789 nobis
3672 5731 4047 5786 virescebant.
