4282 6264
301 392 397 446 577

928 498 1053 554 CAP.
1091 499 1253 552 XXII.

365 592 558 656 Aliam,
593 591 794 660 inquit,
825 590 1123 660 parabolmn
1153 591 1346 643 audite.
1383 590 1517 643 Erat
1545 591 1752 662 quidam
1782 609 1876 660 pa-

296 684 608 753 terfamilias
637 685 720 754 qui
751 683 998 752 plantavit
1029 683 1245 745 vineam,
1277 693 1325 734 et
1351 698 1518 752 sepem
1545 683 1632 735 ille
1660 683 1876 736 circum-

294 772 468 836 dedit,
511 783 560 825 et
589 772 721 841 fodit
753 773 808 824 in
845 789 904 824 ea
940 771 1134 835 lacum,
1174 781 1223 824 et
1257 771 1534 839 wdiﬁcavit
1574 781 1794 836 turrem,
1825 780 1877 826 et

294 867 482 920 locavit
511 882 624 918 eam
652 866 866 927 colonis,
898 873 946 916 et
973 865 1080 932 ipse
1103 880 1314 934 peregre
1339 866 1598 934 profectus
1627 873 1722 918 est.
1747 862 1873 917 Cum

294 967 468 1011 autem
496 958 951 1027 appropinquasset
981 964 1178 1024 tempus
1209 956 1462 1025 fructuum
1482 995 1497 1019 ,
1532 957 1671 1018 misit
1701 971 1872 1010 servos

293 1064 413 1101 suos
444 1047 513 1100 ad
539 1047 758 1101 cultores
788 1044 926 1109 illos,
957 1055 1014 1097 ut
1041 1047 1333 1116 acciperent
1362 1047 1424 1100 de
1464 1047 1710 1116 fructibus
1739 1049 1868 1102 suis.

294 1137 477 1192 Coloni
506 1146 674 1190 autem
718 1137 1062 1207 apprehensos
1100 1153 1271 1190 servos
1295 1176 1308 1199 ,
1341 1137 1500 1190 alium
1541 1121 1870 1202 ceciderunt,

292 1229 454 1281 alium
509 1244 626 1281 vero
659 1227 1045 1296 lapidaverunt,
1078 1228 1236 1280 alium
1295 1227 1690 1282 decollaverunt.
1736 1227 1869 1282 Item

294 1321 430 1372 misit
451 1320 582 1373 alios
611 1335 805 1383 servos,
839 1319 1008 1388 plures
1021 1318 1304 1388 prioribus,
1327 1327 1376 1372 et
1406 1321 1632 1389 fecerunt
1665 1321 1768 1372 illis
1792 1321 1870 1372 si-

290 1414 497 1465 militer.
531 1409 828 1464 Novissime
855 1419 1023 1463 autem
1051 1411 1190 1464 misit
1228 1411 1332 1464 illis
1367 1410 1531 1480 ﬁlium
1573 1427 1720 1464 suum
1756 1412 1871 1463 uni-

290 1523 422 1570 cum,
447 1505 622 1559 dicens
645 1521 661 1557 :
684 1502 936 1557 Forsitan
976 1505 1139 1572 ﬁlium
1177 1520 1343 1557 meum
1374 1501 1700 1568 verebuntur,
1724 1519 1870 1573 queat

291 1608 338 1654 et
360 1600 528 1668 ipsum
554 1595 929 1667 apprehensum
950 1595 1263 1649 ceciderunt.
1344 1612 1357 1646 \

360 1685 748 1741 Paterfamilias
774 1699 933 1753 quem
962 1684 1114 1749 dixit,
1147 1683 1319 1738 Patris
1344 1683 1741 1738 similitudinem
1770 1683 1868 1737 de-

290 1784 574 1832 monstrat.
598 1775 764 1831 Vinea
793 1791 955 1844 quam
983 1776 1116 1829 dixit
1144 1775 1460 1840 novellasse,
1491 1775 1578 1828 lex
1605 1790 1742 1829 nova
1763 1782 1864 1828 est.

1043 383 1560 470 ANNOTATIONES
1600 387 1687 441 AD
1725 386 2033 454 QUJEDAM
2076 371 2608 446 EVANGELIORUM
2650 393 2841 449 LOCA.

1897 513 1947 567 Δ

3452 401 3563 465 578

2587 509 2714 563 Car.
2751 497 2938 563 XXVI.

2053 594 2211 659 Tunc,
2239 598 2426 666 inquit,
2447 601 2533 670 qui
2560 601 2610 652 in
2634 601 2819 655 Judwa
2842 612 2977 667 sunt,
3010 605 3210 674 fugiant
3230 609 3300 661 ad
3323 624 3554 680 montes;

1981 693 2030 736 et
2069 689 2154 756 qui
2183 688 2236 740 in
2266 706 2390 759 agro
2419 700 2530 754 est,
2579 708 2681 744 non
2714 704 2993 747 revertatur
3022 706 3156 750 retro
3185 699 3254 750 ad
3280 704 3554 758 vestimen-

1978 785 2082 829 tum
2119 795 2286 832 suum.
2330 779 2422 835 γω
2457 791 2625 836 autem
2652 786 3036 854 prazgnantibus
3076 798 3124 840 et
3164 791 3470 848 lactantibus
3498 798 3552 850 in
3614 817 3616 819 ·

1973 867 2078 920 illis
2103 867 2295 922 diebus.
2329 870 2489 926 Orate
2510 884 2677 955 autem
2706 884 2761 927 ut
2784 892 2886 930 non
2915 879 3010 947 ﬁat
3034 882 3156 951 fuga
3178 894 3340 937 vestra
3365 886 3546 952 liieme,
3581 895 3588 900 ’

1975 959 2050 1010 vel
2087 958 2318 1014 sabbato.
2511 963 2517 969 ’
2692 1029 2700 1042 ⁸
3472 968 3476 972 “

2042 1047 2220 1103 Judaca
2261 1053 2466 1108 scilicet
2495 1062 2634 1109 terra
2663 1067 2845 1112 sancta
2871 1069 2973 1124 est,
3004 1063 3106 1118 hoc
3137 1075 3216 1119 est
3243 1076 3420 1123 castos
3449 1071 3549 1124 ho-

1974 1141 2166 1205 mines,
2195 1143 2286 1211 qui
2314 1158 2529 1198 carnem
2559 1159 2708 1200 suam
2749 1138 3166 1206 sanctiﬁcat-unt.
3196 1155 3439 1225 Fugiunt,
3463 1161 3546 1215 in-

1973 1231 2108 1298 quit,
2140 1232 2205 1284 ad
2233 1241 2463 1298 montes,
2487 1233 2591 1290 hoc
2619 1245 2718 1300 est,
2750 1238 2815 1292 ad
2836 1242 3200 1308 apostolorum
3224 1247 3543 1306 doctrinam.

1974 1321 2040 1374 Et
2078 1323 2169 1389 qui
2199 1323 2250 1376 in
2299 1337 2429 1391 agro
2455 1334 2556 1387 est,
2600 1341 2706 1380 non
2737 1339 3034 1385 revertatur
3061 1334 3129 1388 ad
3174 1339 3544 1399 vestimentum

1973 1427 2159 1477 suum;
2185 1413 2288 1468 hoc
2312 1423 2431 1469 est:
2465 1417 2556 1484 qui
2582 1417 2633 1470 in
2663 1421 2856 1474 sarculo
2886 1431 2987 1488 est,
3026 1441 3130 1479 non
3161 1438 3462 1486 revertatur
3480 1434 3544 1488 ad

1974 1511 2208 1558 veterem
2259 1505 2548 1560 hominem.
2604 1507 2692 1563 Vm
2731 1517 2908 1566 autem
2957 1519 3350 1583 praegnantibus
3379 1530 3434 1576 et
3465 1523 3544 1577 la-

1971 1593 2377 1682 ctantibus,hoc
2404 1605 2507 1659 est,
2527 1598 2750 1652 fratrum
2777 1602 2974 1670 quique
2998 1607 3334 1662 sacerdotum
3366 1613 3542 1666 avari—

1973 1683 2120 1746 tiam,
2149 1685 2295 1738 velut
2315 1700 2612 1755 praegnans,
2645 1693 2972 1760 conceperit,
2997 1710 3073 1748 va:
3104 1696 3244 1752 illius
3272 1701 3390 1754 erit.
3445 1701 3542 1757 La-

1969 1781 2122 1828 ctans
2150 1775 2195 1828 is
2224 1776 2342 1840 erit,
2366 1777 2457 1847 qui
2480 1780 2727 1834 mandata
2755 1781 2949 1837 Christi
2972 1801 3077 1839 non
3107 1796 3252 1843 recte
3272 1790 3539 1859 docuerit;

291 1867 474 1922 Turris
493 1874 693 1932 autem,
717 1864 957 1921 Ecclesia
985 1873 1085 1920 est.
1113 1865 1287 1921 Lacus
1312 1865 1608 1934 baptismus
1635 1871 1736 1918 est.
1761 1863 1866 1919 Co-
1893 1875 1940 1932 Β
1968 1864 2056 1918 hic
2083 1881 2189 1919 non
2217 1866 2360 1930 cibo,
2389 1869 2483 1922 sed
2511 1870 2650 1925 lacte
2678 1873 2898 1941 potavit.
2943 1871 3129 1932 Hieme
3176 1889 3352 1935 autem
3401 1886 3540 1952 quod

291 1958 400 2014 loni
434 1966 615 2012 autem
656 1955 823 2011 Judaei
851 1966 995 2012 sunt.
1039 1955 1209 2026 Sepes
1234 1972 1382 2022 vero,
1409 1957 1539 2011 ﬁdes
1582 1965 1694 2021 est;
1725 1957 1864 2010 servi

1967 1953 2128 2020 dixit,
2169 1964 2381 2026 tempus
2424 1961 2669 2028 capiendi
2721 1963 2964 2019 homines
3019 1969 3280 2035 ostendit;
3313 1972 3439 2026 item
3487 1983 3540 2029 ut

287 2067 423 2121 quos
448 2051 583 2106 dixit
612 2051 844 2113 occisos,
878 2050 1150 2120 propheta:
1181 2049 1562 2117 intelliguntur.
1595 2047 1867 2104 Posterio-
1965 2041 2160 2099 Judazis
2193 2048 2418 2102 sabbato
2447 2049 2629 2118 fugere
2655 2067 2759 2106 non
2791 2053 2931 2108 licet.
2965 2055 3069 2140 Sed
3091 2057 3202 2126 jam
3229 2061 3295 2115 de
3327 2063 3539 2120 civitate

287 2158 376 2197 res
403 2158 540 2212 quos
567 2142 701 2198 dixit
727 2143 936 2206 missos,
972 2141 1200 2210 apostoli
1228 2148 1379 2205 sunt,
1412 2155 1478 2193 ex
1506 2139 1700 2208 quibus
1729 2155 1865 2194 unus

287 2233 607 2299 decollatus,
637 2232 870 2288 Joannes
897 2242 997 2287 est.
1024 2232 1319 2286 Novissime
1342 2238 1520 2286 autem
1545 2230 1736 2286 Filium
1766 2247 1861 2287 oc-

286 2321 552 2386 ciderunt,
578 2323 777 2379 scilicet
797 2323 1087 2377 Christum.

897 2414 970 2470 ΟΑ
979 2431 1027 2469 Ρ.
1059 2413 1244 2467 XXIII.

360 2528 590 2597 Reddite,
626 2531 811 2600 inquit,
842 2545 955 2600 qua
999 2527 1220 2584 Cwsaris
1248 2537 1365 2581 sunt
1403 2528 1600 2583 Cazsari
1618 2572 1632 2595 ,
1673 2539 1722 2583 et
1750 2549 1865 2603 qua:

287 2621 384 2676 Dei
414 2633 532 2676 sunt
563 2622 692 2677 Deo.

353 2711 609 2766 Jubemur
629 2713 680 2766 in
710 2711 1080 2781 persecutione
1108 2710 1331 2765 reddere
1351 2726 1471 2780 quae
1491 2711 1716 2767 Caesaris
1737 2723 1862 2768 sunt

279 2807 512 2869 Czcsari,
546 2807 651 2861 hoc
692 2814 774 2860 est
798 2844 812 2868 ,
856 2820 1049 2874 corpus
1091 2805 1141 2856 in
1176 2819 1284 2874 quo
1315 2804 1476 2858 habet
1505 2813 1857 2873 potestatem;

281 2899 504 2956 reddere
547 2916 666 2970 qua:
709 2901 802 2955 Dei
850 2909 1010 2961 sunt,
1067 2899 1213 2964 Deo,
1265 2899 1510 2970 spiritum
1559 2899 1763 2955 scilicet
1806 2905 1861 2954 et

282 2990 461 3047 ﬁdem.

889 3061 1018 3116 Car.
1051 3060 1214 3116 XXIV
1229 3103 1240 3115 .

351 3174 602 3239 Fuerunt,
639 3176 839 3245 inquit,
872 3176 1010 3244 apud
1054 3191 1146 3229 nos
1187 3184 1376 3244 septem
1407 3176 1612 3245 fratres.
1648 3173 1855 3226 Primus

180 3275 186 3278 '
280 3284 474 3329 eorum,
507 3283 667 3320 uxore
690 3267 870 3332 ducta,
904 3283 1007 3320 non
1051 3261 1242 3319 relictis
1271 3265 1394 3335 ﬁliis
1431 3274 1660 3318 mortuus
1683 3274 1778 3326 est,
1806 3270 1855 3316 et

282 3357 482 3431 reliquit
509 3373 717 3410 uxorem
740 3373 885 3409 suam
916 3357 1065 3427 fratri
1086 3373 1198 3408 suo.
1232 3353 1486 3408 Similiter
1503 3364 1552 3406 et
1579 3354 1852 3416 secundus,

281 3457 330 3500 et
361 3449 550 3508 tertius,
583 3455 630 3500 et
674 3457 914 3518 quartus,
966 3463 1119 3517 usque
1145 3445 1214 3498 ad
1253 3447 1556 3515 septimum;
1585 3444 1856 3496 novissime

282 3547 449 3591 autem
468 3540 694 3591 onmium
715 3547 764 3592 et
792 3538 974 3591 mulier
1004 3537 1245 3608 defuncta
1264 3545 1356 3589 est.
1392 3534 1457 3588 In
1487 3534 1855 3588 resurrectione

281 3643 398 3696 ergo
426 3627 569 3698 cujus
591 3644 765 3682 eorum
792 3629 888 3680 erit
907 3627 1074 3680 uxor?
1103 3642 1223 3704 nam
1252 3641 1427 3678 omnes
1455 3633 1644 3693 septem
1670 3623 1856 3676 habue-

280 3725 398 3768 runt
424 3717 568 3771 illam
597 3735 829 3772 uxorem.
1281 3785 1293 3790 __

347 3807 561 3879 Septem
591 3826 726 3879 quos
751 3810 884 3864 dixit
912 3809 1131 3874 fratres,
1164 3792 1496 3878 patriarchas
1525 3814 1727 3875 septem
1758 3805 1851 3860 de-

277 3907 600 3963 monstrant,
631 3900 723 3968 qui
752 3907 876 3953 sunt
903 3907 1108 3968 septem
1138 3899 1258 3953 libri
1286 3898 1474 3968 Moysi.
1499 3895 1647 3951 Uxor
1671 3905 1848 3951 autem

275 4003 466 4044 eorum
500 3989 776 4059 Synagoga
808 3998 904 4044 εει.
935 3990 1176 4058 Cumque
1205 4005 1267 4043 ea
1297 3996 1501 4057 septem
1535 3988 1849 4057 patriarcha:

274 4088 556 4147 coeuntes,
584 4096 765 4136 semen
787 4084 1012 4137 nominis
1035 4081 1233 4137 Christi
1261 4081 1583 4146 infuderunt,
1607 4089 1662 4136 et
1690 4081 1848 4137 tidem

273 4187 550 4242 nunquam
579 4173 842 4242 concepit.

898 4243 1024 4298 CAP.
1054 4241 1217 4296 XXV.

347 4335 588 4406 Insurget
612 4345 782 4389 autem
810 4353 1021 4407 regnum
1049 4352 1200 4404 super
1223 4352 1457 4406 regnum,
1481 4345 1530 4390 et
1549 4353 1674 4406 gens
1695 4353 1848 4403 super

273 4434 470 4493 gentem
493 4466 506 4488 ,
565 4435 614 4478 et
659 4433 810 4478 erunt
838 4428 1000 4495 fames
1027 4426 1082 4478 et
1106 4434 1421 4478 terrtemotus
1450 4443 1541 4494 per
1579 4425 1691 4479 loca
1732 4427 1845 4478 sin-

271 4514 412 4582 gula.
447 4513 550 4567 Sed
581 4516 688 4567 lucc
717 4516 892 4568 omnia
917 4516 1069 4568 initia
1112 4526 1265 4587 erunt
1305 4517 1521 4586 gemitus
1550 4525 1600 4569 et
1627 4517 1842 4570 doloris.

275 4603 416 4655 Tunc
445 4605 648 4658 tradent
676 4621 762 4658 vos
795 4607 850 4658 in
878 4615 1112 4660 mortem.
1160 4605 1300 4660 Tunc
1325 4618 1490 4660 autem
1521 4607 1671 4660 inulti
1702 4624 1848 4660 scan-
1877 4612 1923 4670 D

272 4693 654 4758 dalizabuntur,
701 4701 750 4748 et
778 4695 982 4749 tradent
1011 4713 1066 4750 se
1097 4696 1398 4749 alterutrum
1439 4695 1507 4747 ad
1535 4703 1768 4760 mortem,
1797 4706 1847 4749 et

270 4789 415 4840 multi
438 4787 896 4858 pseudOprophette
915 4797 1207 4859 exsurgent,
1232 4796 1281 4840 et
1307 4787 1547 4841 seducent
1567 4785 1773 4850 multos,
1797 4795 1846 4839 et

270 4892 477 4949 propter
527 4882 778 4935 scelerum
832 4880 1207 4934 abundantiam
1265 4882 1564 4950 refrigescet
1618 4879 1843 4932 cliaritas

269 4961 570 5034 multorum;
612 4961 910 5042 quiautem
951 4970 1348 5040 perseveraverit
1375 4985 1534 5039 usque
1560 4970 1615 5022 in
1653 4969 1842 5038 ﬁnem,

268 5059 349 5111 hic
373 5058 543 5112 salvus
563 5061 680 5113 erit.

340 5149 581 5218 Regnum
601 5165 761 5220 super
781 5165 1005 5219 regnum
1033 5150 1176 5221 quod
1203 5150 1415 5216 dicitur,
1444 5150 1547 5204 hoc
1566 5157 1668 5214 est,
1699 5147 1844 5218 quod

264 5255 428 5308 super
454 5255 675 5309 regmun
713 5240 913 5296 Christi
943 5243 1104 5296 audet
1131 5242 1376 5296 diabolus
1413 5242 1643 5296 hazreses
1675 5241 1844 5296 susci-

266 5334 400 5382 tare.
450 5327 642 5384 Fames
689 5339 868 5386 autem
913 5339 968 5386 et
1008 5339 1362 5397 tememotus,
1414 5333 1517 5386 hoc
1545 5339 1656 5396 est,
1699 5329 1844 5400 quod

265 5417 522 5487 aliquanti
544 5421 807 5486 homines,
832 5422 923 5490 qui
947 5429 1086 5476 terra
1115 5422 1500 5490 intelliguntur,
1530 5422 1724 5476 famem
1746 5435 1840 5490 pa-

264 5507 484 5575 tiuntur,
517 5512 621 5568 hoc
659 5521 776 5578 est,
809 5527 909 5567 nec
949 5511 1204 5582 Spiritum
1229 5512 1322 5566 Dei
1367 5528 1466 5568 nec
1507 5513 1835 5566 intellectum

261 5595 523 5653 habentes
544 5641 559 5664 ,
608 5600 672 5654 ad
704 5601 936 5656 haereses
975 5603 1360 5656 submoventur
1383 5642 1396 5665 ,
1430 5613 1484 5657 et
1519 5603 1734 5656 tradent
1756 5616 1833 5666 se,

262 5686 470 5754 inquit,
504 5689 555 5742 in
594 5700 853 5756 mortem;
886 5699 940 5745 et
983 5692 1488 5761 pseudoprophetis,
1523 5694 1713 5760 inquit,
1744 5709 1838 5748 ex-

261 5787 496 5846 surgent,
530 5787 588 5834 ut
607 5790 733 5851 pote
760 5781 1104 5851 Amapobius,
1119 5781 1212 5851 qui
1240 5782 1436 5838 multos
1461 5782 1688 5852 decepit.

1962 2136 2217 2192 recedere
2239 2155 2343 2194 non
2373 2142 2650 2210 permittit.
2674 2143 2752 2197 ita
2775 2154 2830 2199 et
2850 2162 2948 2201 nos
2968 2136 3181 2204 oremus
3209 2161 3267 2206 ut
3287 2156 3538 2210 saeculum

1963 2225 2147 2295 fugere
2175 2231 2460 2297 possimus,
2493 2248 2561 2287 ne
2587 2235 2654 2288 ab
2702 2236 3034 2305 antichristo,
3078 2241 3243 2297 veluti
3271 2245 3338 2300 ab
3365 2245 3538 2302 hieme

1964 2325 2058 2372 aut
2085 2320 2310 2376 sabbato
2336 2337 2788 2394 prmoccupemur.

2555 2438 2682 2494 CAP.
2723 2440 2930 2498 XXVII.

2036 2552 2198 2618 Tunc,
2228 2555 2418 2624 inquit,
2443 2557 2612 2612 simile
2657 2561 2996 2616 wstimubitur
3042 2582 3252 2635 regnum
3295 2570 3533 2622 cmlorum

1963 2644 2137 2700 decem
2181 2645 2481 2717 virginibus,
2513 2666 2627 2720 qua:
2673 2661 2974 2722 acceperunt
3014 2655 3279 2724 lampades
3319 2675 3456 2721 suas,
3490 2670 3534 2712 et

1961 2737 2195 2790 exierunt
2239 2735 2439 2792 obviam
2467 2757 2656 2809 sponso
2684 2751 2733 2795 et
2759 2760 2980 2813 sponsam
3015 2742 3246 2816 Quinque
3283 2758 3449 2802 autem
3472 2767 3535 2802 ea:

1960 2831 2066 2884 illis
2089 2832 2250 2902 fatua:
2284 2842 2453 2898 erant,
2482 2842 2532 2886 et
2558 2835 2778 2906 quinque
2806 2837 3077 2905 prudentes
3109 2854 3127 2890 :
3157 2840 3314 2909 fatua:
3343 2826 3549 2908 autem,

1961 2923 2186 2992 acceptis
2207 2921 2529 2993 lampadibus
2557 2927 2685 2988 suis,
2717 2943 2821 2980 non
2842 2927 3066 2980 tulerunt
3091 2929 3256 2982 oleum
3284 2923 3451 2985 secum
3482 2935 3532 2986 in

1961 3013 2094 3066 vasis
2145 3015 2272 3068 suis.
2333 3014 2623 3070 Prudentes
2670 3027 2838 3071 autem
2887 3020 3108 3073 tulerunt
3135 3024 3190 3074 in
3237 3023 3390 3089 vasis,
3422 3039 3532 3077 cum

1960 3102 2284 3171 lampadibus
2305 3107 2431 3159 suis.

2030 3192 2224 3248 Decem
2245 3195 2479 3265 virgines
2501 3211 2634 3264 quas
2661 3196 2811 3260 dixit,
2835 3199 3071 3268 quinque
3098 3201 3416 3270 sapientium
3438 3221 3532 3259 no~

1962 3284 2100 3338 mina
2132 3284 2374 3349 dicimus,
2413 3287 2463 3340 id
2493 3295 2594 3353 est,
2625 3303 2784 3362 spes,_
2803 3289 2949 3356 ﬁdes,
2981 3291 3231 3358 charitas,
3279 3297 3529 3362 castitas,

1958 3385 2013 3430 et
2033 3377 2391 3450 eleemosyna.
2426 3379 2566 3434 Vasa
2595 3389 2774 3436 autem
2804 3382 3150 3439 habitationis
3170 3386 3356 3440 earum
3386 3397 3528 3453 sunt,

1957 3467 2060 3523 hoc
2085 3477 2186 3535 est,
2219 3456 2462 3526 homines
2509 3473 2562 3526 in
2590 3474 2783 3541 quibus
2800 3473 3123 3530 inhabitant.
3153 3477 3304 3540 Oleo,
3338 3479 3527 3547 inquit,

1955 3559 2159 3629 plenas,
2192 3562 2297 3617 hoc
2333 3571 2414 3618 est
2442 3565 2772 3633 spiritualem
2799 3569 3045 3634 gratiam.
3077 3567 3372 3638 Lampados
3401 3585 3526 3623 vero

1953 3651 2230 3718 vigilantia
2261 3653 2492 3727 Spiritus
2516 3665 2656 3709 sunt.
2682 3656 2902 3710 Obviam
2953 3669 3138 3711 euntes
3178 3674 3393 3727 sponso,
3427 3646 3524 3715 hoc

1955 3749 2056 3805 est,
2079 3740 2313 3796 Christo.
2354 3743 2534 3798 Fatua:
2582 3753 2758 3799 autem
2789 3754 2912 3799 sunt
2958 3747 3072 3801 istis
3114 3750 3400 3814 contraria,
3435 3753 3523 3820 qui

1953 3833 2096 3901 quod
2129 3833 2306 3888 vident
2328 3844 2562 3904 sperant.
2595 3835 2710 3888 Alia
2742 3835 3044 3900 inﬁdelitas,
3073 3839 3228 3894 tertia
3258 3839 3371 3894 sine
3392 3842 3522 3895 cha-

1952 3923 2131 3987 ritate,
2163 3934 2352 3992 quarta
2408 3935 2582 3980 autem
2639 3927 2888 3990 carnalis,
2914 3929 3098 3996 quinta
3147 3945 3273 3984 vero
3326 3931 3522 3986 infruc-

1953 4021 2104 4067 tuosa
2138 4031 2149 4065 ε
2183 4014 2374 4069 horum
2406 4017 2569 4070 etiam
2622 4017 2894 4086 lampades
2942 4020 3368 4087 exstinguuntur,
3399 4022 3521 4090 quia

1951 4107 2125 4163 oleum
2159 4099 2263 4162 non
2286 4108 2503 4173 habent,
2536 4109 2638 4164 hoc
2667 4118 2765 4174 est,
2798 4110 3126 4179 spiritualem
3165 4113 3409 4179 gratiam.

2569 4243 2661 4297 EX
2698 4242 2896 4298 LUCA.

2608 4356 2787 4412 CAPUT
2817 4357 2856 4410 l.

2022 4469 2244 4541 Ideoque
2291 4481 2526 4524 nascetur
2580 4469 2669 4523 tibi
2717 4471 2886 4539 ﬁlius;
2931 4468 3132 4524 vocabis
3176 4486 3358 4524 nomen
3409 4471 3518 4541 ejus

1947 4563 2231 4626 Joannem;
2261 4573 2309 4615 et
2337 4562 2483 4615 multi
2504 4577 2656 4632 super
2683 4563 2792 4632 ejus
2822 4565 3088 4617 nativitate
3114 4562 3441 4633 gaudebunt;
3471 4572 3519 4617 et

1951 4658 2124 4709 vinum
2152 4665 2202 4709 et
2228 4657 2445 4708 siceram
2471 4671 2573 4709 non
2608 4653 2759 4708 bibet.

2020 4747 2212 4800 Vinum
2265 4745 2410 4815 quod
2435 4743 2670 4800 Joannes
2714 4746 2897 4800 bibere
2943 4747 3274 4815 prohibetur,
3315 4748 3518 4806 luxuria

1949 4837 2276 4905 intelligitur.
2335 4834 2517 4890 Sicera
2564 4843 2763 4899 autem,
2802 4835 2979 4889 dactili
3031 4851 3220 4893 succus
3264 4843 3374 4901 est;
3413 4853 3517 4905 qua

1949 4945 2055 4985 non
2087 4927 2228 4982 aliud
2255 4941 2414 4994 quam
2439 4929 2615 4981 carnis
2640 4926 2974 4982 dulcedinem
2999 4926 3261 4997 intelligit.
3289 4925 3516 4981 Proinde

1946 5008 2048 5075 hoc
2070 5032 2236 5086 genus
2264 5015 2442 5086 poculi
2461 5017 2762 5086 spirituales
2787 5015 3060 5086 effugiant.

2603 5126 2730 5183 CAP.
2771 5127 2835 5182 Il.

2017 5240 2102 5296 Ne
2131 5242 2391 5307 dixeritis,
2423 5239 2638 5295 Patrem
2677 5240 2919 5293 habemus
2946 5238 3226 5291 Abraham.
3260 5235 3390 5291 Dico
3419 5255 3514 5291 au-

1944 5341 2044 5386 tem
2068 5330 2207 5384 vobis
2229 5332 2474 5401 quoniam
2501 5340 2680 5402 potens
2708 5336 2785 5382 est
2823 5326 2963 5380 Deus
3011 5327 3074 5380 de
3101 5325 3357 5397 lapidibus
3403 5330 3514 5382 istis

1941 5423 2189 5476 suscitare
2209 5423 2346 5492 ﬁlios
2370 5423 2610 5476 Abrahae.
2632 5421 2752 5473 lam
2773 5419 2976 5490 quidem
2997 5421 3189 5474 securis
3217 5421 3287 5474 ad
3314 5421 3514 5475 radices

1941 5511 2180 5564 arborum
2204 5514 2370 5581 posita
2390 5521 2482 5564 est.
2511 5509 2692 5564 Omnis
2719 5528 2838 5581 ergo
2859 5509 3012 5565 arbor
3039 5528 3142 5566 non
3175 5512 3370 5582 faciens
3413 5513 3509 5582 fru-

1942 5611 2076 5653 ctum
2107 5599 2311 5665 bonum,
2336 5601 2617 5663 excidatur,
2648 5612 2695 5654 et
2716 5604 2767 5654 in
2798 5603 2965 5672 ignem
2992 5605 3242 5657 mittetur.

2012 5689 2242 5758 Lapides
2293 5706 2428 5758 quos
2482 5688 2632 5755 dixit,
2666 5689 2829 5746 Judaei
2877 5693 3262 5762 intelliguntur,
3293 5697 3511 5759 propter

1942 5782 2192 5837 duritiam
2224 5790 2277 5836 ct
2307 5781 2725 5838 incredulitatem
2781 5801 2932 5840 suam
2977 5803 2988 5837 :
3022 5785 3089 5842 de
3141 5783 3335 5852 quibus
3372 5779 3510 5835 ﬁlios
