4244 6258
681 342 787 406 579
1668 316 2051 412 mirus
2079 302 2939 417 meorumnam.
3844 364 3957 423 sse
3994 376 4004 388 -

681 463 913 520 Abrahtn
934 458 1289 528 resuscitavit,
1322 461 1428 521 hoc
1466 472 1566 530 est,
1600 468 1908 535 apostolos;
1938 471 2053 525 sive
2080 472 2257 541 genti-
2286 476 2336 535 Α
2364 482 2435 527 tes
2457 473 2690 527 viderunt
2722 454 2940 545 gloriam
2970 469 3108 544 ejus,
3133 480 3186 528 et
3221 472 3350 529 duos
3380 474 3515 529 viros
3553 476 3641 547 qui
3688 491 3807 530 cum
3843 478 3959 548 ipse

682 554 810 609 lium
838 554 1106 619 duritiam,
1137 554 1204 609 de
1234 555 1428 625 quibus
1455 564 1719 629 martyres
1754 562 2054 619 coronavit.
2088 561 2265 619 Arbo~
2365 566 2590 632 stabant,
2624 574 2671 621 et
2713 565 2955 621 dixerunt
3000 565 3070 620 ad
3099 565 3318 622 Iesum:
3349 565 3619 639 Magister,
3642 567 3835 624 bonum
3878 578 3956 628 est

681 660 768 700 res
792 652 991 709 autem,
1021 644 1266 700 homines
1295 646 1685 716 intelliguntur,
1713 650 1908 718 quibus
1935 654 2138 710 securis
2164 670 2263 724 po-

680 734 780 788 sita
827 742 927 800 est,
961 734 1064 790 hoc
1090 742 1192 802 est,
1223 737 1500 808 utriusque
1529 738 1860 796 Testamenti
1889 759 2136 811 acumen,
2164 760 2262 801 cu~

676 824 763 897 jus
791 826 1128 882 manubrium
1155 842 1287 884 crux
1317 827 1650 898 intelligitur.

1351 956 1481 1034 ολ».
1506 980 1592 1034 lll.

751 1108 952 1174 Nemo,
985 1109 1191 1181 inquit,
1240 1112 1509 1166 lucernam
1555 1115 1829 1182 accendet,
1875 1125 1926 1170 et
1971 1128 2124 1189 ponet
2167 1118 2260 1175 sub

678 1202 870 1265 modio,
917 1211 1007 1256 aut
1034 1200 1125 1256 sub
1172 1218 1312 1257 uaso.
1360 1202 1468 1259 Sed
1511 1221 1667 1275 super
1714 1206 2081 1264 cardelabrum
2104 1219 2266 1284 ponet

678 1310 812 1360 eam,
843 1302 900 1349 ut
927 1310 1101 1349 omnes
1137 1295 1222 1364 qui
1250 1295 1613 1367 ingrediuntur
1638 1297 1864 1355 videant.

750 1383 992 1441 Lucerna
1028 1383 1274 1445 Christus
1307 1395 1408 1453 est,
1450 1389 1542 1461 qui
1569 1388 1725 1457 dixit,
1754 1390 1879 1468 Ego
1916 1410 2033 1449 sum
2081 1396 2263 1453 lumen

679 1474 843 1546 hujus
896 1476 1112 1545 mundi;
1143 1478 1258 1534 sive
1310 1481 1561 1536 mandata
1607 1481 1760 1551 ejus,
1788 1500 1909 1556 quas
1960 1486 2263 1545 illuminant

679 1567 843 1623 corda
870 1574 1075 1623 nostra.
1097 1567 1295 1625 Vasum
1322 1579 1521 1639 autem,
1551 1574 1782 1631 mundus
1805 1576 1913 1634 iste
1926 1578 2256 1650 intelligitur.

680 1655 937 1722 Modium,
961 1658 1184 1725 scilicet,
1208 1659 1460 1718 haereses.
1495 1661 1887 1723 Candelabrum
1936 1678 2135 1737 autem,
2168 1686 2275 1728 νο·-

644 1780 649 1783 «
680 1749 815 1807 ritas
835 1764 955 1820 quae
975 1751 1153 1807 lumen
1174 1752 1525 1812 demonstrat.
1555 1754 1787 1815 Proinde
1804 1759 1945 1817 hanc
1964 1761 2259 1831 lucernam,

2363 658 2509 713 nobis
2529 658 2612 711 hic
2634 675 2767 725 esse,
2798 668 2847 713 et
2866 660 3118 732 faciamus
3142 660 3477 716 tabernacula
3506 661 3625 730 tria,
3657 662 3750 718 tibi
3769 680 3953 735 unum,

2361 760 2412 804 et
2438 749 2578 805 Mosi
2606 767 2784 819 unum,
2813 760 2864 807 et
2903 751 3041 808 Elite
3079 770 3273 820 unum,
3301 755 3586 810 nescientes
3631 756 3758 828 quid
3804 757 3953 813 dice-

2362 850 2498 895 rent.
3418 918 3427 926 _
4014 905 4019 908 .

2433 932 2675 988 Christus
2701 933 2752 989 in
2777 942 2962 991 monte
2983 935 3198 992 excelso
3217 936 3493 1008 sapientiae
3509 977 3524 1005 ,
3554 952 3654 1009 per
3681 940 3952 997 exercita-

2362 1026 2567 1080 tionem
2597 1026 2880 1081 verborum
2908 1027 3281 1098 spiritualium,
3314 1028 3456 1085 Deus
3504 1029 3727 1087 verbum
3753 1031 3957 1088 intelli-

2361 1117 2524 1186 gitur,
2554 1127 2610 1173 et
2635 1118 2890 1186 creditur,
2920 1126 2976 1175 et
3000 1120 3224 1189 colitur,
3257 1123 3549 1178 secundum
3576 1124 3672 1179 Dei
3700 1124 3952 1181 formam.

2360 1206 2753 1266 Vestimentum
2781 1210 2917 1281 ejus,
2938 1212 3080 1281 quod
3094 1211 3297 1269 factum
3324 1222 3410 1270 est
3435 1214 3642 1285 fulgens
3665 1217 3807 1272 sicut
3830 1217 3951 1285 nix,

2363 1308 2448 1355 est
2493 1316 2773 1357 sermones
2798 1310 2854 1357 et
2895 1302 3088 1359 litterae
3114 1303 3550 1374 Evangeliorum,
3578 1308 3775 1377 quibus
3796 1307 3956 1364 Iesus

2362 1400 2446 1447 est
2499 1392 2735 1450 indutus.
2793 1394 3022 1468 Moyses,
3055 1396 3107 1451 id
3156 1406 3259 1465 est,
3310 1397 3430 1463 lex,
3483 1407 3539 1454 et
3565 1399 3730 1468 Elias,
3761 1401 3813 1457 id
3844 1408 3951 1465 est,

2360 1483 2669 1552 prapbette,
2701 1485 3072 1556 colloquentes
3099 1504 3221 1542 cum
3249 1487 3393 1544 Iesu.
3426 1487 3484 1547 Si
3512 1492 3631 1559 quis
3657 1499 3837 1547 autem
3870 1494 3953 1548 in-

2360 1572 2553 1640 telligit
2606 1574 2900 1644 spiritalem
2930 1576 3103 1646 legem
3151 1580 3560 1636 convenientem
3603 1584 3950 1638 sermonibus

2359 1658 2517 1727 Iesu,
2549 1672 2605 1720 et
2650 1666 2704 1720 in
2734 1668 3011 1738 prophetis
3065 1670 3432 1726 absconditam
3474 1673 3526 1727 in
3555 1674 3812 1745 mysterio
3861 1691 3952 1730 sa-
3985 1683 3991 1686 ’

2361 1754 2638 1824 pientiam,
2670 1757 2759 1814 ille
2785 1759 2932 1814 videt
2957 1759 3177 1833 Moysen
3198 1770 3254 1817 et
3273 1762 3442 1818 Etiam
3473 1764 3526 1819 in
3555 1765 3746 1834 gloria,
3775 1782 3952 1837 quan-

678 1840 784 1897 hoc
809 1849 911 1908 est,
939 1843 1189 1899 mandata
1212 1844 1430 1913 Christi,
1475 1864 1584 1904 non
1610 1850 1808 1907 εωωιο
1841 1853 2253 1921 mandamus,
2289 1842 2334 1902 Β
2359 1845 2430 1901 do
2458 1846 2653 1903 viderit
2691 1864 2787 1905 eos
2812 1867 2975 1925 unum
3004 1869 3126 1909 cum
3153 1852 3298 1910 Jesu.
3331 1854 3466 1911 Nam
3493 1857 3541 1912 si
3567 1858 3621 1912 in
3646 1873 3811 1912 unum
3840 1860 3953 1914 sint

677 1930 772 1986 sed
816 1945 979 2002 super
1005 1933 1385 1991 candelabrum
1413 1952 1696 2007 ponamus,
1729 1948 1792 1996 ut
1836 1942 2015 1999 luceat
2038 1944 2255 2016 (inquit)

677 2021 928 2078 omnibus
979 2023 1377 2083 introeuntibus
1422 2028 1477 2084 in
1523 2029 1902 2100 domnm,,hoc
1944 2044 2030 2090 est
2071 2036 2128 2091 in
2154 2036 2260 2092 Ec-

676 2112 916 2169 clesiam.

1344 2232 1471 2288 Cn.
1504 2234 1594 2291 Π.

746 2358 793 2414 Ε
797 2370 815 2414 t
844 2356 1076 2435 ascendit
1098 2363 1251 2420 Jesus
1276 2368 1329 2421 in
1351 2379 1574 2435 montem
1596 2358 1655 2424 ut
1681 2382 1854 2429 oraret
1872 2392 1889 2441 ;
1910 2385 1960 2430 et
1977 2377 2099 2433 dum
2117 2396 2256 2449 ora.,

675 2454 844 2525 factus
871 2463 947 2508 est
965 2466 1200 2525 aspectus
1231 2459 1399 2513 vultus
1422 2460 1534 2531 ejus
1557 2463 1853 2520 immutatus
1876 2485 1893 2521 :
1915 2478 1964 2522 et
1985 2473 2255 2529 vestimen-

673 2552 782 2597 tum
801 2544 913 2616 ejus
942 2548 1137 2617 factum
1158 2558 1237 2603 est
1256 2550 1447 2618 album,
1478 2555 1738 2627 refulgens
1758 2560 1890 2614 sicut
1916 2563 2026 2615 nix.
2052 2563 2125 2617 Et
2141 2581 2257 2621 ecce

671 2635 765 2689 viri
804 2635 906 2691 duo
953 2638 1378 2710 coltoquebantur
1403 2631 1604 2701 cum-eo
1633 2663 1651 2701 .'
1675 2660 1788 2703 erat
1814 2662 1988 2707 autem
2008 2653 2183 2712 Moses
2204 2667 2258 2713 et

673 2722 846 2791 Elius,
867 2739 1178 2798 apparentes
1196 2732 1250 2785 in
1270 2732 1459 2803 gloria.
1474 2733 1548 2788 Et
1575 2736 1815 2794 dicebant
1832 2758 2095 2799 excessum
2116 2747 2250 2817 ejus,

669 2830 820 2883 quem
849 2819 1196 2888 completurus
1222 2831 1335 2877 erat
1358 2826 1416 2878 in
1452 2824 1763 2884 Jerusalem.
1815 2831 2004 2888 Petrus
2034 2851 2174 2903 vero,
2204 2845 2254 2892 et

671 2918 760 2972 qus
787 2920 905 2960 cum
945 2907 1037 2962 illo
1058 2919 1228 2977 erant,
1258 2915 1470 2983 gravati
1487 2928 1639 2971 erant
1657 2936 1692 2972 α
1716 2936 1915 2986 somno,
1938 2932 1991 2978 et
2028 2927 2254 2996 vigilan-

2361 1934 2636 2005 Christus,
2668 1947 2723 1994 et
2750 1941 2864 2008 lex,
2911 1951 2968 1998 et
2992 1944 3288 2014 prophetaa,
3320 1953 3451 2017 tunc
3477 1955 3534 2013 et
3580 1946 3823 2007 Christus
3852 1951 3951 2005 Dei

2361 2025 2529 2083 Filius
2554 2031 2967 2100 comprobatur;
2991 2041 3047 2090 et
3072 2034 3160 2089 lex
3181 2043 3237 2092 et
3262 2039 3542 2108 propheta:
3563 2054 3685 2095 vera
3712 2040 3950 2111 prophe-

2362 2128 2506 2176 tasse
2530 2121 2891 2191 inveniuntur,
2920 2127 3179 2194 quoniam
3206 2128 3290 2184 lex
3320 2137 3377 2184 et
3401 2132 3945 2201 prophetmtcstimo-

2360 2208 2509 2264 nium
2552 2209 2815 2279 dederunt
2860 2214 2928 2269 de
2954 2213 3204 2282 Christo,
3233 2220 3587 2289 pmdioentes
3613 2237 3677 2277 ea
3708 2237 3827 2292 qum
3854 2222 3947 2277 fu-

2363 2307 2481 2355 tura
2509 2309 2663 2356 erant
2708 2303 2776 2358 de
2821 2303 3062 2373 Christo;
3095 2315 3151 2363 et
3177 2308 3418 2368 Christus
3454 2312 3817 2367 testimonium
3845 2313 3947 2367 de-

2360 2391 2439 2446 dit
2466 2392 2569 2461 legi
2597 2403 2653 2449 et
2677 2397 2976 2465 prophetis,
3006 2400 3258 2467 quoniam
3287 2416 3414 2455 vera
3464 2403 3942 2472 prophetaverunt,

2362 2484 2698 2554 prophetiam
2731 2501 2916 2542 eorum
2941 2487 3070 2558 ipsis
3088 2490 3250 2546 rebus
3276 2490 3589 2561 adimplens.
3621 2489 3823 2546 Bonum
3865 2499 3942 2545 est

2361 2570 2508 2628 nobis
2537 2574 2618 2627 hic
2637 2592 2766 2641 esse,
2795 2585 2845 2631 et
2860 2578 3111 2649 faciamus
3141 2581 3262 2646 tria,
3293 2589 3421 2648 etc.,
3452 2581 3503 2636 id
3526 2590 3626 2643 est,
3659 2581 3942 2636 adhaerea-

2361 2679 2480 2718 mns
2528 2665 2611 2719 his
2642 2654 2810 2722 tribus
2833 2669 3153 2739 conjunctis,
3184 2672 3452 2740 videlicet,
3481 2673 3717 2741 Christo,
3748 2672 3941 2745 Moysi,

2360 2762 2415 2808 et
2445 2756 2738 2826 prophetis.
2770 2757 2902 2815 Nam
2930 2761 2985 2815 in
3007 2777 3103 2818 ore
3129 2762 3319 2818 horum
3348 2766 3508 2820 trium
3536 2774 3644 2821 stat
3677 2782 3839 2841 omne
3860 2767 3941 2838 ju-

2355 2843 2571 2899 dicium.
2605 2845 2750 2913 Quos
2777 2851 2869 2920 qui
2895 2867 3150 2922 separare
3179 2854 3486 2924 studebunt,
3515 2866 3675 2915 erunt
3697 2858 3941 2914 nescien-

2354 2943 2437 2990 tes
2462 2937 2587 3004 quid
2617 2937 2874 2995 dicerent.

534 3088 557 3129 ⁷
1617 3088 2257 3352 Astii

2357 3203 3004 3375 YMUS
3222 3356 3227 3361 ,
3653 3180 3659 3187 ’

1390 3441 1671 3553 AUC
1698 3450 1985 3560 TOR
2092 3459 3222 3608 PRxEDESTINATI.

1975 3649 2718 3681 -ἣῄ--η

1696 3750 2834 3887 PROLEGOMENA
2861 3848 2897 3885 .

1984 3958 2684 3992 ._———-———-a

890 4040 1320 4105 GALLANDII
1362 4047 2013 4118 PROLEGOMENON
2058 4061 2161 4124 DE
2202 4068 2603 4140 ANONYMO
2646 4071 3017 4150 AUCTORE
3063 4077 3687 4159 PREDESTINATI.

1733 4170 1971 4230 (Galland.
1996 4176 2132 4231 Vett.
2160 4183 2359 4239 Patrum
2376 4191 2604 4249 Biblioth.
2632 4207 2749 4254 tom.
2769 4202 2850 4268 Χ.)

661 4607 835 4663 ot‘ticio
866 4616 1047 4664 nostro
1077 4626 1293 4679 prorsus
1320 4614 1510 4674 deesse
1533 4620 1830 4691 videamur,
1859 4641 1922 4682 ea
1952 4635 2156 4686 tantum
2184 4633 2238 4688 in

661 4700 890 4793 medium
918 4701 1243 4761 adducemus
1270 4723 1392 4778 quae
1414 4711 1543 4780 quid
1563 4713 1631 4768 de
1649 4724 1870 4775 auctore
1896 4720 2014 4790 ipso
2042 4724 2238 4793 quidve

660 4788 725 4844 de
753 4789 895 4848 illius
917 4807 1082 4862 opere
1109 4798 1432 4855 censendum
1462 4802 1532 4858 sit
1558 4805 1688 4861 satis
1714 4788 1959 4876 prodant.
1995 4788 2239 4870 Sirmon-

666 4877 756 4934 ius
782 4881 874 4950 qui
902 4890 1144 4939 nostrum
1172 4900 1497 4958 anonymous
1514 4895 1833 4963 scriptorem
1852 4902 2129 4969 primnsin
2157 4907 2238 4962 ιυρ

657 4984 773 5024 cem
801 4972 1012 5039 extulit,
1042 4990 1173 5041 cum.
1191 4978 1359 5034 codex
1381 4990 1553 5047 vetus,
1585 4987 1801 5055 optimae
1827 4996 2117 5066 ceteroqui
2139 5013 2239 5056 no-

656 5066 743 5127 tin,
774 5064 1009 5120 auctoris
1037 5082 1232 5123 nomen
1260 5069 1401 5126 haud
1429 5075 1762 5144 exploratum
1787 5064 2129 5148 haberetpne
2158 5089 2240 5141 in-

654 5153 946 5222 scriptione
986 5166 1173 5227 captus
1220 5152 1438 5218 omnino
1468 5164 1602 5220 liber
1629 5168 1884 5236 prodiret,
1914 5173 2237 5231 adscititium

658 5239 859 5308 [ingens
888 5248 1117 5315 titulum,
1151 5251 1520 5308 Prwdestinati
1546 5259 1766 5314 nomine
1806 5276 1943 5331 opus
1972 5267 2237 5334 praenota-

540 5348 547 5356 -
656 5331 749 5383 vit.
787 5333 911 5387 Dein
932 5339 982 5391 le
1020 5342 1340 5410 conjecturis
1368 5346 1666 5415 indulgens,
1698 5350 1817 5405 libri
1838 5331 2108 5411 auctorem
2136 5359 2237 5412 Ar-

657 5420 871 5476 nobium
894 5424 1165 5485 Juniorem
1191 5436 1343 5503 cujus
1369 5448 1581 5493 exstant
1602 5441 1652 5494 in
1678 5440 1918 5500 Psalmos
1945 5445 2234 5506 Commen-

656 5512 804 5576 tarii,
837 5514 905 5567 ub
943 5521 1064 5587 styli
1090 5517 1577 5601 sententiarumque
1606 5530 1918 5589 alllnitatem
1939 5549 2232 5611 auguratus

725 5686 1052 5782 (“[5812qu
1087 5690 1274 5782 Iheol.
1322 5697 1521 5772 dogm.,
1547 5710 1676 5782 tom.
1718 5706 1805 5776 ιν,
1836 5718 1974 5782 part.
2021 5668 2079 5782 ul,
2123 5710 2224 5772 υυ.

655 5764 767 5823 κω,
791 5775 911 5831 cap.
940 5762 989 5829 ti,
1026 5764 1053 5835 ς
1086 5766 1169 5827 5η

2341 4555 2429 4605 tor
2456 4554 2574 4611 aliis
2599 4559 2783 4628 viginti
2814 4566 3027 4622 exrciter
3054 4569 3187 4627 locis
3212 4588 3277 4629 ex
3318 4575 3502 4632 iisdem
3527 4579 3749 4635 Arnobii
3769 4580 3927 4638 Com-

2339 4645 2633 4714 mentariis,
2657 4649 2757 4706 sibi
2779 4653 2847 4708 ab
2868 4653 3140 4715 Harduino
3161 4663 3431 4731 indicatis,
3454 4670 3622 4723 auxit.
3655 4667 3927 4727 Sirmondi

2339 4732 2787 4825 conjectationem
2828 4747 3106 4814 probatam
3152 4767 3365 4825 quoque
3399 4752 3617 4813 Petavio
3655 4761 3922 4819 nat-imus.

2341 4815 2629 4916 Postcpiam
2654 4832 2796 4885 enim
2825 4815 3200 4895 animadvertit
3222 4815 3320 4916 (αῇ,
3344 4815 3710 4904 Praedestinati
3740 4864 3928 4907 aucto-

2338 4924 2460 5013 rem-
2481 4913 2679 4972 Fausto
2703 4919 2917 4981 Reiensi
2938 4913 3294 5002 antiquiorem
3313 4936 3484 4993 videri
3506 4956 3521 5007 ;
3549 4956 3776 5013 eumque
3798 4942 3926 4996 dum

2338 4998 2395 5054 S.
2427 5000 2707 5101 Augustini
2736 5024 2916 5082 partes
2940 4998 3125 5075 contra
3150 4998 3565 5086 Prmdestinatos
3596 5046 3658 5085 ac
3681 4998 3927 5101 i’elagiao

2338 5105 2437 5189 nos
2466 5098 2602 5151 tueri
2623 5100 2760 5156 velle
2783 5108 3156 5172 praeseferebat
3171 5155 3184 5180 ,
3216 5115 3497 5173 manifeste
3516 5123 3926 5189 prmvaricatnm

2337 5179 2532 5253 fuisse,
2562 5190 2759 5260 quippe
2786 5196 2877 5262 qui
2917 5201 3081 5259 multa
3126 5179 3414 5262 intexuerit
3438 5179 3559 5278 quae
3591 5207 3925 5278 Pelagianis-

2340 5289 2487 5370 mum
2535 5279 2832 5351 redoleant,
2865 5289 3079 5345 tandem
3116 5296 3385 5351 concludit
3425 5297 3501 5370 (ὁ)
3529 5317 3541 5352 :
3574 5319 3592 5351 ‹
3628 5299 3747 5355 Non
3772 5302 3929 5355 dissi-

2333 5367 2481 5421 ‘milis
2509 5379 2653 5426 nota:
2679 5388 2742 5428 ac
2769 5378 2909 5445 genii
2938 5390 3020 5436 est
3048 5383 3314 5443 Arnobius
3339 5367 3527 5444 Junior
3554 5392 3605 5445 in
3630 5391 3928 5448 Commen-

2341 5458 2479 5513 tario
2508 5459 2573 5515 ad
2618 5465 2877 5532 psalmum
2924 5488 3213 5531 cx1.vu.....
3261 5487 3322 5533 ut
3366 5482 3435 5536 ab
3476 5483 3667 5537 eodem
3705 5494 3929 5539 auctore

2340 5553 2570 5619 utraque
2596 5554 2837 5624 profecta
2858 5561 3024 5620 videri
3037 5569 3248 5639 possint
3273 5586 3288 5626 :
3310 5569 3456 5643 quod
3478 5574 3673 5631 merito
3701 5574 3808 5631 viri
3826 5573 3927 5631 duo

2411 5722 2488 5802 (ὁ)
2516 5727 2627 5805 14.,
2660 5736 2809 5810 ibid.,
2845 5736 2982 5816 δη.
