4244 6258
334 278 519 337 εει*

1703 259 2225 324 PROLEGOMENA.

3511 272 3619 330 582

331 387 408 446 eti
449 384 816 456 suspicantur.
867 404 884 436 ι
919 383 1092 452 Atque
1119 381 1234 438 haec
1264 381 1450 436 eadem
1497 380 1765 435 sententia
1807 387 1923 435 tum
1951 385 2000 447 Α
2027 380 2278 447 conﬁcta,
2326 387 2383 435 et
2414 381 2514 436 toti
2541 382 2846 452 antiquitati
2886 391 3010 438 sunt
3040 399 3259 454 prorsus
3289 384 3467 454 ignota
3491 404 3507 453 ;
3530 389 3618 443 vel

332 478 684 535 Tillemontio
715 476 815 548 (α),
841 484 953 530 tum
980 490 1110 530 vero
1137 473 1190 529 in
1219 473 1404 545 primis
1442 470 1690 528 Historiae
1717 472 1926 528 littera-

333 572 430 635 τίω
456 569 678 626 Gallica:
702 567 1008 624 auctoribus
1033 565 1277 622 arrisisse
1306 564 1636 636 comperitur
1666 561 1764 635 (ο).

404 661 471 716 ll.
501 659 560 715 ln
598 645 759 716 aliam
796 657 1117 714 sententiam
1146 656 1277 711 abiit
1307 654 1636 711 Holstenius.
1678 654 1730 712 Is
1777 663 1928 710 nam-

332 767 466 821 que,
495 765 555 806 ιιι
585 751 751 808 refert
779 733 1011 804 Ba'unius
1039 745 1133 819 (ε),
1182 746 1352 802 Roma
1393 745 1679 802 Sirmondo
1710 746 1926 800 nuntia-

333 844 432 908 vit,
464 844 519 898 in
559 841 895 906 bibliothecae
938 837 1243 894 Barberina:
1279 837 1452 896 veleri
1491 837 1677 894 codice
1717 835 1928 894 Praede-

334 933 521 986 stinati
550 946 686 1001 opus
711 928 973 986 Primasio
1017 928 1255 995 ascribi;
1285 927 1440 998 cujus
1465 927 1669 984 codicis
1693 926 1931 982 auctori-

336 1032 509 1101 tatem.
532 1022 839 1079 testimonio
865 1035 1082 1101 quoque
1108 1019 1300 1075 lsidori
1329 1020 1572 1090 praesulis
1597 1018 1930 1098 Hispgleusis

332 1112 641 1169 conﬁrmari
669 1110 1015 1175 existimavit,
1039 1110 1132 1179 qui
1154 1108 1314 1164 tradit
1332 1109 1410 1180 (ά)
1441 1108 1763 1164 Primasium
1786 1109 1932 1180 Afri-

331 1219 516 1256 canum
543 1203 842 1272 episcopum
871 1202 1220 1272 composuisse
1248 1217 1484 1256 sermone
1521 1200 1830 1255 scholastica
1867 1199 1930 1256 de

335 1295 620 1352 Iucresibus
653 1295 820 1350 libros
850 1305 954 1349 tres
981 1295 1202 1350 directos
1243 1293 1310 1348 ad
1349 1291 1696 1348 Fortunatam
1733 1295 1929 1364 episco-

337 1405 475 1460 pum.
509 1387 699 1455 Neque
737 1387 899 1441 aliter
925 1386 1136 1441 censuit
1185 1385 1462 1453 Rigaltius,
1495 1387 1586 1454 qui
1629 1386 1795 1440 semel
1823 1387 1926 1442 ite-

334 1493 557 1548 rumque
603 1476 981 1532 Pmdestiuati
1027 1477 1220 1535 librum
1268 1476 1366 1530 sub
1417 1474 1662 1529 Primasii
1710 1478 1927 1531 nomine

337 1572 517 1628 laudat
537 1571 631 1642 (e).
658 1567 799 1637 Quin
823 1579 879 1626 et
897 1569 1236 1640 Habillouius
1255 1569 1310 1623 in
1331 1569 1584 1638 Augiensi
1602 1569 1926 1624 bibliotheca

338 1680 396 1719 se
433 1664 729 1733 inspexisse
779 1669 1010 1718 testatur
1057 1661 1136 1732 (f)
1179 1661 1451 1718 Sirmondi
1481 1659 1926 1736 Pracdestinatum

2029 475 2076 530 si
2119 475 2187 531 ad
2225 475 2403 530 vivum
2448 485 2778 543 resecentur,
2825 477 2985 532 dubia
3017 494 3138 536 esse
3177 487 3270 533 aut
3318 478 3447 534 falsa
3480 481 3622 535 nve-

2030 566 2272 622 niantur.
2321 565 2571 623 Secundo
2621 567 2759 624 libro
2806 570 3122 638 opusculum
3175 570 3424 633 exhibet,
3475 571 3618 638 quod

2029 656 2860 717 Prteﬂestinatianorum-errores
2883 663 3277 733 complectitur.
3303 662 3418 719 Hoc
3439 663 3612 730 Augu-

2027 751 2171 806 stino
2199 767 2229 806 a
2259 749 2749 808 Prtedestinatianis
2790 752 2974 808 scribit
3020 753 3355 819 attributum,
3387 762 3442 809 ut
3484 755 3617 809 tanti

2028 840 2268 898 doctoris
2323 843 2543 898 nomine
2593 857 2704 898 sua;
2757 844 3038 899 sententia:
3090 843 3558 914 patrocinarentur
3601 862 3661 897 :-

2028 934 2173 1004 quod
2201 941 2414 1001 tamen,
2465 935 2666 1004 inquit,
2719 951 2842 991 cum
2893 933 3215 992 leestinus
3260 935 3495 1004 legisset,
3546 935 3616 994 ita

2028 1026 2325 1090 exhorruit,
2359 1035 2414 1081 ut
2456 1027 2583 1081 illud
2606 1025 2809 1097 juberet
2848 1037 3090 1098 perpetuo
3120 1027 3360 1081 damnari
3388 1027 3616 1083 silentio.

2029 1116 2192 1174 Pater
2229 1118 2571 1174 Piccinardus
2606 1117 2871 1173 Evodium
2911 1117 3228 1174 Uzalensem
3257 1116 3412 1186 hujus
3457 1117 3620 1173 libelli

2029 1211 2333 1280 suspicatur
2347 1218 2623 1266 auctorem
2640 1209 2734 1278 (m)
2751 1227 2767 1274 ;
2783 1210 2926 1266 hunc
2936 1209 3079 1265 enim
3095 1208 3617 1264 Prmdestinalianam

2035 1301 2279 1359 ἣξει-θείω
2310 1315 2470 1370 quam
2525 1300 2577 1354 in
2616 1299 2968 1360 Adrumetino
3010 1299 3336 1356 monasterio
3375 1309 3616 1356 exortam

2029 1408 2149 1448 cum
2177 1391 2466 1448 Sirmondo
2494 1398 2698 1454 censet,
2727 1391 2961 1446 coluisse
3003 1389 3243 1458 conjicit.
3286 1388 3454 1444 Porro
3495 1390 3616 1445 huic

2031 1483 2218 1539 Evodii
2261 1485 2402 1539 libro
2429 1484 2482 1538 in
2531 1481 2734 1538 Gallias
2762 1482 2942 1538 delato
2983 1482 3265 1549 Augustini
3297 1496 3493 1537 nomen
3536 1481 3616 1536 iu-

2028 1578 2305 1646 scriptum,
2339 1585 2393 1630 et
2421 1591 2490 1631 ex
2515 1591 2582 1630 eo
2610 1575 2990 1632 Vincentianas
3019 1573 3373 1641 obiectiones,
3422 1573 3617 1654 quibus

2027 1667 2288 1722 satisfecit
2313 1665 2370 1722 S.
2400 1664 2651 1735 Prosper,
2684 1674 2924 1733 sumptas
2951 1671 3194 1720 autumat
3226 1681 3239 1717 :
3265 1663 3475 1732 aliaque
3502 1663 3618 1731 ejus

338 1774 456 1813 cum
507 1759 612 1828 hoc
666 1758 822 1813 titulo
879 1757 972 1827 qui
1022 1757 1261 1812 dilutiori
1309 1758 1574 1824 tantisper
1627 1766 1927 1812 atramento
1963 1773 2002 1829 Β
2031 1757 2244 1824 generis
2273 1773 2380 1812 non
2422 1771 2591 1826 pauca
2628 1754 2864 1822 deducit,
2895 1770 3018 1824 quae
3057 1769 3233 1824 neque
3262 1755 3416 1810 nobis
3443 1768 3618 1822 neque

338 1853 565 1921 scriptus
596 1860 696 1917 est,
728 1850 820 1906 sed
849 1851 1067 1919 antiqua
1098 1866 1258 1903 manu
1297 1867 1309 1901 :
1344 1849 1488 1918 Opus
1515 1851 1681 1902 sancti
1712 1849 1924 1904 Prima-
1950 1858 1958 1864 '

336 1944 400 1996 sii
428 1942 670 2012 discipuli
695 1943 970 2013 Augustini
1011 1940 1074 1996 de
1113 1938 1386 1996 hcresibus
1415 1956 1557 1993 tum.
1589 1950 1683 1996 ‘xc.
1728 1940 1925 1996 Verum

340 2042 453 2088 tum
482 2049 547 2088 ex
579 2032 767 2088 isidori
799 2032 974 2086 verbis
1004 2031 1173 2101 probe
1201 2031 1501 2095 intellectis,
1535 2038 1646 2084 tum
1673 2031 1837 2084 etiam
1860 2047 1926 2086 ex

340 2127 537 2180 litteris
561 2140 696 2194 quas
716 2123 784 2177 ad
815 2123 1148 2178 Holstenium
1189 2121 1506 2178 Sirmondus
1533 2123 1826 2193 rescripsit,
1860 2126 1928 2181 ab

343 2223 551 2277 editore
567 2221 1063 2277 Sirmondianorum
1088 2222 1140 2275 in
1167 2222 1310 2277 aditu
1340 2221 1931 2291 Prmdeslinatiapposi—

344 2313 430 2375 tis,
463 2313 598 2367 alios
624 2328 842 2381 prorsus
871 2313 1121 2384 anonymi
1147 2314 1321 2372 nnatri
1349 2315 1517 2372 libros
1543 2315 1612 2371 ab
1657 2316 1724 2371 iis
1764 2314 1930 2370 fuisse

340 2419 474 2472 quos
499 2418 529 2457 a
562 2401 819 2457 Primasio
842 2405 1174 2475 conscriptos
1216 2412 1481 2461 memorat
1513 2407 1765 2468 Isidorus,
1798 2404 1928 2458 satis

283 2560 292 2561 ί
338 2503 564 2559 constat.
598 2493 862 2549 Praeterea
891 2495 957 2550 de
999 2495 1368 2552 Praedestinati
1399 2513 1566 2567 opere
1592 2498 1927 2567 quaestionem

338 2585 933 2657 historico-theologicam
947 2596 1251 2642 accuratam
1269 2589 1542 2656 evulgavit
1555 2586 1926 2654 Piccinardus,

336 2677 596 2748 simulque
624 2680 832 2748 putavit
859 2678 1002 2733 illius
1045 2686 1324 2733 auctorem
1367 2678 1532 2733 fuisse
1577 2685 1668 2732 aut
1697 2678 1926 2733 Vincen-

336 2771 466 2826 tium
491 2770 778 2840 quemdam
826 2770 1201 2840 presbyterum
1250 2770 1472 2823 natione
1517 2768 1748 2832 Gallum,
1775 2769 1926 2837 cujus

335 2862 575 2917 meminit
599 2860 910 2916 Gennadius
942 2861 1039 2931 (g),
1073 2867 1166 2914 aut
1185 2860 1366 2931 potius
1392 2859 1730 2914 Vincentium
1757 2860 1927 2915 Victo-

335 2969 450 3009 rem
501 2962 691 3008 contra
731 2967 893 3022 quem
942 2951 1108 3005 libros
1133 2951 1202 3004 de
1231 2949 1421 3003 Anima
1453 2958 1508 3004 et
1553 2949 1670 3018 ejus
1710 2948 1925 3018 Origine

333 3045 548 3116 terhsit
566 3043 623 3099 S.
658 3042 1007 3110 Augustinus.
1041 3041 1237 3095 Verum
1265 3041 1390 3110 quid
1431 3041 1497 3094 de
1536 3041 1675 3095 illius
1707 3040 1922 3110 placitis

2025 1849 2274 1916 cuiquam
2325 1851 2606 1918 probatum
2640 1849 2702 1903 iri
2730 1851 3114 1904 existimamus.
3165 1847 3296 1901 Nam
3327 1846 3619 1900 monachos

2024 1937 2403 1994 Adrumetinos
2420 1956 2448 1993 a
2468 1941 3056 1996 Pnedestinatiauormn
3073 1939 3292 1995 haeresis
3311 1939 3616 2010 suspicione

2024 2029 2156 2084 satis
2185 2037 2376 2100 purgat
2403 2029 2644 2085 Norisius
2673 2031 2750 2100 (η)
2776 2029 3064 2094 ;‘Evodius
3094 2039 3273 2084 autem
3306 2030 3397 2098 qui
3440 2028 3618 2097 Augu-

2026 2121 2152 2174 stini
2180 2121 2479 2175 doctrinam
2502 2121 2669 2189 probe
2696 2122 2886 2184 tenuit,
2919 2121 2970 2174 in
2996 2137 3115 2175 eam
3142 2121 3616 2190 reprehensionem

2027 2214 2219 2267 adduci
2261 2214 2639 2267 infirmissimis
2679 2211 3005 2281 conjecturis
3035 2230 3140 2268 non
3190 2213 3387 2278 debet;
3423 2220 3614 2268 caetera

2027 2324 2156 2362 vero
2184 2322 2303 2376 quae
2342 2308 2425 2362 his
2454 2307 2818 2364 fundamentis
2846 2309 3106 2374 nituntur,
3157 2324 3265 2362 non
3295 2308 3472 2363 n'iinus
3493 2315 3617 2366 sunt

2026 2399 2311 2461 imbecilla,
2342 2406 2401 2451 ut
2428 2414 2496 2452 ne
2521 2400 2590 2453 sit
2617 2415 2751 2468 opus
2782 2399 3045 2454 refellere.
3072 2398 3226 2454 Hunc
3253 2399 3446 2452 librum
3470 2415 3499 2452 a
3528 2397 3619 2452 Se-

2026 2489 2396 2556 mipelagianis
2429 2492 2765 2558 suppositum
2803 2490 3068 2544 credimus
3111 2507 3123 2542 :
3162 2490 3256 2558 qui
3299 2491 3341 2542 si
3392 2488 3613 2542 diaboli-

2025 2597 2138 2634 cum
2155 2595 2396 2634 errorum
2421 2581 2723 2647 indicatum,
2748 2589 2883 2636 teste
2900 2580 3183 2650 Prospero,
3207 2581 3610 2642 confinxerunt,

2025 2687 2225 2740 eosque
2262 2673 2627 2742 ascripserunt
2674 2673 2971 2739 Augustino
3019 2671 3206 2740 quidni
3244 2671 3384 2724 hunc
3426 2670 3616 2724 librum

2023 2763 2298 2817 erroribus
2326 2762 2716 2818 redundantem
2746 2762 2962 2818 eosdem
3003 2761 3299 2830 scripsisse,
3349 2768 3403 2815 et
3431 2760 3636 2828 Augu--

2023 2855 2148 2908 stini
2177 2857 2393 2910 nomine
2414 2855 2644 2911 edidisse
2673 2855 3046 2925 suspicemur?
3087 2854 3286 2909 Auctor
3312 2868 3442 2907 vero
3470 2850 3615 2907 Prat-

2023 2948 2296 3012 destinati,
2329 2965 2451 3003 cum
2480 2949 2623 3002 hunc
2649 2947 2841 3002 librum
2866 2944 3161 3002 leestino
3194 2945 3432 3000 oblatum
3463 2953 3519 3000 et
3551 2946 3618 3001 ab

2025 3055 2090 3095 eo
2117 3040 2431 3096 damnatum
2476 3047 2684 3104 narrat,
2733 3056 2839 3095 non
2887 3041 3064 3095 minus
3109 3039 3322 3094 videtur
3364 3036 3618 3106 ﬁnxisse;

334 3134 670 3190 sentiendum
717 3134 788 3187 sit
835 3133 936 3187 viri
973 3131 1167 3187 eruditi
1206 3131 1491 3202 prodidere
1540 3131 1638 3203 (ἡ).
1682 3127 1921 3195 Aliorum
1948 3141 1993 3201 ο
2023 3133 2221 3202 quippe
2249 3131 2306 3186 S.
2325 3131 2645 3188 leestinus
2667 3133 2768 3189 hac
2792 3133 2860 3188 de
2883 3147 2942 3187 re
2969 3132 3287 3199 nihilattigit
3309 3131 3361 3184 in
3385 3130 3615 3199 epistola

335 3241 494 3297 porro
522 3224 946 3294 conjectationes
973 3223 1042 3277 de
1075 3222 1296 3292 hujusce
1340 3222 1517 3298 Operis
1543 3231 1760 3277 auctore
1792 3223 1922 3276 nihil

337 3331 533 3380 moror,
581 3316 694 3370 sive
758 3313 1014 3367 Harduini
1059 3313 1150 3384 qui
1203 3328 1233 3366 a
1277 3302 1608 3379 Reginbaldo
1656 3314 1923 3368 monacho

337 3407 682 3463 Benedictino
707 3415 832 3460 ante
862 3421 1033 3459 annos
1061 3403 1166 3457 850
1194 3405 1355 3459 fuisse
1399 3404 1592 3458 librum
1622 3413 1921 3469 exaratum,

337 3499 480 3554 nullo
509 3494 728 3554 teste'in
770 3495 1004 3551 medium
1032 3495 1266 3565 prolato,
1300 3494 1524 3550 fidenter
1565 3487 1795 3549 afﬁrmat
1841 3496 1922 3565 (i),

339 3591 449 3645 sive
475 3589 666 3644 Oudini
687 3592 776 3660 qui
800 3589 1043 3658 ejusdem
1071 3588 1390 3657 scriptorem
1411 3586 1572 3641 fuisse
1589 3586 1928 3642 Vincentium

339 3680 678 3736 Lerinensem
705 3682 805 3736 sibi
835 3679 1122 3750 persuadet
1151 3679 1230 3751 (j)
1261 3698 1275 3733 :
1306 3695 1466 3749 quem
1514 3688 1801 3750 propterea
1831 3679 1927 3734 Hi-

339 3775 516 3830 storiae
543 3775 817 3829 litterariae
841 3772 1061 3828 Gallicae
1089 3782 1338 3828 auctores
1371 3773 1542 3828 solide
1581 3788 1694 3842 prae
1722 3775 1930 3828 ueteris

339 3865 637 3921 refutarunt
663 3865 760 3935 (lt).
791 3864 899 3919 Sed
927 3865 1030 3920 hac
1057 3864 1125 3920 de
1152 3879 1212 3919 re
1239 3865 1447 3919 tantilla
1474 3865 1606 3920 satis
1633 3867 1818 3920 multa.

406 3955 494 4009 lll.
524 3954 639 4009 Jam
669 3971 798 4010 vero
821 3955 888 4010 ad
917 3972 1052 4030 opus
1073 3957 1247 4026 ipsum
1269 3957 1413 4025 quod
1445 3958 1655 4022 attinet,
1685 3959 1927 4014 virorum

339 4047 623 4102 doctorum
669 4047 848 4102 verbis
893 4049 1092 4103 utimur
1136 4049 1232 4121 (ι),
1283 4050 1476 4118 quibus
1523 4051 1650 4105 illud
1697 4053 1930 4122 penitius

336 4138 569 4193 lectores
596 4147 907 4208 agnoscant.
948 4159 966 4192 ι
998 4140 1199 4196 Auctor
1218 4142 1416 4210 itaque,
1449 4143 1687 4212 quisquis
1714 4144 1931 4199 demum

332 4236 382 4292 is
410 4227 589 4296 fuerit,
621 4243 758 4301 opus
785 4245 937 4285 suum
981 4230 1032 4286 in
1061 4240 1170 4286 tres
1213 4232 1378 4287 libros
1408 4233 1728 4302 dispertivit.
1764 4234 1830 4289 Et
1871 4237 1927 4289 in

334 4321 510 4392 primo
556 4321 771 4390 quidem
819 4323 1107 4390 nonaginta
1155 4323 1415 4377 haeresum
1466 4324 1769 4391 cat-alogum
1811 4341 1936 4380 con-

337 4413 530 4477 texuit,
559 4429 693 4484 quas
720 4429 788 4469 ex
812 4411 1042 4484 Hygino,
1068 4411 1353 4484 Polycrate
1394 4413 1648 4469 Africano
1676 4424 1730 4469 et
1751 4414 1934 4470 Helio-

2025 3239 2184 3294 quam
2197 3225 2295 3279 sub
2307 3225 2430 3280 vita:
2442 3224 2599 3280 tinem
2614 3225 2667 3279 in
2683 3223 2932 3295 Prosperi
2948 3224 3242 3292 Hilariique
3255 3220 3619 3277 defensionem

2025 3307 2286 3370 exaravit.
2320 3315 2584 3371 Pncterea
2617 3334 2716 3372 nec
2745 3316 2799 3372 S.
2843 3317 3186 3388 Prosperum,
3243 3331 3342 3371 nec
3383 3317 3622 3384 reliquos

2027 3405 2084 3459 S.
2118 3406 2401 3473 Augustini
2431 3409 2721 3477 discipulos
2766 3409 2994 3477 ﬁdeique
3042 3407 3321 3462 catholica:
3361 3406 3616 3462 vindices,

2029 3513 2150 3552 eum
2176 3498 2366 3552 librum
2391 3499 2481 3568 qui
2507 3508 2709 3553 tantam
2738 3502 3026 3567 Augustino
3047 3498 3388 3560 calumniam,
3415 3504 3621 3549 tantum

2031 3581 2153 3643 lidci
2177 3590 2472 3658 periculum
2512 3589 2790 3652 inferebat,
2825 3605 3114 3657 nunquam,
3166 3595 3225 3639 ut
3254 3585 3532 3651 Augustini
3561 3582 3623 3634 ii-

2029 3680 2221 3749 dcique
2266 3681 2568 3735 doctrinam
2613 3679 2964 3744 vindicarent,
3007 3678 3268 3732 refellisse
3315 3676 3621 3730 incredibile

2029 3780 2111 3826 est
2142 3771 2238 3843 (ο).
2273 3770 2510 3825 Tandem
2553 3769 2741 3824 tertius
2783 3769 2916 3823 liber
2960 3768 3086 3822 dum
3133 3767 3444 3837 praedictum
3488 3784 3622 3838 opus

2029 3861 2224 3931 rejicit,
2275 3862 2453 3931 plures
2505 3859 2913 3928 Pelagianorum
2961 3874 3024 3914 ac
3072 3857 3621 3928 Semipelagianorum

2029 3967 2244 4008 errores
2273 3953 2521 4008 inculcat.
2557 3949 2809 4004 Eamdem
2835 3964 2955 4005 cum
2984 3946 3200 4018 Pelagio
3230 3950 3456 4018 gratiam
3486 3965 3622 4019 pra:-

2031 4045 2210 4111 dicat;
2243 4046 2401 4100 fidem
2430 4061 2492 4100 ac
2538 4046 2691 4100 bona:
2717 4043 3009 4099 voluntatis
3039 4042 3245 4096 initium
3292 4058 3412 4096 cum
3448 4042 3621 4098 Semi-

2030 4137 2326 4206 pelagianis
2369 4137 2629 4192 voluntati
2668 4137 2893 4202 tribuit;
2938 4136 3446 4205 concupiscentiam,
3512 4150 3620 4190 non

2033 4244 2188 4283 secus
2217 4245 2280 4285 ac
2304 4228 2563 4293 Julianus,
2599 4229 2834 4300 appellat
2870 4230 3104 4297 bonam;
3143 4230 3437 4297 iisdemque
3483 4245 3619 4299 pene

2035 4320 2213 4375 verbis
2241 4321 2424 4386 utitur,
2457 4337 2578 4390 quas
2605 4323 2657 4376 in
2687 4320 2884 4376 Juliani
2913 4319 3223 4389 fragmentis
3251 4322 3514 4388 leguntur.
3541 4320 3620 4379 Ex

2034 4428 2142 4484 quo
2186 4422 2331 4480 patet
2379 4421 2651 4469 auctorem
2705 4413 3006 4482 Pelagianis
3056 4431 3120 4469 ac
3174 4413 3614 4484 Seniipelagianis

339 4502 495 4568 doro,
527 4519 662 4574 quos
687 4505 1267 4575 hrcresum‘scriptores
1306 4506 1604 4561 nominavit
1633 4515 1758 4561 ante
1787 4507 1930 4562 hunc
1958 4523 2008 4582 ι)
2031 4507 2296 4561 hzereticis
2323 4507 2697 4576 coaptandum.
2739 4527 2756 4558 ι
2792 4507 2908 4562 Huc
2937 4523 3104 4576 usque
3136 4508 3233 4562 viri
3260 4507 3471 4562 eruditi.
3511 4507 3617 4564 Ne-

339 4607 518 4658 nemo,
550 4593 679 4648 dicit
706 4604 1018 4665 excerptas;
1046 4612 1146 4652 nec
1177 4597 1526 4666 Augustinum
1549 4607 1831 4663 memorat,
1860 4614 1927 4653 ex
2035 4616 2140 4670 que
2168 4600 2496 4654 omittendus
2514 4599 2618 4653 hac
2652 4599 2718 4654 de
2743 4615 2802 4654 re
2833 4599 3206 4655 Tillemontius
3237 4599 3333 4672 (p).

339 4685 490 4755 cujus
529 4687 666 4742 libro
695 4687 760 4742 de
788 4687 1091 4758 Haeresihus
1138 4691 1396 4746 exscribit
1431 4691 1690 4760 quidquid
1735 4693 1929 4747 recitat
2104 4691 2191 4744 ιν.
2229 4689 2666 4744 Ρνωᾱεειίηειωῐη
2698 4689 2862 4744 edidit
2890 4689 3206 4744 Sirmondus
3234 4690 3454 4745 Parisiis
3479 4707 3620 4747 anno

340 4777 478 4846 quod
508 4779 578 4833 sit
604 4779 836 4849 bonum;
860 4783 1064 4854 reliqua
1086 4784 1228 4840 enim
1251 4785 1334 4839 vel
1355 4800 1421 4839 ex
1444 4784 1657 4852 ingenio
1682 4784 1932 4839 videntur
2042 4781 2192 4836 1645.
2226 4781 2543 4849 insequente
2590 4788 2773 4836 autem
2819 4795 2960 4834 anno
2987 4777 3147 4846 1644,
3197 4779 3394 4835 ibidem
3423 4782 3620 4851 prodiit

2105 4951 2166 5021 (ἱ)
2200 4949 2399 5021 Hard._,
2427 4947 2646 5004 Dissert.
2680 4948 2748 5004 de
2795 4948 2972 5020 Bapt.,
3007 4949 3034 5018 ς
3067 4948 3152 5014 15,
3186 4947 3326 5002 inter
3374 4961 3497 5013 opp.
3531 4960 3616 4999 se-

2033 5021 2182 5212 lecllzi
2461 5089 2527 5174 de
2556 5089 2750 5160 Script.
2775 5089 2928 5150 eccl.,
2964 5096 3093 5141 tom.
3125 5084 3166 5148 Ι,
3199 5099 3319 5204 pag.
3356 5081 3510 5136 1247.
3555 5154 3564 5166 ⁹

2105 5163 2177 5212 t'l
2206 5160 2339 5212 Hist.
2392 5161 2556 5212 litter.
2610 5161 2675 5212 de
2713 5162 2759 5212 la
2802 5160 3023 5212 France.
3067 5163 3195 5206 tom.
3249 5153 3308 5212 l,
3356 5167 3474 5212 pag.
3509 5154 3563 5208 51

2206 5150 2339 5214 Hist.
2392 5150 2556 5215 littér.
2610 5150 2759 5216 de'la
2802 5160 3023 5221 France,
3067 5150 3217 5206 tom."
3249 5150 3308 5216 ll,
3356 5167 3474 5222 pag.
3509 5150 3611 5208 5i5

2035 5245 2421 5383 militum,
2455 5301 2491 5354 Ι.
2525 5317 2598 5362 c.,
2630 5313 2749 5419 pag.
2784 5296 2878 5348 921
2914 5307 3026 5361 seq.
3361 5361 3371 5374 ο
3479 5263 3484 5268 .

2107 5372 2200 5419 inti
2235 5369 2355 5419 th-
2391 5370 2554 5419 Bmm.
2588 5384 2696 5419 nraa
2719 5374 2792 5419 at.
2836 5364 2904 5418 ad
2940 5371 3072 5418 tom.
3106 5360 3290 5419 IODD.
3319 5363 3484 5419 Sll‘mﬂ

2107 5360 2200 5442 (ut)
2235 5369 2355 5427 Vid.
2389 5360 2554 5425 Baun.
2586 5360 2792 5438 prwfat.
2836 5364 2904 5418 ad
2940 5360 3072 5418 tom.
3106 5360 3290 5434 lOpp.
3319 5361 3607 5431 Sirmond.,

2220 5509 2421 5583 Naris,
2478 5505 2842 5583 Hist.__Pelag.
2890 5505 2980 5559 lib.
3025 5522 3090 5572 η,
3131 5520 3250 5575 cap.
3281 5504 3364 5571 15,
3412 5459 3539 5559 tom.
3587 5499 3612 5556 ι

2017 5575 2174 5650 opp;
2197 5582 2390 5650 Noris.,
2418 5591 2535 5647 pag.
2563 5575 2683 5650 Mi.
2873 5645 2955 5650 ω
3017 5646 3030 5650 Α
3069 5646 3124 5650 Α-
3709 5590 3716 5597 ’

2094 5644 2176 5720 ,(ὀ)
2210 5651 2327 5732 vid.
2363 5644 2585 5730 Pugiupt
2613 5644 2679 5701 ad
2705 5661 2829 5698 ann.
2862 5645 3036 5770 490,)?
3063 5646 3144 5701 1'5.

2102 5731 2177 5770 tm
2214 5719 2436 5770 Τιιιεηι..
2469 5713 2627 5770 Mem.
2656 5714 2788 5770 eccl.
2821 5719 2954 5770 tom.
3036 5715 3121 5770 Vl.

2102 5710 2177 5790 (ρ)
2214 5710 2627 5783 Τειιεηιη⁷Μέωο
2656 5714 2788 5772 eccl.
2821 5710 3121 5784 tomrXVl,
3153 5721 3274 5785 pag.
3306 5710 3396 5768 20.

414 4959 490 5099 (αξ
521 4958 746 5024 Tinam,
777 4957 936 5013 Mém.
962 4959 1118 5019 eccl.,
1148 4966 1278 5012 tom.
1305 4954 1444 5022 XVI,
1476 4969 1598 5025 pag.
1621 4953 1710 5008 2|.

414 5029 466 5099 (b
529 5028 664 5084 Hist.
699 5029 864 5086 li-ttér.
899 5030 966 5085 de
999 5030 1048 5083 ia
1082 5029 1306 5094 France,
1340 5035 1470 5081 tom.
1504 5025 1567 5092 ll,
1611 5039 1710 5096 pag

339 5023 490 5158 55?)
529 5028 664 5084 Hist.
699 5023 864 5086 li-ttér.
899 5030 966 5085 de
999 5030 1048 5083 ia
1082 5029 1306 5094 France,
1340 5023 1567 5092 tomill,
1611 5039 1766 5096 pagg.
1798 5023 1928 5080 549-

439 5171 487 5240 c)
515 5169 941 5240 Baun.,_prmlat.
976 5169 1042 5240 ad
1083 5178 1212 5240 tom.
1242 5167 1262 5221 Ι
1291 5167 1425 5240 Opp.
1461 5166 1754 5240 Sirmond.,
1791 5166 1817 5238 §
1849 5166 1930 5233 7.1

439 5209 486 5240 ν,
515 5209 682 5252 ητα...
740 5209 941 5254 γυνη...
976 5209 1042 5224 ..υ
1242 5209 1261 5221 .
1295 5209 1425 5238 νη..
1461 5209 1621 5221 νη-..

436 5240 490 5302 d)
518 5239 648 5310 laid.
686 5209 866 5310 hisp,
900 5240 967 5295 de
995 5239 1194 5310 Script.
1228 5239 1383 5310 eccl.,
1417 5253 1535 5310 cap.
1569 5235 1621 5289 9.

435 5312 484 5378 e)
523 5309 738 5382 (ligula,
770 5305 838 5382 ad
865 5310 1026 5382 Cypr.
1061 5305 1242 5382 epistt.
1275 5306 1345 5360 49
1377 5314 1431 5382 et

337 5372 742 5508 ’λιιιὲιιῖιις
785 5372 1144 5445 Ιιθιιῖἷιθηηζ,
1187 5379 1327 5434 inter
1373 5377 1616 5434 Analect.
1666 5390 1788 5448 pag.
1839 5372 1925 5441 15,

411 5469 424 5505 ι
455 5492 468 5504 .
499 5467 577 5503 m-
601 5469 634 5504 ο
658 5491 672 5504 .

411 5461 468 5505 ΙΙ..
499 5461 672 5504 lli-10L

475 5519 759 5591 ).Gennad.
776 5524 843 5579 de
871 5522 982 5577 Vir.
1017 5522 1231 5582 illustr.,
1265 5537 1382 5591 cap.
1413 5520 1500 5574 80.

475 5593 490 5657 )
527 5590 714 5663 Eoum,
750 5594 952 5663 prchat.
987 5594 1052 5647 ad
1084 5603 1212 5646 toni.
1245 5592 1263 5663 1
1295 5588 1428 5661 Opp.
1462 5590 1767 5663 Sirmond._,_
1795 5589 1822 5660 §
1856 5588 1922 5652 7;

341 5660 594 5784 221εόὲὲ
595 5660 822 5721 Observ.
852 5664 946 5720 lib.
979 5679 1034 5730 tt,
1080 5679 1201 5734 cap.
1234 5662 1316 5729 10,
1346 5660 1416 5716 ad
1458 5673 1586 5716 tum.
1619 5662 1680 5715 iV
1725 5661 1894 5715 Noris.
