4244 6258
624 386 729 440 585

1640 380 2008 437 ANONYMUS
2046 381 2320 436 AUCTOR
2355 374 2896 433 I'RASDESTINATI.

3769 363 3882 418 584

625 503 828 556 Gallice
854 503 1089 571 peracris
1109 501 1327 568 hujusce
1354 499 1532 568 operis
1553 512 1779 552 censura
1807 499 1884 553 sic
1910 498 2192 566 inscripta:
2225 506 2276 564 Α
2301 497 2446 552 modi
2488 496 2748 565 judicium
2787 493 2910 547 tulit
2935 492 3018 563 (ά)
3052 507 3063 542 :
3102 509 3120 542 ι
3153 489 3281 556 Qua:
3327 488 3393 543 de
3440 485 3626 541 haeresi
3663 483 3880 538 Prasde-

625 593 849 648 Censure
869 593 938 645 du
966 589 1458 646 Pracdestinatusdu
1488 589 1553 644 P.
1589 589 1854 653 Sirmond,
1879 605 1975 658 par
1996 591 2042 640 le
2061 589 2199 642 sieur
2297 588 2583 642 stinatiana
2629 583 2913 640 edisseruit
2954 579 3300 642 Sirmondus,
3354 592 3418 631 ea
3461 575 3673 644 scripsit
3721 572 3882 628 effeta

626 686 828 757 Auvray
861 700 879 736 :
914 697 1032 752 qua:
1058 681 1330 751 deinceps,
1362 669 1548 734 Latine
1593 679 1797 734 reddita
1837 680 1889 732 in
1918 670 2197 731 Hollahdia

625 789 729 827 una
750 788 869 828 cum
891 771 1271 826 Praedestinato
1292 787 1433 826 anno
1450 767 1766 840 l645,prelo
1786 770 2068 823 commissa
2087 783 2204 837 per-

625 862 856 917 hibetur.
880 861 992 918 Sub
1013 877 1079 916 eo
1099 862 1314 916 nomine
1338 861 1436 914 Dn.
1451 862 1653 930 Auvray
1677 859 2088 922 aliiArnaldum,
2111 857 2200 911 alii

628 967 757 1007 vero
779 953 1131 1015 Blondellum,
1156 959 1216 1006 ut
1234 949 1422 1005 Grotio
1440 951 1612 1004 visum
1629 949 1728 1018 (α),
1747 950 1913 1003 latere
1931 947 2177 1002 existima
2190 955 2218 988 -“

629 1053 773 1096 runt.
824 1041 931 1096 Sed
960 1057 1145 1096 verum
1175 1056 1413 1096 censurze
1433 1048 1712 1094 auctorem
1754 1038 1916 1092 fuisse
1951 1035 2210 1106 comperi-

629 1149 746 1188 mus
763 1132 838 1203 (b)
861 1134 960 1187 Dn.
985 1134 1047 1186 de
1075 1130 1290 1195 Barcae,
1303 1131 1526 1186 Joannis
1538 1131 1775 1199 Vergerii
1792 1130 1978 1185 famosi
2001 1129 2207 1184 abbatis

629 1223 953 1296 San-Cyrani
974 1232 1246 1294 nepotem.
1269 1224 1404 1279 Hinc
1426 1239 1586 1278 causa
1612 1232 1667 1276 et
1689 1223 1900 1277 occasio
1921 1219 2207 1276 Sirmondo

632 1316 885 1372 Historia:
948 1317 1432 1372 Prwdestinatianw
1485 1317 1796 1379 scribendze,
1854 1329 2012 1383 quam
2061 1313 2208 1368 libris

633 1404 1000 1461 Przedestinati
1045 1407 1384 1475 subjecimus.
1438 1407 1556 1472 Quo
1592 1407 1659 1460 de
1703 1421 1869 1475 opere
1913 1405 2057 1459 varia
2104 1406 2209 1459 cir—

632 1496 997 1552 cumferuntur
1013 1497 1249 1550 virorum
1275 1495 1554 1550 doctorum
1570 1495 1788 1564 judicia.
1819 1493 1927 1548 Eos
1946 1494 2036 1562 qui
2057 1509 2208 1548 eam-

633 1589 752 1642 dem
779 1587 1068 1643 Historiam
1109 1588 1219 1642 suis
1246 1588 1513 1655 sutl‘ragiis
1549 1588 1987 1657 comprobarunt,
2019 1603 2209 1643 recen-

635 1689 719 1734 set
745 1681 1242 1736 Sirmondianorum
1266 1680 1441 1735 editor
1463 1680 1554 1750 (c).
1588 1681 1785 1735 Verum
1813 1681 1969 1735 aliter
1997 1681 2208 1736 censuit

634 1772 1081 1827 eminentissimus
1100 1772 1345 1841 scriptor,
1363 1771 1455 1840 qui
1481 1772 1548 1826 de
1576 1772 1740 1827 haece
1767 1771 2000 1828 Historia
2021 1771 2205 1839 hujus-

729 1949 780 2020 (ι)
815 1947 983 2020 Gron,
1017 1959 1153 2019 part.
1183 1967 1240 2015 ιι,
1269 1951 1423 2020 epist.
1456 1947 1578 2003 699.
1657 1977 1660 1980 -

729 1951 780 2018 ιι)
815 1951 983 2012 Grot.,
1017 1959 1153 2019 part.
1183 1967 1240 2015 ιι,
1269 1951 1423 2020 epist.
1456 1951 1578 2003 699.
1657 1977 1660 1980 -

707 1951 786 2159 ἓὺξ
817 2019 952 2074 llist.
986 2020 1147 2076 littér.
1179 2020 1246 2074 de
1275 2020 1325 2074 la
1353 2019 1574 2083 France,
1605 2029 1737 2074 tom.
1767 2019 1834 2087 ll,
1865 2035 1983 2090 pag.
2017 2018 2138 2074 550.

731 2105 757 2140 c
808 2088 1002 2152 Βίωνι,
1036 2089 1236 2158 prmfat.
1270 2090 1334 2144 ad
1367 2098 1500 2144 tom.
1531 2089 1620 2154 IV,
1656 2088 1682 2159 §
1714 2089 1767 2144 5.

731 2088 779 2159 ο)
808 2088 1002 2152 .Baun.,
1036 2089 1236 2158 prmfat.
1270 2090 1334 2144 ad
1367 2098 1500 2144 tom.
1531 2089 1620 2154 IV,
1656 2088 1682 2160 §
1714 2089 1767 2144 5.

2300 689 2477 746 :etate,
2510 676 2853 746 octogenario
2882 673 3073 742 major.
3105 673 3162 726 In
3190 671 3385 742 quibus
3415 678 3526 722 tam
3545 668 3704 735 longe
3731 682 3763 718 a
3789 681 3884 719 ve-

2302 774 2460 826 ritate
2487 769 2720 833 deﬁexit,
2751 776 2809 822 ut
2835 765 3075 835 ejusdem
3095 763 3330 818 Historia
3350 777 3380 814 a
3408 759 3650 814 Gilberto
3676 757 3882 825 Magni-

2302 879 2374 918 no
2399 879 2451 916 v.
2484 877 2532 916 c.
2565 859 2854 916 Galliarum
2876 856 2989 924 regi
3017 870 3047 908 a
3067 853 3324 917 consiliis,
3352 861 3408 905 et
3427 851 3482 904 in
3511 864 3664 904 sacra
3678 863 3741 902 ac
3763 863 3886 916 pro-

2307 955 2429 1008 fana
2456 953 2680 1008 historia
2720 948 3103 1011 versatissimo,
3152 943 3327 998 fabula
3374 941 3678 1010 ignominia:
3723 953 3885 993 causa

2307 1047 2472 1102 fuerit
2497 1051 2818 1113 nuncupata.
2873 1041 2973 1095 Hic
3001 1048 3179 1093 autem
3207 1037 3438 1106 scriptor
3467 1034 3604 1088 adeo
3631 1031 3801 1088 solide
3823 1047 3888 1087 ac

2309 1153 2535 1194 nervose
2562 1137 2662 1190 tria
2690 1137 2870 1206 priora
2905 1133 3079 1202 capita
3108 1129 3358 1205 Historiae
3400 1127 3791 1182 Sirmondiana:
3819 1125 3888 1180 de

2309 1226 2795 1292 Praadestinatianis
2822 1223 3082 1287 confutat,
3125 1229 3184 1276 ut
3220 1218 3518 1274 Ludovicus
3544 1215 3802 1270 Cellotius
3833 1215 3887 1268 in

2310 1321 2532 1376 historia
2551 1318 2995 1374 Gotteschalcana
3023 1317 3076 1369 in
3099 1328 3202 1384 qua
3218 1311 3520 1379 Maguinum
3536 1307 3888 1362 refellendum

2313 1411 2566 1480 suscepit,
2614 1409 2752 1462 libro
2792 1424 2849 1469 ιι,
2903 1421 3023 1475 cap.
3056 1404 3113 1468 2,
3161 1403 3254 1458 ubi
3293 1401 3360 1455 de
3405 1394 3890 1464 Prmdestinatianis

2311 1502 2438 1570 agit,
2470 1515 2537 1554 ne
2564 1499 2786 1553 verbum
2825 1497 3038 1565 quidem
3085 1509 3185 1564 pro
3235 1507 3334 1547 suo
3380 1488 3670 1546 Sirmondo
3709 1488 3892 1542 eidem

2312 1593 2563 1661 Maguino
2587 1605 2851 1661 reponere
2879 1588 3133 1659 potuerit.
3165 1605 3183 1638 ι
3219 1585 3490 1639 Hactenus
3513 1599 3562 1636 v.
3587 1597 3638 1637 c.
3661 1581 3723 1636 In
3751 1594 3888 1636 eam-

2310 1683 2432 1738 dem
2460 1697 2623 1753 porro
2660 1680 2981 1736 sententiam
3007 1675 3378 1732 Tillemontius
3407 1673 3497 1744 (ε).

2391 1952 2468 2022 (d)
2498 1951 2703 2022 Notis,
2752 1950 2889 2006 Hist.
2921 1943 3100 2018 Pelag.
3133 1949 3227 2003 lib.
3260 1964 3315 2012 ιι,
3347 1962 3464 2016 cap.
3506 1946 3560 2007 4,
3591 1944 3724 2015 Opp.
3759 1953 3874 1998 tom

2315 2021 2358 2086 Ι,
2390 2021 2512 2090 pag.
2543 2021 2665 2076 440.

2391 2091 2462 2163 (e)
2497 2091 2719 2155 Τίμωνι,
2744 2090 2902 2147 Mém.
2932 2089 3089 2154 eccl.,
3115 2097 3245 2143 tum.
3279 2085 3415 2152 XVI,
3444 2101 3564 2156 pag.
3596 2084 3679 2137 l9.

1387 2327 1770 2390 smuonm
1815 2327 2244 2389 PREFATIO
2288 2328 2368 2389 IN
2412 2287 3128 2392 PRJEDESTINATUM.

708 2563 1136 2653 Quotiescunque
1173 2582 1237 2636 ad
1278 2592 1349 2646 te,
1376 2595 1409 2634 ο
1442 2588 1651 2634 amator
1679 2578 1794 2642 Dei,
1824 2577 1990 2632 verba
2031 2577 2217 2632 docto-
2319 2591 2416 2647 per
2442 2576 2781 2631 sacerdotum
2802 2575 2918 2640 Dei,
2944 2589 3043 2630 nec
3071 2589 3168 2644 per
3185 2573 3582 2630 conversionem
3603 2589 3775 2636 suam,
3799 2590 3891 2633 net

646 2692 758 2730 rum
802 2674 1087 2742 attingunt,
1126 2672 1272 2726 illico
1317 2678 1441 2724 sunt
1468 2669 1678 2723 Domini
1707 2675 1973 2737 praecepta
2011 2681 2216 2720 memo-

646 2766 828 2829 randa,
859 2765 1053 2833 quibus
1089 2762 1278 2831 jubere
1306 2747 1552 2830 dignatur
1589 2768 1650 2814 ut
1676 2759 2016 2814 attendamus
2042 2757 2109 2811 ab
2134 2757 2218 2811 his

647 2857 731 2924 qui
758 2857 981 2934 veniunt
1003 2853 1068 2907 ad
1099 2869 1196 2907 nos
1225 2853 1279 2904 in
1306 2851 1503 2906 vestitu
1531 2851 1730 2913 ovium,
1757 2863 1823 2902 ne
1855 2847 1954 2902 sub
1975 2847 2078 2900 hoc
2099 2854 2216 2914 teg-

644 2946 783 2998 mine
810 2945 1054 3012 luporum
1083 2942 1259 2996 rabies
1291 2941 1559 2996 occultata
1587 2939 1781 2993 ovilem
1821 2936 2219 3006 simplicitatem

646 3032 876 3086 invadat.
909 3030 1120 3085 Utinam
1149 3031 1278 3084 mihi
1309 3032 1483 3086 verbis
1509 3032 1609 3084 ista
1630 3030 1828 3084 dixisse
1850 3026 2138 3089 sufﬁceret,
2163 3034 2220 3081 et

647 3138 770 3186 non,
787 3121 930 3190 quod
949 3129 1031 3175 est
1051 3137 1170 3176 cum
1187 3121 1417 3190 suspirio
1437 3121 1858 3184 memorandum;
1878 3118 2219 3172 manifestum

644 3216 712 3269 sit
737 3215 1014 3269 miscuisse
1040 3214 1246 3268 belluas
1263 3213 1410 3280 gregi
1437 3213 1716 3266 Dominico
1749 3230 1762 3264 :
1795 3212 1886 3279 qui
1915 3218 2064 3264 tanta
2093 3209 2218 3263 sub-

647 3305 836 3358 tilitate
855 3303 1184 3357 clandestino
1205 3303 1352 3356 hiatu
1375 3317 1492 3356 sese
1512 3301 1789 3355 catholicis
1820 3301 2213 3360 immerserunt,

645 3404 701 3450 ut
728 3395 831 3464 ipsi
857 3392 1191 3462 magiscives
1218 3400 1524 3466 sanctorum
1554 3400 1610 3445 et
1627 3390 1909 3445 domestici
1931 3389 2051 3444 ﬁdei
2069 3389 2216 3443 testi-

645 3493 875 3552 mentur,
919 3485 1010 3554 qui
1048 3483 1250 3538 inimici
1277 3482 1526 3537 Ecclesiae
1577 3489 1633 3536 et
1671 3482 1855 3536 hostes
1893 3480 2218 3534 dolosissimi

647 3577 1088 3648 comprobantur!
1122 3577 1372 3632 Dicentes
1409 3575 1518 3644 jam
1559 3575 1803 3630 homines
1843 3575 1916 3628 ita
1945 3573 2220 3643 praedesti-

643 3677 798 3726 natos
826 3667 892 3722 ad
927 3675 1154 3734 mortem
1183 3683 1278 3738 per
1317 3667 1411 3722 Dei
1449 3649 1856 3737 phescientiam,
1900 3673 1957 3720 ut
1987 3665 2090 3720 illis
2119 3680 2219 3720 nec

644 3762 820 3832 passio
853 3758 1065 3826 Christi,
1099 3773 1199 3814 nec
1225 3758 1557 3827 baptismatis
1585 3757 1905 3827 redemptio,
1938 3771 2038 3810 nec
2064 3753 2214 3816 ﬁdes,

645 3867 743 3906 nec
782 3866 902 3922 spes
939 3851 1126 3920 possit,
1168 3837 1268 3905 nec
1305 3849 1538 3904 charitas
1583 3847 2113 3910 subvenire..0rent,
2163 3853 2219 3898 et

2323 2684 2420 2738 per
2443 2668 2616 2736 legem
2655 2667 2985 2722 Dominicam
3007 2680 3064 2722 se
3089 2682 3248 2737 posse
3275 2666 3514 2721 invenire
3539 2665 3792 2721 conﬁdat.
3815 2669 3896 2722 Si-

2320 2761 2508 2825 lerem,
2547 2758 2737 2824 fateor,
2781 2766 2838 2812 et
2865 2772 3202 2826 nequaquam
3240 2757 3379 2828 stylo
3422 2767 3768 2827 percurrente
3796 2759 3897 2812 ista

2320 2851 2647 2918 detegerem,
2671 2850 2716 2903 si
2736 2849 2896 2903 toties
2918 2856 2977 2902 ut
3001 2856 3242 2902 tacerent
3262 2847 3541 2914 admoniti,
3569 2847 3756 2902 saltem
3786 2863 3900 2901 me-

2320 2941 2578 2996 diocriter
2612 2938 2974 2995 contentionis
3021 2953 3129 2993 sua:
3175 2938 3434 3007 impetum
3481 2946 3899 3008 temperassent;

2321 3048 2432 3087 non
2459 3032 2623 3112 etiam
2653 3031 2908 3085 audacter
2925 3029 3027 3084 sub
3051 3028 3333 3097 Augustini
3353 3029 3572 3083 nomine
3594 3029 3760 3084 libros
3777 3028 3899 3084 ede-

2321 3130 2458 3184 rent,
2491 3129 2548 3176 et
2574 3121 2896 3190 scriptorum
2921 3135 3142 3175 suorum
3165 3119 3358 3188 jaculis
3385 3121 3623 3175 membra
3651 3121 3900 3176 immacu-

2323 3213 2444 3265 lata:
2472 3211 2659 3264 matris
2686 3219 2883 3264 nostra:
2921 3208 3173 3264 Ecclesiae
3210 3210 3576 3265 vulnerarent.
3609 3209 3735 3277 Quis
3763 3212 3901 3265 ﬁlius

2321 3312 2545 3357 matrem
2567 3316 2717 3356 suam
2739 3301 2873 3356 caedi
2899 3316 3007 3355 non
3036 3300 3252 3354 doleat?
3271 3301 3393 3368 quis
3419 3301 3734 3369 genitricem
3753 3317 3903 3357 suam

2324 3394 2591 3449 vulnerari
2621 3409 2726 3449 non
2753 3393 3008 3462 plangat?
3037 3392 3116 3446 An
3139 3392 3434 3447 tacebimus
3463 3393 3552 3446 illa
3585 3393 3900 3447 laborante?

2323 3484 2430 3540 Sed
2443 3485 2712 3540 silentium
2733 3493 2973 3539 nostrum
2991 3493 3170 3540 reatus
3181 3484 3482 3550 docebitur,
3501 3493 3558 3540 et
3571 3486 3902 3541 taciturnitas

2323 3576 2588 3630 videbitur
2615 3590 2734 3630 esse
2762 3589 3075 3629 consensus.
3109 3573 3280 3639 Quam
3307 3575 3450 3628 enim
3493 3583 3553 3630 tu
3595 3575 3899 3645 patientiam

2324 3669 2704 3724 taciturnitatis
2731 3676 2906 3737 putas,
2936 3667 3074 3721 hanc
3101 3666 3236 3720 alius
3276 3668 3660 3721 conscientiam
3681 3681 3900 3736 perver—
3937 3723 3946 3731 _

2321 3761 2495 3814 sitatis
2523 3760 2792 3814 existimat
2818 3777 2830 3810 :
2856 3757 3150 3827 prmSertim
3178 3757 3222 3811 si
3251 3764 3307 3811 et
3326 3757 3438 3826 ipse
3465 3764 3658 3816 taceas,
3691 3763 3747 3808 et
3774 3770 3902 3808 eum

2322 3850 2414 3919 qui
2456 3851 2603 3919 loqui
2643 3848 2874 3903 voluerit
2910 3863 3008 3916 pro
3033 3847 3344 3903 defensione
3378 3846 3561 3900 matris
3588 3845 3894 3923 communis

645 3942 854 4012 jejuniis
882 3958 947 3997 ac
973 3941 1324 4011 eleemosynis
1363 3949 1721 4010 occupentur;
1758 3939 1923 4003 nulla,
1956 3939 2217 4007 inquiunt,
2250 3950 2296 4012 ο
2325 3941 2547 3995 forsitan
2593 3939 2752 3994 silere
2803 3939 3112 4008 compellas.
3162 3937 3297 3994 Cum
3340 3947 3546 4007 tempus
3590 3936 3802 3991 tacendi
3848 3945 3905 3990 et

656 4038 910 4104 poterunt
937 4032 1143 4085 ratione
1183 4029 1417 4093 liberari,
1439 4029 1563 4096 quia
1591 4043 1697 4081 non
1718 4035 1841 4080 sunt
1862 4026 2224 4095 praadestinati

654 4123 720 4178 ad
745 4122 928 4176 vitam.
977 4119 1231 4182 Econtra,
1278 4118 1333 4171 hi
1377 4132 1512 4186 quos
1555 4116 1948 4186 praadestinatio
2004 4117 2223 4186 praescia

647 4211 943 4264 futurorum
971 4205 1262 4277 dispunxit,
1287 4206 1578 4275 negligant,
1608 4212 1974 4269 contemnant,
1996 4214 2050 4259 et
2065 4205 2223 4274 justi-

648 4302 776 4355 tiam
797 4299 1019 4368 fugiant.
1050 4299 1139 4354 Sic
1164 4299 1251 4352 iSti
1279 4299 1444 4353 etiam
1471 4298 1716 4352 nolentes
1747 4299 2029 4353 trahuntur
2057 4297 2123 4351 ad
2143 4298 2222 4351 vi-

650 4398 776 4453 tam,
790 4390 928 4443 sicut
947 4387 1022 4442 illi
1038 4389 1277 4442 volentes
1298 4387 1364 4440 ad
1384 4387 1547 4440 vitam
1563 4387 1865 4457 pertingere
1887 4388 2224 4458 expelluntur

649 4479 701 4530 in
733 4485 978 4531 mortem.
1020 4477 1109 4531 Sic
1137 4476 1251 4529 istis
1280 4491 1385 4530 non
1411 4477 1715 4546 petentibus
1741 4479 1917 4544 datur,
1957 4481 2092 4533 sicut
2120 4473 2224 4533 illis

653 4567 952 4637 petentibus
983 4567 1290 4635 denegatur.
1332 4566 1401 4621 Et
1429 4568 1515 4622 isti
1552 4569 1766 4637 quidem
1790 4587 1896 4626 non
1924 4583 2225 4640 quaerentes

649 4657 938 4726 invenient,
965 4660 1038 4714 illi
1063 4667 1241 4715 autem
1262 4669 1562 4731 quaerentes
1592 4662 1830 4716 invenire
1849 4679 1956 4718 non
1979 4676 2218 4734 possunt.

649 4749 768 4806 Istis
809 4752 1022 4820 pietatis
1062 4752 1374 4821 janua.non
1411 4754 1744 4824 pulsantibus
1781 4767 2077 4820 reseratur;
2123 4757 2226 4811 illis

650 4850 827 4897 autem
883 4843 1027 4896 nulla
1082 4843 1291 4897 ratione
1344 4844 1581 4913 poterit,
1639 4846 1802 4899 etiam
1859 4846 2223 4915 pulsantibus,

649 4936 808 4990 etiam
871 4935 1222 5012 clamantibus
1284 4937 1497 5005 aperiri.
1557 4937 1688 5004 Quis
1737 4939 1876 4998 hanc
1913 4938 2069 4993 tidem
2124 4940 2223 4993 ha-

648 5027 779 5082 bens
831 5025 1169 5082 sacerdotum
1223 5026 1679 5083 benedictionibus
1743 5038 1904 5099 caput
1967 5029 2224 5083 inclinare

650 5116 950 5183 desideret,
1009 5125 1064 5172 et
1119 5132 1303 5172 eorum
1371 5118 1474 5172 sibi
1529 5118 1776 5186 precibus
1839 5126 1894 5172 et
1951 5118 2224 5172 sacriﬁciis

650 5209 832 5275 credat
857 5225 1015 5279 posse
1042 5210 1316 5266 succurri?
1336 5208 1393 5264 Si
1413 5210 1551 5264 enim
1581 5211 1695 5264 hinc
1721 5225 1822 5264 nec
1849 5210 2103 5279 prodesse
2130 5225 2226 5265 vo-

2331 4042 2538 4102 tempns
2566 4031 2820 4100 loquendi
2848 4033 2902 4085 in
2930 4031 2982 4086 id
3007 4032 3270 4102 Sapientia
3297 4030 3474 4085 divina
3504 4029 3813 4091 instituerit,
3847 4036 3905 4080 ut

2326 4132 2382 4178 et
2409 4123 2667 4178 modestia
2710 4123 2764 4176 in
2803 4124 3036 4187 silentio,
3067 4131 3121 4178 et
3160 4124 3298 4178 ratio
3345 4130 3488 4177 esset
3535 4122 3589 4176 in
3617 4121 3801 4181 verbo,
3839 4136 3904 4173 ne

2328 4215 2464 4268 ultra
2494 4214 2790 4270 honestatis
2820 4215 3102 4268 termimun
3152 4213 3518 4281 unusquisque
3560 4212 3792 4278 linguam
3821 4209 3903 4262 vel

2322 4313 2598 4375 promeret
2622 4307 2707 4360 vel
2727 4315 2954 4372 teneret,
2983 4314 3229 4375 essetque
3255 4306 3552 4374 loquacitas
3581 4305 3901 4373 importuna,

2327 4405 2420 4450 aut
2450 4397 2781 4451 taciturnitas
2803 4396 3089 4460 obstinata,
3134 4411 3256 4450 cum
3281 4404 3568 4464 utrumque
3595 4395 3802 4448 veniret
3851 4394 3903 4447 in

2326 4490 2533 4552 vitium,
2566 4489 2715 4564 loqui
2733 4489 2868 4543 velle
2896 4503 3016 4542 cum
3055 4503 3163 4542 non
3186 4487 3400 4552 debeas,
3425 4494 3481 4540 et
3508 4486 3649 4540 nolle
3671 4501 3790 4539 cum
3811 4484 3904 4538 de-

2326 4582 2484 4644 beas;
2511 4578 2651 4634 istud
2670 4579 2831 4647 igitur
2855 4578 2909 4632 in
2931 4578 3248 4630 alterutrum
3277 4575 3578 4631 custodisse
3604 4575 3780 4629 habita
3811 4590 3900 4627 ra—

2326 4671 2473 4724 tione
2500 4669 2786 4738 perdoceo,
2833 4683 2952 4721 cum
2991 4676 3180 4720 contra
3221 4667 3415 4720 librum
3458 4665 3616 4718 matri
3657 4663 3906 4718 Ecclesia:

2329 4761 2635 4814 tendentem
2665 4758 2882 4814 insidias
2921 4757 3086 4811 divini
3131 4756 3240 4812 oris
3269 4770 3415 4810 arma
3445 4755 3697 4825 corripio,
3727 4763 3798 4816 et,
3847 4762 3906 4806 ut
3931 4758 3938 4763 '

2326 4849 2512 4915 Goliae,
2544 4864 2611 4903 ex
2637 4865 2735 4903 suo
2763 4849 2975 4902 sibimet
3005 4847 3202 4916 gladio,
3247 4846 3522 4901 conﬁdens
3561 4845 3615 4900 in
3655 4844 3905 4904 Domino,

2327 4941 2443 5007 ejus
2491 4940 2754 4994 cervicem
2802 4939 3037 4994 abscido.
3070 4937 3171 5004 Qui
3212 4937 3378 4991 tristis
3423 4936 3605 5001 fuerit,
3632 4950 3728 4990 suo
3755 4934 3909 5002 quasi

2329 5046 2446 5084 mus
2481 5031 2738 5099 prodetur
2761 5030 2982 5097 judicio,
3019 5045 3138 5084 cum
3167 5029 3252 5082 sui
3277 5041 3551 5082 murmure
3579 5025 3908 5080 Philistmum

2328 5136 2388 5174 se
2417 5136 2532 5175 esse
2561 5120 2824 5174 detexerit
2856 5138 2868 5171 :
2902 5133 3111 5174 mecum
3141 5127 3318 5173 autem
3343 5118 3696 5187 gratulabitur
3735 5115 3910 5170 omnis

2328 5211 2418 5278 qui
2447 5211 2746 5281 allophylus
2768 5227 2873 5266 non
2895 5219 2996 5264 est.
3019 5211 3185 5279 Igitur
3212 5226 3333 5266 cum
3354 5209 3583 5265 sollicite
3612 5208 3837 5272 celatur,
3857 5215 3912 5261 et

650 5295 899 5362 lentibus,
944 5314 1042 5353 nec
1067 5301 1257 5356 obesse
1283 5301 1588 5355 nolentibus
1627 5300 1884 5369 incipiant
1911 5300 2076 5366 credi,
2108 5316 2224 5356 ces-
2253 5307 2305 5365 D
2329 5302 2540 5356 occulte
2585 5302 2796 5370 legitur,
2828 5310 2882 5356 et
2922 5309 3079 5356 caute
3123 5301 3504 5364 conscribitur,
3550 5297 3766 5352 tandem
3808 5296 3910 5348 ali-

649 5387 844 5465 sabunt
865 5389 1042 5442 omnia
1069 5390 1162 5444 Dei
1189 5391 1527 5446 sacerdotum
1547 5389 1739 5466 studia,
1763 5398 1818 5444 et
1843 5390 2090 5444 universa
2115 5405 2226 5444 mo-

589 5481 595 5490 '
650 5477 883 5532 nitorum
912 5479 1229 5536 adminicula
1253 5498 1388 5536 vana
1416 5483 1736 5538 videbuntur
1771 5495 1888 5536 esse
1929 5478 2177 5548 ﬁgmenta
2207 5499 2220 5531 :

655 5576 815 5636 atque
860 5571 932 5624 ita
956 5573 1315 5640 unusquisque
1354 5575 1462 5628 suis
1510 5575 1612 5628 erit
1639 5574 1782 5629 vitiis
1825 5582 2135 5641 occupatus,
2166 5580 2226 5626 ut

651 5657 931 5714 criminum
976 5676 1193 5714 suorum
1233 5662 1640 5720 delectationem
1670 5664 1765 5719 Dei
1793 5663 2222 5733 przedestinatio-

651 5761 778 5804 nem
801 5750 1086 5817 existimet,
1128 5761 1180 5808 et
1209 5752 1274 5807 ad
1313 5753 1512 5809 bonum
1552 5770 1584 5808 a
1620 5755 1763 5810 malo
1793 5754 2090 5822 transitum,
2122 5768 2223 5809 nec

2321 5390 2559 5461 quando,
2582 5407 2687 5445 non
2708 5399 2820 5445 tam
2846 5390 3019 5450 editus
3037 5405 3196 5460 quam
3219 5391 3603 5460 deprehensus,
3629 5386 3694 5440 ad
3723 5400 3913 5440 manus

2328 5495 2538 5540 nostras
2561 5477 2804 5555 pervenit
2845 5485 2995 5549 liber,
3028 5485 3120 5552 qui
3163 5483 3515 5551 Augustinum
3560 5480 3820 5534 mentitur
3857 5479 3907 5530 in

2326 5575 2502 5640 titulo,
2526 5590 2647 5630 cum
2667 5591 2724 5628 se
2745 5576 3052 5630 haereticum
3073 5575 3320 5629 ostendat
3341 5573 3393 5626 in
3418 5580 3588 5626 textu.
3609 5571 3739 5636 Quis
3768 5571 3907 5623 cnim

2327 5665 2532 5720 nesciat
2551 5665 2899 5734 Augustinum
2923 5665 3282 5720 orthodoxum
3302 5678 3515 5733 semper
3534 5661 3697 5717 fuisse
3719 5663 3908 5715 docto-

2325 5771 2460 5823 rem,
2510 5764 2565 5812 et
2605 5765 2713 5812 tam
2760 5757 3041 5813 scribendo
3083 5771 3245 5824 quam
3297 5752 3619 5825 disputando
3659 5751 3913 5809 omnibus
