4244 6258
349 429 456 489 885

1705 426 1707 428 ·
1721 405 2245 464 PROLEGOMENA.

3512 405 3616 459 586

353 545 620 606 haereticis
648 541 893 599 obviasse
914 538 937 590 ?
956 534 1211 590 Volentes
1240 541 1368 596 ergo
1398 492 1668 580 inimicum
1694 521 1816 578 ﬁdei
1838 540 1936 578 no-
1956 530 2011 601 Α
2038 519 2422 575 catholicorum
2463 516 2658 586 scripta
2703 523 2890 569 contra
2931 515 3302 569 hereticorum
3330 522 3504 569 sectas
3531 516 3615 569 di-

354 648 480 697 strte
508 638 647 693 inter
666 635 854 704 fratres
881 629 1073 697 dogma
1102 622 1371 687 inducere,
1394 617 1718 675 catholicum
1746 631 1934 686 supra-

356 731 600 786 liminare
636 723 755 780 libri
783 721 863 778 sui
894 717 1097 774 titulum
1123 719 1435 786 posuerunt.
1469 707 1569 774 Qui
1596 706 1749 769 liber,
1791 705 1937 759 velut

356 818 655 889 sepulcrum
696 813 883 876 fetens,
915 823 945 861 a
984 805 1116 861 foris
1155 801 1371 872 quidem
1399 796 1679 867 Augustini
1719 795 1942 877 nomine

356 909 650 970 dealbatur,
697 903 838 958 intus
874 914 1002 954 vero
1031 894 1256 952 scaturit
1279 889 1551 947 vermibus
1579 893 1930 942 mortuorum.

359 999 509 1054 llunc
534 998 722 1052 librum
751 989 1036 1061 aliquando
1066 986 1168 1042 sibi
1206 984 1448 1040 oblatum
1479 977 1800 1035 beatissima:
1825 990 1936 1029 me-

359 1090 540 1144 moria:
578 1099 810 1142 summus
835 1079 1076 1153 pontifex
1103 1073 1428 1132 leestinus
1469 1071 1542 1124 ita
1582 1063 1936 1122 exsecrationi

354 1179 555 1243 habuit,
579 1185 636 1233 ut
663 1190 788 1231 eum
809 1178 1074 1245 perpetuo
1097 1168 1312 1238 juberet
1331 1160 1582 1218 damnari.
1594 1158 1827 1213 silentio.
1857 1156 1936 1211 Eo

350 1270 520 1339 magis
564 1266 939 1322 haereticorum
991 1259 1203 1315 animus
1248 1253 1637 1313 inﬂammatus,
1687 1247 1936 1312 clanculo

347 1375 471 1415 eum
491 1373 590 1428 per
607 1356 847 1426 diversas
871 1352 1063 1408 domos
1083 1345 1300 1404 tradidit
1323 1341 1667 1399 lectitandum
1694 1357 1706 1391 :
1739 1339 1938 1407 quiquo

346 1456 550 1520 quanto
581 1449 685 1517 legi
714 1445 928 1517 publice
952 1441 1254 1503 vetabatur,
1287 1443 1438 1490 tanto
1460 1433 1526 1487 ab
1549 1432 1626 1486 eis
1654 1429 1934 1520 assereba-

349 1515 438 1594 t-ur
467 1515 814 1607 insuperabili
862 1532 1117 1602 azquitate
1153 1525 1508 1593 conscriptus.
1556 1517 1746 1589 Sicque
1775 1515 1936 1607 perfi-

347 1629 481 1683 dum
504 1606 676 1682 iniere
701 1623 1005 1688 consilium,
1025 1627 1086 1674 ut
1121 1618 1175 1672 in
1202 1614 1420 1670 modum
1440 1609 1664 1683 symboli
1693 1623 1801 1662 non
1829 1606 1938 1660 dis-

346 1720 632 1778 cutiendus
681 1716 987 1771 traderetur
1035 1709 1327 1779 aliquibus,
1368 1703 1462 1759 sed
1501 1699 1814 1756 credendus.
1860 1697 1937 1751 Ita

346 1822 538 1870 contra
569 1813 711 1867 hunc
751 1807 1100 1886 suscepimus,
1133 1811 1193 1858 ut
1229 1801 1514 1856 adversum
1554 1781 1762 1862 singula
1787 1792 1935 1847 blas-

2038 610 2287 665 micantia
2327 609 2527 663 idcirco
2553 622 2930 672 memoramus,
2963 614 3018 660 et
3045 621 3232 661 omnes
3252 607 3481 661 han-eses
3505 607 3615 660 sin-

2036 697 2256 769 gillatim
2287 713 2383 769 per
2407 698 2669 763 ordinem,
2703 697 2828 752 licet
2859 698 3104 763 strictim,
3128 697 3524 767 perscribimus,
3557 707 3616 752 ut

2036 793 2207 847 sciant
2246 806 2399 845 nova:
2441 790 2595 858 hujus
2635 789 2852 843 haeresis
2890 789 3196 844 inventores
3232 790 3469 844 omnium
3515 807 3614 846 nos

2036 882 2411 937 haereticorum
2439 880 2836 935 deﬁnitionibus
2865 879 3153 945 adversari,
3195 887 3251 934 et
3292 879 3487 934 nullius
3516 895 3611 934 eo-

2035 989 2152 1027 rum
2175 985 2362 1028 contra
2391 987 2449 1026 se
2476 972 2553 1026 uti
2573 987 2856 1026 consensu.
2881 969 3068 1025 Cesset
3095 972 3269 1026 omnis
3295 971 3614 1040 tergiversa-
3693 961 3706 973 ’

2037 1065 2132 1128 tio,
2165 1072 2218 1119 et
2240 1064 2503 1120 calliditas
2542 1064 2923 1118 oblatrantium
2949 1065 3002 1118 in
3023 1065 3242 1118 modum
3269 1065 3416 1118 canis
3441 1064 3614 1118 vomi-

2037 1164 2123 1210 tus
2146 1171 2271 1210 suos
2293 1155 2405 1225 ipsa
2428 1156 2618 1209 iterum
2640 1156 2872 1209 sorbeat.
2896 1153 3093 1209 Omnes
3115 1170 3144 1208 a
3165 1153 3382 1209 Simone
3409 1163 3615 1224 emptas

2037 1249 2266 1302 hzereses
2293 1247 2606 1316 detegimus,
2639 1248 2930 1315 arguimus,
2959 1246 3392 1313 condemnamus,
3425 1257 3480 1302 et
3503 1257 3614 1302 tam

2036 1340 2244 1394 ratione
2273 1353 2432 1407 quam
2479 1339 2799 1393 auctoritate
2842 1346 3118 1408 superatas
3166 1339 3512 1392 ostendimus.
3555 1339 3613 1392 ln

2037 1428 2342 1484 detectione
2383 1429 2544 1496 igitur
2577 1427 2820 1482 falsitatis
2859 1437 2914 1482 et
2949 1429 3004 1481 in
3038 1428 3348 1482 defensione
3377 1429 3616 1482 veritatis

2037 1520 2426 1574 catholicorum
2455 1535 2638 1574 sumus
2675 1518 2842 1574 secuti
2872 1518 3126 1586 vestigia;
3173 1527 3226 1571 et
3255 1518 3307 1572 id
3335 1519 3615 1586 gessimus,

2040 1620 2098 1667 ut
2126 1613 2179 1666 in
2208 1613 2382 1682 primo
2411 1613 2550 1667 libro
2581 1619 2818 1666 veterata
2855 1611 3120 1664 haereseos
3148 1611 3458 1680 superstitio
3496 1627 3618 1681 per—

2039 1711 2310 1773 patescat;
2334 1703 2388 1756 in
2411 1702 2645 1757 secundo
2663 1717 2793 1756 vero
2822 1717 2974 1756 nova:
2999 1702 3389 1757 adinventionis
3413 1719 3618 1758 venena

2041 1811 2146 1849 non
2177 1795 2406 1859 lateant;
2439 1795 2628 1849 tertius
2655 1809 2785 1848 vero
2828 1794 2962 1848 liber
2988 1794 3256 1849 htereseos
3282 1795 3502 1850 devicta:
3533 1805 3611 1849 tu-

347 1910 686 1980 pbemiorum
711 1889 828 1974 ejus
863 1885 1023 1967 dicta,
1049 1908 1160 1954 tam
1179 1892 1490 1952 rationabili
1517 1889 1746 1944 veritate
1773 1901 1935 1954 quam
1966 1891 2014 1951 B
2040 1886 2240 1939 mulum
2287 1885 2517 1954 ﬁdeique
2565 1895 2825 1956 tropzeum
2873 1887 3080 1941 cunctis
3123 1885 3376 1942 Ecclesiis
3426 1889 3635 1944 tradat..

350 1977 511 2068 legali
527 1997 847 2052 auctoritate
866 2005 1183 2064 pugnemus.
1200 1988 1368 2055 Quem
1384 1985 1578 2039 librum
1604 1996 1710 2035 non
1735 1977 1937 2032 discer-

352 2097 567 2160 pentes,
596 2086 692 2142 sed
734 2086 1000 2156 integrum
1027 2097 1150 2137 eum
1177 2079 1244 2134 ab
1287 2077 1440 2132 initio
1468 2089 1638 2143 usque
1682 2071 1750 2126 ad
1778 2070 1939 2160 linem

355 2159 787 2247 pnescribentes,
818 2171 1173 2242 nonagesimaz
1198 2169 1462 2223 haereseos
1488 2162 1814 2234 proiecimus
1843 2159 1937 2214 sil-

358 2283 461 2332 vm,
495 2267 741 2321 arborem
770 2280 893 2319 eum
932 2261 1307 2330 nequissimam
1333 2257 1663 2324 detegentes,
1694 2251 1760 2305 ad
1785 2247 1940 2317 cujus

308 2390 309 2393 η
358 2357 600 2413 radicem
637 2356 839 2412 securis
866 2361 948 2409 est
987 2352 1180 2422 posita,
1209 2348 1276 2403 ad
1303 2347 1407 2402 hoc
1426 2355 1485 2400 ut
1505 2341 1782 2398 excidatur
1802 2347 1862 2408 et
1885 2340 1941 2393 in

357 2448 539 2517 ignem
568 2447 826 2501 mittatur.
861 2443 1171 2512 Ubicunque
1193 2448 1371 2495 autem
1400 2435 1640 2506 ejusdem
1662 2432 1783 2486 libri
1815 2437 1941 2484 sunt

355 2537 518 2602 dicta,
544 2537 697 2592 lineis
725 2552 756 2590 a
796 2545 946 2604 tergo
972 2547 1224 2589 versuum
1257 2527 1558 2599 jacentibus
1596 2524 1936 2590 deteguntur.

352 2625 487 2692 Qua:
514 2626 637 2681 licet
664 2642 762 2696 pro
790 2626 904 2696 ipsa
941 2625 1022 2680 sui
1051 2621 1403 2694 perversitate
1447 2618 1588 2671 ultro
1629 2629 1688 2669 se
1715 2611 1941 2680 legenti-

353 2718 455 2772 bus
496 2717 743 2787 prodant,
795 2724 974 2770 tamen
1009 2715 1216 2782 egimus
1261 2718 1323 2764 ut
1362 2708 1565 2763 veritas
1601 2720 1632 2758 a
1658 2701 1938 2757 mendacio

353 2822 467 2861 non
496 2806 667 2860 solum
687 2805 866 2859 verbis
895 2801 1320 2863 rationabilibus,
1351 2797 1446 2853 sed
1465 2796 1629 2851 etiam
1655 2792 1840 2860 alogiis
1860 2793 1939 2844 in-

350 2893 704 2965 crepantibus
742 2892 1095 2958 discernatur.
1145 2888 1290 2944 Sane
1333 2885 1641 2942 Graecorum
1683 2898 1782 2938 nos
1808 2881 1940 2949 legis

2041 1975 2290 2031 Clemens
2313 1976 2492 2044 itaque
2512 1975 2785 2031 Romanus
2807 1977 3111 2046 episcopus,
3137 1975 3281 2031 Petri
3309 1977 3618 2048 discipulus,

2040 2064 2238 2120 Christi
2257 2067 2599 2134 dignissimus
2631 2074 2851 2136 mstyr,
2877 2065 3110 2121 Simonis
3136 2069 3378 2122 hazresim
3409 2086 3438 2121 a
3462 2069 3620 2122 Petro

2042 2156 2287 2226 apostolo
2316 2171 2436 2211 cum
2466 2157 2584 2225 ipso
2621 2155 2840 2211 Simone
2877 2165 3180 2226 superatam
3210 2158 3440 2212 edocuit.
3474 2159 3622 2213 Hunc

2041 2245 2212 2300 secuti
2257 2251 2381 2298 sunt
2426 2245 2596 2300 sancti
2653 2245 2852 2314 quique
2899 2244 3186 2298 orthodoxi
3235 2246 3368 2311 viri;
3416 2255 3470 2302 et
3523 2264 3621 2300 suo

2045 2337 2269 2406 quisque
2319 2343 2562 2406 tempore
2610 2334 3026 2406 uniuscujusque
3087 2338 3302 2393 haeresis
3348 2347 3523 2393 ortum
3571 2348 3622 2394 et

2046 2433 2319 2480 certamen
2348 2434 2404 2480 et
2431 2428 2653 2494 exitum,
2699 2446 2798 2499 per
2824 2429 3082 2499 plurimos
3125 2431 3310 2495 libros,
3360 2441 3416 2485 et
3460 2431 3622 2488 multa

2047 2517 2209 2572 millia
2238 2533 2489 2573 versuum
2517 2522 2948 2591 conscripserunt
2997 2541 3008 2576 :
3051 2537 3170 2590 quae
3199 2539 3296 2577 nos
3322 2523 3627 2592 epitomau~

2049 2616 2146 2672 tes,
2173 2606 2397 2675 juvante
2446 2608 2692 2676 Domino,
2743 2611 2849 2667 hoc
2876 2627 2982 2666 uno
3021 2611 3201 2666 libello
3243 2611 3620 2666 conclusimus.

2046 2697 2287 2753 Orabunt
2325 2716 2424 2769 pro
2468 2702 2624 2756 nobis
2651 2709 2837 2756 sancta
2883 2702 3076 2766 studia,
3106 2718 3224 2770 qua:
3271 2703 3338 2756 ad
3383 2703 3623 2772 requiem

2047 2804 2296 2844 curarum
2335 2806 2552 2845 suarum
2580 2807 2678 2861 per
2713 2791 2856 2846 hunc
2897 2799 3136 2847 nostrum
3184 2792 3423 2848 laborem
3464 2793 3620 2848 attin~

2046 2887 2194 2948 gunL

1507 3007 3586 3040 ..—-———o-—————-——-————-_—————_——___._.

839 3095 1220 3158 VETERUM
1263 3090 1752 3156 TESTIMONIA
1793 3086 1896 3149 DE
1938 3085 2744 3154 PRIEDESTINATORUM
2786 3092 3119 3156 HERESI.

353 3223 498 3280 Tmo
524 3220 784 3288 Pnosrsa,
811 3221 863 3274 in
892 3218 1165 3284 Chronico,
1187 3233 1252 3273 ea:
1273 3189 1579 3271 bibliotheca
1600 3214 1659 3268 S.
1695 3210 1938 3266 Victoris.

426 3352 940 3408 Prmdestinatorum
969 3350 1204 3416 haeresis,
1235 3363 1353 3419 quae
1377 3358 1401 3385 ⁸
1434 3348 1504 3403 ab
1530 3345 1827 3415 Augustino
1855 3357 1945 3397 ac-

262 3486 274 3498 .
349 3448 568 3521 cepisse
584 3446 782 3502 dicitur
803 3446 1032 3511 initium,
1047 3443 1131 3498 his
1145 3441 1475 3513 temporibus
1493 3453 1710 3509 serpere
1731 3451 1941 3492 exorsa.

425 3583 698 3638 ABNOBIUS
712 3580 894 3652 junior
917 3581 972 3634 in
993 3579 1248 3650 psalmum
1275 3578 1602 3632 centesimum
1622 3583 1873 3629 octavum.

430 3721 636 3776 Dilexit
658 3718 1089 3775 maledictionem
1117 3715 1260 3782 Adae,
1291 3730 1410 3785 qua:
1438 3729 1532 3784 per
1557 3710 1828 3766 Christum
1857 3711 1973 3764 au-'

357 3812 551 3879 fertur,
579 3819 635 3866 et
662 3810 839 3867 veniet
863 3809 914 3865 ei
940 3826 954 3862 :
979 3816 1036 3864 et
1062 3807 1233 3864 ncluit
1255 3803 1686 3863 benedictionem
1710 3817 1830 3870 quae
1856 3816 1954 3871 per

359 3902 638 3958 Christum
677 3900 914 3966 atl'ertur,
946 3908 1002 3955 et
1028 3899 1214 3969 utique
1241 3896 1577 3966 elongabitur
1602 3894 1669 3948 ab
1697 3909 1780 3948 eo.
1813 3891 1952 3948 Nota

359 4009 434 4049 ex
473 3993 698 4048 arbitrio
740 3993 980 4047 evenisse
1008 3999 1067 4044 ut
1094 3989 1280 4053 nollet,
1309 3996 1530 4059 propter
1563 3986 1806 4042 haeresim
1833 3998 1952 4055 qua:

363 4084 503 4138 dicit
550 4082 716 4139 Deum
762 4083 895 4137 alios
938 4081 1344 4151 praedestinasse
1389 4080 1455 4133 ad
1497 4079 1948 4141 benedictionem,

361 4175 508 4230 alios
534 4173 603 4229 ad
629 4173 1071 4229 maledictionem.
1115 4173 1204 4228 Sic
1247 4173 1389 4229 enim
1430 4188 1498 4226 cx
1531 4172 1815 4227 dilectione
1855 4185 1952 4224 sua

361 4250 801 4323 maledictionem
829 4265 1025 4321 habere
1050 4265 1325 4336 probatur,
1357 4274 1412 4320 et
1441 4266 1582 4320 nolle
1607 4281 1761 4320 suum
1788 4263 1954 4317 bene-

361 4358 620 4415 dictionis
641 4357 915 4428 praemium
943 4373 1048 4414 non
1069 4360 1286 4414 habere.
1347 4419 1356 4428 ,

361 4469 614 4528 Faustus
636 4469 871 4566 Rei‘ensis
895 4473 1160 4542 episcOpus
1194 4472 1263 4525 ad
1291 4471 1559 4527 Leontium
1580 4469 1948 4523 Arelatensem.

438 4582 600 4652 Quod
619 4595 718 4655 pro
737 4583 1092 4640 sollicitudine
1111 4585 1386 4655 pastorali,
1409 4585 1564 4640 beate
1579 4598 1718 4653 papa
1740 4580 1950 4646 Leonti,

357 4677 418 4733 in
459 4675 870 4733 condemuando
916 4677 1403 4748 prie-destinationis
1451 4661 1633 4732 errore
1670 4674 1953 4731 concilium

357 4780 701 4824 summorum
725 4769 1023 4824 antistitum
1049 4769 1432 4838 congregastis,
1452 4768 1728 4822 universis
1755 4765 1954 4820 Gallia-

357 4874 484 4916 rum
512 4857 771 4916 Ecclesiis
806 4860 1146 4930 praestitistis.

469 4970 782 5028 Gemmas
808 4970 1156 5028 Massiliensis
1191 4975 1247 5027 in
1276 4973 1406 5028 libro
1433 4973 1495 5027 de
1525 4971 1841 5026 Haeresibus.

432 5077 917 5140 Prtedestinatiani
949 5095 1074 5144 sunt
1120 5089 1211 5156 qui
1257 5087 1441 5142 dicunt
1481 5085 1624 5157 quod
1669 5085 1808 5140 Deus
1850 5101 1956 5141 non

361 5191 560 5233 omnes
587 5177 654 5232 ad
682 5177 787 5234 hoc
814 5187 962 5234 creet
989 5187 1050 5233 ut
1077 5195 1264 5235 omnes
1291 5181 1580 5245 salventur,
1623 5178 1716 5234 sed
1745 5187 1803 5234 ut
1821 5179 1959 5234 nmi-

365 5267 602 5322 titudiue
627 5267 905 5322 hominum
930 5278 1152 5324 ornetur
1175 5269 1420 5323 mundus.
1453 5268 1605 5335 Quod
1633 5277 1688 5322 et
1723 5269 1768 5322 si
1796 5284 1959 5338 gene-

362 5359 466 5412 rali
495 5357 881 5430 praedicatione
908 5360 1053 5416 dicat
1081 5379 1092 5413 :
1135 5360 1316 5414 Venite
1347 5360 1417 5413 ad
1441 5376 1536 5426 me,
1561 5376 1733 5415 omnes
1761 5362 1846 5431 qui
1875 5360 1957 5413 la-

368 5448 566 5505 boratis
595 5460 645 5506 et
676 5454 876 5507 onerati
903 5456 1044 5519 estis,
1077 5462 1125 5506 et
1154 5469 1247 5525 ego
1283 5454 1511 5522 reﬁciam
1532 5470 1618 5507 vos
1642 5452 1854 5524 (Matth.
1886 5471 1958 5521 x1,

364 5540 493 5611 28);
527 5557 639 5597 non
665 5551 848 5598 tamen
873 5559 1064 5600 omnes
1091 5559 1155 5599 ea
1180 5544 1455 5599 voluntate
1482 5553 1656 5610 vocet,
1687 5553 1745 5598 ut
1775 5530 1963 5600 omnes

445 5707 473 5735 κ
504 5696 664 5771 Ωιιοᾲ
677 5699 743 5771 in
763 5698 992 5771 Tironis
1029 5701 1298 5756 Chronico
1324 5701 1580 5771 scriptum
1609 5711 1725 5756 erat
1753 5704 1815 5756 ab
1857 5705 1963 5757 Au-

370 5770 605 5843 gustino,
634 5769 945 5843 Sigebertus
973 5769 1482 5843 interpretatusest,
1514 5770 1600 5843 Ea;
1624 5772 1766 5826 libris
1789 5775 1964 5843 Auguj

375 5838 502 5896 ξιὶηὶ
545 5838 679 5893 male
717 5841 1007 5908 intellectis,
1032 5838 1329 5897 verissime.
1359 5839 1474 5896 Hoc
1515 5841 1658 5896 enim
1699 5849 1783 5897 est
1821 5838 1964 5911 quod

705 5933 978 5996 Panos.
1024 5932 1178 5995 Llll.

2045 3216 2340 3276 sequantur
2365 3221 2669 3268 vocantem.
2702 3213 2808 3269 Sed
2837 3231 2937 3270 nec
2974 3232 3161 3272 omnes
3189 3219 3278 3288 qui
3320 3220 3435 3288 ipso
3465 3222 3627 3292 inspiv

2047 3305 2201 3352 rante
2248 3300 2504 3357 obediunt
2553 3305 2823 3360 vocationi
2869 3306 3116 3364 dicuntur
3171 3293 3416 3379 accipere
3471 3327 3630 3368 exse-
3694 3341 3699 3348 ·

2048 3391 2246 3458 quendi
2300 3394 2355 3447 in
2401 3394 2546 3451 bono
2612 3412 2778 3468 opere
2843 3404 3297 3470 perseverantiam
3361 3406 3455 3460 sed
3509 3415 3625 3475 post

1973 3509 2022 3574 C
2050 3482 2247 3574 multos
2275 3483 2488 3542 labores
2515 3496 2571 3543 et
2593 3487 2811 3557 justitia:
2835 3490 3052 3557 fructus,
3085 3494 3128 3547 si
3153 3511 3259 3548 non
3282 3485 3407 3549 sun't
3433 3494 3500 3549 de
3525 3498 3627 3551 sal~

2051 3573 2349 3630 vandorum
2369 3594 2613 3644 numero,
2645 3577 3036 3636 subtrahendas'
3061 3585 3139 3637 eis
3162 3586 3303 3639 vires
3331 3586 3538 3652 agendi,
3562 3603 3629 3640 ne

2049 3664 2341 3733 perdurent
2365 3668 2419 3721 in
2447 3669 2620 3734 bono;
2652 3678 2706 3723 et
2734 3685 2764 3723 e
2792 3672 3061 3725 contrario
3091 3673 3210 3728 illos
3237 3675 3325 3742 qui
3356 3674 3630 3742 prmdesti-

2051 3759 2162 3812 nati
2200 3767 2324 3813 sunt
2351 3759 2420 3813 ad
2445 3759 2607 3814 vitam
2636 3768 2918 3828 aeternam,
2949 3764 3158 3818 etiamsi
3197 3766 3248 3818 in
3295 3766 3514 3835 perﬁdia
3545 3769 3631 3822 vel

2052 3853 2198 3906 omni
2218 3865 2413 3919 genere
2439 3854 2644 3922 peCcati
2673 3853 2833 3921 longo
2861 3853 3103 3925 tempore
3131 3859 3456 3925 volutentur,
3483 3877 3630 3917 acce-

2051 3952 2238 4014 pturos
2267 3945 2605 4001 occasionem
2633 3963 2736 4017 qua
2764 3956 2819 4001 et
2839 3948 3059 4003 credant
3079 3950 3131 4002 in
3153 3950 3337 4014 Deum,
3361 3961 3416 4008 et
3441 3970 3630 4009 secun-

2052 4033 2179 4089 dum
2209 4035 2304 4091 Dei
2333 4044 2656 4107 praaceptum
2681 4039 2879 4105 vivant,
2903 4047 2961 4093 ut
2988 4041 3294 4109 possideant
3320 4046 3632 4100 societatem

2053 4133 2381 4182 sanctorum.
2415 4128 2530 4182 Tali
2559 4127 2867 4185 definitione
2907 4131 2958 4184 id
2985 4131 3179 4187 docere
3221 4133 3454 4201 student,
3487 4135 3631 4204 quod

2056 4219 2197 4274 Deus
2241 4235 2497 4289 personas
2534 4222 2807 4276 hominum
2849 4223 3091 4292 accipiat,
3123 4223 3265 4292 quod
3301 4225 3433 4279 alios
3469 4226 3632 4280 etiam

2056 4309 2251 4365 invitos
2297 4321 2418 4380 post
2459 4313 2625 4368 multa
2665 4312 2804 4366 mala
2835 4327 2998 4382 opera
3027 4315 3263 4368 attrahat
3290 4314 3357 4368 ad
3384 4315 3629 4381 salutem,

2057 4399 2192 4454 alios
2217 4409 2342 4469 post
2366 4403 2508 4457 bona
2537 4402 2745 4472 rejiciat
2771 4410 2826 4456 et
2861 4402 3146 4473 compellat
3187 4405 3240 4458 in
3277 4404 3494 4470 malum,
3524 4421 3634 4474 quo

2057 4499 2280 4559 pereant
2306 4492 2359 4546 in
2378 4502 2655 4548 aeternum.

2057 4603 2290 4660 Joannes
2315 4605 2550 4663 ERIGENA
2577 4615 2756 4662 contra
2789 4608 3218 4677 Gotteschalcum,
3249 4612 3336 4665 lib.
3365 4629 3400 4678 ι,
3434 4629 3546 4682 cap.
3579 4611 3634 4665 4.

2050 4759 2064 4767 .
2130 4718 2254 4774 Ηωο
2295 4720 2452 4788 igitur
2479 4720 2696 4775 hzeresis
2723 4718 3187 4788 Gotteschalcana,
3220 4725 3261 4777 si
3295 4723 3386 4777 tali
3423 4725 3638 4780 nomine

2060 4818 2238 4880 potest
2265 4810 2464 4875 vocari,
2493 4811 2636 4864 inter
2670 4812 2802 4866 duas
2840 4812 2971 4866 alias
3007 4813 3237 4868 haereses
3274 4814 3374 4867 sibi
3413 4815 3638 4868 invicem

1980 4873 2036 4934 D
2060 4903 2404 4958 adversantes
2431 4903 2734 4960 medietatis
2763 4905 2884 4961 loco
2921 4907 3208 4961 constituta
3246 4914 3326 4960 est
3360 4923 3370 4955 :
3405 4905 3543 4956 inter
3570 4905 3634 4955 il-

2061 4996 2166 5049 lam
2213 4995 2371 5065 plane
2415 4982 2534 5064 quze
2579 4997 2772 5052 dicitur
2816 4997 3117 5067 Pelagiana,
3163 5005 3216 5050 et
3260 4995 3400 5046 illam
3431 5007 3548 5061 qua:
3586 4993 3640 5045 ei

2063 5093 2340 5156 repugnat.
2372 5085 2609 5152 Quarum
2639 5104 2743 5142 una
2771 5089 2913 5143 dono
2953 5088 3141 5140 divina:
3182 5083 3364 5151 gratiae
3393 5083 3635 5148 derogat,
3664 5141 3676 5150 _

2063 5177 2231 5231 altera
2251 5177 2550 5232 libertatem
2577 5179 2782 5234 arbitrii
2807 5179 3141 5233 condemnat.
3173 5172 3453 5239 Pelagiana
3475 5171 3667 5248 siqui-1

2064 5268 2185 5324 dem
2215 5278 2361 5324 secta
2388 5270 2691 5324 libertatem
2731 5267 2935 5322 arbitrii
2971 5263 3246 5318 rationalis
3281 5269 3484 5318 natura:
3521 5251 3669 5319 tan?

2065 5370 2176 5415 tum
2197 5362 2554 5426 commendat,
2580 5366 2636 5413 ut
2663 5360 2776 5412 sine
2803 5356 2943 5410 dono
2968 5353 3152 5423 gratiae
3178 5354 3244 5410 ad
3264 5355 3639 5424 perficiendam
3667 5363 3675 5414 ξ

2065 5453 2295 5510 hominis
2319 5442 2579 5524 justitiam
2607 5449 2854 5506 suﬂiciat.
2885 5446 3012 5516 Ejus
3040 5462 3169 5503 vero
3198 5456 3343 5504 secta
3371 5449 3639 5504 contraria
3667 5427 3680 5522 ἦ

2066 5549 2307 5615 gratuitae
2336 5547 2518 5615 gratizc
2562 5543 2759 5596 donum
2797 5538 3100 5605 conﬁrmat,
3131 5549 3190 5595 ut
3226 5555 3289 5595 ea
3315 5540 3429 5594 sola
3461 5539 3516 5593 in
3541 5538 3639 5592 ho-

3675 5525 3684 5555 ι

3675 5564 3686 5598 ί

2066 5703 2134 5758 de
2156 5704 2214 5758 S.
2240 5699 2514 5770 Augustini
2539 5697 2988 5770 obtrectatoribus
3009 5700 3076 5755 ad
3101 5699 3342 5770 Capitula
3365 5699 3640 5753 Gallorum

2067 5765 2396 5842 respondens
2423 5775 2647 5842 testatur
2669 5765 3054 5842 Prosp_er,_ejus
3081 5765 3200 5842 illos
3221 5770 3520 5842 doctrinam
3547 5777 3642 5822 aut

2070 5836 2176 5899 non
2208 5837 2570 5908 intelligendo,
2598 5845 2690 5894 aut
2718 5836 2938 5908 intelligi
2969 5836 3198 5894 nolendo
3229 5836 3636 5910 reprehendere.

3168 5930 3242 5992 19
