4244 6258
1521 119 1549 146 ἢ

453 384 551 441 δῃι
701 435 703 438 ι
959 369 964 371 >
1189 312 1212 315 ﬂ
1453 343 1825 404 anonvnus
1863 337 2144 396 AUCTOR
2182 327 2699 420 l’BxEDESTl-NATI
3625 312 3734 370 ειη

455 506 525 560 lli
551 517 650 574 per
675 499 950 562 Orientem
975 484 1202 557 dispersi
1229 471 1465 549 graviter
1490 465 1583 524 Dei
1610 464 1907 521 Ecclesiam
1932 460 2044 515 vul-
2067 465 2124 525 Α
2147 458 2351 534 primus
2397 455 2560 510 homo
2609 449 2903 506 amiserat.
2952 444 3258 495 ι’θνοοθῐιιΐ·
3301 431 3579 498 δθοωιάθ,
3609 446 3734 487 cum

1270 570 1283 574 _
1451 572 1458 574 ξ
1527 561 1558 574 ι-
1693 573 1696 574 ,
1724 573 1735 574 γ
1756 571 1859 574 ,,___
1903 567 2011 574 --μ
2149 545 2518 574 ε.......,......1ηι..ε
2549 540 2639 574 ηιςί
2668 545 2781 574 amr
2813 538 3067 574 πβρι-βίην
3089 527 3340 574 efﬁcitur.
3383 523 3585 574 Tertia.
3613 537 3733 574 cum

457 523 525 560 Ill
591 523 650 558 δι’
675 523 950 554 υΐιυιιιυιιι
975 523 1057 544 una
1096 523 1202 540 νισι
1229 523 1324 549 υ.--
1341 523 1456 529 η---
1549 523 1552 524 ,
2069 523 2088 525 _
2147 523 2166 528 _

457 523 746 655 negarunt,
791 558 1030 640 dicentes
1057 523 1382 647 profundum
1411 572 1467 619 et
1494 561 1658 617 altum
1685 571 1866 612 secum
1895 567 2043 608 com-
2149 529 2522 604 immaculatus
2549 540 2642 610 qui
2668 545 2786 594 erat
2813 538 3067 605 peccator
3089 527 3340 585 efﬁcitur.
3383 523 3585 587 Tertia,
3613 537 3733 578 cum

1683 649 1696 655 ’
1775 649 1786 655 ’
2248 645 2290 655 ’ί
2425 647 2611 655 Α-η--λ
2643 635 2913 655 mut-mm
2943 620 3292 655 annnam-un...
3351 615 3579 655 nm“,
3614 630 3733 655 mm

460 615 746 655 nerarum,
791 615 1030 640 uiucuwa
1059 615 1382 647 yl\'Iu--‘-—---
1418 615 1462 619 --
1499 615 1523 617 ψ

460 689 649 743 ιιιίιιθο
710 679 789 732 EX
815 673 1010 744 αυίὺιιε
1037 667 1247 724 dntibus
1265 703 1281 728 ν
1314 659 1459 715 velut
1481 669 1548 710 ex
1576 649 1826 719 00⁸³1118ίο
1844 685 1859 710 ,
1890 661 2047 699 mun-
2150 655 2218 695 ex
2247 645 2387 693 terra
2417 647 2616 705 corpus
2643 635 2916 685 mortuum
2943 620 3312 680 suscitabitur.
3351 615 3583 683 Quarta,
3614 630 3738 670 cum

1832 737 1851 744 -
1939 738 1949 744 .
2225 731 2237 743 .
2390 729 2405 744 ι
2491 727 2503 739 .
2550 723 2684 744 p-_h:
2745 718 2982 744 ,ιιηηο-ζ,
3033 714 3238 744 ,ηπ-ξι...»
3318 708 3512 744 “ninia
3594 706 3738 744 unm]

461 706 649 743 mlxw.
711 706 789 732 Dx
815 706 1010 744 quruua
1037 706 1281 728 υυυυυιυ,
1323 706 1456 715 ,υτ-
1488 706 1548 710 --κ
1592 706 1626 707 η
1676 706 1696 719 υ
1739 706 1768 718 ν
1846 706 1854 710 _

461 777 592 831 dum
616 767 974 843 processisse:
1000 761 1167 814 altum
1194 755 1436 810 dicentes
1461 746 1697 807 Patrem,
1723 737 2049 811 profundum
2152 731 2328 787 anima
2374 729 2442 784 de
2490 723 2687 782 inferni
2739 718 2987 777 claustris
3032 714 3256 771 eruitur.
3318 708 3516 777 Quinta
3539 747 3555 772 ,
3594 706 3738 777 quod

1384 842 1388 843 ⁷
1529 837 1541 843 ·
1616 833 1666 843 “”
1735 832 1746 842 ⁸
1848 830 1860 842 ⁶
1905 828 1942 843 ν’
2159 823 2324 843 “2—.-
2376 816 2607 843 —-._...l:..:
2659 811 2993 843 ιηιιιῖθθιῖηηο
3041 808 3269 843 lane-smn
3312 814 3596 843 mmnmne
3623 814 3738 843 (mr-

467 808 592 831 υυΙΙΙ
639 808 668 825 ΙΙ
681 808 941 824 ιιυνυυιυυν
962 808 974 815 -
1001 808 1166 814 --ν,.---
1207 808 1212 809 ,
1264 808 1275 810 ἡ
1728 808 1743 811 -

467 808 681 925 Ιθίιὶυιζι,
713 870 944 926 eumque
969 850 1105 907 nihil
1133 842 1485 914 assumpsisse
1511 837 1579 892 de
1616 832 1784 888 Maria
1810 828 2047 898 virgine;
2154 823 2331 878 anima
2376 816 2610 891 paradisi
2658 811 2995 870 habitatione
3041 808 3276 870 lzetatur,
3312 814 3741 875 quousque‘cor-

1803 923 1822 926 ’“
1920 921 1932 926 ³
2489 912 2500 923 ⁶
2645 904 2888 926 η--...ξι.ει,
2936 900 3161 926 ..λικε-ιζ...
3238 895 3401 926 Gavio
3431 891 3575 926 nnan
3607 890 3741 926 “lin:

468 890 681 925 I‘Illuul,
713 890 944 926 cumun
969 890 1105 907 ηιμ..
1133 890 1480 914 ..ηυντ-η--
1521 890 1572 892 πή
1895 890 1922 898 ν
2032 890 2040 893 _
2381 890 2386 891 ν

467 955 564 1012 sed
593 953 740 1008 illum
760 992 774 1016 ,
808 958 1062 1015 tanquam
1112 953 1307 1010 aquam
1334 951 1433 1007 per
1474 932 1647 987 rivum
1676 933 1768 981 aut
1794 921 2049 988 ﬁstulam,
2154 931 2259 988 pus
2285 929 2442 970 suum
2487 904 2891 977 incorruptibile
2936 900 3184 971 recipiat.
3238 895 3405 952 Sexta
3431 891 3580 963 quod
3607 890 3748 944 ﬁlios

2166 1006 2182 1016 ·
2231 1008 2263 1016 -
2374 1003 2397 1016 Α
2458 1003 2488 1016 ιι
2596 1001 2608 1013 ο
2650 1014 2660 1016 Α
2688 1005 2788 1016 ψη.
2821 995 2912 1016 cu:
2953 992 3069 1016 Δ)...
3145 987 3382 1016 αη-ιθεινιη
3448 981 3590 1016 ιιι-ΛΑ
3622 979 3744 1016 fon“

464 1049 589 1104 sine
615 1045 722 1100 ulla
747 1040 923 1098 carnis
957 1033 1319 1104 assumptione
1350 1025 1624 1082 transisse.
1658 1017 1848 1074 Carnis
1874 1020 2054 1068 autem

470 1134 922 1194 resurrectionem
954 1123 1278 1184 omnimodis
1304 1120 1648 1186 denegantes.
1695 1110 1806 1165 llos
1834 1105 2056 1162 anathe-

472 1227 747 1283 niatizavit
792 1225 985 1278 beatus
1037 1214 1325 1271 Zacchaeus
1368 1203 1711 1273 Caesariensis
1749 1200 2053 1270 episcopus,

470 1319 675 1374 docens
724 1313 1008 1369 Dominum
1055 1313 1300 1361 nostrum
1347 1299 1530 1355 Iesum
1557 1293 1860 1354 Christum,
1891 1289 2060 1342 Deum

475 1423 663 1462 verum
715 1414 1009 1469 verumque
1053 1395 1364 1457 hominem,
1427 1404 1523 1458 per
1567 1384 1807 1453 virginea
1853 1385 2061 1435 secreta

478 1498 744 1554 transisse
759 1536 773 1560 ,
800 1510 868 1548 ex
883 1491 1088 1548 semine
1100 1486 1270 1542 David
1295 1481 1593 1539 secundum
1602 1491 1838 1541 carnem,
1857 1472 1950 1528 sed
1964 1472 2064 1526 ho—

476 1591 683 1646 minem
704 1598 726 1624 ⁸
743 1600 865 1643 vere
878 1593 1080 1646 natum,
1096 1594 1225 1634 vere
1237 1591 1472 1648 passum,
1491 1587 1619 1626 vere
1630 1576 1920 1632 mortuum,
1939 1579 2066 1619 vere

476 1679 840 1737 resurrexisse
863 1692 892 1730 a
940 1673 1195 1737 mortuis,
1239 1678 1295 1724 et
1322 1682 1450 1722 vere
1475 1663 1782 1720 ascendisse
1810 1661 1863 1714 in
1893 1657 2061 1714 ccelis.

1223 1781 1313 1836 XII
1324 1822 1335 1834 .

550 1882 880 1941 Duodecima
920 1877 1136 1934 haeresis
1162 1875 1190 1914 δ
1221 1871 1701 1930 Secundianorum.
1756 1864 1870 1918 Hoc
1895 1862 2070 1918 solum

481 1998 515 2037 a
533 1976 929 2034 Valentinianus
959 1972 1180 2033 distant,
1202 1967 1326 2038 quia
1346 1963 1546 2019 addunt
1570 1962 1696 2017 huic
1721 1965 1882 2015 sectas
1908 1954 2068 2010 etiam

483 2070 872 2144 turpitudinem
923 2063 1167 2135 corporis
1189 2100 1204 2126 ,
1247 2073 1407 2129 quam
1451 2055 1603 2126 quasi
1632 2053 1706 2107 illi
1734 2047 2073 2121 pseudocasti

486 2137 761 2221 declinare
784 2175 843 2215 se
871 2157 1145 2212 simulant.
1207 2151 1316 2206 Hos
1343 2146 1616 2204 damnavit
1657 2141 1920 2198 Diodorus
1957 2137 2074 2209 epi-

484 2271 688 2326 sc0pus
711 2250 1005 2307 Cretensis.
1319 2295 1322 2298 .

1214 2337 1350 2392 XIII.

558 2461 744 2518 Tertia
781 2457 987 2514 decima
1025 2451 1242 2509 haeresis
1275 2462 1296 2490 ο
1327 2445 1694 2511 Ριοὶθηιθίιω,
1727 2458 1756 2496 a
1789 2439 2079 2494 Ptolemaeo

483 2552 760 2614 Valentini
782 2549 1069 2618 discipulo,
1085 2546 1177 2615 qui
1199 2545 1336 2598 hanc
1357 2539 1601 2596 eamdem
1633 2534 1882 2590 haeresim
1906 2531 2082 2587 acrius

486 2642 820 2716 disputando
867 2638 1146 2709 dispersit;
1196 2635 1288 2704 qui
1337 2633 1530 2689 eodem
1567 2636 1810 2698 tempore
1838 2641 1870 2679 a
1897 2629 2085 2678 sancto

489 2737 754 2793 Zacchaeo
783 2747 944 2803 supra
971 2734 1272 2784 memorato
1301 2725 1557 2798 episcopo
1581 2717 1899 2775 Caesariensi
1931 2715 2089 2788 dam-5

493 2840 657 2886 natus
714 2836 815 2884 est.
884 2821 1140 2879 Haeresim
1204 2829 1384 2875 tamen
1435 2816 1724 2888 pessimam
1774 2827 1869 2883 per
1919 2807 2088 2864 multa

503 2922 684 3003 Spatia
713 2916 945 2974 Orientis
973 2912 1243 2986 dispersit.
1728 2896 1731 2898 ’

1223 3003 1362 3058 XIV.

568 3103 774 3171 Quarta
802 3100 1010 3157 decima
1041 3097 1260 3154 haeresis
1295 3112 1324 3148 a
1353 3094 1535 3149 Marco
1565 3088 1799 3162 quodam
1829 3094 1912 3143 est
1940 3085 2089 3140 adin-

2163 979 2182 1046 ἱ
2226 1008 2339 1062 Deo
2369 1003 2496 1060 facit
2520 1001 2613 1072 qui
2639 1005 2796 1054 erant
2821 995 2916 1049 ﬁlii
2941 992 3090 1047 Adae.
3114 1039 3121 1045 .
3145 987 3386 1058 Septima
3404 1023 3421 1050 ,
3448 981 3594 1052 quod
3621 979 3750 1035 facit

2157 1085 2434 1155 hominem
2471 1093 2621 1163 regni
2656 1090 2916 1146 caelorum
2957 1098 3076 1140 esse
3104 1078 3438 1153 participem.
3493 1073 3603 1128 Has
3629 1086 3751 1127 esse

2161 1188 2334 1245 sancti
2361 1185 2594 1257 Spiritus
2615 1182 2816 1237 formas
2838 1177 2894 1232 in
2921 1181 3130 1245 septem
3153 1167 3398 1226 ecclesiis
3414 1206 3430 1231 ,
3459 1165 3516 1218 in
3543 1169 3748 1233 septem

2163 1282 2333 1340 oculis
2359 1287 2416 1336 et
2439 1280 2494 1334 in
2519 1282 2730 1346 septem
2757 1266 3094 1328 candelabris
3121 1261 3301 1318 aureis
3327 1257 3637 1316 collocatas.

2892 1378 3032 1434 XVI.

2237 1487 2402 1541 Sexta
2451 1480 2661 1537 decima
2690 1473 2910 1531 haeresis
2952 1464 3450 1525 Heracleonitarum
3486 1459 3554 1514 ab
3581 1457 3754 1512 Hera.

2167 1579 2355 1635 cleone
2403 1573 2688 1629 adinventa
2739 1573 2851 1630 est;
2915 1577 3034 1633 qua:
3084 1558 3414 1629 baptizatum
3460 1550 3753 1614 hominem,

2170 1672 2287 1728 sive
2310 1669 2533 1739 justum,
2566 1664 2680 1718 sive
2707 1665 3078 1732 peccatorem,
3112 1652 3231 1706 loco
3257 1645 3430 1705 sancti
3457 1639 3758 1712 computari

2171 1761 2434 1819 docebat:
2469 1755 2709 1823 nihilque
2756 1751 2948 1806 obesse
2994 1741 3278 1814 baptizatis
3305 1742 3528 1809 peccata
3555 1747 3761 1788 memo-

2100 1836 2149 1896 Β
2175 1856 2330 1911 rabat
2353 1894 2366 1919 ,
2417 1851 2601 1906 dicens
2623 1888 2636 1911 ,
2688 1845 2830 1900 sicut
2864 1857 2971 1896 non
3013 1839 3065 1892 in
3103 1851 3162 1891 se
3190 1832 3381 1902 recipit
3410 1836 3599 1884 natura
3626 1823 3762 1894 ignis

2174 1948 2316 2018 gelu,
2348 1915 2422 1999 ita
2445 1940 2749 2011 baptizatus
2777 1949 2885 1989 non
2912 1931 2964 1984 in
2993 1945 3051 1984 se
3074 1925 3265 1996 recipit
3284 1927 3582 1993 peccatum.
3615 1915 3763 1970 Sicut

2179 2039 2321 2095 enim
2351 2034 2489 2105 ignis
2515 2029 2740 2087 resolvit
2767 2031 2989 2096 aspectu
3014 2036 3113 2076 suo
3141 2018 3314 2081 nives,
3335 2019 3762 2084 quanwecunque

2175 2131 2329 2202 juxta
2357 2104 2496 2190 sint,
2540 2123 2618 2178 sic
2639 2119 2806 2177 semel
2833 2115 3135 2186 baptizatus
3163 2124 3270 2164 non
3301 2104 3495 2174 recipit
3521 2105 3761 2172 peccato-

2071 2221 2086 2293 ;
2175 2186 2302 2274 rum
2325 2186 2534 2272 reatum
2558 2252 2572 2277 ,
2625 2209 2792 2265 etiam
2819 2202 3104 2275 quantavis
3142 2197 3342 2254 fuerint
3369 2192 3624 2264 operibus
3652 2186 3774 2269 ejus.

2180 2317 2407 2384 peccata
2431 2304 2721 2377 permixta.
2781 2298 2882 2353 Hic
2919 2297 2975 2351 in
3002 2293 3245 2365 partibus
3274 2287 3469 2344 Siciliae
3497 2281 3768 2338 inchoavit

2182 2375 2398 2460 docere.
2434 2375 2659 2455 Contra
2706 2395 2854 2448 hunc
2892 2392 3250 2458 susceperunt
3292 2378 3534 2452 episcopi
3559 2375 3767 2432 Siculo-

2184 2509 2304 2551 rum
2327 2535 2342 2560 ,
2395 2501 2420 2539 8
2472 2485 2790 2544 Eustachius
2845 2480 3200 2552 Lilybaeorum
3251 2483 3307 2530 et
3351 2470 3767 2525 Panormeorum

2185 2556 2519 2640 Theodorus.
2593 2575 2803 2645 Quique
2868 2569 3109 2626 omnium
3174 2565 3268 2635 qui
3315 2560 3344 2600 ιι
3390 2577 3484 2632 per
3534 2556 3768 2612 Siciliam

2193 2683 2348 2732 erant
2393 2673 2770 2742 episcoporum
2813 2661 3076 2736 synodum
3120 2663 3422 2719 exorantes,
3465 2650 3628 2721 gestis
3648 2663 3772 2703 eum

2198 2767 2384 2823 audire
2409 2765 2783 2825 decreverunt,
2816 2765 2871 2812 et
2896 2754 3176 2809 universas
3204 2746 3528 2803 assertioues
3555 2739 3670 2810 ejus
3696 2737 3779 2792 di-

2192 2863 2431 2931 rigentes
2457 2856 2525 2912 ad
2567 2861 2811 2910 sanctum
2853 2845 3215 2903 Alexandrum
3256 2839 3416 2895 Urbis
3445 2836 3775 2906 episcopum,

2200 2923 2528 3023 rogaverunt
2563 2953 2623 3000 ut
2657 2944 2724 2998 ad
2771 2955 2894 2998 eum
2923 2933 3306 2994 confutandum
3333 2926 3537 2998 aliquid
3564 2923 3803 2981 ordina-.

2179 3020 2297 3104 ret.
2362 3044 2515 3099 Tunc
2559 3045 2776 3095 sanctus
2819 3030 3140 3094 Alexander,
3191 3026 3261 3081 ad
3305 3020 3515 3090 singula
3561 3029 3784 3088 qumque

2195 3137 2376 3209 capita
2404 3132 2559 3206 hydri
2586 3128 2823 3196 singulos
2847 3122 3053 3194 gladios
3080 3119 3177 3174 Dei
3201 3115 3362 3172 Verbi
3387 3113 3456 3169 de
3485 3109 3677 3179 vagina
3704 3106 3785 3161 di-

495 3205 660 3257 venta
689 3213 700 3246 :
733 3193 825 3263 qui
863 3206 1062 3259 negans
1102 3188 1557 3245 resurrectionem
1584 3184 1789 3258 carnis,
1821 3180 2093 3235 Christum
2119 3207 2167 3273 α
2196 3180 2376 3245 “ff”
2405 3180 2465 3239 ’κζ
2481 3180 2752 3236 ν’·,ς-ςτυ·
2773 3180 2784 3182 -
2807 3180 2828 3230 ἡ,
2848 3180 2878 3194 υ
3752 3198 3763 3208 .

1172 3281 1184 3296 .
1884 3279 2062 3296 Mm“
2197 3246 2338 3288 ma:
2363 3229 2498 3296 legis
2523 3229 2761 3293 elelenS,
2794 3217 2988 3273 librum
3015 3219 3205 3268 contra
3234 3205 3624 3262 Heracleonem
3650 3198 3786 3258 οτὼα

2747 3260 2761 3285 ν

500 3307 613 3345 non
648 3301 773 3340 vere
801 3299 1052 3354 passum,
1095 3281 1189 3336 sed
1242 3278 1482 3348 putative
1534 3275 1833 3330 conabatur
1882 3279 2092 3327 astrue-

500 3395 586 3438 re.
616 3378 771 3433 Hunc
817 3381 1034 3430 sanctus
1083 3371 1364 3434 Clemens,
1415 3369 1700 3440 episcopus
1741 3365 2016 3420 Romanus
2042 3370 2099 3417 et

503 3473 706 3528 Christi
735 3467 1082 3538 dignissimus
1110 3471 1334 3533 martyr,
1364 3459 1485 3515 ﬁxis
1513 3468 1568 3514 et
1593 3456 1818 3526 integris
1844 3454 2098 3510 assertio-

505 3565 667 3620 nibus
715 3559 998 3621 confutans
1022 3598 1036 3623 ,
1093 3565 1148 3610 et
1193 3568 1377 3610 coram
1423 3551 1571 3607 omni
1599 3546 1758 3620 plebe
1786 3548 1842 3602 in
1871 3545 2100 3601 ecclesia

503 3657 770 3724 detegens
792 3693 806 3718 ,
849 3660 1049 3706 aeterna
1093 3645 1440 3703 damnatione
1469 3643 1678 3715 'punivit
1703 3660 1716 3694 :
1748 3641 1946 3696 docens
1973 3650 2102 3693 vere

507 3755 700 3801 uatum
744 3753 799 3799 et
845 3757 1059 3813 passum
1107 3738 1393 3792 Dominum
1439 3744 1687 3790 nostrum
1722 3731 1905 3787 Jesum
1942 3727 2102 3784 Chri-

457 3872 463 3878 -
507 3845 656 3895 stum
673 3875 687 3898 ,
721 3835 852 3888 nihil
873 3834 940 3888 ab
961 3850 1026 3888 eo
1053 3832 1106 3886 in
1127 3828 1411 3901 phantasia
1431 3827 1632 3884 factum
1654 3838 2101 3887 commemorans,

513 3937 573 3984 et
597 3927 876 3985 evidenter
904 3924 1193 3980 ostendens
1215 3921 1362 3992 quod
1392 3921 1587 3975 veritas
1616 3918 1832 3972 inimica
1862 3914 2106 3970 falsitatis

512 4021 709 4076 falsum
740 4019 792 4072 in
834 4033 892 4071 se
933 4016 1065 4070 nihil
1093 4015 1292 4069 habere
1320 4010 1557 4084 potuerit
1583 4028 1594 4062 :
1637 4009 1776 4064 sicut
1806 4021 1904 4061 nec
1933 4005 2024 4059 lux
2053 4005 2106 4057 in

517 4127 579 4167 se
624 4110 877 4165 tenebras
923 4107 1122 4161 habere
1152 4113 1362 4174 potest,
1415 4118 1516 4158 nec
1552 4097 1855 4156 benedictio
1884 4094 2106 4150 maledi-

525 4202 781 4265 ctioueni,
813 4215 912 4252 nec
941 4195 1168 4252 dulcedo
1197 4193 1640 4258 amaritudinem;
1671 4199 1726 4244 et
1753 4189 1798 4243 si
1828 4187 1930 4242 ista
1957 4202 2108 4242 com-

528 4291 740 4347 misceri
781 4294 1029 4360 posscnt,
1079 4287 1246 4340 Deum
1277 4292 1457 4340 tamen
1487 4283 1670 4339 docuit
1695 4280 1975 4338 mendacio
2007 4279 2108 4334 ims

525 4380 787 4453 possibile
815 4391 934 4433 esse
960 4377 1193 4432 misceri.

1255 4469 1372 4522 XV.

2201 3339 2338 3381 nans
2355 3363 2369 3387 ,
2409 3291 2863 3373 ferventissimum
2892 3304 3106 3375 ingenio
3135 3299 3486 3356 Sabinianum
3513 3291 3786 3365 presbyte-

2201 3429 2318 3471 rum
2347 3407 2660 3470 destinavit;
2710 3402 2802 3472 qui
2850 3407 2904 3454 et
2933 3395 3145 3464 scriptis
3179 3390 3198 3428 ί
3232 3387 3505 3460 episcopi,
3529 3392 3585 3439 et
3610 3396 3785 3437 asser-

2206 3505 2358 3561 tione
2385 3514 2480 3557 sua
2509 3499 2584 3553 ita
2613 3510 2737 3552 eum
2784 3489 3118 3551 confutaret,
3156 3491 3215 3540 ut
3241 3488 3405 3536 nocte
3431 3477 3606 3533 media
3635 3474 3787 3530 navis

2203 3595 2452 3671 praesidio
2480 3592 2690 3663 fugeret
2729 3593 2785 3643 et
2812 3583 2953 3638 ultra
2981 3579 3199 3635 ubinam
3243 3572 3551 3629 devenisset
3578 3567 3789 3638 penitus

2206 3689 2385 3745 nullus
2413 3685 2596 3742 sciret.

2481 3760 2486 3764 ’
2921 3743 3079 3800 XVII.

2278 3849 2519 3920 Septima
2547 3843 2753 3898 decima
2782 3836 3003 3893 haeresis
3031 3831 3362 3902 Ophitarum.
3404 3823 3467 3877 Hi
3497 3838 3525 3876 a
3556 3818 3785 3875 colubro

2209 3911 2469 3998 nominati
2498 3944 2641 3991 sunt.
2691 3931 2927 3987 Coluber
2975 3928 3150 3990 enim,
3183 3921 3362 3977 Graece
3390 3916 3542 3987 ophis
3569 3911 3784 3968 dicitur.

2210 4033 2424 4088 Habent
2451 4042 2579 4095 ergo
2606 4023 2885 4080 colubrum
2907 4025 3183 4074 assuetum
3205 4026 3392 4069 eorum
3420 4022 3587 4079 panes
3610 4005 3793 4072 lingua

2211 4124 2450 4180 lambere
2468 4162 2482 4185 ,
2513 4128 2674 4187 atque
2703 4117 2776 4171 ita
2806 4130 2872 4170 ex
2911 4129 2972 4168 se
2998 4111 3145 4166 velut
3173 4102 3563 4162 Eucharistiam
3591 4097 3796 4154 sancti—

2215 4218 2394 4272 licare.
2448 4214 2620 4279 Quem
2667 4209 2948 4265 colubrum
2993 4218 3148 4260 suum
3195 4199 3466 4256 Christum
3503 4191 3794 4264 appellant.

2213 4309 2417 4365 Contra
2468 4306 2569 4376 hos
2614 4306 2968 4372 susceperunt
3003 4294 3265 4366 Bithynia:
3294 4287 3586 4360 provinciae
3615 4297 3797 4338 sacer-

2213 4403 2369 4458 dotes
2393 4440 2406 4464 ,
2458 4372 2632 4452 idest
2679 4392 2914 4448 civitatis
2955 4382 3332 4444 Chalcedonia:
3379 4387 3434 4434 et
3479 4372 3800 4432 Nicomedia:

2217 4490 2457 4564 episcopi
2484 4485 2804 4542 Theocritus
2850 4490 2905 4536 et
2949 4477 3214 4539 Evander,
3259 4481 3315 4528 et
3342 4471 3682 4527 conlutantes
3707 4477 3802 4518 eos

601 4588 798 4655 Quinta
839 4585 1044 4640 decima
1084 4585 1304 4640 hzeresis
1343 4583 1370 4620 ιι
1399 4583 1785 4640 Colorbasiana
1814 4599 1845 4638 a
1876 4593 1898 4620 ο
1927 4581 2096 4637 Color

2141 4579 2197 4641 D
2221 4555 2433 4656 publice
2461 4583 2805 4648 superarunt,
2837 4579 2999 4641 atque
3025 4569 3411 4639 superventum
3440 4559 3700 4614 facientes
3727 4555 3804 4608 eis

525 4682 684 4785 basio
713 4678 1019 4781 adiuventa.
1071 4675 1249 4731 Vitam
1277 4692 1492 4733 omnem
1521 4677 1798 4732 hominum
1827 4677 1881 4729 in
1907 4682 2115 4744 septem
2217 4691 2315 4747 per
2362 4647 2586 4738 collegia
2636 4681 2853 4728 eorum,
2893 4663 2946 4716 in
2988 4658 3281 4731 Bithynim,
3320 4662 3381 4710 ut
3407 4651 3537 4714 dixi,
3567 4647 3805 4720 partibus

1031 4784 1036 4785 ,
1091 4784 1096 4785 ,
1196 4776 1210 4785 .
1243 4768 1258 4785 .
1295 4784 1298 4785 ,
1605 4766 1670 4785 π
1693 4767 1866 4785 _.__._-
1926 4773 1970 4785 _.
2007 4779 2091 4785 --Α
2237 4783 2315 4785 ___
2338 4761 2703 4785 _-_--..-:......-
2736 4755 2976 4785 ηιηηηωη
3006 4753 3094 4785 nm
3124 4753 3236 4785 hmn
3264 4748 3372 4785 inea
3404 4740 3805 4785 nni-narrabant.

529 4774 704 4832 stellis
731 4787 852 4826 esse
877 4769 1127 4840 positam,
1162 4776 1216 4823 et
1243 4768 1342 4823 has
1369 4777 1573 4838 septem
1603 4766 1889 4832 Ecclesias,
1917 4740 1986 4820 et—
2003 4779 2118 4834 sep-
2220 4740 2318 4838 per
2338 4761 2706 4836 possessiones
2734 4755 2977 4812 clanculo
3006 4753 3098 4808 ubi
3124 4753 3237 4805 hmo
3263 4748 3375 4818 ipsa
3404 4740 3805 4816 perpetrabant,

530 4875 644 4922 tem
695 4861 1014 4921 candelabra
1072 4875 1234 4916 aurea
1287 4861 1584 4916 conabatur
1639 4867 1898 4915 astruere.
1968 4856 2122 4911 Hunc
2221 4833 2280 4911 et
2322 4833 2631 4911 sacerdotes
2677 4833 2866 4905 eorum
2911 4843 3258 4900 eliminarunt
3279 4881 3294 4905 ,
3337 4845 3392 4892 et
3419 4837 3694 4904 serpentes
3720 4843 3808 4882 eo-

530 4965 751 5013 sanctus
800 4951 1110 5008 Theodotus
1156 4951 1223 5006 de
1270 4950 1529 5021 Pergamo
1570 4952 1852 5022 episcopus
1873 4989 1887 5014 ,
1941 4948 2121 5003 habita
2224 4965 2343 5005 rum
2366 4947 2699 5010 occiderunt,
2725 4959 2790 4999 ac
2813 4942 3079 5022 rationem
3106 4935 3393 4991 reddentes
3415 4931 3561 4988 omni
3583 4923 3806 4998 populo,

535 5049 742 5121 synodo
790 5053 996 5116 septem
1039 5044 1435 5115 episcoporum,
1483 5019 1993 5098 anathematizavit:
2026 5039 2123 5095 do—
2225 5040 2515 5094 maximam
2545 5043 2757 5106 partem
2793 5019 2965 5102 plebis
2993 5028 3060 5084 ab
3087 5028 3193 5082 hoc
3219 5023 3461 5096 periculo
3491 5020 3805 5074 liberarunt.

534 5119 669 5198 cenis
714 5147 921 5209 septem
949 5135 1221 5192 Ecclesias
1266 5135 1321 5189 in
1367 5133 1665 5204 septiformi
1706 5132 1896 5201 spiritu
1928 5143 2122 5185 conse-
2296 5129 2298 5132 ’
2929 5119 3113 5175 XVIII.

535 5240 736 5285 ττδίδδ·
788 5227 901 5282 Una
931 5227 1102 5283 forma
1129 5234 1241 5294 εει»
1285 5226 1486 5295 inquit.
1527 5238 1649 5280 cum
1677 5224 1731 5278 in
1760 5223 1932 5277 forma
1960 5236 2121 5292 quam
2276 5221 2498 5275 'Octava
2527 5215 2736 5273 decima
2764 5212 3000 5276 haeresis,
3031 5211 3045 5260 t
3103 5205 3370 5264 Cainiani.
3417 5204 3710 5272 Propterea
3737 5193 3814 5250 sic

2303 5381 2333 5419 ιι
2371 5377 2759 5452 Synodihujus
2787 5367 3250 5452 Si_cu_la:_memi_nit
3276 5353 3818 5452 inlgqalnovafl‘ollet

2233 5425 3072 5509 ctionB’ESEéiﬁéi-ﬁh‘iiaiiiiias
3110 5438 3178 5494 ad
3207 5453 3296 5491 an.
3329 5430 3472 5509 1251
3487 5438 3600 5509 tom
3627 5426 3646 5480 I
3675 5425 3820 5506 Cop-

2675 5495 3176 5592 'e—thtin—eﬁntLabb.
3187 5509 3227 5579 ),
3252 5495 3821 5592 a'uctoritatem‘scr‘ip:

2234 5570 2368 5647 tori's
2382 5570 2593 5646 rnojstr—i—
2614 5570 2848 5644 secutus.
2902 5570 3018 5652 Qua
3056 5580 3123 5652 de
3167 5570 3227 5634 re
3270 5570 3546 5652 Pearsonii
3595 5581 3821 5622 censura

2235 5642 2636 5739 attingenda—in
2655 5642 2790 5739 ejus
2816 5642 2946 5728 opp“.
2966 5651 3155 5724 lposth.
3187 5661 3309 5720 pag.
3339 5642 3472 5714 251..

2317 5731 2328 5768 ί
2376 5731 2473 5802 Με·
2509 5731 2666 5802 Aug"
2689 5730 3072 5802 gpiscqporunt.

2315 5807 2329 5852 1'
2372 5801 2466 5858 Ms.
2497 5788 2881 5871 Λιιέῖζσίιὶαηῖζ
2911 5802 2968 5850 ut
2996 5800 3051 5848 ct
3080 5788 3468 5847 Theodoretus.

615 5403 645 5431 ⁸
681 5393 778 5448 Ms.
810 5393 970 5460 Aug.,
1000 5409 1189 5447 verum.

611 5463 644 5502 δ
681 5462 780 5517 Ms.
814 5461 973 5528 Λαίς..
1006 5462 1478 5517 Evandrianorum.

616 5544 644 5574 ε
683 5531 782 5587 Ms.
812 5531 971 5599 Aug.,
1001 5531 1342 5586 Ptolemaitaz.

521 5614 538 5680 ,ρ
615 5601 646 5642 d
685 5601 784 5680 gs,
816 5601 973 5680 Aug"
1004 5599 1394 5680 (Ξοίρᾲι-ιιείρηα.

620 5687 648 5714 σ
687 5672 786 5728 Ms.
819 5672 979 5740 Aug.,
1012 5669 1333 5725 Colobrasio.

624 5745 648 5784 ι
689 5743 786 5798 Ms.
819 5743 979 5811 Aug.,
1011 5741 1128 5796 Dei.

623 5823 652 5861 ι
691 5813 789 5868 Ms.
822 5812 979 5882 Aug.,
1009 5811 1298 5866 Eustasius.
