4282 6264
521 447 624 502 593

526 649 828 706 lortissimte
855 661 973 701 esse
999 644 1228 699 virtutis.
1252 643 1420 698 Simul
1465 652 1520 696 et
1565 641 1753 696 Iudam
1794 639 2109 694 traditorem

527 741 766 797 divinum
782 737 981 808 aliquid
1009 743 1198 807 putant
1226 750 1365 798 esse,
1393 742 1447 788 et
1461 733 1636 788 scelus
1656 731 1772 800 ejus
1791 729 2108 785 beneﬁcium

527 833 807 901 deputant,
851 835 1154 883 asserentes
1200 841 1323 880 eum
1360 825 1636 895 praescisse
1681 829 1939 893 quantum
1969 827 2111 876 esset

529 921 714 990 generi
742 920 974 974 humano
1013 916 1213 971 Christi
1241 916 1420 986 passio
1450 914 1746 984 profutura,
1777 919 1832 968 et
1859 911 2109 968 occiden-

529 1012 655 1066 dum
709 1008 900 1064 ludatis
939 1014 1226 1077 prOpterea
1283 1005 1583 1060 tradidisse.
1641 1004 1752 1060 Hos
1805 1012 1954 1060 ortos
1993 1019 2112 1058 esse

534 1107 560 1137 ³
574 1095 1389 1168 MesopotamianiEcclesiarum
1405 1093 1574 1166 Syria:
1595 1092 1905 1149 sacerdotes
1927 1093 1994 1148 ad
2011 1109 2111 1148 cte-

533 1199 674 1246 teros
701 1189 1210 1264 suoscoepiscopos
1234 1186 1687 1256 conscripserunt.
1721 1182 1870 1251 Quos
1896 1185 2111 1253 triginta

530 1291 586 1337 et
611 1281 719 1336 duo
765 1281 1003 1350 episc0pi
1051 1279 1196 1349 apud
1241 1279 1579 1333 Antiochiam
1625 1278 1944 1343 residentes,
1990 1293 2112 1332 cum

529 1373 770 1443 ejusdem
797 1374 946 1428 urbis
974 1374 1228 1443 episcopo
1257 1371 1562 1437 Theodoro,
1595 1372 1648 1425 in
1687 1371 1938 1441 praesenti
1979 1385 2114 1424 con-

531 1466 735 1522 futatos
763 1465 1101 1528 damnarunt,
1131 1464 1372 1519 dicentes
1420 1463 1497 1516 eis
1534 1461 1661 1516 illud
1707 1461 1850 1531 quod
1900 1469 2115 1518 sanctus

531 1539 764 1626 Spiritus
791 1556 1003 1610 locutus
1030 1563 1112 1609 est
1139 1569 1235 1623 per
1272 1555 1592 1623 prophetam
1625 1570 1638 1605 :
1678 1551 1772 1606 Vw
1813 1552 1892 1605 Itis
1913 1553 2000 1623 qui
2029 1553 2113 1604 di-

536 1657 654 1701 cunt
682 1647 745 1700 de
765 1646 897 1700 bono
917 1645 1128 1710 malum,
1161 1655 1210 1698 et
1241 1645 1304 1696 de
1336 1643 1474 1698 malo
1520 1641 1738 1726 bonurn;
1786 1643 1871 1713 qui
1919 1652 2115 1711 ponunt

537 1738 772 1793 tenebras
800 1737 984 1800 lucem,
1007 1745 1056 1789 et
1079 1753 1172 1806 pro
1198 1737 1310 1791 luce
1339 1733 1572 1788 tenebras
1597 1733 1732 1804 (lsa.
1761 1749 1814 1786 v.
1840 1732 1952 1804 20).
1981 1732 2117 1787 Con-

535 1838 640 1883 stat
674 1841 802 1895 ergo
849 1843 946 1882 vos
973 1843 1004 1881 a
1049 1828 1202 1882 vobis
1230 1828 1358 1897 ipsis
1398 1843 1517 1882 esse
1568 1826 1871 1892 damnatos,
1901 1827 1993 1894 qui
2021 1841 2116 1882 eos

982 439 1567 497 PRIEDESTINATUS
1604 437 1755 494 SIVE
1798 435 2501 492 PR/EDESTINATORUM
2541 434 2875 498 HERESIS,
2920 433 3069 487 ETC.
3111 432 3240 487 LIB.
3281 433 3354 510 1.-
3421 459 3432 464 -

525 557 778 630 appellati
796 566 937 620 sunt,
964 555 1217 624 quoniam
1238 553 1369 607 Cain
1405 555 1688 616 honorant,
1718 550 1955 604 dicentes
1983 563 2104 602 eum
2132 553 2182 610 Α
2209 550 2465 618 principia
2505 549 2664 603 fuisse
2693 547 2993 612 conﬁrmat,
3022 547 3147 599 boni
3178 555 3230 597 et
3261 544 3404 597 mali.
3457 544 3626 608 Quem
3653 540 3792 611 Epi;
3873 552 3896 630 ί

2210 641 2436 711 phanius
2460 641 2562 694 tria
2591 641 2802 695 diccbat
2830 639 3088 709 principia
3111 637 3373 700 docuisse,
3405 635 3551 698 boni,
3576 634 3703 702 justi
3732 639 3792 688 et
3868 634 3873 682 ἐ

3677 427 3786 484 594

2209 732 2390 801 pravi;
2422 731 2516 786 sed
2542 730 2805 786 Eusebius
2825 728 2849 766 ἀ
2878 729 3127 799 Syrinum
3156 726 3460 796 quemdam,
3510 741 3617 780 non
3647 724 3793 778 Mar-
3855 731 3859 776 ,³

2209 822 2440 885 cionem,
2471 821 2630 875 trium
2673 820 3059 890 principiorum
3098 825 3264 885 atque
3303 824 3612 870 naturarum
3653 815 3792 870 scri—
3844 844 3850 861 ε

2209 913 2289 967 bit
2309 921 2601 968 auctorem.
2641 923 2663 950 ο
2694 911 3040 974 Marcionitae,
3072 926 3190 964 cum
3221 909 3577 963 universalem
3598 907 3793 961 Orieu-
3841 909 3856 953 .“

2211 1007 2280 1060 tis
2316 1004 2607 1061 Ecclesiam
2637 1005 2988 1068 macularent,
3019 1003 3086 1056 ab
3125 1001 3350 1068 Origene
3378 1001 3629 1070 superati,
3662 1015 3790 1054 con-
3832 982 3853 1058 ξ

2211 1097 2386 1160 futati,
2431 1105 2486 1151 et
2511 1111 2608 1165 per
2652 1096 2885 1162 singulas
2911 1102 3034 1149 sunt
3078 1092 3322 1146 civitates
3359 1091 3616 1145 damnati.
3658 1077 3834 1156 Item:
3931 1165 3934 1172 Ι

2211 1196 2334 1258 post
2365 1188 2666 1254 aliquantos
2686 1200 2875 1248 annos,
2903 1184 3013 1252 jam
3059 1182 3252 1236 devicti
3297 1190 3456 1249 atque
3484 1181 3707 1248 detecti,
3738 1182 3798 1235 in

2213 1279 2475 1334 Africanis
2503 1279 2743 1348 partibus
2763 1276 3114 1346 pullulabant,
3138 1290 3274 1344 quos
3295 1273 3650 1328 Tertulliauus
3677 1288 3797 1327 mo-

2214 1369 2295 1424 dis
2331 1368 2578 1422 omnibus
2630 1368 2702 1420 ita
2748 1366 2998 1431 obtinuit,
3048 1374 3106 1420 ut
3141 1366 3304 1434 .ipsos
3356 1363 3555 1419 faceret
3605 1370 3800 1422 contra

2220 1470 2422 1518 sectam
2473 1476 2626 1515 suam
2655 1459 2864 1529 publice
2892 1458 3200 1528 pmdicare.

2918 1588 3078 1642 XXII.

2293 1703 2553 1758 Vicesima
2601 1702 2833 1758 secunda
2886 1702 3104 1756 haeresis
3133 1701 3480 1772 Apellitarum
3528 1711 3626 1766 est,
3659 1717 3797 1770 quo—

2218 1802 2336 1849 rum
2367 1803 2450 1849 est
2475 1795 2725 1864 princeps
2749 1792 2982 1861 Apelles,
3016 1794 3106 1861 qui
3149 1793 3284 1848 duos
3312 1793 3524 1862 quidem
3555 1793 3801 1848 introdu-

536 1917 696 1972 vsltis
721 1882 944 1984 magnos
991 1925 1046 1970 et
1088 1882 1266 1984 justos
1289 1917 1501 1978 ascribi,
1546 1931 1683 1985 quos
1724 1932 1823 1986 pro
1858 1882 1996 1973 'facti
2032 1917 2114 1971 sui
2142 1911 2192 1971 B
2218 1885 2292 1986 f3“
2330 1885 2481 1949 deos’
2511 1884 2796 1984 sequufn
2846 1882 3042 1986 f‘ffe‘“
3087 1884 3426 1986 νῖίηῗτίυίυτητ
3456 1884 3557 1986 him
3600 1892 3699 1986 cf“
3731 1885 3804 1938 ab

539 2009 793 2080 qualitate
811 2008 952 2063 Deus
972 2017 1242 2078 perpetuae
1261 2010 1519 2077 gehennaa
1539 2009 1785 2064 incendio
1804 2009 2110 2064 destinavit.

1256 2098 1393 2152 XIX.

608 2189 756 2245 Nona
791 2190 997 2245 decima
1024 2190 1245 2245 haeresis
1272 2187 1670 2246 Sethianorum.
1700 2189 1767 2244 Hi
1797 2205 1991 2245 nomen
2021 2204 2115 2244 ac-

541 2288 796 2350 ceperunt
818 2296 851 2335 a
873 2278 982 2336 ﬁlio
1000 2281 1128 2335 Adae
1151 2282 1242 2351 qui
1261 2290 1486 2337 vocatus
1504 2291 1587 2337 est
1613 2281 1742 2337 Scth
1761 2300 1785 2348 ;λ
1798 2283 1866 2337 de
1885 2296 2118 2352 superna

543 2379 711 2426 matre
738 2386 861 2425 eum
900 2380 1084 2426 natum
1121 2387 1242 2426 esse
1264 2371 1548 2440 iactantes,
1598 2387 1756 2442 quam
1804 2375 2121 2427 convenisse

543 2464 725 2518 dicunt
743 2479 865 2519 cum
885 2479 1120 2533 superno
1140 2471 1314 2532 patre,
1337 2463 1480 2518 unde
1505 2463 1745 2518 divinum
1766 2479 1948 2519 semen
1976 2465 2122 2519 aliud

547 2563 872 2622 nasceretur,
916 2571 984 2610 ex
1004 2571 1112 2625 quo
1140 2557 1344 2611 semine
1381 2557 1483 2611 sibi
1511 2557 1652 2611 Deus
1673 2557 1849 2625 justos
1877 2558 2119 2626 eligeret,

543 2655 596 2702 et
624 2662 752 2702 suos
802 2647 938 2701 ﬁlios
992 2647 1304 2716 appellaret.
1365 2645 1429 2700 Hi
1477 2647 1581 2702 orti
1635 2655 1760 2702 sunt
1789 2648 1841 2701 in
1882 2648 2124 2716 partibus

544 2738 777 2792 Achaiae.
807 2736 1007 2793 Contra
1035 2752 1170 2805 quos
1203 2739 1438 2808 suscepit
1465 2747 1682 2794 sanctus
1709 2737 1997 2805 Perigenes
2022 2739 2122 2793 Ar-

543 2841 642 2896 gus
669 2826 899 2881 civitatis
947 2828 1186 2892 antistes,
1243 2829 1531 2882 ostendens
1559 2829 1656 2893 eis,
1701 2827 1770 2881 de
1799 2844 1908 2881 uno
1937 2837 2126 2881 sancto

545 2933 676 2984 veno
702 2927 758 2972 et
797 2918 944 2986 justo
974 2917 1123 2972 Isaac
1150 2918 1284 2972 duos
1311 2927 1468 2973 natos
1499 2919 1760 2986 geminos,
1795 2934 1900 2973 uno
1928 2919 2128 2988 pariter

552 3017 708 3064 utero
729 3009 942 3063 editos:
972 3024 1132 3062 unum
1171 3011 1236 3063 ad
1273 3009 1550 3080 superiora
1593 3010 1784 3064 divinae
1824 3011 2006 3078 gratiae
2035 3025 2127 3078 pe-

552 3107 810 3165 netrasse,
841 3099 999 3154 alium
1029 3100 1094 3154 ad
1123 3100 1374 3156 inferiora
1420 3101 1575 3156 inferi
1615 3101 1916 3156 devenisse.
1952 3100 2128 3156 Unum

551 3192 734 3260 itaque
761 3205 792 3245 e
819 3190 1044 3256 duobus,
1077 3192 1265 3261 inquit,
1314 3201 1406 3252 aut
1433 3189 1639 3247 natura:
1678 3192 1834 3246 malae
1861 3200 1984 3246 sunt
2013 3191 2124 3256 ﬁlii,

549 3293 603 3339 et
631 3285 790 3338 ambo
820 3281 848 3321 ι’
879 3298 976 3353 pro
1013 3283 1064 3338 id
1109 3285 1252 3353 quod
1288 3294 1412 3339 sunt
1437 3285 1550 3338 nati
1583 3295 1604 3322 ε
1635 3283 1927 3338 damnandi
1970 3291 2126 3349 sunt;
2154 3275 2202 3338 C

549 3384 641 3430 aut
667 3383 873 3428 naturae
915 3375 1070 3428 bonae
1097 3384 1238 3439 sunt,
1297 3383 1353 3429 et
1397 3391 1496 3445 pro
1547 3374 1674 3429 facti
1720 3375 1804 3428 sui
1849 3374 2126 3443 qualitate,

550 3466 691 3537 juste
736 3465 898 3519 alium
947 3466 1252 3521 benedictio
1299 3466 1597 3530 coronavit,
1631 3466 1796 3519 alium
1825 3463 2131 3520 maledictio

553 3557 944 3612 condemnavit.
990 3556 1117 3610 Haec
1163 3564 1218 3609 et
1269 3556 1352 3610 his
1393 3557 1587 3610 similia
1627 3564 1901 3612 asserente
1946 3563 2133 3610 sancto

557 3647 832 3716 Perigene,
857 3648 1115 3716 aliquanti
1138 3649 1417 3702 credentes
1440 3649 1686 3702 conversi
1714 3656 1839 3703 sunt
1860 3648 1928 3701 ab
1950 3662 2135 3702 errore

557 3737 657 3791 hoc
685 3739 918 3808 pessimo
950 3757 962 3791 :
996 3754 1102 3792 non
1133 3738 1412 3792 credentes
1441 3745 1639 3803 autem,
1669 3753 1769 3792 nec
1812 3745 2133 3792 converten-

559 3837 654 3893 tes,
685 3829 862 3898 gladio
892 3837 1016 3883 sunt
1045 3829 1398 3884 anathematis
1436 3828 1717 3898 amputati.

1280 3916 1394 3972 XX.

636 4007 859 4062 Heresis
904 4007 1156 4062 vicesima
1195 4007 1335 4076 apud
1374 4007 1587 4063 Cretam
1634 4008 2078 4063 Archonticorum
2107 4023 2138 4061 a

569 4091 891 4169 principibus
919 4114 1112 4153 nomen
1142 4100 1365 4169 accepit.
1399 4096 1673 4168 Principes
1701 4100 1843 4154 enim
1872 4113 1931 4152 se
1959 4098 2140 4152 colere

564 4189 787 4261 jactant,
829 4203 964 4258 quos
991 4189 1175 4244 dicunt
1212 4189 1514 4244 condidisse
1554 4190 1694 4244 hunc
1720 4189 1997 4244 mundum.
2030 4187 2142 4242 Hos

565 4287 782 4333 sanctus
809 4277 1093 4334 Dioscorus
1133 4279 1407 4334 Cretensis
1434 4281 1715 4350 episcOpus
1741 4281 2138 4346 condemnavit,

566 4371 765 4436 docens
791 4385 952 4425 unum
983 4379 1037 4424 et
1067 4386 1250 4424 verum
1277 4371 1446 4426 Deum
1476 4371 1529 4424 in
1557 4379 1740 4440 partes
1766 4371 2144 4424 substantiales

568 4463 778 4530 penitus
796 4461 959 4515 dividi
988 4462 1207 4516 omnino
1238 4477 1342 4515 non
1384 4477 1580 4531 posse:
1611 4463 1754 4516 hunc
1800 4477 1919 4516 esse
1953 4461 2140 4526 Deum,

569 4551 660 4618 qui
686 4565 743 4604 se
787 4558 843 4604 et
867 4551 1144 4620 prophetis
1189 4551 1439 4615 ostendit,
1471 4560 1524 4606 et
1553 4552 1604 4604 in
1644 4567 1702 4605 se
1749 4552 2029 4606 credentes
2075 4552 2144 4606 ab

2220 1975 2338 2043 ipso
2380 1989 2487 2027 uno
2538 1972 2800 2042 principio
2846 1973 3072 2026 alterum
3123 1972 3322 2027 factum
3351 1981 3451 2027 est.
3483 1972 3635 2038 Quod
3678 1987 3809 2029 cum.

2218 2065 2509 2132 malignum
2539 2072 2680 2118 esset
2708 2064 3003 2129 inventum,
3028 2080 3058 2118 a
3083 2065 3229 2118 bono
3259 2063 3524 2132 abjectum
3555 2072 3665 2129 est;
3707 2063 3809 2118 ab-

2215 2157 2420 2226 jectum
2440 2172 2569 2210 vero
2609 2172 2638 2209 a
2665 2156 2812 2210 bono
2841 2157 3105 2226 principio
3143 2156 3247 2209 hoc
3271 2154 3608 2224 principium,
3659 2153 3810 2222 quod

2221 2248 2611 2316 malignabatur
2657 2258 2842 2302 contra
2882 2249 3008 2302 boni
3062 2247 3307 2318 principii
3356 2247 3704 2310 voluntatem,
3747 2246 3811 2302 in.
3902 2291 3905 2294 .

2224 2355 2319 2393 sua
2352 2331 2683 2406 malignitate
2713 2338 2969 2393 mundum
2999 2337 3141 2392 fecit.
3173 2337 3299 2392 Inde
3328 2347 3409 2392 est
3435 2337 3576 2406 quod
3597 2336 3664 2390 ad
3691 2352 3812 2392 ma-

2223 2431 2333 2484 lum
2363 2445 2462 2482 nos
2496 2429 2856 2498 promptiores
2883 2443 3041 2496 quam
3082 2428 3148 2482 ad
3172 2429 3370 2483 bonum
3401 2435 3590 2482 natura
3618 2441 3814 2482 conse-

2225 2520 2425 2589 quitur,
2477 2526 2531 2572 et
2555 2519 2674 2588 plus
2713 2519 2766 2572 in
2813 2519 2973 2582 vitiis,
3007 2519 3196 2586 inquit,
3229 2534 3386 2586 quam
3428 2519 3479 2570 in
3527 2518 3813 2571 virtutibus

2226 2609 2541 2666 delectatur.
2569 2609 2852 2662 Dominum
2882 2615 3122 2662 nostrum
3162 2607 3344 2663 Iesum
3368 2607 3639 2661 Christum
3662 2622 3814 2662 asse-

2226 2709 2353 2756 runt
2375 2715 2593 2756 carnem
2622 2715 2688 2754 ex
2718 2701 2998 2754 elementis
3026 2701 3342 2769 suscepisse,
3367 2714 3526 2767 quam
3552 2699 3658 2751 acri
3689 2698 3814 2752 red-

2228 2790 2362 2844 didit
2387 2791 2514 2845 dum
2543 2790 2874 2854 ascenderet,
2906 2798 2961 2843 et
2987 2790 3103 2844 sine
3132 2806 3193 2843 ca
3245 2790 3461 2843 intravit
3507 2790 3559 2842 in
3591 2789 3812 2843 ccelum.

2230 2881 2340 2936 Hos
2365 2878 2622 2947 Origenes
2647 2881 2720 2933 ita
2756 2878 2991 2948 perfecte
3015 2880 3307 2949 superavit,
3342 2886 3399 2932 ut
3437 2894 3620 2933 eorum
3647 2894 3818 2935 causa

2229 2970 2570 3040 periodeutes
2597 2968 2767 3033 ﬁeret,
2801 2977 2854 3022 et
2874 2984 2970 3038 per
2995 2969 3230 3036 singulas
3256 2982 3497 3037 quasque
3527 2968 3688 3020 urbes
3716 2982 3817 3037 per

2231 3057 2503 3115 Orientem
2551 3058 2727 3112 eundo
2769 3059 3102 3128 praedicaret.
3150 3057 3217 3112 Et
3246 3059 3367 3129 quia
3408 3058 3819 3117 innumerabilia

2233 3162 2358 3208 sunt
2380 3159 2729 3206 tractatorum
2771 3151 2886 3220 ejus
2910 3151 3200 3226 volumina,
3228 3151 3463 3205 haeretici
3483 3150 3720 3220 superati
3749 3149 3821 3203 Ιί-

2231 3246 2358 3300 bros
2381 3244 2445 3297 ad
2476 3257 2603 3296 suos
2633 3241 2812 3295 libitus
2837 3241 3179 3296 callidissima
3209 3239 3671 3308 argumentatione
3698 3256 3821 3294 mu—

2236 3341 2437 3396 tarunt,
2481 3341 2540 3386 ut
2566 3346 2702 3400 quos
2726 3331 2924 3385 vellent
2951 3330 3220 3400 decipere,
3252 3329 3491 3384 dicerent
3518 3330 3591 3384 ita
3629 3327 3820 3398 Orige-

2235 3439 2357 3478 nem
2386 3423 2496 3477 suis
2536 3421 2961 3490 expositionibus
3007 3417 3277 3474 deﬁnisse.
3319 3417 3470 3473 Unde
3515 3419 3822 3487 quicunque

2235 3527 2404 3584 usque
2431 3514 2591 3569 hodie
2629 3513 2911 3581 Origenem
2940 3513 3083 3581 legit,
3130 3512 3175 3566 si
3225 3510 3470 3580 prudenti
3499 3524 3622 3564 eum
3665 3510 3821 3563 novit:

2236 3608 2554 3664 recitatione
2574 3607 2922 3672 distinguere,
2953 3603 3302 3674 deprehendit
3324 3602 3443 3656 loca
3468 3601 3534 3654 ab
3554 3601 3821 3656 haereticis

2242 3697 2548 3762 maculata;
2580 3694 2722 3763 quod
2747 3695 2818 3746 ita
2848 3708 2965 3747 esse
2993 3694 3013 3730 τ
3037 3702 3253 3747 sanctus
3282 3689 3589 3761 Pamphilus
3615 3698 3824 3760 martyr

2240 3788 2293 3842 in
2322 3803 2419 3843 suo
2461 3784 2808 3855 Apologetico
2834 3783 3138 3838 declaravit.

2939 3894 3121 3950 XXIII.
3196 3935 3204 3946 ,

2314 4013 2576 4068 Vicesima
2603 4013 2762 4066 tertia
2794 4011 3011 4065 haeresis
3036 4007 3493 4062 Cerdonianomm
3521 4022 3551 4060 a
3571 4006 3820 4064 Cerdone

2243 4103 2385 4171 cepit
2412 4100 2712 4162 exordium,
2764 4101 2855 4169 qui
2883 4099 2990 4153 duo
3039 4097 3296 4166 principia
3335 4095 3432 4149 sibi
3483 4095 3821 4150 adversantia

2243 4192 2640 4259 dogmatizavit,
2670 4189 2943 4258 Deumque
2990 4189 3120 4256 legis
3171 4204 3232 4242 ac
3276 4188 3655 4257 prophetarum
3708 4201 3816 4240 non

2244 4297 2361 4337 esse
2388 4290 2596 4351 patrem
2635 4277 2850 4343 Christi,
2878 4294 2976 4333 nec
3002 4280 3202 4333 bonum
3244 4289 3361 4332 esse
3387 4272 3576 4339 Deum,
3611 4277 3703 4331 sed
3727 4277 3818 4344 ju—

2245 4381 2405 4437 stum,
2439 4379 2645 4441 patrem
2688 4381 2816 4424 vero
2845 4367 3040 4422 Christi
3070 4370 3299 4433 bonum;
3333 4364 3706 4435 Christumque
3737 4368 3819 4436 ip-

2245 4479 2361 4517 sum
2393 4477 2489 4516 nec
2521 4469 2699 4515 natum
2748 4475 2814 4514 ex
2844 4459 3058 4524 femina,
3104 4473 3278 4528 neque
3305 4457 3555 4512 habuisse
3583 4471 3819 4520 carnem,

2248 4570 2348 4610 nec
2387 4569 2514 4608 vere
2538 4561 2808 4606 mortuum
2844 4552 2930 4605 vel
2958 4551 3245 4620 quidquam
3275 4565 3506 4619 passum,
3538 4548 3631 4604 sed
3659 4549 3824 4602 simu-

571 4638 816 4693 omnibus
854 4638 1106 4709 periculis
1146 4639 1407 4706 liberavit,
1457 4641 1593 4694 sicut
1638 4639 1770 4703 Noe,
1807 4642 1946 4695 sicut
1976 4641 2146 4696 Abra-
2170 4631 2227 4692 D
2250 4647 2389 4700 lasse
2407 4644 2736 4713 passionem.
2771 4639 2969 4695 Contra
2998 4641 3139 4695 hunc
3168 4641 3399 4709 suscepit
3427 4649 3638 4716 sanctus
3663 4637 3828 4708 Apol-

568 4727 712 4795 ham,
744 4727 909 4795 Isaac,
942 4728 1129 4795 Jacob,
1179 4729 1419 4798 ﬁliosque
1465 4729 1647 4796 Israel,
1695 4728 1905 4794 Jonam,
1947 4730 2147 4787 Susan-

571 4834 712 4886 nam,
743 4828 855 4876 tres
873 4836 1104 4892 pueros;
1127 4829 1183 4876 et
1209 4821 1610 4876 innumerabilia
1634 4837 1758 4891 erga
1787 4823 2066 4879 credentes
2094 4825 2146 4877 in

571 4926 629 4965 se
667 4925 786 4980 quae
814 4911 1048 4967 ostendit
1095 4911 1234 4966 Deus
1261 4913 1412 4981 signa
1438 4914 1714 4976 virtutum,
1745 4914 1938 4981 quibus
1975 4929 2032 4967 se
2060 4930 2149 4967 so-

573 5002 680 5054 lum
708 5000 876 5056 Deum
923 5001 1249 5057 ostenderet.
1280 5003 1694 5073 Acquiescentes
1740 5003 1950 5057 veritati
1999 5019 2150 5058 rece-

577 5094 671 5162 pit,
698 5078 1074 5148 dissentientes
1101 5109 1230 5148 vero
1257 5103 1456 5148 teterna
1485 5095 1881 5149 abominatione
1917 5095 2141 5165 punivit.

1288 5181 1428 5238 XXI.
1553 5234 1562 5244 .

647 5268 822 5326 Prima
851 5280 908 5327 et
932 5273 1185 5328 vicesima
1205 5272 1424 5327 haeresis
1438 5272 1746 5329 aMarcione
1768 5283 1886 5328 orta
1907 5282 2006 5330 est.
2032 5274 2147 5332 Duo

649 5416 673 5478 ξ·
705 5407 801 5478 Ms.
832 5409 992 5475 Aug.,
1025 5409 1414 5478 Mesopotamia:
1433 5405 1812 5478 iEcctesiarum.

649 5475 676 5512 δ
707 5477 803 5548 bis.
827 5478 986 5548 Aug.,
1022 5475 1182 5531 ambo'
1209 5478 1282 5532 sic
1306 5477 1441 5548 quod
1479 5489 1615 5530 sunt.

651 5557 674 5616 ς
705 5547 803 5601 Ms.
835 5547 997 5616 Aug.,
1026 5548 1279 5600 amati.

649 5613 675 5652 ἀ
694 5617 813 5686 ‘Ms.
833 5613 993 5684 Aug,
1024 5616 1302 5686 Synerum,
1328 5625 1385 5669 ut
1406 5625 1462 5686 et
1481 5615 1620 5686 apud
1646 5615 1955 5686 Eusebium.
1973 5617 2150 5686 ,Vide-

583 5685 656 5757 sis
681 5684 1006 5757 Cotelerium
1036 5684 1102 5757 ad
1123 5684 1573 5757 ,Coristit._Apost.
1607 5685 1697 5757 lib.
1721 5701 1935 5757 vt,_cap.
1962 5685 2015 5749 8,
2035 5694 2148 5740 not.

586 5752 682 5824 1'2;
712 5765 767 5810 et
793 5755 1047 5812 Huetium
1073 5756 1124 5810 in
1153 5756 1295 5809 notis
1321 5754 1385 5808 ad
1415 5751 1697 5822 Exegetica
1725 5751 1988 5824 Origenis,
2019 5762 2155 5810 tom.

583 5821 650 5888 ιι,
673 5839 791 5893 pag.
821 5824 874 5877 Ἰ.

2252 4736 2427 4790 Ionius
2455 4734 2740 4803 episcopus
2782 4729 3201 4796 Corinthiorum,
3250 4746 3477 4799 eumque
3504 4733 3650 4785 omni
3703 4745 3827 4792 cum

2251 4827 2458 4897 synodo
2480 4835 2502 4872 Β
2526 4822 2782 4879 Orientali
2811 4821 3103 4885 damnavit,
3144 4820 3369 4878 reddens
3397 4823 3656 4876 rationem
3685 4821 3828 4874 hunc

2250 4932 2370 4972 esse
2391 4916 2560 4971 Deum
2584 4925 2791 4984 patrem
2817 4913 3028 4969 Domini
3049 4913 3217 4967 nostri
3245 4909 3369 4966 Jesu
3395 4911 3606 4972 Christi,
3632 4909 3698 4961 de
3717 4924 3827 4977 quo

2254 5008 2462 5078 Moyses
2510 5007 2562 5059 in
2600 5005 2778 5076 capite
2828 5001 2949 5059 libri
2977 5005 3058 5058 sui
3104 5004 3233 5057 dicit
3283 5000 3390 5053 ειη
3429 4998 3676 5068 principio
3707 4999 3829 5068 fecit

2256 5097 2393 5152 Deus
2419 5098 2598 5150 malum
2619 5113 2680 5149 ac
2704 5106 2895 5150 terram
2922 5093 3071 5164 (Gen.
3105 5110 3143 5155 1,
3178 5094 3250 5160 l).
3281 5090 3477 5143 Omnes
3504 5089 3699 5143 veteris
3720 5088 3825 5144 Te-

2253 5188 2502 5242 stamenti
2532 5184 3024 5257 irreprehensibiles
3052 5180 3342 5235 secundum
3386 5179 3699 5249 Apostolum
3730 5199 3826 5253 ap-

2254 5277 2519 5349 probavit,
2551 5278 2734 5333 dicens
2765 5294 2777 5329 :
2806 5272 2932 5338 Quis
2953 5270 3208 5324 accusabit
3229 5270 3467 5326 adversus
3489 5272 3673 5326 electos
3701 5272 3828 5326 Dei?

2332 5421 2356 5449 ε
2389 5411 2486 5465 Ms.
2517 5412 2678 5479 Aug.,
2712 5407 3080 5479 Marcionistaz.

2335 5480 2353 5518 ῐ
2387 5473 2763 5550 Apologéticus
2789 5475 3351 5550 Origenianus_s_ancto
3381 5473 3660 5550 Pamphilo
3688 5489 3831 5550 mar-

2260 5551 2361 5612 tyri
2391 5542 2648 5603 asseritur
2676 5547 2742 5601 ab
2771 5542 2989 5599 auctore
3011 5552 3120 5597 tum
3142 5545 3245 5606 hic,
3281 5553 3388 5597 lum
3416 5542 3570 5612 infra,
3594 5558 3712 5612 cap.
3737 5543 3824 5594 45.

2260 5568 2279 5604 ι
2315 5568 2361 5604 ιί
2391 5568 2648 5603 asserltur
2676 5568 2742 5601 an
2771 5568 2989 5599 aucwrc
3012 5568 3120 5597 tum
3143 5568 3245 5606 unc,
3281 5568 3388 5597 tum
3416 5568 3570 5607 ultra,
3594 5568 3712 5612 cap.
3737 5568 3804 5594 ιω

2259 5568 2375 5686 (ἕω
2399 5619 2467 5673 de
2485 5616 2702 5686 re__ali_bi
2719 5615 2881 5686 verba
2906 5613 3417 5686 fecimus,‘ni_mirum
3439 5613 3491 5686 in
3523 5610 3804 5678 Prolegom

2259 5680 2327 5742 a'd
2353 5697 2482 5742 tom.
2515 5684 2600 5754 IV,
2631 5683 2764 5738 Bibl.
2795 5682 2899 5737 PP.
2924 5683 3180 5754 cap.l,_§
3213 5681 3264 5754 4,
3297 5685 3416 5754 pa’g.
3452 5680 3502 5732 4.

2331 5763 2358 5802 ι
2379 5754 2478 5810 Ms.
2501 5753 2660 5822 Aug"
2689 5768 2898 5828 eumque
2923 5749 3086 5806 oninis
3114 5749 3341 5805 Ecclesia
3370 5766 3479 5802 cum
3503 5749 3722 5818 synodo.

3858 711 3868 742 Ι
