4244 6258
487 448 619 508 506'

1491 439 1863 499 ANONYMUS
1903 435 2179 494 Αιῖιξτοι
2218 429 2758 495 ΡΚᾹΞῧΕΒΤΙΝΑΤΙ.
2866 465 2874 474 ·

487 540 632 628 Deut
661 574 746 643 qui
759 572 1043 641 justi/icui;
1071 567 1184 637 quis
1214 573 1289 618 est
1318 567 1401 635 qui
1424 563 1727 616 condemnet
1757 558 1935 631 (Rom.
1960 573 2070 623 vtn,
2103 557 2156 616 Α
2182 571 2299 611 rum
2323 558 2536 612 actione
2579 557 2901 626 percipitur;
2933 557 3297 610 sanctilicatur
3325 557 3468 611 enim
3506 569 3605 625 per
3651 571 3771 612 ver.

488 654 621 733 35)?
650 661 776 715 Haec
797 667 976 713 autem
999 665 1055 712 et
1076 656 1158 711 his
1183 654 1381 711 similia
1409 655 1513 709 hac
1539 652 1607 708 de
1636 660 1798 707 cuum
1824 649 2081 705 condem—

487 755 628 811 natis
655 752 939 817 htercticis,
972 750 1280 805 rationabili
1304 760 1557 804 sermone
1581 746 1903 802 videbantur
1931 745 2086 800 satis-

488 846 667 902 facere
709 843 1039 907 sacerdotes,
1087 842 1201 897 sive
1254 848 1373 895 uta
1404 824 1702 909 priocipitio
1740 843 2077 901 revocarent,

489 938 605 994 sive
632 944 691 991 ut
712 950 771 991 se
792 934 1144 991 ostenderent
1162 941 1341 989 sectas
1369 931 1647 996 damnare,
1672 944 1780 985 non
1801 928 2078 992 homines;

487 1028 736 1085 homines
774 1034 952 1083 autem
992 1027 1202 1097 seipsos
1239 1025 1515 1090 damnare,
1545 1023 1639 1093 qui
1678 1022 1960 1077 damnatas
1997 1035 2083 1077 se-

369 1179 381 1198 .
489 1126 605 1176 etas
633 1121 1021 1191 amplectentes
1047 1134 1077 1173 a
1108 1119 1337 1173 veritate
1365 1116 1668 1172 discedunt.

1190 1207 1379 1263 XXIV.

560 1302 826 1357 Vicesima
855 1306 911 1356 et
936 1306 1129 1370 quarta
1162 1306 1246 1354 est
1274 1299 1493 1356 bmresis
1522 1298 1957 1363 Severianorum,
1989 1292 2081 1367 qui

490 1402 616 1452 sunt
643 1412 673 1448 a
697 1404 723 1431 ιι
753 1392 956 1448 Severo
984 1393 1181 1448 exorti.
1213 1391 1409 1445 Vinum
1453 1404 1562 1445 non
1590 1391 1810 1454 bibunt,
1842 1404 1910 1443 eo
1937 1382 2082 1458 quod

488 1488 732 1543 fabulosa
763 1486 1002 1539 vanitate
1030 1484 1098 1539 de
1135 1484 1341 1539 semine
1388 1484 1604 1539 Satanas
1646 1490 1849 1536 terram
1886 1482 2085 1550 germi-

491 1592 652 1633 nasse
682 1583 929 1630 asserunt
956 1577 1140 1629 vitem.
1166 1572 1358 1628 Carnis
1384 1588 1601 1642 quoque
1629 1572 2082 1627 resurrectionem

491 1683 613 1724 cum
641 1666 809 1721 veteri
856 1674 1115 1735 respuunt
1159 1664 1528 1721 Testamento.
1571 1663 1683 1718 Hos
1719 1662 1992 1718 damnavit
2022 1661 2080 1717 S.

489 1751 819 1830 Euphranon
849 1759 1134 1828 episcopus
1182 1756 1459 1823 Rhodius;
1491 1754 1631 1828 apud
1663 1752 1909 1810 Rhodum
1939 1755 2079 1818 opim

490 1843 685 1908 liorum
714 1848 1025 1919 superstitio
1054 1853 1172 1901 orta
1206 1850 1307 1899 est.
1340 1844 1488 1912 Quos
1514 1844 1747 1899 convicit
1775 1843 2081 1913 Scriptura-

2184 647 2311 701 bum
2338 647 2432 701 Dei
2460 655 2521 701 et
2545 646 2845 700 orationem
2877 645 2918 715 (l
2952 644 3083 699 Tim.
3116 661 3187 711 iv,
3213 645 3248 698 2
3267 674 3288 686 -
3308 643 3382 715 5).
3426 645 3777 703 Abstinentiae

2186 747 2366 794 autem
2408 744 2623 794 nostros
2679 736 2980 792 catholicos
3031 737 3232 791 ideirco
3278 737 3591 803 laudamus,
3646 739 3776 807 quia

2185 828 2214 868 ι’
2238 829 2455 899 quando
2483 845 2591 884 non
2620 828 2893 897 accipiunt
2920 828 3088 893 cibos,
3118 829 3273 897 quasi
3320 829 3412 896 qui
3451 828 3635 884 dicant
3659 844 3778 885 mae-

2184 923 2293 978 ium
2336 904 2458 979 esse
2487 925 2752 993 accipere,
2784 922 2878 978 sed
2926 922 3127 976 bonum
3175 921 3360 975 dicunt
3403 930 3459 975 et
3486 923 3773 991 optimum,

2183 1016 2327 1085 quod
2353 1031 2412 1072 se
2438 1020 2682 1071 asserunt
2710 1029 2829 1070 esse
2858 1014 2925 1069 ad
2955 1012 3359 1083 percipiendum
3390 1013 3655 1081 indignos.
3684 1015 3777 1073 Sic

2183 1106 2244 1161 iit
2270 1114 2329 1161 ut
2357 1114 2413 1162 et
2450 1107 2580 1161 illud
2625 1113 2884 1160 statutum
2927 1103 3171 1175 Apostoli
3212 1114 3583 1172 conservetur,
3628 1108 3773 1176 quod

2184 1201 2298 1254 ait:
2333 1196 2457 1254 Non
2495 1199 2819 1253 manducent
2859 1199 3259 1253 manducantem
3312 1212 3417 1252 non
3458 1200 3675 1270 judieet,
3723 1203 3778 1257 el

2183 1293 2503 1347 manducetis
2531 1310 2635 1347 non
2663 1292 3058 1347 manducantem
3086 1306 3191 1345 non
3219 1302 3433 1363 spernat
3460 1292 3637 1365 (Roma
3661 1300 3775 1362 xiv,-

2185 1386 2261 1456 3).
2294 1385 2409 1439 Non
2451 1386 2592 1439 enim
2622 1392 2924 1440 creaturam
2956 1392 3205 1450 accusat,
3238 1384 3335 1439 sed
3362 1398 3422 1439 se
3448 1396 3583 1440 esse
3610 1386 3776 1441 talem

2176 1479 2521 1548 pronuntiat,
2554 1488 2577 1516 ο
2604 1492 2713 1546 quo
2751 1491 2810 1529 se
2855 1476 2999 1531 dicat
3047 1473 3205 1543 hujus
3253 1475 3425 1545 epulis
3471 1476 3617 1547 relici
3657 1488 3769 1532 non

2185 1571 2397 1624 mereri.

2887 1657 3075 1713 XXVI.

2260 1750 2524 1807 Vicesima
2554 1759 2609 1805 et
2631 1757 2785 1805 sexta
2830 1748 3049 1805 hieresis
3074 1748 3444 1822 Cataphryges
3472 1753 3581 1807 orti
3627 1761 3773 1820 sunt,-

2185 1844 2274 1917 qui
2304 1843 2408 1898 hoc
2445 1850 2640 1897 nomen
2669 1854 2701 1894 a
2730 1842 3037 1911 provincia,
3071 1855 3178 1896 non
3217 1856 3247 1895 a
3283 1840 3537 1911 dogmate
3569 1848 3777 1900 assum-'-

491 1960 612 1999 rum
642 1944 850 1998 ratione
879 1948 1207 2005 sanctarum,
1238 1939 1292 1993 in
1335 1938 1528 2009 quibus
1556 1936 1751 2012 legitur
1778 1926 1923 1990 Deus
1948 1935 2081 1989 edu-
2113 1932 2163 1998 Β
2188 1942 2436 2005 pserunt;
2467 1948 2696 2003 quorum
2722 1941 2971 1989 auctores
2999 1934 3214 1989 ﬁlerunt
3245 1932 3549 2001 Montanus,
3591 1932 3771 1992 Prisca

494 2034 629 2088 cci'e'
646 2033 713 2088 de
744 2042 885 2087 terra
912 2040 1109 2102 panem
1138 2029 1205 2083 ad
1247 2025 1674 2084 conﬁrmandum
1702 2041 1797 2080 cor
1824 2020 2079 2089 hominis,

494 2134 549 2180 et
578 2125 760 2178 vinum
804 2121 873 2177 ad
920 2118 1295 2176 izetilicandum
1330 2118 1504 2192 (Psal.
1535 2134 1641 2183 cm,
1692 2110 1777 2181 i5,
1814 2113 1922 2186 i6).
1962 2115 2084 2170 Vini

495 2225 673 2272 autem
728 2232 833 2269 non
884 2231 1010 2269 usus
1037 2213 1395 2278 necessarius,
1425 2204 1519 2268 sed
1572 2211 1819 2265 nimietas
1869 2210 2083 2264 inimica

491 2302 649 2367 Saluti
681 2306 945 2379 culpanda
988 2314 1087 2362 est.
1123 2305 1313 2361 Carnis
1359 2321 1494 2368 vero,
1537 2302 1988 2359 resurrectionem
2016 2301 2083 2356 ab

496 2401 588 2455 illo
626 2400 944 2469 promissam
974 2413 1091 2452 esse
1130 2396 1223 2465 qui
1260 2390 1312 2450 in
1340 2394 1589 2465 praesenti
1632 2398 1874 2449 mortuos
1913 2393 2084 2448 susci-

495 2476 674 2553 tabat;
707 2490 797 2557 qui
829 2488 872 2544 si
897 2488 1149 2542 mentitus
1180 2484 1395 2550 fuisset,
1427 2493 1673 2540 mortuos
1700 2484 1886 2555 utique
1912 2482 2080 2538 susci-

496 2590 613 2633 tare
643 2596 749 2633 non
797 2578 1079 2649 potuisset.
1112 2575 1341 2632 Sanctos
1381 2592 1499 2631 esse
1538 2576 1718 2646 apices
1756 2573 2085 2629 TeStamenti

497 2671 713 2734 veteris,
761 2668 898 2723 sicut
945 2665 1289 2723 fundamenta
1338 2665 1549 2733 domus,
1601 2665 1855 2736 pneclare
1904 2663 2087 2719 docuit

496 2748 680 2815 dicens
712 2780 724 2812 :
756 2757 1128 2813 Fundamenta
1154 2757 1346 2813 domus
1366 2744 1508 2813 circa
1532 2754 1776 2826 Squalida
1804 2752 1922 2809 loca
1963 2761 2087 2810 sunt

494 2851 692 2922 posita,
720 2861 779 2905 ut
803 2866 867 2905 ea
895 2865 1015 2919 qua:
1040 2857 1165 2905 sunt
1204 2846 1463 2929 superius.
1478 2847 1679 2903 nullam
1705 2845 2086 2902 contumeliam

495 2942 795 2997 stercoruni
825 2940 1115 3011 patiantur.
1146 2938 1439 3010 Superiora
1483 2952 1613 3008 ergo
1652 2938 1842 2993 domus
1870 2928 2086 3007 laquea-

496 3032 645 3086 ribus
673 3031 872 3086 auratis
891 3069 906 3093 ,
939 3028 1232 3101 parietibus
1258 3031 1445 3102 pictis,
1478 3037 1533 3085 et
1561 3030 1712 3084 vario
1758 3040 2085 3084 marmorum

497 3121 720 3177 metallo
752 3130 875 3177 sunt
921 3116 1084 3178 edita.
1134 3120 1393 3178 lnferiora
1422 3134 1573 3186 Vero,
1619 3121 1831 3175 humori
1871 3128 2086 3175 terreno

498 3213 690 3293 vicina,
716 3213 921 3283 digesta
944 3215 1106 3269 etiam
1128 3210 1466 3284 superiorum
1492 3213 1740 3293 universa
1769 3212 2084 3283 suscipiunt.

2188 2030 2242 2082 et
2270 2025 2580 2080 Maximilla.
2613 2025 2680 2080 Hi
2718 2026 2899 2095 itaque
2943 2026 3235 2081 adventum
3270 2026 3501 2097 Spiritus
3543 2029 3711 2085 sancti
3739 2042 3770 2086 ι

2186 2117 2415 2171 Domino
2442 2118 2764 2186 promissum
2802 2116 2857 2169 in
2895 2131 2956 2170 se
2998 2117 3181 2187 potius
3208 2131 3371 2186 quam
3413 2119 3467 2173 in
3516 2120 3773 2189 apostolis

2187 2207 2352 2262 fuisse
2380 2215 2625 2262 asserunt
2663 2206 2949 2261 redditum.
2994 2198 3269 2262 Secundas
3298 2210 3511 2279 nuptias
3538 2220 3637 2280 pro
3660 2208 3772 2267 for-

2188 2300 2547 2355 nicationibus
2574 2300 2806 2363 habent,
2839 2306 2894 2354 et
2940 2298 3063 2355 ideo
3110 2298 3293 2354 dicunt
3338 2308 3431 2356 eas
3471 2302 3776 2371 permisisse

2188 2392 2490 2462 apostolum
2514 2391 2758 2455 Paulum,
2783 2391 2907 2461 quia
2929 2396 2997 2446 ex
3024 2396 3180 2461 parte
3207 2392 3429 2458 sciebat,
3454 2394 3507 2448 et
3535 2396 3601 2448 ex
3620 2396 3776 2463 parte

2186 2485 2561 2555 prophetabat.
2595 2482 2843 2559 Nondum
2873 2485 3017 2538 enim
3044 2490 3269 2538 “venerat
3297 2485 3442 2553 quod
3478 2482 3772 2555 perfectum

2188 2583 2287 2630 est.
2322 2575 2437 2631 Hoc
2464 2582 2648 2630 autem
2677 2574 2971 2645 perfectum
3020 2577 3073 2631 in
3116 2575 3428 2630 Montanum
3477 2582 3531 2631 et
3577 2578 3631 2631 in
3659 2578 3774 2647 eius

2186 2666 2552 2737 prophetissas
2598 2676 2730 2735 illius
2777 2676 2935 2736 supra
2987 2666 3237 2731 diximus,
3269 2668 3480 2722 venisse
3522 2668 3771 2723 delirant;

2187 2758 2458 2812 Hactenus
2485 2757 2710 2811 dixerim
2739 2756 2806 2811 de
2826 2756 3196 2828 Cataphrygis.
3223 2755 3425 2813 Cretera
3448 2766 3563 2828 qum
3582 2757 3770 2812 dium-

2188 2858 2275 2903 tur
2301 2851 2452 2921 quasi
2481 2851 2681 2904 incerta
2713 2858 2994 2919 praetereo.
3024 2849 3100 2905 De
3139 2849 3354 2905 infantis
3390 2850 3643 2919 sanguine
3673 2864 3769 2908 eos

2188 2943 2449 3012 accipere.
2479 2942 2621 3011 quod
2663 2942 2783 2997 ideo
2810 2942 3058 3007 dicimus,
3094 2958 3162 2998 ne
3211 2943 3487 2998 videamur
3518 2945 3771 3013 ignorare

2189 3033 2367 3089 omnia
2397 3049 2515 3104 quae
2560 3036 2627 3089 de
2656 3035 2732 3089 eis
2761 3033 3012 3090 dicuntur
3041 3052 3053 3088 :
3089 3035 3145 3089 hi
3179 3037 3321 3090 enim
3352 3037 3443 3105 qui
3472 3040 3657 3091 contra
3680 3040 3774 3092 eos

2188 3125 2514 3194 scripserunt
2536 3124 2665 3179 nihil
2685 3125 2812 3180 hinc
2824 3124 3039 3194 penitus
3066 3128 3454 3181 memorat-unt.
3495 3124 3523 3162 ιι
3552 3122 3777 3196 Scripsit

2188 3220 2374 3272 contra
2405 3230 2499 3271 eos
2525 3216 2718 3271 librum
2743 3227 2961 3271 sanctus
2980 3216 3288 3287 Soterpapa
3322 3213 3499 3281 Urbis,
3534 3225 3588 3273 et
3609 3214 3774 3288 Apol;

498 3288 635 3373 Quid
663 3321 794 3374 ergo
821 3322 962 3360 nunc
991 3302 1285 3360 faciemus?
1314 3306 1358 3359 si
1383 3287 1672 3359 auferimus
1700 3301 1972 3367 inferiora,
1997 3319 2086 3357 su-
2114 3296 2159 3365 C
2190 3307 2364 3362 ionius
2418 3300 2772 3377 Ephesiorum
2820 3307 3063 3363 antistes.
3119 3306 3319 3362 Contra
3366 3318 3503 3377 quos
3562 3287 3775 3379 scripsit

498 3400 712 3470 periora
743 3406 1019 3453 corruunt.
1055 3396 1254 3450 Tamen
1299 3396 1343 3451 si
1389 3384 1712 3449 destruenda
1753 3400 1907 3459 erant
1949 3393 2086 3449 infe-

498 3492 666 3554 riora,
698 3504 804 3543 non
832 3488 936 3542 hoc
977 3487 1114 3542 alius
1154 3496 1368 3557 poterat
1413 3485 1516 3540 nisi
1552 3484 1649 3539 Dei
1696 3478 1863 3540 Filius
1893 3484 2085 3557 facere.

499 3581 789 3638 Videamus
814 3594 945 3648 ergo
973 3556 1280 3634 utrumnam
1311 3579 1426 3649 ipse
1452 3577 1779 3633 destruxerit
1804 3577 1907 3632 hoc
1944 3556 2089 3647 quod

499 3690 601 3731 nos
627 3674 854 3729 dicimus
902 3688 1219 3743 permanere
1250 3691 1262 3725 :
1299 3671 1537 3737 Putatis,
1570 3670 1937 3743 inquittquia
1976 3668 2087 3726 veni

499 3769 662 3837 legem
692 3765 972 3843 destruere,
1005 3771 1092 3817 aut
1131 3764 1449 3843 prophetas?
1477 3759 1599 3817 Non
1630 3764 1744 3817 veni
1786 3762 1944 3834 legem
1978 3762 2085 3815 sol-

498 3875 632 3921 vere,
656 3856 747 3910 sed
774 3840 1057 3925 adimplere
1087 3840 1299 3925 (Matth.
1337 3872 1386 3919 v,
1421 3854 1529 3925 i7).
1564 3852 1689 3908 Haec
1735 3862 1789 3907 et
1814 3852 1897 3907 his
1941 3853 2089 3907 simi-

497 3949 571 4004 lia
600 3950 783 4004 dicens
810 3956 1027 4003 sanctus
1054 3946 1378 4016 Euphranon‘
1408 3947 1709 4015 episcopus,
1738 3945 1936 3997 multos
1965 3959 2089 3998 con-

497 4039 691 4105 vertit;
725 4040 776 4093 in
808 4052 993 4093 errore
1040 4050 1172 4091 vero
1210 4043 1618 4107 perseverantes
1657 4039 1916 4103 perpetua
1960 4049 2084 4087 san-

499 4130 678 4187 ctione
707 4145 736 4185 a
758 4130 1139 4185 communione
1163 4128 1413 4197 privavit.

606 4222 609 4225 ’
1204 4214 1368 4269 XXV.

508 4322 511 4325 λ
570 4310 832 4365 Vicesima
863 4318 917 4364 et
946 4310 1130 4381 quinta
1162 4308 1379 4364 hmresis
1408 4316 1490 4362 est
1519 4306 1886 4373 Tatianorum,
1919 4320 1948 4361 a
1978 4306 2084 4362 Ta;

498 4401 646 4455 tiano
691 4398 926 4468 quodam
972 4397 1232 4463 instituta,
1265 4398 1356 4465 qui
1398 4405 1453 4449 et
1502 4395 1792 4450 Encratitm
1832 4397 2085 4466 appellati

495 4500 643 4549 sunt.
676 4490 740 4545 iii
788 4492 1003 4561 nuptias
1032 4488 1317 4552 damnant,
1347 4494 1508 4556 atque
1548 4486 1766 4543 Omnino
1811 4503 1965 4559 pares
1994 4494 2085 4545 eas

494 4580 944 4637 fornicationibus
972 4579 1198 4647 aliisque
1242 4577 1679 4649 corruptionibus
1724 4579 1951 4647 faciunt,
1984 4596 2084 4637 nec
2134 4642 2143 4647 ,

2193 3396 2552 3453 Tertullianus
2610 3397 2895 3470 presbyter
2951 3396 3424 3468 Carthaginiensis.
3484 3395 3586 3466 Qui
3655 3406 3775 3455 cum

2192 3486 2370 3542 omnia
2390 3487 2536 3542 bene
2563 3490 2617 3543 et
2647 3489 2818 3558 prime
2866 3494 2922 3543 et
2960 3488 3455 3559 incomparabiliter
3480 3490 3773 3561 scripserit.

2191 3578 2244 3631 in
2272 3579 2375 3634 hoc
2402 3578 2573 3633 solum
2603 3590 2661 3634 se
2690 3579 3168 3649 reprehensibilem
3196 3578 3351 3644 fecit,
3394 3580 3541 3649 quod
3570 3576 3779 3636 Manta;

2190 3680 2318 3724 num
2351 3670 2607 3737 defendit,
2639 3680 2802 3739 agens
2845 3679 3035 3725 contra
3075 3669 3323 3725 Soterem
3371 3682 3533 3741 supra
3577 3672 3778 3726 diciinn

2192 3759 2349 3816 Urbis
2378 3752 2592 3831 papam,
2625 3767 2873 3816 asserens
2902 3750 3030 3814 falsa
3061 3772 3182 3815 esse
3216 3760 3284 3814 de
3312 3761 3571 3829 sanguine
3598 3759 3770 3815 infan-

2191 3853 2276 3918 tis,
2312 3852 2624 3909 Trinitatem
2656 3852 2708 3908 in
2736 3854 2942 3908 unitate
2970 3850 3213 3921 Deitatis,
3266 3855 3631 3924 paenitentiam
3678 3855 3759 3910 in;

2189 3943 2319 4013 psis,
2360 3944 2628 4013 mysteriis
2671 3942 2875 3997 eisdem
2907 3952 3069 3997 unum
3110 3946 3308 4015 pascha
3338 3946 3624 4001 nobiscum.
3658 3944 3771 4000 Hoc

2188 4035 2361 4089 Solum
2402 4033 2789 4104 discrepamus,
2832 4036 3031 4106 inquit,
3072 4034 3213 4106 quod
3256 4032 3519 4094 secundas
3560 4040 3773 4109 nuptias

2189 4134 2296 4178 non
2338 4123 2657 4194 recipimus,
2709 4130 2766 4180 et
2811 4127 3151 4197 prophetiam
3199 4122 3437 4183 Montani
3485 4127 3553 4183 de
3600 4122 3777 4184 futuro

2183 4213 2385 4284 judicio
2416 4226 2523 4270 non
2542 4228 2870 4272 recusamus.
2898 4213 3165 4287 Objiciirnt
3186 4218 3403 4289 quidam
3424 4214 3774 4289 Tertulliano,

2188 4306 2331 4377 quod
2371 4306 2603 4362 animam
2634 4320 2703 4363 ex
2745 4308 2983 4376 traduce,
3020 4309 3073 4365 id
3108 4310 3190 4366 est
3218 4308 3451 4366 animam
3482 4302 3677 4368 dixerit
3705 4306 3776 4375 ita

2186 4392 2330 4467 gigni
2361 4412 2427 4453 ex
2457 4398 2655 4463 anima,
2701 4398 2839 4456 sicut
2866 4408 2935 4457 ex
2982 4403 3299 4473 carpet-ibus
3348 4408 3584 4475 corpus;
3635 4403 3774 4475 quod

2185 4482 2450 4547 catholica
2482 4491 2613 4555 tides
2636 4493 2989 4549 vehementer
3011 4500 3345 4550 exsecratur.
3481 4509 3487 4515 '

2862 4580 3073 4640 XXVII.

495 4673 766 4744 recipiunt
806 4672 858 4726 in
900 4684 1000 4727 suo
1030 4678 1254 4731 numero
1284 4669 1535 4741 coniugio
1578 4676 1847 4741 utentem,
1880 4682 2086 4730 marem
2113 4666 2169 4738 1)
2222 4656 2228 4664 ’
2262 4670 2525 4729 Vicesima
2578 4677 2805 4746 septima
2849 4670 3070 4733 haeresis
3118 4666 3569 4749 Pepuzianorum,
3611 4676 3702 4749 qui
3744 4694 3775 4735 a

492 4764 579 4820 vel
601 4762 871 4835 feminam.
898 4763 1014 4820 Non
1039 4766 1330 4818 vescuntur
1349 4764 1617 4830 earnihus,
1642 4776 1842 4836 easque
1863 4766 2082 4822 omnino

493 4855 891 4911 abominantur.
918 4853 1121 4910 Contra
1164 4850 1265 4909 hos
1307 4853 1543 4925 suscepit
1588 4848 1807 4912 sanctus
1848 4855 2083 4929 Epipha-

494 4946 614 5001 nius
643 4929 868 5018 Ancyru:
905 4944 1129 5001 Galatia:
1172 4944 1475 5016 episcopus,
1509 4946 1768 5016 objiciens
1808 4949 1885 5004 eis
1932 4949 2080 5006 Pauli

493 5028 723 5105 apostoli
753 5036 1035 5107 epistolam
1064 5035 1131 5091 ad
1171 5034 1511 5091 Timotheum
1558 5037 1814 5107 primam,
1841 5055 1907 5095 eo
1934 5041 2077 5109 quod

492 5125 727 5182 habeant
760 5130 1108 5185 cauteriatam
1148 5126 1532 5183 conscientiam
1558 5168 1570 5191 ,
1602 5126 1951 5197 prohibentes
1980 5148 2079 5186 nu—

488 5216 637 5282 bere,
670 5228 724 5272 et
752 5222 1021 5277 abstinere
1048 5222 1306 5277 docentes
1333 5230 1363 5276 a
1385 5222 1517 5292 cibis
1544 5230 1681 5290 Quos
1708 5223 1848 5277 Deus
1876 5228 2078 5281 creavit

466 5305 557 5360 Iad
587 5309 987 5377 percipiendum
1017 5324 1137 5368 cum
1166 5313 1456 5381 gratiarum
1490 5315 1722 5379 actione,
1756 5310 1996 5369 ﬁdelibus
2023 5318 2076 5371 et

489 5396 575 5450 bis
603 5399 693 5465 qui
723 5413 1089 5465 cognoverunt
1118 5406 1401 5460 veritatem
1433 5422 1446 5459 :
1471 5405 1599 5473 quia
1626 5406 1802 5460 omnis
1826 5415 2073 5463 creatura

488 5490 582 5545 Dei
613 5488 881 5557 bona'est,
913 5502 967 5547 et
1008 5495 1137 5548 nihil
1168 5497 1522 5564 abjiciendum
1550 5497 1693 5569 quod
1722 5510 1841 5554 cum
1872 5488 2071 5569 gratia-

560 5656 585 5686 ι
627 5648 784 5716 Aug.,
812 5646 1113 5703 Severiano.

555 5716 583 5755 δ
619 5717 752 5787 Aug.
788 5734 893 5772 non
924 5719 1085 5771 habet
1111 5721 1336 5785 quando.

554 5797 581 5859 ξ
620 5785 720 5859 Ms.
744 5789 900 5853 Aug.,
930 5789 1016 5859 qui
1042 5804 1097 5842 se
1127 5789 1286 5843 dicat.
1324 5804 1337 5815 '
1632 5802 1637 5811 ι
1732 5823 1739 5827 .

556 5851 583 5892 ⁸
622 5851 868 5910 Auctoris
891 5851 1062 5911 nostri
1098 5861 1461 5917 testimonium
1488 5862 1553 5915 de
1587 5863 1778 5919 Botere
1808 5866 2069 5922 adversus

2191 4766 2310 4821 loco
2340 4764 2570 4835 quodam
2602 4764 2863 4823 nominati
2900 4772 3043 4823 sunt.
3078 4766 3248 4837 Quam
3290 4768 3774 4845 (1889ωῶβῖθίῐέ-

2188 4865 2297 4913 tem
2328 4856 2455 4915 dicit
2484 4854 2815 4931 Epiphanius
2848 4881 2861 4915 :
2893 4858 3030 4918 hanc
3055 4866 3236 4918 autem
3278 4854 3365 4918 isti
3395 4852 3633 4917 divinum
3678 4846 3779 4915 ali-

2189 4946 2317 5020 quid
2361 4967 2478 5006 csse
2517 4952 2860 5019 arbitrantes,
2904 4944 3239 5008 Hierusalem
3282 4959 3499 5010 vocant.
3544 4940 3776 5008 “tantum

2187 5042 2375 5098 dantes
2398 5044 2708 5113 mulieribus
2737 5042 3115 5114 principatum,
3146 5052 3205 5099 ut
3233 5038 3536 5101 sacerdotio
3559 5046 3776 5113 quoque

2186 5133 2325 5203 apud
2373 5147 2467 5189 eos
2511 5132 2862 5189 honorentur.
2899 5130 3093 5190 Dicunt
3137 5136 3281 5191 enim
3323 5132 3454 5191 duas
3496 5126 3772 5201 ecclesias,

2186 5224 2453 5291 Quintilla:
2501 5232 2555 5279 et
2594 5221 2907 5292 Prisciilas,‘
2937 5225 2989 5279 in
3022 5226 3226 5285 eadem
3271 5227 3490 5299 civitate
3536 5223 3770 5296 Pepuza.

2183 5308 2359 5370 Unum
2383 5323 2509 5371 sunt
2536 5331 2656 5371 cum
2683 5310 3059 5387 Catapbrygis.
3090 5304 3438 5388 Contemptui
3464 5316 3646 5370 autem
3668 5320 3774 5369 eos

2181 5411 2396 5476 habent,
2428 5410 2575 5480 quod
2597 5425 2658 5466 se
2685 5411 2775 5467 isti
2804 5410 3097 5482 Pepuziani
3125 5410 3338 5467 caeteris
3364 5410 3632 5467 assumant
3658 5423 3779 5461 me-

2180 5502 2361 5558 liores.
2386 5503 2581 5558 Dicunt
2608 5503 2751 5583 enim
2771 5502 2913 5559 hanc
2934 5502 3202 5581 Papiriam
3226 5502 3406 5557 villam
3428 5500 3592 5557 fuisse
3621 5496 3776 5583 Mon-

2184 5652 2552 5731 Catapitrygas
2582 5650 2851 5731 scribente
2885 5656 3147 5731 probatur
3168 5648 3537 5731 Dodwello‘in
3553 5644 3771 5731 dissert.

2181 5722 2336 5811 δίης]
2365 5722 2440 5781 (ὶέ
2462 5722 2714 5851 ξιιᾳῗεεε.
2747 5722 2905 5782 Βοιηῖ
2948 5728 3149 5811 ιπηιιίιὶ¹
3172 5732 3289 5800 Cap.
3322 5726 3408 5793 M,
3436 5722 3775 5853 gemmis

2181 5792 2505 5852 omittendus
2554 5812 2621 5853 c.
2671 5797 2836 5852 abbas
2882 5797 2949 5853 de
2994 5798 3311 5861 Longum-ue.
3351 5794 3407 5851 in
3585 5802 3652 5861 ηε
3700 5786 3772 5861 ἀρ

2175 5792 2505 5852 omittendus
2554 5792 2621 5853 cl.
2671 5797 2836 5852 abbas
2882 5792 2965 5853 de'
2994 5792 3311 5867 Longum-ine.
3351 5794 3407 5851 in
3436 5792 3652 5863 dissert,
3682 5792 3737 5861 Ἀ

2180 5866 2377 5941 iimresi
2413 5868 2669 5941 Montani,
2707 5868 2733 5943 §
2762 5868 2816 5927 8.
2843 5883 2964 5955 pag.
2997 5866 3118 5923 259.
3454 5874 3461 5882 '
3730 5864 3737 5877 “
