4282 6264
410 399 531 457 ιω

410 612 616 667 έὰὶαπε
643 616 703 664 οι
724 605 803 663 ὶδὶ
820 607 1087 670 vixerunt,
1113 602 1238 657 ideo
1264 602 1441 657 locum
1472 600 1811 671 appellarunt
1832 592 2027 653 Hieru-

413 703 627 758 salem.
658 698 730 754 Et
753 699 881 769 quia
905 693 1241 752 habitatores
1273 693 1380 751 loci
1405 700 1549 755 sunt.
1585 693 1712 748 ideo
1734 692 1943 747 caeteris
1968 696 2028 746 se

440 798 564 849 esse
607 791 866 847 meliores
900 787 1195 843 ascribunt.
1236 782 1351 841 ﬂos
1393 782 1710 855 Apollonius
1732 780 2030 852 superavit

412 878 1139 954 .Ephesimmepiscopu.
1698 892 1701 895 λ
1979 905 1983 908 ν

416 986 419 991 ·
1122 964 1363 1024 XXVIII.

518 1066 783 1122 Vicesima
824 1070 1020 1119 oaava
1072 1061 1295 1117 hct-esis
1321 1056 1650 1130 Artotyritas
1699 1066 1827 1112 suos
1855 1059 2029 1119 vocat,

416 1160 642 1230 quibus
666 1158 774 1212 hoc
816 1170 1021 1212 mea
1056 1152 1264 1209 dilatio
1289 1152 1457 1207 dedit.
1490 1148 1734 1209 Otiomnt
1766 1148 1913 1204 enim
1937 1160 2034 1218 pa-

416 1274 427 1305 ί
444 1266 570 1307 nem
596 1260 653 1304 et
678 1263 919 1313 caseum,
947 1246 1194 1302 dicentes
1227 1258 1261 1298 a
1298 1243 1487 1313 primis
1529 1241 1839 1297 hominibus-
1885 1239 2033 1297 elata:

442 1344 624 1398 tiones
665 1341 781 1395 Deo
806 1339 874 1394 de
902 1337 1167 1393 fructibus
1193 1342 1354 1409 terra
1377 1342 1436 1391 et
1461 1334 1643 1388 ovium
1684 1330 1849 1385 fuisse
1895 1328 2037 1384 cele-

447 1433 648 1489 bratas.
693 1429 811 1484 Hos
853 1426 1179 1499 Pepuzianis
1219 1425 1397 1494 jungit
1432 1416 1801 1494 Epiphanius,
1846 1424 2035 1474 contra

419 1532 587 1592 quos
614 1519 1064 1586 nulluaﬂnatus
1086 1524 1293 1572 estnec
1318 1515 1483 1584 loqui.
1974 1520 1975 1525 ‘

1149 1604 1342 1661 XXIX.

426 1744 431 1749 .
526 1703 795 1759 Vieesima
821 1714 966 1757 noua
993 1700 1214 1755 hiet-esis
1243 1697 1827 1754 Tessarescaedeoatiue
1852 1695 2039 1752 dicun-

454 1806 559 1863 tur,
590 1812 659 1852 eo
683 1795 830 1866 quod
857 1801 1048 1865 quarta
1091 1793 1305 1849 decima
1332 1792 1458 1846 luna
1486 1790 1693 1847 Pascha
1739 1791 2035 1857 celebrant,

905 382 1500 450 rupesumma
1533 378 1685 445 sm:
1726 382 2429 445 remons'rmaronnu
2469 376 2806 455 ﬂ/ERESIS,
2848 369 2998 443 Ero.
3042 388 3167 443 us.
3207 389 3247 444 I.

414 517 574 583 :taut,
605 514 802 572 Prius
827 522 886 571 et
908 492 1321 577 summa,“
1340 505 1468 578 quia
1495 508 1569 562 ibi
1591 510 1872 577 coeperunt
1899 518 2031 576 βηθ-
2054 509 2100 567 A
2702 546 2705 551 .
2808 499 3043 562 XXXIII.
3254 479 3259 483 ³

3613 378 3717 448 598

2702 546 2705 551 .
2808 499 3043 562 XXXIII.
3694 504 3695 509 “

2203 596 2553 652 Triccsimum
2582 604 2636 652 et
2664 596 2879 652 tertium
2907 597 3085 653 locum
3104 598 3322 654 haeresis
3338 608 3523 655 tenent
3552 599 3721 655 Theo-

2132 690 2355 755 dotiani,
2388 705 2418 745 a
2438 690 2674 760 quodam
2694 684 2723 729 δ
2745 686 3026 746 Theodoto
3048 689 3583 756 institutiﬂrominem
3611 700 3720 747 tau-

2134 780 2417 839 tummodo
2442 781 2714 837 Christum
2742 780 2837 837 Dei
2865 780 3057 837 Filium
3089 790 3392 837 asserentes
3429 800 3441 835 :
3465 782 3610 852 quod
3637 782 3720 837 di-

2105 888 2119 929 .'
2134 876 2276 933 citur
2295 874 2434 931 idem
2468 884 2490 914 ε
2523 872 2835 931 Theodotus
2879 881 3168 945 propterea
3196 872 3463 941 docuisse,
3494 874 3618 944 quia
3669 874 3723 960 in

2134 964 2509 1040 persecutione
2554 969 2736 1037 lapsus
2764 968 2867 1023 isto
2895 968 3058 1024 modo
3086 983 3144 1024 se
3172 983 3327 1025 casus
3374 969 3456 1025 sui
3485 969 3725 1023 devitarc

2114 1056 2359 1131 putabat
2385 1058 2754 1130 opprobrium,
2786 1061 2830 1115 si
2870 1074 2977 1116 non
3010 1058 3179 1115 Deum
3220 1076 3468 1131 negasse,
3501 1060 3595 1116 sed
3623 1061 3724 1115 lto--

2135 1155 2337 1210 minem
2396 1154 2684 1208 videretur.
2739 1152 2851 1208 Hos
2898 1153 3131 1207 obtinuit
3175 1152 3377 1206 Craton
3442 1150 3726 1223 episcopus

2135 1244 2417 1317 Syrorum.

2812 1336 3051 1393 XXXIV.
3092 1348 3101 1353 ‘

2210 1424 2557 1486 Tricesimam
2609 1439 2856 1500 quartam
2909 1432 3169 1487 hmresem
3230 1426 3732 1485 Melchisedechiani

2125 1523 2479 1576 invenerunt.
2538 1518 2957 1589 Melchisedech,
2986 1521 3322 1578 sacerdotem
3368 1519 3463 1575 Dei
3511 1519 3729 1584 excelsi,

2141 1629 2251 1685 non
2282 1612 2554 1667 hominem
2585 1612 2769 1677 fuisse,
2793 1611 2886 1667 sed
2912 1613 3166 1667 virtutem
3192 1610 3287 1665 Dei
3327 1624 3445 1665 esse
3471 1609 3736 1689 arbitram-

2140 1711 2248 1773 tur,
2277 1704 2427 1783 illum
2455 1704 2632 1759 locum
2654 1711 2944 1772 sequentes
2972 1700 3214 1774 Apostoli
3240 1701 3307 1756 ad
3348 1698 3602 1756 Hebraeos
3627 1714 3734 1769 quo

2078 1860 2085 1867 _
2143 1796 2237 1861 ait,
2262 1797 2374 1849 sine
2402 1805 2568 1861 patre,
2592 1796 2705 1849 sine
2730 1804 2915 1869 matre,
2948 1796 3059 1849 sine
3080 1794 3382 1866 genealogia
3415 1788 3610 1863 (Hebr.
3643 1805 3733 1856 vu,

428 1890 684 1961 quilibet
708 1888 1026 1959 septimus
1052 1884 1351 1941 οαῑιῖηθτίι
1375 1884 1524 1950 dies;
1555 1892 1612 1938 et
1637 1883 1684 1939 si
1713 1881 1829 1937 dies
1856 1882 2040 1936 Domi--
2072 1887 2121 1946 Β
2148 1888 2235 1959 5).
2267 1887 2361 1942 llis
2403 1888 2640 1942 occurrit
2667 1885 2954 1958 Dionysius
2995 1881 3489 1956 Hierosolymorum
3532 1881 3737 1952 episcoa-

456 1985 611 2040 sicut
652 1980 961 2046 incurrerit,
992 1980 1114 2049 ipso
1147 1977 1237 2033 die
1259 1976 1509 2048 jejunant
1545 1983 1603 2032 et
1654 1975 1895 2044 vigilant.
1925 1973 2039 2029 Hoc

459 2085 668 2131 tantuli
692 2090 727 2129 a
761 2072 919 2129 nobis
955 2071 1297 2141 discrepant,
1321 2066 1455 2123 nihil
1483 2066 1648 2123 aliud.
1679 2067 1791 2123 llos
1823 2073 2041 2122 sanctus

434 2166 695 2224 Joannes
714 2162 1587 2232 Coustantinopuiitesepiscopus
1626 2160 1721 2214 tali
1747 2160 1959 2214 ratione
1985 2159 2039 2213 in

456 2255 641 2312 multis
666 2254 976 2311 civitatibus
1013 2252 1266 2309 obtinuit.
1305 2252 1451 2306 Abiit
1487 2264 1607 2307 cum
1646 2251 1794 2305 clero
1838 2264 1956 2318 suo,
1987 2257 2044 2304 et

436 2396 439 2399 .
459 2349 685 2404 corneis
697 2347 905 2404 Pascha
924 2344 1218 2402 celebravit
1236 2344 1422 2401 dicens
1445 2364 1457 2398 :
1481 2344 1632 2400 Sicut
1650 2356 1749 2399 nos
1766 2343 2042 2419 vobiscum

440 2440 850 2497 celebravimus
877 2438 1107 2504 Pascha,
1131 2438 1312 2495 venite
1340 2445 1396 2494 et
1436 2451 1532 2493 vos
1572 2436 1853 2492 nobiscum
1877 2434 2044 2490 susci-

461 2534 610 2605 pite;
643 2547 677 2587 a
710 2532 911 2603 quibus
929 2546 1055 2587 cum
1076 2531 1185 2586 hoc
1214 2530 1545 2600 impetravit,
1573 2532 1854 2599 coeperunt
1881 2539 2045 2581 unum

460 2638 653 2695 sapere
697 2630 754 2678 et
802 2624 1085 2679 nobiscum
1124 2622 1406 2679 celebrare
1457 2619 1619 2676 diem.
1677 2617 2049 2674 Probaverunt

462 2718 605 2772 enim
634 2722 802 2772 totam
830 2716 955 2772 ﬁdei
982 2716 1223 2786 regulam
1245 2715 1323 2771 sic
1349 2719 1449 2769 nos
1470 2714 1609 2769 sicut
1635 2724 1697 2768 se
1726 2716 1932 2776 tenere,
1972 2710 2051 2765 sic

466 2808 585 2863 illos
885 2805 1125 2863 credere.

559 2936 566 2945 .
1177 2897 1344 2952 XXX.

543 2988 837 3045 Tricesima
882 2988 1097 3043 haeresis
1134 2980 1461 3057 Alogiorum.
1495 2986 1788 3057 Propterea
1835 2984 1914 3040 sic
1956 2998 2054 3039 vo-

473 3089 685 3147 cantur,
735 3080 861 3150 quia
911 3080 1143 3134 Verbum
1173 3079 1265 3134 Dei
1311 3094 1435 3135 esse
1460 3078 1655 3135 Filium
1683 3078 1928 3148 accipere
1956 3084 2053 3131 no-

475 3171 618 3236 lunt;
649 3171 704 3225 in
728 3179 930 3225 tantum
955 3179 1013 3225 ut
1039 3153 1392 3240 Evangetium'
1426 3170 1598 3225 sancti
1627 3168 1851 3225 Joannis
1874 3168 2056 3223 dicant

449 3264 638 3334 ipsius
657 3280 767 3320 non
801 3278 946 3330 esse;
978 3279 1079 3320 nec
1107 3265 1482 3336 Apocalypsim
1522 3262 1793 3333 accipiunt
1810 3261 2056 3331 ejusdem

2147 1998 2266 2051 pus,
2299 1980 2484 2035 dicens
2511 1980 2655 2034 hunc
2694 1988 2748 2034 et
2787 1986 2997 2048 patrem
3023 1978 3278 2032 habuisse
3325 1985 3380 2031 et
3407 1983 3662 2038 matrem;
3684 1980 3738 2027 et

2147 2072 2252 2128 hoc
2272 2072 2394 2127 ideo
2420 2071 2620 2133 dixisse
2640 2070 2976 2143 Apostolum,
2995 2072 3121 2140 quia
3143 2078 3198 2124 et
3216 2068 3526 2139 genealogia
3553 2065 3737 2138 ipsius,

2150 2172 2205 2220 et
2229 2171 2474 2220 materna
2496 2172 2788 2234 paternave
2816 2163 3088 2234 prosapia,
3121 2176 3229 2216 non
3259 2159 3548 2215 haberetur
3583 2158 3635 2210 in
3675 2172 3740 2215 eo

2150 2256 2338 2311 ordine
2367 2256 2420 2309 in
2442 2269 2550 2324 quo
2580 2256 2665 2309 lex
2694 2252 3041 2311 Hebraeorum
3086 2251 3315 2323 ascripta
3346 2260 3445 2317 est,
3478 2265 3599 2306 cum
3630 2248 3741 2305 Deo

2152 2349 2333 2420 utique
2359 2348 2622 2420 placuerit
2645 2347 2919 2417 generatio
2948 2344 3313 2402 Hebrmorum.

2837 2436 3052 2495 XXXV.

2224 2532 2517 2590 Tricesima
2537 2533 2722 2603 quinta
2744 2528 2965 2589 haeresis
2993 2542 3117 2591 sunt
3138 2528 3521 2597 Bardesanitae,
3553 2544 3583 2582 a
3605 2542 3743 2597 quo-

2150 2629 2277 2685 dam
2317 2626 2622 2683 Bardesane
2641 2627 2900 2698 perversi.
2924 2625 3026 2693 Qui
3048 2623 3076 2662 δ
3105 2624 3377 2680 Bardesan
3405 2616 3611 2677 dicitur
3624 2612 3746 2692 per-9

2154 2716 2324 2773 fectus
2353 2717 2517 2773 fuisse
2545 2714 2863 2783 catholicus,
2886 2716 2982 2772 sed
3004 2721 3195 2787 postea
3216 2715 3268 2769 in
3298 2713 3351 2768 id
3365 2728 3462 2784 per
3479 2709 3746 2766 Valentini

2157 2808 2477 2881 discipulum
2528 2806 2849 2873 incurrisse,’
2866 2815 2924 2862 ut
2968 2805 3162 2861 malam
3199 2804 3401 2861 diceret
3426 2800 3605 2858 carnis
3648 2801 3750 2856 hu-

2159 2917 2331 2958 manm
2359 2908 2683 2967 creaturam,
2701 2900 2891 2956 animae
2913 2899 3133 2957 bonam.
3153 2896 3305 2953 Hunc
3326 2897 3379 2952 in
3407 2891 3749 2968 Cappadocia

2159 2994 2435 3049 damnavit
2459 2991 2776 3049 Theocritus
2796 2994 3099 3065 episcopus,
3131 2990 3331 3047 docens
3351 2988 3522 3043 Deum
3547 2986 3759 3061 bonum.

2163 3094 2388 3154 utraque
2415 3085 2624 3151 fecisse,
2649 3092 2877 3154 utraque
2905 3084 3210 3155 copulasse,
3223 3092 3278 3138 et
3304 3084 3481 3140 carnis
3498 3082 3751 3138 humana:

2162 3192 2271 3231 non
2321 3182 2585 3242 naturam,
2618 3176 2713 3231 sed
2743 3175 3240 3247 praevaricationem
3262 3190 3380 3232 esse
3406 3172 3748 3246 culpandam.

2827 3259 3066 3322 XXXVI.

473 3354 711 3410 Joannis.
744 3354 885 3421 Quid
938 3356 1105 3409 multa
1121 3320 1214 3409 ἳί
1260 3320 1449 3410 omnia
1494 3320 1774 3409 nobiseum
1818 3354 2055 3423 sapiunt,
2083 3320 2130 3382 ο
2232 3356 2461 3414 Heresis
2488 3356 2758 3413 tricesima
2785 3365 2840 3414 et
2860 3366 3013 3414 sexta
3044 3366 3068 3399 ⁶
3103 3357 3491 3416 Noetianormn
3527 3365 3630 3426 est,
3659 3334 3754 3428 qui

475 3445 568 3501 Dei
593 3445 831 3501 Verbum
874 3444 971 3499 Dei
1008 3446 1203 3500 Filium
1238 3446 1450 3514 penitus
1482 3444 1634 3515 quasi
1669 3442 2057 3514 blasphemiam

476 3543 839 3592 exsecrantur.
864 3534 975 3591 Hos
1004 3534 1163 3589 Philo
1188 3536 1473 3603 episcopus
1498 3549 1640 3606 saepe
1658 3536 1949 3608 superavit.

1175 3615 1363 3682 XXXI.

546 3719 841 3777 Tricesima
885 3720 1058 3790 prima
1112 3720 1334 3775 hiemis
1370 3720 1814 3787 Adamianorum,
1864 3722 1956 3790 qui
1993 3736 2063 3776 ex

466 3812 649 3870 Adam
667 3828 866 3869 uolneri
884 3820 1231 3883 acceperunt,
1254 3812 1407 3881 cuius
1430 3812 1708 3868 imitantur
1734 3814 1788 3867 in
1812 3812 2063 3883 paradiso

481 3904 800 3967 nuditatem,
827 3904 1004 3974 qualis
1041 3902 1141 3959 fuit
1167 3912 1293 3959 ante
1329 3912 1630 3974 peccatum.
1676 3903 1827 3960 Unde
1862 3912 1917 3960 et
1958 3921 2061 3961 nu-

483 3993 625 4063 ptias
649 4002 981 4060 arceantur,
1006 3995 1132 4063 quia
1156 4003 1259 4050 nec
1274 3996 1426 4065 prius
1450 4006 1612 4066 quam
1637 3997 1891 4053 dimissus
1922 4006 2065 4052 esset

485 4084 555 4140 de
606 4083 855 4153 paradiso
893 4088 1144 4155 cognovit
1194 4095 1439 4144 uxorem.
1483 4087 1724 4145 Credunt
1758 4103 1889 4160 ergo
1919 4089 2065 4160 quod

488 4175 685 4244 nuptiae
711 4174 902 4231 futurae
928 4192 1035 4232 non
1070 4178 1312 4245 fuissent,
1337 4180 1384 4235 si
1406 4194 1573 4235 nemo
1599 4188 1895 4251 peccasset.
1924 4180 2062 4236 Nudi

488 4265 672 4334 itaque
698 4282 875 4322 mares
903 4268 1216 4340 feminaeque
1248 4274 1606 4337 conveniunt,
1650 4273 2065 4329 uudilectiones

487 4357 731 4425 audiunt,
758 4359 887 4415 nudi
914 4370 1099 4428 orant,
1131 4362 1260 4417 nudi
1300 4364 1577 4421 celebrant
1606 4370 1968 4420 sacramenta.
2000 4364 2067 4419 Et

488 4463 557 4502 ex
580 4448 689 4505 hoc
711 4451 1211 4519 paradisumsuam
1259 4455 1587 4509 arbitrantur
1614 4455 1914 4511 ecclesiam.
1956 4454 2069 4511 Hos
2122 4448 2129 4497 ἶ
2172 4468 2324 4525 runt,
2366 4461 2459 4531 qui
2501 4450 2741 4516 infelices
2787 4466 2844 4515 et
2882 4458 3098 4530 ‘seipSos
3144 4464 3382 4513 castraut
3422 4463 3477 4509 et
3521 4454 3762 4525 hospites

491 4547 714 4600 sanctus
735 4543 1017 4615 presbyter
1038 4543 1366 4617 Polycarpus
1394 4544 1642 4610 detexit,
1682 4545 1937 4612 obtinuit,
1968 4546 2068 4600 eli.

489 4631 732 4687 initiavit.

1168 4721 1381 4783 XXXII.
2044 4786 2053 4791 .

567 4813 860 4871 Tricesima
908 4826 965 4872 et
1010 4818 1242 4875 secunda
1286 4821 1507 4876 hteresis
1536 4820 1933 4876 Ilelceseorum.
1967 4821 2077 4879 Hos

488 4907 715 4976 quidam
766 4907 956 4967 Heleni
994 4914 1212 4967 nomine
1239 4913 1711 4983 pseudopropheta
1739 4913 1978 4984 decepit;
2010 4926 2077 4970 ex

512 4998 653 5066 'ujus
692 5010 893 5069 genere
944 5001 1077 5058 duas
1122 5004 1375 5059 mulieres
1419 5011 1677 5073 tanquam
1719 5003 1848 5058 deas
1890 5006 1957 5059 ab
1998 5005 2078 5060 eis

506 5100 570 5158 ac
831 5093 1103 5149 adoratas.
1127 5091 1332 5151 Cetera
1362 5086 1653 5152 Hebioneis
1672 5096 1865 5152 similia
1896 5105 2077 5152 tenere

507 5178 566 5233 stt
618 5178 923 5252 Epiphanio
984 5194 1316 5242 asseruntur.
1374 5186 1484 5243 Hos
1547 5178 1741 5258 Papias
1797 5188 2079 5259 presbyter

506 5269 556 5321 Αι
580 5274 710 5327 nam
738 5276 1014 5331 obtinuit.‘
1894 5266 1903 5271 ”

572 5540 598 5569 ι
644 5518 1040 5607 Mihi‘dubium
1084 5549 1198 5590 non
1235 5542 1319 5590 est
1372 5532 1459 5590 hic
1484 5534 1760 5607 niti__quod
1796 5531 2078 5607 excidisse.

504 5597 690 5675 Omnia
719 5601 987 5675 nobiscum
1029 5607 1257 5675 reputat,
1280 5618 1381 5675 nisi
1406 5619 1547 5667 quon
1580 5597 1824 5675 Verbum,
1866 5608 1969 5658 etc.
1995 5602 2083 5658 Sic

501 5672 715 5811 astat;
1087 5672 1284 5731 Oratio.
1308 5672 1626 5741 Wesseliug.
1656 5672 1925 5735 Probabil.
1960 5689 2080 5743 cap.

574 5756 931 5882 »Ρῗῗέῗξὲη
958 5813 1000 5867 Τ
1002 5814 1323 5897 heodotione.

2159 3450 2347 3507 dicunt
2378 3446 2409 3521 (ν
2433 3445 2704 3504 Christum
2752 3450 2999 3506 eumdem
3046 3446 3219 3522 ipsum
3278 3465 3396 3505 esse
3452 3444 3668 3517 Patrem
3697 3442 3754 3504 et

2162 3543 2422 3614 Spiritum
2466 3550 2709 3598 sanctum
2742 3561 2754 3594 :
2797 3557 2907 3598 non
2936 3556 3032 3613 per
3058 3542 3432 3607 substantiam,
3454 3539 3595 3596 sicut
3628 3556 3749 3608 nos,
3832 3536 3852 3549 '

2164 3636 2257 3691 sed
2286 3648 2383 3706 per
2410 3648 2717 3705 personam,
2745 3639 2804 3687 ut
2828 3633 3068 3702 putatiVe
3113 3629 3323 3687 dicatur
3349 3629 3578 3701 Spiritus
3623 3646 3752 3688 san.

2167 3733 2305 3792 ctus,
2344 3740 2453 3780 non
2485 3722 2764 3778 veraciter.
2810 3718 2909 3776 llic
2936 3720 3218 3776 damnatus
3247 3728 3332 3776 est
3373 3736 3405 3777 a
3441 3718 3754 3792 Tranquillo

2169 3819 2422 3889 episcopo
2450 3811 2933 3870 Chalcedoniomm
2956 3808 3143 3884 Syriae.
3174 3809 3419 3866 Ostendit
3464 3810 3607 3868 enim
3647 3808 3753 3868 Pa-

2167 3916 2306 3963 trem
2328 3920 2537 3970 verum,
2555 3898 2747 3958 Filium
2768 3916 2972 3969 verum,
2990 3898 3247 3972 Spiritum
3269 3906 3514 3956 sanctum
3533 3916 3719 3957 verum
3737 3900 3751 3956 ἐ

2167 4016 2332 4056 unum
2373 3999 2591 4070 quidem
2646 3996 2815 4052 Deum
2860 4009 2960 4068 per
3004 4009 3165 4050 unam
3216 3994 3606 4062 substantiam,
3660 3988 3759 4050 sed

2166 4102 2280 4149 tres
2326 4106 2423 4164 per
2468 4090 2867 4148 distinctionem
2897 4104 3156 4160 personas
3196 4088 3342 4145 credi
3381 4087 3581 4143 debere
3625 4084 3757 4143 con4

2168 4182 2405 4240 ﬁrmans.

2242 4370 2298 4424 In
2328 4370 2654 4426 tricesimam
2673 4377 2730 4425 et
2757 4274 3329 4440 serftixmxaglhaaresim
3356 4361 3554 4419 Valesii
3579 4362 3758 4418 incur-

2174 4566 2318 4607 suos.
2342 4547 2458 4606 Hoc
2483 4550 2645 4606 modo
2673 4548 2859 4606 dicunt
2886 4547 3013 4605 illud
3038 4548 3247 4620 impleri
3272 4567 3285 4602 :
3320 4543 3421 4612 Qui
3464 4561 3519 4601 se
3556 4553 3762 4600 castra-

2096 4622 2153 4683 Ῑ)
2174 4653 2356 4699 verunt
2380 4656 2588 4716 propter
2608 4656 2825 4716 regnum
2845 4643 3085 4699 calorum
3114 4641 3326 4715 (Matth.
3363 4657 3475 4707 nx,
3497 4636 3559 4693 Η
3580 4638 3622 4711 ).
3647 4637 3765 4693 Alia

2177 4751 2392 4807 quoque
2406 4736 2655 4791 haeretica
2672 4734 2867 4792 docere
2885 4734 3134 4791 dicuntur
3153 4741 3207 4788 et
3221 4732 3415 4802 turpia,
3434 4729 3526 4787 sed
3541 4744 3660 4800 qua:
3674 4727 3766 4784 illa

2182 4829 2289 4883 sint
2330 4842 2429 4883 nec
2477 4829 2589 4899 ipse
2628 4824 2963 4897 Epiphanius
2990 4828 3395 4888 commemorat,
3427 4836 3529 4877 nec
3556 4820 3766 4889 uspiam

2182 4918 2332 4988 potui
2359 4920 2615 4989 reperire.
2646 4916 2714 4973 lii
2743 4935 2774 4973 a
2801 4916 3007 4994 synodo
3030 4923 3154 4973 sunt
3181 4910 3418 4972 damnati
3448 4908 3679 4975 Achaiae.

2474 5025 2487 5031 ’
2826 4984 3104 5062 kxﬁvm.

2255 5097 2543 5154 Tricesima
2583 5109 2772 5157 octava
2801 5097 3019 5154 haeresis
3047 5102 3129 5148 est
3154 5092 3529 5155 Catharorum,
3561 5086 3651 5156 qui
3680 5101 3767 5143 se-

2184 5191 2332 5259 ipsos
2360 5188 2463 5246 isto
2483 5194 2701 5248 nomine
2728 5189 2879 5260 quasi
2904 5190 3127 5256 propter
3149 5178 3468 5236 munditiam
3496 5179 3767 5253 superbis-

2187 5282 2322 5337 sime
2348 5285 2702 5355 appellarunt.
2734 5276 3008 5337 Secundas
3056 5272 3269 5343 nuptias
3314 5286 3423 5329 non
3461 5274 3766 5331 admittunt.

2264 5545 2287 5603 θ
2327 5532 2424 5590 Ms.
2458 5532 2616 5603 Aug.,
2650 5532 2986 5603 Theodotion.

2212 5644 2213 5647 η
2263 5602 2289 5641 ἀ
2328 5604 2426 5659 Ms.
2463 5600 2623 5672 Aug,
2652 5600 2992 5658 Bardesane.

2269 5683 2291 5711 ο
2330 5673 2429 5728 Ms.
2462 5675 2620 5741 Aug.,
2652 5673 2982 5729 Anoetorum.
3396 5740 3403 5741 γ
3513 5738 3523 5741 Α
3784 5704 3794 5717 ο
3825 5688 3839 5699 “

2272 5742 2290 5781 ι
2334 5742 2430 5797 Ms.
2456 5738 2614 5811 Aug.,
2637 5743 2868 5797 eumdem
2882 5744 3277 5799 esse-Christian
3304 5751 3357 5794 et
3382 5738 3634 5809 Spiritum
3659 5742 3777 5792 αηι

2198 5822 2353 5876 etum,
2385 5828 2489 5865 non
2507 5829 2598 5881 per
2628 5813 2987 5887 substantiam.
