4244 6258
555 396 668 478 599

1564 385 1932 444 ANONYMUS
1971 387 2250 445 AUCTOR
2289 368 2830 446 PRAEDESTINA‘I‘I.

3749 392 3859 452 θθο
3885 462 3891 466 .

563 504 942 560 Paenitentiam
985 477 1281 570 denegant,
1315 501 1580 556 Novatum
1628 510 1898 555 sectantes
1946 502 2159 557 luereti-
2188 509 2243 569 Α
2265 506 2523 561 continuo
2550 504 2822 561 subsecuti
2851 515 2995 573 sunt,
3032 517 3090 563 ut
3135 509 3265 564 dicit
3311 508 3660 580 Epiphanius,
3690 512 3784 580 qui
3805 519 3864 569 at

562 617 688 657 cum
707 617 719 653 :
752 600 893 654 unde.
923 600 1087 653 etiam
1110 597 1394 654 Novatiani
1421 596 1777 668 appellantur.
1798 595 2000 652 Contra
2018 597 2162 652 hunc

560 694 756 748 beatus
784 691 981 762 Xystus
1010 700 1214 762 martyr
1241 700 1296 746 et
1310 691 1616 761 episcopus,
1642 697 1698 744 et
1716 689 2040 744 venerabilis
2057 689 2164 762 Cy-

560 785 782 854 prianus
804 791 1006 856 martyr
1027 782 1244 848 Christi,
1265 793 1391 837 tunc
1419 782 1877 861 Carthaginiensis
1896 781 2158 853 pontifex,

562 877 779 946 scripsit
807 884 994 930 contra
1024 875 1287 930 Novatum
1319 877 1516 929 librum
1543 875 1610 930 de
1625 875 1832 945 Lapsis,
1864 875 2007 946 quod
2035 892 2164 946 pos-

559 967 670 1021 sint
712 982 809 1034 per
835 965 1208 1035 ptenitentiam
1250 982 1570 1036 recuperare
1613 968 1839 1036 gratiam
1871 982 2032 1036 quam
2083 969 2164 1024 la-

564 1057 740 1112 bendo
783 1056 1145 1127 perdiderant,
1175 1057 1318 1125 quod
1346 1057 1585 1112 Novatus
1607 1060 1882 1116 asserebat
1909 1056 2026 1115 ﬁeri
2046 1075 2164 1116 om-

565 1149 693 1205 nino
725 1165 830 1205 non
861 1165 1037 1220 posse.

1240 1240 1480 1295 XXXIX.

637 1336 928 1390 Tricesima
977 1343 1032 1388 et
1075 1348 1217 1388 nona
1267 1333 1484 1387 hmresis
1525 1333 1904 1402 Angelicorum
1955 1341 2054 1389 est.
2095 1334 2162 1390 Hi

566 1428 854 1496 Angelicos
881 1441 938 1481 se
979 1427 1159 1482 vocari
1186 1427 1492 1482 voluerunt.
1525 1425 1722 1480 Dicunt
1751 1427 1891 1480 enim
1942 1428 2161 1495 angelos

565 1520 765 1574 debere
813 1518 1024 1572 adorari
1050 1526 1104 1572 et
1133 1520 1307 1574 excoli
1357 1519 1556 1583 animo,
1607 1525 1664 1573 et
1691 1519 1821 1587 ipsis
1859 1532 2046 1588 preces
2086 1517 2162 1572 cf-

565 1609 735 1675 fundi,
765 1618 822 1663 ut
849 1610 948 1679 ipsi
975 1624 1134 1677 quem
1162 1609 1335 1663 sciunt
1362 1624 1522 1683 posse
1546 1609 1667 1678 plus
1686 1624 1716 1662 a
1735 1619 1811 1673 se,
1845 1608 1943 1678 ipsi
1967 1608 2163 1662 faciant

565 1704 708 1756 votis
753 1702 1114 1757 hominumet
1143 1700 1492 1771 petitionibus
1535 1700 1840 1755 subvenire.
1889 1699 2000 1755 Hos
2035 1698 2164 1770 Epi-

2266 605 2605 652 mortuorum
2647 598 3099 654 resurrectionem
3137 608 3335 668 negant
3367 619 3380 654 :
3427 598 3629 656 Christi
3679 611 3861 659 autem

2267 695 2574 744 creaturam
2603 704 2725 745 esse
2752 698 2999 746 sanctum
3018 691 3278 762 Spiritum
3306 692 3525 760 dicunt;
3551 695 3862 765 paradisum

2266 787 2451 836 autem
2491 789 2549 837 et
2583 783 2751 838 caelos
2797 783 3082 852 allegorice
3131 785 3274 841 dicta
3318 784 3612 843 ﬁrmantes.
3661 787 3730 842 Hi
3755 789 3864 847 duo

2266 869 2526 943 Origenes
2563 873 2590 913 ιδ
2621 891 2785 945 prava
2829 892 3055 946 quaeque
3101 879 3453 948 scripserunt.
3504 879 3754 937 Hieretici
3809 890 3869 938 et

2267 965 2510 1034 perversi
2530 964 2782 1021 doctores
2812 975 3000 1023 nostro
3027 966 3246 1039 Origeni
3289 971 3556 1027 catholico
3583 975 3867 1030 tractatori

2267 1055 2620 1122 miscuerunt;
2663 1065 2723 1111 ut
2748 1057 3131 1128 adimpleretur
3158 1061 3305 1130 quod
3352 1061 3550 1117 dicitur
3574 1077 3606 1116 a
3636 1063 3864 1121 Domino

2269 1148 2326 1202 in
2346 1147 2650 1217 Evangeliis
2675 1167 2687 1202 :
2715 1148 2906 1204 Nonne
2926 1151 3115 1206 bonum
3137 1168 3310 1207 semen
3350 1156 3622 1209 seminasti
3650 1157 3707 1210 in
3735 1173 3863 1229 agro

2227 1233 2230 1236 ’
2271 1239 2550 1294 tuoi‘unde
2593 1257 2716 1312 ergo
2747 1252 2769 1280 ε
2812 1243 2922 1296 [uec
2951 1244 3193 1298 zizania?
3234 1242 3334 1307 Qui
3380 1248 3693 1317 respondens
3741 1251 3816 1304 ait
3843 1266 3864 1304 :

2271 1330 2523 1386 Inimicus
2551 1333 2704 1406 nomo
2733 1333 2844 1387 lucc
2871 1335 2992 1404 fecit
3014 1333 3229 1404 (Matth.
3256 1351 3368 1399 xm,
3398 1334 3523 1406 27).
3565 1336 3692 1392 Ideo
3720 1339 3866 1395 enim

2266 1421 2554 1492 Origenem
2580 1424 2822 1492 legentes
2858 1413 3159 1479 invenimus
3211 1426 3563 1492 catholicum,
3595 1437 3650 1482 et
3674 1438 3865 1485 contra

2267 1515 2503 1571 haereses
2527 1515 2872 1572 dimicantem
2895 1524 2951 1570 et
2977 1517 3282 1572 vincentem
3315 1535 3328 1570 :
3370 1517 3664 1574 identidem
3691 1520 3867 1588 legen-

2269 1615 2353 1662 tes
2379 1606 2668 1675 Origenem
2698 1609 2999 1664 invenimus
3044 1609 3355 1664 hmreticum
3400 1617 3456 1664 et
3483 1609 3711 1666 adversa
3740 1610 3862 1668 ﬁdei

2270 1709 2619 1756 astruentem.
2649 1699 2864 1754 Litterae
2892 1700 3056 1754 verba
3082 1699 3300 1754 tradunt
3328 1708 3384 1754 et
3402 1716 3593 1756 sensus
3624 1719 3638 1753 :
3667 1702 3714 1756 si
3741 1717 3865 1772 pos-

568 1795 796 1866 phanius
821 1793 934 1861 jam
963 1794 1182 1848 omnino
1197 1792 1460 1848 defecisse
1483 1801 1713 1849 testatur
1731 1794 1900 1848 victos
1929 1809 1960 1847 a
1985 1793 2163 1850 Theo—
2192 1829 2244 1891 Β
2269 1802 2391 1850 sent
2410 1802 2466 1849 et
2485 1792 2650 1847 facies
2669 1791 3006 1862 loquentium
3027 1793 3418 1859 demonstrare,
3437 1808 3678 1848 errorem
3689 1794 3862 1850 nullus

565 1886 713 1958 philo
746 1885 985 1956 Apameo
1014 1885 1292 1955 episcopo.

1304 1974 1416 2028 XL.

637 2067 1060 2136 Quadragesimo
1083 2068 1202 2122 loco
1233 2075 1599 2138 apparuerunt
1623 2067 1953 2137 Apostolici;
1984 2068 2075 2136 qui
2105 2083 2166 2123 se

562 2161 668 2214 hoc
699 2159 916 2213 nomine
939 2167 1258 2226 arroganter
1287 2159 1550 2230 appellari
1578 2159 1884 2223 voluerunt,
1917 2173 1984 2213 eo
2018 2159 2164 2227 quod

562 2253 617 2306 in
641 2266 792 2304 suam
815 2251 1253 2307 communionem
1295 2268 1404 2307 non
1434 2253 1703 2322 recipiunt
1734 2260 1948 2308 utentes
1974 2250 2163 2319 conju-

561 2344 735 2410 gibus,
769 2353 824 2396 et
862 2359 949 2398 res
976 2345 1222 2413 proprias
1249 2344 1604 2414 possidentes,
1655 2343 1842 2412 quales
1876 2344 2040 2398 habet
2068 2359 2160 2397 ca-

563 2434 785 2496 tholica,
819 2444 874 2487 et
896 2436 1191 2489 monachos
1220 2444 1276 2490 et
1303 2436 1529 2491 clericos
1556 2435 1834 2504 plurimos.
1867 2434 1994 2489 Ideo
2029 2449 2158 2504 ergo

564 2523 652 2575 isti
695 2524 937 2598 IIIBI‘CIICI
967 2532 1111 2589 sunt,
1157 2527 1283 2594 quia
1312 2542 1370 2580 se
1419 2527 1487 2580 ab
1536 2524 1777 2580 Ecclesia
1825 2535 2155 2596 separantes,

562 2613 762 2666 nullam
785 2629 936 2684 spem
957 2630 1052 2669 eos
1074 2623 1264 2685 putant
1287 2617 1488 2671 habere
1508 2617 1601 2685 qui
1630 2624 1853 2670 utuntur
1867 2616 1949 2670 his
1977 2617 2156 2682 rebus,

563 2705 759 2775 quibus
788 2706 889 2776 ipsi
919 2717 1127 2761 carent.
1155 2706 1251 2762 His
1278 2709 1331 2762 in
1360 2723 1428 2763 eo
1459 2709 1768 2776 testimonio
1794 2708 2030 2763 occurrit
2057 2706 2160 2763 Ec-

562 2795 749 2867 clesia,
777 2798 830 2851 in
858 2812 967 2864 quo
997 2798 1123 2853 dicit
1147 2799 1437 2868 Apostolus
1470 2817 1482 2852 :
1507 2797 1734 2854 Etiamsi
1754 2814 1952 2869 corpus
1979 2813 2158 2855 meum

566 2905 675 2942 non
705 2889 878 2943 solum
925 2891 1262 2947 abstinentiis
1292 2908 1582 2960 macerem,
1614 2892 1710 2947 sed
1758 2892 1922 2946 etiam
1951 2892 2162 2947 tradam

565 2996 689 3034 eum
731 2981 838 3048 igni
866 2992 923 3035 ut
950 2984 1154 3050 ardeat,
1201 2987 1522 3041 charitatem
1551 2995 1732 3041 autem
1774 3003 1881 3041 non
1909 2986 2160 3051 habeam,

569 3073 702 3126 nihil
731 3075 950 3144 prodest
981 3075 1031 3144 (I
1060 3076 1180 3131 Cor.
1213 3096 1342 3144 xm;
1363 3081 1446 3148 5).

1290 3170 1424 3224 XLI.

570 3261 573 3263 ’
643 3259 703 3314 In
727 3259 1190 3328 quadragesimam
1225 3270 1280 3316 et
1325 3263 1554 3332 primam
1583 3262 1827 3316 haeresim
1874 3261 2164 3317 Sabelliani

571 3369 602 3405 a
632 3351 868 3405 Sabellio
898 3351 1257 3417 incurrerunt,
1282 3353 1454 3421 ipsum
1484 3352 1586 3407 sibi
1608 3349 1844 3416 Patrem,
1879 3352 2051 3421 ipsum
2063 3352 2165 3406 sibi

568 3439 784 3509 Filium,
818 3443 995 3511 ipsum
1025 3440 1123 3496 sibi
1154 3450 1398 3497 sanctum
1427 3441 1685 3511 Spiritum
1726 3439 2063 3496 confitentes.
2098 3441 2164 3496 Hi

569 3540 695 3585 sunt
735 3533 826 3600 qui
857 3541 910 3586 et
941 3530 1203 3586 Praxeani
1233 3532 1509 3596 dicuntur,
1557 3533 1647 3600 qui
1678 3533 1983 3586 habuerunt
2024 3517 2165 3586 inter

567 3625 720 3678 initia
778 3622 1040 3679 Praxeam
1095 3625 1380 3693 quemdam
1441 3625 1739 3679 doctorem.
1795 3624 2053 3678 Dicuntur
2105 3635 2162 3678 et

567 3713 1010 3784 Hermogeniani,
1042 3717 1168 3786 quia
1196 3716 1590 3785 Hermogenem
1629 3717 1934 3771 habuerunt
1980 3717 2032 3769 in
2062 3713 2161 3770 Sa-

567 3808 713 3862 bellii
743 3810 1116 3863 contubernio.
1152 3808 1245 3864 llis
1279 3810 1514 3865 occurrit
1541 3807 1829 3863 Dositheus
1877 3809 2160 3888 episcopus

566 3899 846 3965 Seleuciae,
878 3900 1077 3955 docens
1104 3917 1226 3954 eum
1249 3909 1418 3954 totam
1442 3899 1759 3954 Trinitatem
1791 3913 2010 3966 negare,
2032 3899 2160 3952 dum

566 4007 626 4046 se
653 3991 884 4045 :cstimat
912 3993 1169 4046 unitatem
1193 3990 1498 4046 defendere.
1517 3987 1680 4043 Pater
1699 3988 1842 4042 enirn
1870 3982 2156 4056 ingenitus,

567 4080 733 4136 Filius
762 4083 1003 4150 genitus,
1034 4082 1265 4151 Spiritus
1303 4089 1520 4135 sanctus
1553 4078 1852 4148 procedens
1881 4092 1950 4131 ex
1978 4077 2157 4144 Patre,

567 4175 854 4241 cochualis
878 4190 976 4244 per
1004 4175 1182 4228 omnia
1225 4172 1371 4226 Patri
1411 4180 1466 4227 et
1493 4170 1647 4225 Filio.
1689 4170 1872 4224 Deitas
1913 4169 2055 4224 enim
2083 4171 2162 4224 sic

568 4265 757 4335 recipit
787 4267 1048 4320 unitatem
1067 4249 1396 4329 substantiae,
1414 4271 1476 4320 ut
1488 4262 1887 4319 distinctionem
1916 4278 2159 4334 persona:

569 4372 674 4411 non
704 4357 910 4426 perdat.

1296 4449 1451 4503 XLII.

640 4532 1116 4609 Quadragesimam
1169 4551 1223 4608 et
1260 4543 1548 4600 secundam
1575 4544 1819 4599 haeresim
1847 4544 2152 4614 Origeniani

569 4633 976 4696 inchoaverunt,
1009 4635 1035 4664 “
1065 4650 1095 4688 a
1125 4635 1362 4705 quodam
1399 4631 1648 4702 Origene,
1681 4651 1790 4690 non
1820 4635 1910 4692 illo
1930 4638 2022 4704 qui
2043 4637 2155 4692 fere

567 4726 816 4780 omnibus
845 4733 1002 4780 notus
1031 4736 1131 4794 est,
1163 4728 1256 4783 sed
1289 4728 1394 4783 alio
1423 4727 1560 4800 Syro
1587 4729 1819 4798 quodam
1847 4729 2152 4785 sceleratis-

565 4819 732 4882 simo;
775 4819 842 4873 de
889 4834 996 4888 quo
1025 4820 1154 4876 dicit
1199 4821 1526 4892 Epiphanius
1554 4821 1700 4891 quod
1723 4829 1829 4876 tam
1857 4822 2030 4891 turpia
2052 4821 2152 4876 do-

565 4912 754 4978 cuerit,
783 4921 839 4966 ut
860 4929 963 4968 nec
989 4913 1222 4970 debeant
1247 4930 1343 4985 per
1369 4916 1688 4986 scripturam
1711 4916 1777 4970 ad
1806 4923 2023 4971 nostros
2050 4931 2150 4984 po-

564 5009 741 5057 steros
769 4997 1045 5059 destinari.

1270 5097 1446 5152 XLIII.

637 5184 1108 5257 Quadragesimam
1137 5198 1192 5244 et
1221 5191 1433 5245 tertiam
1458 5189 1703 5244 haeresim
1732 5189 1822 5244 alii
1851 5188 2157 5258 Origeniani

636 5413 662 5440 ιι
694 5402 844 5458 Hunc
899 5409 1216 5478 scriptorem
1259 5410 1396 5465 duos
1449 5408 1839 5478 contingentem
1886 5407 2145 5477 Origenes

563 5474 652 5548 hic
699 5481 774 5548 et.
797 5475 958 5542 paulo
998 5474 1122 5548 post
1150 5481 1368 5548 acriter
1406 5474 1715 5548 perstringit
1760 5474 2144 5534 Huetius'libJ

560 5542 868 5619 Origenian.
899 5542 1017 5612 capi
1048 5545 1112 5619 l_,
1141 5547 1252 5619 i7,
1278 5542 1491 5618 pag.'5,
1520 5551 1611 5619 qui
1643 5542 1719 5604 'et
1770 5549 2146 5604 animadvertit

561 5612 762 5689 diserte
788 5626 1010 5689 negasse
1049 5615 1103 5668 id
1138 5612 1443 5689 paronium
1468 5612 1484 5681 ,
1511 5612 1777 5689 simulque
1816 5634 2007 5674 causas
2047 5635 2144 5674 cur

560 5681 1106 5759 duplex-ﬁngeretur
1129 5684 1405 5759 Origenes,
1454 5699 1609 5746 acute
1654 5681 2054 5759 pervestigasse
2074 5690 2140 5744 ad

561 5700 785 5762 duplex.
817 5700 1106 5749 ungeretur
1129 5700 1405 5809 unigenes,
1454 5700 1609 5746 acute
1654 5700 2046 5759 pervestigasse
2074 5700 2138 5744 ad

561 5751 902 5832 ann.'256,__§
929 5753 1017 5808 47.
1052 5753 1210 5832 Post_
1257 5757 1456 5832 tretiuln
1486 5760 1625 5832 idem
1665 5767 1991 5832 annotarunt
2029 5757 2138 5832 Co-

562 5820 800 5886 telerius,
833 5820 1068 5878 Monum.
1103 5827 1233 5880 eccl.
1266 5825 1356 5880 Gr.
1393 5836 1522 5881 tom.
1556 5829 1598 5895 l,
1630 5843 1750 5895 pag.
1793 5831 1923 5894 778;
1957 5841 2010 5885 et
2039 5829 2139 5884 Fa-

2275 1895 2490 1957 poterat
2508 1886 2577 1941 de
2604 1902 2837 1956 persona
2879 1885 3118 1942 doctoris
3157 1887 3452 1941 incurrere.
3485 1885 3621 1940 Nam
3645 1894 3701 1941 et
3739 1887 3862 1947 illud

2275 1978 2571 2033 cavendum
2593 1987 2676 2034 est
2697 1979 2840 2048 quod
2867 1978 3236 2050 Ampullianus
3248 1977 3466 2047 quidam
3486 1979 3860 2036 hmresiarches

2273 2072 2578 2143 Bithynius,
2602 2073 2696 2142 qui
2721 2072 2951 2128 docebat
2969 2081 3093 2143 post
3115 2071 3402 2142 Origenem
3429 2072 3725 2129 Ecclesiam
3743 2073 3858 2130 Dei.

2274 2161 2372 2216 Hic
2399 2163 2623 2218 incurrit
2650 2164 2808 2218 talem
2830 2164 3108 2229 hmresem,
3133 2172 3194 2219 ut
3233 2164 3440 2220 diceret
3466 2181 3655 2222 omnes
3682 2167 3862 2222 crimi-

2272 2271 2436 2310 nosos
2465 2271 2588 2309 cum
2617 2255 2832 2310 diabolo
2875 2263 2930 2309 et
2956 2256 3233 2311 daemoniis
3270 2271 3510 2325 eousque
3539 2257 3593 2312 in
3622 2257 3864 2324 geheuna

2268 2342 2519 2412 decoqui,
2552 2358 2828 2413 usquequo
2854 2345 2972 2413 puri
3000 2343 3193 2399 redditi
3217 2345 3427 2414 possint
3453 2344 3575 2400 inde
3602 2345 3786 2400 mundi
3811 2353 3865 2400 et

2269 2434 2602 2489 immaculati
2629 2428 2841 2501 egredi;
2874 2433 2942 2502 ad
2969 2433 3075 2489 hoc
3093 2433 3240 2503 quod
3268 2443 3425 2489 antea
3461 2434 3671 2488 fuerant
3699 2435 3862 2492 alieni

2271 2541 2301 2578 a
2322 2525 2498 2594 culpa,
2522 2540 2622 2580 suo
2663 2524 2858 2579 iterum
2884 2525 3116 2580 creatori
3145 2525 3372 2580 restitui.
3400 2523 3495 2580 Hic
3514 2524 3642 2579 dum
3662 2539 3858 2594 argue-

2269 2623 2421 2669 retur
2461 2616 2528 2669 ab
2568 2614 2859 2670 universali
2909 2613 3171 2681 Ecclesia,
3211 2617 3371 2687 etrapit
3416 2616 3655 2686 proferre
3691 2616 3864 2671 libros

2271 2706 2516 2777 Origenis
2541 2723 2678 2776 quos
2719 2708 2833 2777 ipse
2880 2709 3178 2773 vitiaverat,
3233 2718 3289 2763 et
3313 2708 3490 2763 dicere
3523 2727 3536 2761 :
3568 2706 3712 2764 Ecce
3738 2710 3866 2779 quia

2265 2797 2526 2869 Origenes
2567 2801 2640 2855 ita
2669 2802 2837 2855 sensit
2861 2819 2873 2853 :
2900 2809 2955 2856 et
2978 2803 3245 2872 praecipue
3291 2803 3344 2857 in
3384 2808 3619 2871 quatuor
3651 2801 3864 2858 Periar-

2249 2892 2406 2946 ‘chon
2427 2890 2594 2946 libris.
2623 2883 2730 2946 Sed
2757 2893 2846 2963 qui
2873 2893 2989 2947 sani
3018 2907 3206 2950 sensus
3227 2901 3328 2960 est,
3363 2901 3418 2948 et
3447 2893 3612 2948 habet
3639 2890 3665 2930 δ
3689 2893 3864 2964 splen-

2268 2985 2424 3040 didos
2453 2986 2660 3050 oculos,
2692 2985 2771 3040 sic
2814 2984 2960 3040 videt
3001 2984 3176 3040 addita
3229 2987 3282 3039 in
3322 2983 3572 3054 Origenis
3597 2986 3863 3057 opusculis

2271 3078 2412 3133 mala
2441 3080 2544 3134 ista
2573 3086 2736 3150 atque
2757 3079 3062 3148 cognoscit,
3092 3079 3232 3133 sicut
3261 3079 3305 3132 si
3339 3079 3394 3133 in
3421 3079 3661 3147 stragulo
3689 3079 3863 3134 cocci-

2192 3139 2239 3204 C
2273 3186 2377 3225 neo
2397 3186 2608 3240 pannos
2636 3139 2790 3227 albos
2817 3139 3192 3240 aut‘cujusque
3221 3168 3447 3224 alterius
3465 3139 3664 3225 coloris
3683 3178 3864 3224 cernat

2274 3269 2504 3317 assutos.
2537 3261 2691 3328 Quod
2721 3262 2796 3316 ita
2817 3278 2934 3317 esse
2954 3269 3169 3322 sanctus
3196 3267 3403 3332 martyr
3430 3259 3734 3332 Pamphilus
3759 3260 3861 3314 do-

2274 3360 2381 3417 cet,
2431 3353 2522 3421 qui
2552 3361 2841 3424 antequam
2883 3353 2952 3408 ad
2978 3353 3220 3424 martyrii
3249 3368 3512 3408 coronam
3559 3354 3860 3420 attingeret,

2274 3448 2820 3517 irreprehensibiliter
2851 3457 2875 3485 ε
2906 3445 3213 3502 cathedram
3243 3447 3589 3517 episcopatus
3614 3447 3863 3514 obtinuit,

2275 3546 2329 3592 et
2354 3552 2543 3592 sanam
2572 3537 2868 3592 doctrinam
2896 3536 2993 3590 Dei
3013 3535 3226 3606 populis
3246 3537 3590 3596 ministravit.
3623 3535 3721 3591 Hic
3747 3534 3863 3589 edi-

2266 3628 2344 3683 dit
2367 3629 2792 3700 Apologeticum,
2819 3637 2874 3683 et
2901 3628 3231 3696 omnia-qum
3261 3627 3330 3683 de
3358 3627 3589 3696 Origene
3625 3626 3643 3667 ί
3676 3628 3864 3682 catho-

2267 3720 2355 3775 lici
2400 3721 2711 3790 ignorantes
2763 3719 3105 3775 mentiuntur
3154 3719 3426 3774 exclusit:
3465 3717 3756 3772 ostendens
3797 3733 3863 3774 ea

2267 3829 2387 3882 quae
2428 3813 2870 3884 reprehensibilia
2911 3812 3260 3867 inveniuntur
3306 3812 3358 3864 in
3405 3809 3520 3878 ejus
3559 3809 3855 3878 opusculis,

2269 3904 2516 3974 Origenis
2545 3923 2651 3962 non
2681 3923 2818 3972 esse,
2851 3907 2946 3962 sed
2971 3923 3159 3962 eorum
3182 3922 3316 3978 quos
3347 3906 3458 3976 ipse
3475 3913 3857 3975 superaverat;

2269 3999 2372 4052 alia
2402 4015 2532 4054 vero
2556 4015 2677 4068 qua:
2707 4008 2820 4054 tota
2871 4016 3124 4070 perversa
3165 4008 3310 4065 sunt,
3353 3999 3581 4055 aliorum
3623 3997 3860 4053 duorum

2267 4091 2638 4146 luereticorum
2681 4107 2819 4155 esse,
2852 4095 2946 4162 qui
2990 4092 3238 4162 Origenis
3285 4106 3499 4156 nomen,
3543 4105 3652 4146 non
3698 4088 3858 4145 fidem

2269 4197 2370 4238 nec
2399 4183 2782 4238 conscientiam
2799 4184 3120 4239 habuerunt.

2526 4323 2530 4328 .
2957 4275 3137 4329 XLIV.

2339 4366 2762 4437 Quadragesima
2793 4375 2849 4422 et
2875 4375 3065 4436 quarta
3091 4366 3330 4431 haeresis,
3363 4381 3394 4420 a
3414 4363 3585 4420 Paulo
3605 4363 3853 4418 Samosa-

2185 4457 2239 4518 D
2263 4470 2353 4514 teo
2373 4460 2612 4526 inventa,
2645 4457 2960 4513 Paulianum
2997 4458 3098 4512 sibi
3125 4457 3386 4527 populum
3415 4455 3562 4510 fecit.
3586 4454 3852 4510 Christum

2261 4567 2369 4606 non
2397 4566 2612 4620 semper
2636 4550 2815 4615 fuisse,
2844 4549 2938 4604 sed
2967 4565 2997 4604 a
3018 4549 3183 4604 Maria
3221 4549 3477 4618 cmpisse,
3503 4561 3605 4602 nec
3631 4546 3851 4616 amplius

2259 4658 2384 4698 eum
2413 4642 2556 4697 aliud
2580 4657 2742 4711 quam
2784 4641 3053 4696 hominem
3082 4639 3282 4695 dicunt.
3307 4637 3434 4694 Haec
3458 4637 3674 4692 haeresis
3693 4632 3849 4689 antea

2256 4735 2357 4786 fuit
2387 4732 2725 4798 Artemonis;
2765 4747 2885 4801 quae
2917 4733 3038 4786 cum
3076 4729 3380 4794 defecisset,
3413 4727 3482 4782 ab
3533 4728 3632 4782 isto
3680 4723 3849 4780 Paulo

2258 4825 2575 4880 Samosateo
2590 4832 2891 4878 restaurata
2912 4831 3012 4878 est.
3037 4821 3172 4877 Item
3185 4827 3374 4875 contra
3395 4819 3539 4872 hunc
3556 4815 3851 4884 suscipiens

2257 4914 2514 4979 Ecclesia,
2545 4915 2670 4970 licet
2695 4913 2821 4984 post
2843 4913 3041 4968 multos
3067 4927 3256 4977 annos,
3278 4910 3407 4964 dum
3425 4908 3708 4964 defecisset
3729 4921 3849 4960 cum

2254 5004 2614 5060 assertoribus
2640 5018 2808 5074 prava
2843 5003 3104 5068 defensio,
3145 5018 3175 5056 a
3218 4999 3451 5056 Photino
3498 5006 3687 5054 nostro
3733 4997 3850 5066 epi-

2257 5112 2425 5166 scopo
2445 5104 2702 5151 renovata
2731 5095 2944 5160 iterum,
2977 5092 3355 5148 Photinianum
3382 5089 3639 5164 populum
3672 5087 3847 5158 pullu-

2261 5188 2408 5243 lavit.
2431 5185 2555 5242 Sive
2585 5201 2714 5257 ergo
2740 5186 3155 5243 Artemonianos
3171 5185 3376 5250 audias,
3401 5184 3516 5239 sive
3536 5179 3845 5242 Paulianos,

2254 5409 2472 5474 bricius,
2507 5408 2641 5463 Bibl.
2663 5390 2756 5464 Cr.
2793 5417 2922 5462 tom.
2951 5407 3015 5472 v,
3043 5420 3163 5476 pag.
3196 5405 3320 5469 eis,
3344 5416 3458 5476 noti.
3491 5421 3542 5459 a.

2326 5479 2352 5518 δ
2386 5478 2488 5550 Ms.
2526 5480 2682 5550 Aug.,
2713 5495 2873 5550 prava
2900 5495 3018 5550 qua:
3043 5475 3396 5550 scripturum.
3430 5475 3696 5531 eretiei.

2330 5561 2350 5586 ο
2392 5547 2490 5602 Ms.
2510 5549 2682 5617 -Aug.,
2713 5547 2861 5602 habet
2885 5547 2996 5602 hinc
3019 5548 3259 5602 zizania?

2323 5617 2350 5657 (ι
2390 5617 2485 5672 Ms.
2513 5618 2671 5686 Aug.,
2705 5619 2889 5672 mentis
2905 5617 3204 5688 splendidos
3228 5617 3423 5672 oculos.

2326 5700 2348 5727 ο
2378 5689 2701 5758 Episcopum
2719 5688 2883 5744 fuisse
2901 5687 3233 5757 Pamphilum
3250 5696 3536 5759 martyrem
3559 5701 3845 5758 perperam

2250 5760 2414 5815 tradit
2434 5768 2640 5814 auctor.

2325 5829 2343 5867 ί
2387 5831 2482 5885 Ms.
2519 5831 2678 5896 Aug.,
2710 5830 2964 5884 catholico
2993 5831 3309 5904 ignorantes.
