4244 6258
812 421 1396 486 PBEDESTINATUS
1431 419 1586 499 Siue}.
1621 415 2279 474 PRAEDESINATORUM
2321 380 2664 486 HAERESIS,
2700 418 2848 475 ETC.
2892 419 3017 477 LIB.
3058 423 3099 478 Ι.

3492 427 3598 482 60!

314 557 428 612 sive
473 549 846 612 Photinianos,
876 561 1035 601 unum
1071 545 1251 600 scias:
1284 545 1423 598 sicut
1464 542 1802 607 Donatistas,
1849 551 1904 596 et
1929 545 1982 605 Α
2009 543 2333 608 auditormn,
2376 543 2660 600 ecclesiam
2707 560 2861 600 suam
2904 555 3157 601 constare
3184 547 3488 604 voluerunt.
3536 550 3594 606 In

318 657 344 687 ι
365 644 657 708 Monteses,
689 651 743 696 et
794 638 1178 694 Parmenianos
1210 649 1485 700 vocamus,
1528 633 1834 689 Donatistas
1876 648 1908 688 a

317 740 548 803 Donato,
579 735 848 790 Monteses
875 749 906 786 a
938 730 1136 785 montis
1183 728 1410 793 latebra,
1465 725 1847 781 Parmenianos
1875 741 1906 779 a

319 828 708 891 Parmeniauo;
737 825 826 894 qui
855 839 950 894 per
969 829 1136 876 totam
1157 820 1391 874 Africam
1415 819 1584 873 libros
1604 826 1792 873 contra
1809 832 1908 871 nos

317 922 627 983 conficiens,
656 927 708 972 et
735 931 903 971 novos
920 915 1156 985 psalmos
1189 912 1396 967 faciens
1416 912 1758 977 circumibat,
1777 926 1906 966 con-

320 1025 398 1068 tra
427 1026 588 1082 quem
618 1016 800 1064 noster
842 1005 1056 1076 scripsit
1101 1005 1346 1074 Optatus.
1379 1002 1486 1058 Sed
1531 1000 1812 1057 redeamus
1829 1001 1907 1056 'ad

317 1103 344 1144 ὶι
374 1102 676 1156 Paulianos.
727 1097 988 1152 Omnibus
1045 1104 1229 1151 notum
1260 1102 1342 1150 est
1370 1109 1469 1148 nos
1509 1093 1791 1148 haereticos
1814 1107 1908 1146 ve-

317 1197 524 1250 nientes
546 1207 650 1246 non
680 1190 1036 1259 rebaptizare,
1069 1187 1164 1243 sed
1197 1201 1418 1240 manum
1456 1183 1910 1240 reconciliationis

316 1285 592 1349 accedere,
616 1291 672 1338 et
692 1283 767 1336 ita
797 1281 984 1336 divino
1013 1279 1216 1350 populo
1247 1277 1463 1333 tradere
1504 1275 1807 1330 sociandos.
1834 1275 1910 1329 De

320 1377 594 1432 Paulianis
623 1383 804 1429 autem
833 1380 1018 1430 sancta
1066 1370 1302 1444 synodus
1331 1370 1540 1424 Nicena
1571 1369 1674 1423 hoc
1703 1367 1907 1422 consti-

315 1469 432 1533 tuit,
466 1476 526 1522 ut
563 1482 788 1537 prorsus
815 1465 1176 1534 haptizentur,
1207 1472 1264 1517 et
1295 1463 1368 1516 ita
1391 1461 1605 1516 demum
1643 1459 1909 1514 catholico

312 1561 513 1633 populo
540 1561 835 1615 socientur.
885 1555 1040 1612 Unde
1069 1569 1170 1623 ego
1202 1555 1366 1610 credo
1403 1554 1640 1622 regulam
1678 1567 1772 1606 eos
1813 1551 1908 1606 ba-

313 1648 582 1724 ptismatis
603 1651 868 1719 integram
898 1664 1010 1703 non
1038 1656 1246 1711 tenere,
1275 1653 1330 1702 et
1352 1645 1473 1700 ideo
1501 1646 1606 1699 hoc
1633 1643 1905 1698 decretum

314 1761 344 1801 a
369 1745 570 1800 Christi
591 1741 933 1814 pontiﬁcibus
953 1740 1326 1797 constitutum.

1029 1830 1183 1884 XLV.

381 1925 807 1995 Quadragesima
827 1933 883 1979 et
901 1923 1088 1992 quinta
1115 1921 1334 1976 haeresis
1350 1919 1797 1974 Photinianorum
1825 1927 1908 1972 est

311 2033 344 2072 a
366 2015 625 2080 Photino,
655 2029 818 2084 quem
841 2015 919 2070 sic
949 2013 1060 2067 dixi
1090 2020 1333 2067 nostrum
1380 2011 1691 2080 episcopum
1721 2007 1904 2075 fuisse,

315 2109 461 2163 sicut
480 2107 580 2161 fuit
602 2115 786 2167 noster
811 2105 977 2161 ludas
1004 2088 1275 2160 Scariotes
1313 2103 1602 2173 apostolus.
1634 2101 1905 2156 llic‘suum

317 2198 581 2271 populum
608 2197 753 2252 fecit.
787 2196 1070 2252 Hominem
1100 2195 1314 2265 quidem
1345 2210 1532 2264 purum
1562 2193 1726 2248 fuisse
1748 2192 1904 2248 Chri-

313 2301 461 2348 stum
502 2291 751 2355 docebat,
775 2298 830 2344 et
857 2305 886 2342 a
909 2289 1074 2342 Maria
1102 2287 1329 2356 coepisse
1350 2271 1470 2341 cum
1511 2285 1678 2339 Paulo
1708 2284 1902 2340 Samo-

312 2397 470 2444 sateo
497 2386 790 2452 sentiebat,-
819 2385 912 2439 sed
937 2383 1195 2453 Spiritum
1225 2388 1468 2436 sanctum
1497 2395 1715 2449 semper
1743 2378 1906 2434 fuisse

311 2477 649 2533 memorabat
674 2495 686 2529 :
718 2477 819 2532 hoc
846 2475 1018 2530 solum
1046 2473 1468 2543 quadragesimie
1489 2479 1694 2542 quartae
1714 2471 1906 2546 haeresi

311 2568 604 2634 dissimilis,
637 2567 778 2638 quod
801 2567 1058 2638 populum
1087 2581 1118 2619 a
1139 2579 1198 2621 se
1226 2577 1535 2634 perversum
1564 2579 1664 2617 suo
1691 2563 1909 2617 nomine

311 2661 657 2731 nuncupavit.
1250 2704 1255 2708 .

544 2751 548 2754 “
1024 2747 1208 2802 XLVI.

378 2844 807 2912 Quadragesima
837 2851 892 2896 et
920 2849 1076 2896 sexta
1123 2839 1346 2893 haeresis
1372 2855 1402 2892 a
1451 2838 1606 2892 Mane
1659 2838 1908 2895 inchoata

305 2935 732 2991 Manichaeorum
780 2932 1194 2988 contubernium
1222 2929 1364 2985 fecit.
1409 2927 1509 2982 Hic
1535 2928 1740 2995 Manes,
1787 2945 1907 2985 cum

308 3037 464 3084 esset
492 3027 626 3082 civis
651 3026 838 3091 Persa,
864 3034 920 3078 et
945 3025 998 3078 in
1042 3021 1264 3078 Perside
1288 3022 1490 3078 docens
1518 3035 1576 3076 se
1605 3020 1909 3090 apostolum

308 3121 412 3176 Dei
440 3120 670 3184 diceret,
696 3119 860 3172 etiam
897 3104 1264 3171 ad'Grtcciam
1295 3113 1578 3168 devolutus
1605 3120 1707 3168 est.
1740 3111 1910 3178 Quem

307 3211 486 3266 Graeci
540 3209 787 3278 discipuli
844 3207 995 3276 ejus,
1061 3205 1362 3259 devitantes
1419 3218 1613 3258 nomen
1666 3203 1905 3268 insaniae,
1935 3187 1982 3248 C

311 3312 334 3340 ι
363 3300 723 3356 Manichaeum
752 3297 932 3352 vocari
953 3296 1326 3358 decreverunt,
1350 3294 1405 3349 id
1433 3303 1516 3348 est
1535 3295 1688 3362 quasi
1710 3309 1909 3348 manna

309 3393 646 3449 fundentem.
679 3390 787 3445 lste
813 3389 920 3443 duo
944 3387 1206 3458 principia
1237 3388 1377 3442 inter
1401 3403 1459 3442 se
1487 3387 1700 3441 diversa
1733 3395 1788 3440 et
1817 3385 1912 3439 ad-

314 3467 490 3547 versa,
517 3481 818 3549 eademque
840 3489 1044 3535 :eterna
1065 3486 1120 3534 et
1139 3487 1428 3543 ceteterna,
1459 3481 1563 3534 hoc
1590 3488 1673 3534 est
1699 3492 1915 3547 semper

311 3575 492 3640 fuisse,
528 3573 834 3644 composuit
864 3591 876 3625 :
909 3571 1150 3640 duasque
1194 3578 1412 3624 naturas
1450 3578 1611 3638 atque
1665 3569 1914 3623 substan-

315 3667 434 3732 tias,
458 3666 588 3722 boni
617 3665 823 3720 scilicet
849 3673 906 3719 et
921 3664 1068 3728 mali,
1099 3677 1331 3731 saluens
1360 3663 1495 3716 alios
1523 3663 1771 3730 antiquos
1799 3662 1910 3714 ha:-

313 3759 548 3821 reticos,
575 3758 830 3827 opinatus
867 3764 968 3811 est.
1012 3753 1256 3820 Quorum
1301 3754 1441 3808 inter
1486 3768 1545 3808 se
1597 3767 1832 3822 pugnam
1859 3759 1915 3806 et

312 3850 780 3914 commixtionem,
813 3856 869 3903 et
887 3848 1017 3903 boni
1047 3863 1075 3900 a
1106 3847 1252 3900 malo
1282 3838 1678 3914 purgationem,
1704 3851 1758 3898 et
1786 3844 1912 3898 boni

311 3945 460 4014 quod
477 3944 697 4014 purgari
718 3958 825 3998 non
855 3941 1031 4012 potuit
1059 3955 1180 3996 cum
1220 3939 1362 3994 malo
1390 3939 1442 3992 in
1479 3948 1740 3992 aeternum
1767 3935 1913 3990 dam-

315 4038 596 4092 nationem
619 4077 633 4101 ,
685 4035 980 4091 secundum
1036 4050 1128 4089 sua
1185 4033 1438 4101 dogmata
1498 4039 1872 4086 asseverantes
1893 4072 1908 4096 ,

314 4127 494 4181 multa
516 4125 840 4190 fabulantur,
873 4140 990 4194 quae
1018 4133 1214 4180 cuncta
1245 4125 1489 4178 intexere
1512 4122 1668 4178 nimis
1693 4122 1910 4190 longum

311 4225 418 4272 est.
466 4217 661 4272 Dicunt
690 4217 896 4270 animas
924 4215 1108 4281 bonas,
1141 4223 1196 4270 et
1223 4214 1464 4282 ejusdem
1491 4213 1644 4281 cujus
1669 4221 1754 4267 est
1772 4211 1914 4266 Deus

311 4324 438 4366 esse
497 4318 722 4364 naturze.
776 4307 1010 4364 Proinde
1054 4307 1314 4362 mundum
1340 4323 1371 4360 a
1411 4314 1602 4360 natura
1629 4305 1776 4368 boui,
1812 4305 1914 4358 hoc

309 4411 398 4459 est
426 4419 458 4457 a
491 4411 683 4457 natura
727 4401 821 4457 Dei
848 4402 1048 4456 factum
1094 4399 1421 4455 confitentur
1468 4396 1706 4466 quidem,
1730 4394 1825 4449 sed
1845 4395 1912 4448 de

313 4496 708 4550 commixtione
750 4497 878 4551 boni
927 4505 981 4550 et
1020 4495 1185 4559 mali,
1226 4508 1344 4564 qua:
1380 4491 1519 4547 facta
1568 4497 1651 4544 est
1696 4487 1911 4556 quando

2015 637 2224 694 caeteris
2243 645 2421 690 autem
2453 637 2779 704 hominibus,
2812 639 2974 694 etiam
3021 640 3074 694 in
3107 640 3236 710 ipsis
3264 641 3596 699 auditoribus

2013 731 2140 792 suis,
2167 730 2305 784 hanc
2335 737 2546 799 partem
2571 729 2726 784 honre
2763 729 3064 801 divinaeque
3101 731 3428 798 substantiae,
3476 730 3595 802 quae

2012 820 2040 860 ά
2079 822 2246 877 mixta
2271 829 2327 876 et
2359 822 2607 890 colligata
2652 822 2707 876 in
2755 823 2894 877 escis
2941 829 2996 877 et
3038 824 3256 892 potibus
3299 824 3588 892 detinetur,

2012 917 2351 985 maximeque
2380 917 2432 970 in
2463 916 2540 970 eis
2566 916 2659 986 qui
2695 922 2953 983 generant
2998 914 3155 981 ﬁlios,
3202 917 3400 971 arctius
3428 925 3483 972 et
3511 919 3592 972 in-

2012 1008 2285 1078 quinatius
2329 1007 2569 1076 colligari
2612 1014 2823 1076 putant.
2876 1005 3144 1077 Quidquid
3185 1023 3310 1063 vero
3359 1009 3592 1079 undique

2011 1109 2269 1171 purgatur
2294 1101 2526 1166 luminis,
2562 1116 2658 1170 per
2681 1101 2943 1169 quasdam
2973 1117 3156 1165 naves,
3193 1117 3326 1171 quas
3363 1119 3480 1158 esse
3508 1104 3591 1160 lu-

2011 1208 2135 1247 nam
2175 1200 2231 1246 et
2268 1192 2436 1246 solem
2465 1192 2671 1258 volunt,
2712 1206 2879 1260 regno
2920 1193 3016 1247 Dei
3062 1202 3316 1264 tanquam
3359 1198 3592 1266 propriis

1955 1332 1961 1339 .
2010 1284 2223 1339 sedibus
2250 1283 2419 1338 reddi.
2463 1281 2606 1349 Quas
2657 1299 2821 1339 naves
2866 1284 2934 1338 de
2980 1286 3276 1340 substantia
3322 1287 3415 1340 Dei
3454 1303 3589 1356 pura

2010 1377 2296 1447 perhibent
2345 1375 2630 1430 fabricatas
2665 1393 2678 1429 :
2727 1376 3012 1444 lucemque
3054 1377 3207 1430 istam
3251 1391 3586 1446 corpoream,

1993 1469 2358 1550 animantium
2388 1467 2695 1521 mortalium
2717 1466 2886 1522 oculis
2916 1467 3268 1535 adjacentem,
3294 1467 3389 1520 Del
3408 1468 3592 1522 dicunt

2011 1577 2128 1618 esse
2157 1570 2420 1616 naturam.
2436 1559 2684 1630 Quinque
2704 1560 2847 1614 enim
2864 1560 3132 1614 elementa
3158 1576 3276 1629 qua:
3293 1569 3592 1629 genuerunt

2009 1655 2280 1725 principes
2301 1641 2567 1724 pro'prios,
2598 1653 2745 1720 genti
2775 1652 3016 1707 tribuunt
3061 1653 3404 1706 tenebrarum
3436 1671 3448 1704 :
3498 1666 3592 1706 ea-

2011 1761 2117 1816 que
2145 1745 2413 1800 elementa
2439 1744 2523 1798 his
2561 1743 2869 1798 nominibus
2898 1749 3225 1812 nuncupant,
3257 1740 3480 1808 fumum,
3511 1750 3592 1797 te-

1935 1853 1985 1914 B
2012 1837 2226 1900 nebras,
2257 1837 2456 1904 ignem,
2487 1849 2702 1904 aquam,
2727 1841 2963 1888 ventum.
3006 1833 3064 1886 lu
3112 1830 3258 1887 fumo
3305 1841 3428 1886 nata
3475 1833 3592 1888 ani-

2011 1928 2171 1982 malia
2199 1927 2431 1996 bipedia,
2463 1925 2604 1980 unde
2648 1925 2895 1979 homines
2935 1923 3131 1978 ducere
3159 1924 3419 1993 originem
3464 1931 3596 1980 cen-'
3638 1953 3640 1956 τ

2011 2027 2157 2083 sent;
2207 2017 2259 2071 in
2301 2016 2537 2072 tenebris
2566 2017 2837 2085 repentia,
2871 2015 2923 2067 in
2974 2015 3082 2081 igni
3121 1998 3514 2086 quadrupedia,
3535 2017 3590 2071 in

2009 2111 2163 2179 aquis
2193 2109 2452 2173 natatilia,
2499 2109 2553 2162 in
2579 2113 2739 2162 vento
2767 2106 3024 2160 volatilia.
3075 2106 3167 2160 His
3213 2108 3448 2176 quinque
3475 2109 3590 2164 ele-

2008 2199 2205 2255 mentis
2247 2199 2400 2253 malis
2429 2197 2760 2253 debellandis
2798 2196 2901 2250 alia
2930 2196 3165 2266 quinque
3210 2197 3475 2252 elementa
3521 2199 3589 2253 de

2008 2307 2176 2361 regno
2205 2299 2260 2346 et
2285 2291 2582 2346 substantia
2613 2289 2710 2342 Dei
2737 2290 2902 2342 missa
2933 2303 3052 2342 esse
3080 2288 3292 2354 dicunt;
3323 2298 3378 2356 et
3398 2290 3587 2345 in'illa

2009 2375 2188 2456 pugna
2213 2383 2376 2438 fuisse
2395 2382 2678 2452 permixta,
2708 2381 2856 2435 fumo
2878 2395 3078 2444 aerem,
3106 2382 3342 2436 tenebris
3371 2383 3541 2437 lucem
3569 2400 3584 2448 ;

2011 2475 2120 2544 igni
2148 2474 2292 2528 malo
2322 2473 2499 2541 ignem
2527 2471 2748 2536 bonum,
2779 2462 2929 2540 aqua:
2958 2471 3112 2524 make
3139 2485 3330 2541 aquam
3370 2473 3588 2540 bonam,

2011 2574 2174 2621 Vento
2194 2564 2336 2618 malo
2362 2570 2580 2617 ventum
2600 2563 2819 2616 bonum.
2855 2561 3028 2616 Naves
3056 2569 3233 2616 autem
3263 2562 3398 2628 illas,
3431 2563 3482 2617 id
3509 2572 3590 2618 est

2010 2658 2118 2712 duo
2147 2656 2271 2712 εωΙί
2291 2653 2592 2719 luminaria,
2625 2653 2698 2706 ita
2726 2651 3077 2720 distinguunt,
3110 2660 3168 2706 ut
3196 2651 3373 2707 lunam
3409 2653 3591 2709 dicant

2012 2752 2206 2806 factam
2231 2753 2296 2805 ek
2326 2750 2466 2804 bona
2487 2763 2644 2818 aqua,
2677 2747 2848 2802 solem
2874 2760 3004 2800 vero
3037 2760 3105 2799 ex
3133 2745 3277 2800 bono
3306 2745 3434 2812 igni.
3462 2744 3592 2800 Esse

2011 2852 2190 2899 autem
2219 2844 2274 2897 in
2321 2843 2399 2896 eis
2441 2842 2666 2895 navibus
2711 2847 2925 2893 sanctas
2969 2839 3228 2903 virtutes,
3276 2853 3396 2907 qua:
3434 2854 3493 2892 se
3540 2839 3592 2894 in

2011 2937 2280 2992 masculos
2328 2937 2734 3002 transligurant,
2786 2942 2844 2987 ut
2887 2933 3110 2987 illiciant
3153 2931 3377 2988 feminas
3422 2934 3595 3002 gentis

2013 3028 2250 3083 adversm
2284 3046 2296 3079 :
2327 3031 2381 3080 et
2422 3041 2516 3095 per
2572 3026 2709 3078 hanc
2738 3023 3044 3078 illecebram
3085 3031 3356 3078 commota
3404 3039 3593 3079 eorum

2013 3119 2466 3190 concupiscentia,
2513 3118 2678 3186 fugiat
2705 3116 2774 3171 de
2815 3116 2920 3170 illis
2949 3117 3129 3170 lumen
3156 3116 3300 3186 quod
3344 3117 3595 3172 membris

2014 3213 2124 3268 suis
2142 3211 2467 3306 pegmixtum
2498 3209 2788 3272 tenebant,
2829 3215 2884 3260 et
2911 3206 3245 3278 purgandum
3273 3208 3596 3278 suscipiatur

2016 3306 2084 3359 ab
2113 3301 2316 3373 angélis
2344 3302 2495 3364 lucis,
2527 3310 2916 3371 purgatumque
2957 3301 3010 3354 in
3033 3301 3136 3356 illis
3161 3301 3385 3356 navibus
3425 3301 3596 3372 impo-

2016 3404 2177 3450 natur
2205 3395 2272 3450 ad
2298 3409 2462 3464 regna
2490 3395 2706 3466 propria
2735 3394 3139 3464 reportandum.
3172 3393 3288 3460 Qua
3316 3394 3599 3450 occasione

2017 3495 2281 3555 coguntur
2327 3486 2484 3541 electi
2521 3495 2708 3541 eorum
2737 3485 2883 3540 velut
2916 3484 3296 3540 eucharistiam
3341 3498 3599 3552 consper-

2016 3593 2132 3632 sam
2161 3592 2282 3632 cum
2303 3577 2509 3632 semine
2527 3577 2762 3630 humano
2787 3588 3030 3638 sumere,
3062 3581 3120 3626 ut
3159 3573 3319 3628 etiam
3351 3573 3492 3637 inde,
3523 3573 3598 3626 si-

2019 3677 2111 3726 cut
2139 3670 2207 3725 de
2250 3671 2369 3724 aliis
2409 3670 2543 3724 cibis
2569 3683 2706 3738 quos
2733 3666 3022 3735 accipiunt,
3054 3665 3351 3720 substantia
3391 3665 3480 3718 illa
3517 3663 3624 3719 ἀί·-

2015 3761 2139 3815 vina
2167 3769 2441 3830 purgetur.
2475 3757 2580 3813 Sed
2609 3759 2713 3812 hoc
2740 3771 2799 3811 se
2823 3757 2947 3810 dum
2989 3757 3166 3810 facere
3189 3764 3406 3824 negant,
3447 3756 3598 3812 dete-

1979 3883 1986 3892 ι
2015 3854 2090 3908 cti
2109 3862 2249 3908 sunt.
2283 3852 2416 3906 Nam
2445 3859 2500 3904 et
2527 3849 2668 3920 apud
2695 3848 2979 3909 ecclesiam
3005 3847 3504 3917 Carthaginiensem
3523 3851 3596 3906 ita

2015 3952 2140 3998 sunt
2165 3942 2510 4000 manifestati.
2555 3942 2795 4010 Denique
2831 3941 2884 3996 in
2924 3948 3196 3996 conventu
3224 3943 3597 4012 episcoporum

2015 4050 2197 4090 coram
2249 4035 2395 4090 omni
2441 4033 2641 4104 populo
2695 4030 2940 4088 confessa
2997 4041 3082 4087 est
3127 4032 3302 4102 puella
3366 4032 3596 4088 nondum

2018 4140 2284 4180 annorum
2338 4125 2620 4180 duodecim
2669 4125 2825 4180 istam
2874 4124 3132 4179 nefariam
3178 4123 3597 4193 turpitudinem;

2017 4225 2073 4270 et
2100 4217 2267 4270 multa
2294 4216 2548 4285 prodidit,
2577 4215 2808 4284 seipsam
2855 4229 3102 4270 asserens
3148 4215 3218 4269 ob
3247 4214 3348 4269 hoc
3380 4223 3403 4249 ο
3427 4215 3598 4269 scele-

2017 4315 2159 4361 stum
2188 4314 2583 4361 sacramentum
2611 4309 2800 4361 eorum
2827 4306 2933 4358 vim
2963 4313 3082 4359 eSSe
3130 4297 3456 4373 perpessam.
3498 4303 3597 4360 Cui

2017 4411 2139 4450 cum
2167 4395 2342 4464 primo
2371 4411 2478 4449 non
2507 4395 2817 4450 crederetur
2843 4397 2933 4448 uni
2963 4393 3154 4465 puellte
3181 4403 3236 4448 et
3262 4392 3393 4458 soli,
3427 4394 3597 4464 pluri-

2018 4489 2135 4542 ma's
2164 4487 2460 4542 nominavit
2487 4487 2646 4555 hujus
2674 4485 2928 4542 facinoris
2947 4486 3191 4540 conscias
3216 4502 3228 4542 ;
3253 4499 3386 4554 quas
3406 4484 3600 4540 solatio

312 4590 462 4646 inter
488 4605 548 4645 se
578 4598 807 4659 utraque
830 4600 1018 4646 natura
1049 4550 1326 4660 pugnavit.
1363 4587 1536 4657 Ipsam
1566 4600 1699 4640 vero
1722 4584 1850 4639 boni
1879 4599 1908 4637 a
1940 4550 1990 4610 D
2021 4579 2140 4636 Ursi
2169 4579 2364 4634 tribuni
2393 4580 2484 4647 qui
2508 4550 2635 4633 tunc
2653 4578 2835 4634 domui
2855 4578 3013 4646 regite
3033 4550 3356 4647 praefuitgde
3377 4575 3602 4630 diversis

310 4683 462 4739 malo
492 4683 871 4753 purgationem
898 4698 963 4738 ac
992 4683 1398 4742 liberationem,
1444 4693 1551 4732 non
1603 4677 1778 4731 solum
1815 4691 1913 4745 per

310 4784 489 4831 totum
521 4775 802 4839 mundum,
826 4784 880 4831 et
907 4775 975 4830 de
1002 4775 1251 4830 omnibus
1275 4771 1392 4840 ejus
1411 4769 1712 4832 elementis,
1738 4768 1909 4822 virtu-

311 4875 423 4924 tem
466 4869 565 4924 Dei
621 4869 799 4924 facere
852 4867 1056 4933 dicunt,
1090 4881 1275 4922 verum
1328 4863 1491 4918 etiam
1543 4859 1745 4914 electos
1785 4874 1912 4913 suos

313 4975 414 5031 per
437 4962 696 5017 alimenta
740 4976 860 5031 quze
901 4968 1138 5016 sumunt.
1189 4957 1257 5012 Et
1305 4956 1386 5011 eis
1440 4953 1640 5023 quippe
1685 4951 1910 5006 alimen-

273 5106 278 5118 _
315 5052 408 5116 tis,
454 5053 595 5107 sicut
645 5053 898 5108 universo
945 5050 1165 5111 mundo.
1198 5048 1292 5103 Dei
1329 5044 1682 5102 substantiam
1725 5042 1908 5113 perhi-

315 5143 451 5198 bent
477 5159 598 5200 esse
617 5145 960 5200 commixtam
990 5163 1002 5196 :
1041 5158 1201 5214 quam
1244 5138 1458 5211 purgari
1487 5144 1680 5207 putant
1706 5135 1760 5190 ih
1793 5136 1907 5190 ele-

315 5235 421 5292 ctis
445 5229 560 5292 suis
585 5251 652 5292 eo
674 5251 876 5306 genere
897 5237 1022 5290 vitm
1051 5250 1161 5305 quo
1188 5226 1374 5288 vivunt
1401 5229 1560 5286 electi
1586 5226 1911 5283 Manichaeo-

315 5345 456 5393 rum,
483 5330 634 5384 velut
660 5329 900 5384 sanctius
929 5337 984 5382 et
1021 5326 1371 5382 excellentius
1400 5320 1737 5376 auditoribus
1775 5319 1904 5373 suis.

316 5418 451 5474 Nam
473 5421 562 5476 his
589 5420 801 5475 duabus
821 5419 1264 5490 professionibus,
1296 5416 1399 5469 hoc
1426 5420 1507 5467 est
1538 5412 1836 5468 electorum
1856 5419 1910 5465 et

312 5620 316 5622 ·
389 5605 417 5634 ⁸
447 5597 635 5661 Forte,
669 5596 987 5651 Mommsen.

384 5665 417 5706 ι
447 5667 550 5723 Ms.
570 5659 705 5735 Aiig.
719 5707 732 5730 ,
747 5667 1108 5721 Paulinianos.
1135 5665 1242 5722 Sed
1262 5666 1456 5722 rectius
1479 5668 1680 5736 utique,
1699 5679 1728 5716 a
1750 5659 1916 5736 Paulo

316 5736 533 5792 scilicet
552 5730 932 5803 Samosateno,
964 5737 1273 5804 Paulianos,
1305 5745 1364 5791 ut
1389 5745 1445 5791 et
1475 5730 1798 5804 Augustinus
1819 5730 1909 5783 lib.

315 5809 386 5862 de
429 5806 742 5863 Hieresibus
765 5808 833 5863 ad
861 5801 1288 5875 Quodvultdeum
1315 5825 1329 5872 ;
1379 5821 1444 5859 ex
1473 5801 1580 5874 quo
1612 5805 1751 5875 libro
1778 5801 1917 5875 hanc

317 5894 542 5932 suarum
594 5871 902 5934 hzcreseon‘
925 5871 1322 5933 enarrationem
1371 5871 1539 5945 prope
1588 5874 1652 5926 ad
1699 5871 1921 5926 verbum

2020 4672 2267 4730 dbmibus
2296 4673 2384 4727 ubi
2416 4673 2620 4728 latebra
2647 4670 2986 4736 fovebantnr,
3019 4672 3222 4738 ejectas
3250 4685 3279 4724 a
3309 4670 3517 4724 clericis
3537 4669 3602 4724 ad

2021 4765 2306 4822 ecclesiam
2336 4763 2656 4818 Restitutam
2677 4761 2950 4825 adductas,
2982 4759 3034 4813 id
3063 4761 3234 4829 ipsum
3264 4769 3482 4829 propter
3503 4759 3602 4812 hoc

2025 4859 2198 4928 ipsum
2221 4870 2428 4927 passas,
2443 4855 2533 4910 vix
2553 4863 2609 4909 et
2622 4853 2927 4923 compulsas
2942 4861 3153 4908 cOnstat
3173 4867 3291 4906 esse
3310 4853 3600 4904 confessas.

2026 4952 2176 5007 Tunc
2212 4957 2382 5005 totum
2412 4947 2541 5003 illud
2571 4949 2938 5018 turpissimum
2985 4946 3182 5009 scelus,
3211 4944 3297 4998 ubi
3344 4941 3410 4994 ad
3458 4940 3600 4992 exci-

2020 5042 2274 5114 piendum
2302 5049 2359 5094 et
2405 5036 2859 5094 commiscendum
2908 5032 3370 5092 concumbentium
3417 5041 3599 5080 semen

2017 5135 2188 5188 farina
2199 5132 2575 5196 substernitur,
2599 5131 2869 5201 profertur
2890 5128 2943 5180 in
2960 5123 3212 5184 medium,
3235 5130 3289 5171 et
3315 5116 3460 5186 quod
3479 5131 3601 5172 cum

2021 5225 2229 5280 inﬁnito
2269 5224 2467 5279 rubere
2497 5223 2694 5278 dicitur
2722 5226 2777 5272 et
2819 5214 3049 5273 auditur,
3101 5207 3305 5262 recenti
3358 5216 3602 5278 tempore

2021 5316 2263 5373 nonnulli
2292 5331 2481 5371 eorum
2509 5313 2576 5368 ad
2598 5307 2879 5366 ecclesiam
2907 5299 3122 5354 adducti
3141 5301 3436 5365 sunt,sicut
3451 5309 3601 5374 gesta

2019 5408 2345 5478 episcopalia
2376 5405 2573 5462 ibidem
2614 5396 2858 5455 confecta
2891 5398 3176 5446 testantur.
3205 5389 3327 5446 Tria
3356 5408 3485 5462 ergo
3511 5407 3601 5461 ge-

2022 5586 2306 5656 exscripsit
2333 5593 2526 5656 auctor
2544 5575 2925 5656 Ρνφάρειίηαιί-
3040 5645 3079 5656 ﬂ
3117 5643 3130 5656 ,
3183 5644 3194 5656 ,
3233 5643 3244 5654 ,
3331 5639 3402 5656 η..

2097 5635 2831 5711 δῄίῖέέένῖἣῖ-Μαηηὶειιευηι
2880 5662 3000 5701 cum
3040 5643 3282 5699 Fabricio
3331 5638 3462 5692 Bibl.
3507 5635 3598 5690 Gr.

2026 5733 2156 5794 tom.
2188 5728 2228 5790 l,
2263 5739 2383 5794 pag.
2415 5723 2537 5784 171,
2569 5727 2683 5794 not.
2719 5719 2829 5794 (“)_.

2069 5792 2123 5831 ’ἀ
2169 5789 2450 5859 ΜείΑἱις..
2472 5792 2696 5844 maxime
2728 5789 2993 5857 colligata.

2103 5875 2123 5902 ο
2160 5863 2253 5916 Ms.
2289 5863 2453 5927 Aug,
2488 5862 2698 5916 srelesto
2730 5865 3071 5911 sacramento.
