4282 6264
1150 316 1250 331 «an..-

649 406 667 415 ν.

649 426 667 435 .,

649 422 767 490 eos

1657 423 2029 481 ANONYMIIS
2066 410 2344 479 asciuit
2385 392 2924 482 t'nmotzsrlitari.

3828 414 3935 491 soi

652 535 793 609 uera
821 563 1008 606 eorum
1051 548 1190 609 suat,
1235 541 1568 606 Catharls’tae,
1602 544 1628 578 α
1670 540 1923 595 Macbarii
1969 546 2022 593 et
2069 537 2237 592 Mani-
2261 532 2314 600 Α
2339 546 2450 592 non
2475 539 2543 594 ad
2570 555 2797 609 corpora
2823 538 3114 596 liberanda.
3161 543 3270 598 Nec
3294 542 3459 612 fuisse
3506 543 3559 599 in
3589 560 3755 600 carne
3784 554 3934 619 vera;

660 642 811 699 chaei.
834 639 1032 697 Omnes
1054 638 1233 691 tamen
1262 636 1358 690 llas
1387 640 1497 689 tres
1523 632 1725 687 formas
1744 631 1812 686 ab
1834 640 1943 686 uno
1960 631 2237 699 magistro,

660 710 776 804 ipso
805 728 1071 786 scelerato
1098 726 1274 793 Mane,
1303 731 1515 781 constat
1535 731 1655 780 esse
1672 724 2022 794 conscriptas.
2045 720 2242 777 Omnes

654 823 887 891 denique
910 820 1262 875 Manicheum
1285 818 1485 886 legunt,
1518 821 1572 871 et
1592 826 1779 872 omnes
1808 815 1931 870 libri
1970 814 2086 883 eius
2115 821 2242 869 sum

651 917 737 972 eis
756 908 873 970 sine
893 913 1229 970 dubitatione
1250 916 1581 966 communes.
1597 910 1657 963 lu
1679 909 1872 979 quibus
1891 908 2041 963 libris
2068 908 2243 975 agitur

651 1012 716 1063 ’ut
745 1020 842 1078 per
887 998 1377 1074 concupiscentiam
1404 1001 1733 1057 dissolvatur
1774 1000 2057 1069 utriusque
2082 1007 2243 1055 sexus

654 1099 905 1170 princeps
935 1095 1295 1157 tenebrarum,
1326 1100 1383 1148 et
1410 1093 1576 1161 fugiat
1598 1093 1665 1147 ab
1693 1093 1775 1147 eis
1810 1092 2032 1146 liberata
2061 1091 2241 1147 divina

654 1190 1151 1259 substantia,quam
1174 1188 1229 1242 in
1249 1188 1482 1242 hominis
1502 1187 1706 1242 semine
1734 1187 1907 1241 teneri
1936 1176 2245 1241 existimant

657 1283 1005 1352 inquinatam,
1031 1278 1172 1335 unde
1191 1280 1353 1334 etiam
1372 1280 1692 1334 Catharistm
1719 1278 2071 1349 appellantur,
2090 1277 2245 1347 quasi
2282 1307 2290 1319 -

656 1380 990 1445 purgatores.
1017 1372 1118 1438 Qui
1148 1385 1267 1426 cum
1297 1376 1623 1426 carnes-non
1651 1368 1959 1432 comedunt,
1998 1376 2105 1422 tam
2134 1368 2245 1437 pol-

654 1464 755 1520 luti
785 1473 928 1529 sunt,
960 1471 1017 1519 ut
1043 1477 1164 1519 cum
1194 1463 1443 1517 omnibus
1470 1462 1582 1516 suis
1610 1451 1773 1516 etiam
1819 1460 2111 1513 humanum
2156 1472 2244 1512 se-

657 1560 779 1611 men
804 1560 1095 1618 assumant,
1129 1564 1250 1608 cum
1290 1562 1391 1606 nec
1437 1562 1539 1606 ova
1587 1551 1701 1621 ipsa
1753 1549 2047 1640 aeginium;
2095 1548 2244 1640 aiunt

657 1649 819 1712 enim,
851 1656 905 1703 et
934 1648 1049 1717 ipsa
1077 1645 1201 1700 dum
1227 1643 1544 1712 franguntur
1565 1636 1863 1712 exspirant.
1886 1640 1995 1696 Sed
2016 1655 2117 1694 nec
2143 1636 2242 1693 alis

656 1740 838 1794 monia
868 1739 1027 1793 lactis
1064 1743 1313 1800 utuntur;
1343 1746 1451 1788 non
1479 1734 1607 1803 quia
1651 1739 1847 1802 putent
1878 1731 2077 1785 divina
2116 1730 2243 1794 subo

656 1833 868 1885 stantia!
898 1831 1028 1884 nihil
1049 1829 1123 1883 ibi
1151 1842 1269 1883 esse
1293 1827 1643 1896 permixtum,
1670 1823 1763 1878 sed
1792 1823 1918 1891 quia
1956 1822 2059 1878 sibi
2087 1834 2239 1874 error

600 1929 610 1939 '
657 1882 1317 1991 nonﬁconstat.7Nam
1347 1922 1401 1972 et
1418 1919 1603 1971 vinum
1624 1882 1731 1969 nun
1760 1882 1977 1990 bibunt,
1999 1912 2239 1968 dicentes
2268 1882 2316 1948 Β

657 2013 728 2067 l'el
756 2024 878 2067 esse
905 2011 1160 2081 principis
1186 2010 1526 2065 tenebrarum
1559 2022 1575 2060 επ
1606 2014 1662 2062 et
1689 2014 1870 2060 tamen
1898 2000 2033 2060 uvas
2056 2012 2239 2060 come-

658 2104 812 2170 dunt,
834 2119 954 2158 cum
974 2103 1042 2159 de
1061 2110 1239 2157 musto
1266 2114 1367 2157 nec
1392 2102 1615 2169 digitum
1644 2092 1923 2154 intinctam
1944 2106 2235 2153 assumant.

659 2196 879 2249 Animas
909 2194 1215 2249 auditorum
1259 2206 1481 2248 suorum
1509 2192 1563 2245 in
1597 2190 1803 2247 electos
1846 2190 2053 2244 revolvi
2096 2190 2235 2243 arma

657 2292 893 2352 trautur;
923 2293 1143 2341 cmicras
1170 2291 1349 2339 autem
1380 2284 1585 2338 animas
1612 2294 1733 2351 qum
1758 2292 1947 2336 eorum
1975 2290 2083 2336 non
2108 2288 2243 2357 sunt

657 2378 980 2443 auditorum,
1012 2378 1064 2431 iu
1115 2388 1310 2447 pecora
1342 2375 1518 2431 redire
1566 2380 1831 2439 asserunt,
1874 2380 1931 2428 et
1977 2374 2032 2427 in
2059 2375 2239 2429 omnia

656 2484 776 2540 qua!
801 2468 1069 2523 radicibus
1098 2467 1201 2521 lixa
1232 2474 1356 2522 sunt
1385 2473 1549 2535 atque
1573 2466 1791 2520 aluntur
1816 2466 1870 2518 in
1898 2471 2063 2519 tetra.
2104 2456 2240 2520 Her.

656 2558 752 2616 bas
781 2560 923 2615 enim
953 2566 1008 2614 et
1035 2558 1277 2624 arbores,
1304 2559 1378 2613 ita
1418 2558 1473 2611 in
1501 2559 1580 2613 eis
1607 2556 1773 2611 vitam
1801 2566 1921 2611 esse
1940 2558 2150 2627 putant,
2180 2562 2240 2610 ut

654 2652 855 2707 sentire
884 2658 949 2705 ea
977 2656 1098 2704 cum
1126 2649 1393 2703 luduntur
1418 2650 1687 2703 aestiment
1731 2654 1786 2702 et
1829 2647 2035 2702 dolere.
2089 2646 2240 2702 Unde

655 2749 709 2796 et
738 2742 1134 2809 agriculturam,
1150 2742 1273 2809 quae
1297 2741 1539 2795 monium
1557 2740 1757 2794 artium
1774 2746 1856 2793 est
1877 2738 2235 2804 innocentior,

654 2836 911 2902 tanquam
940 2833 1290 2902 plurimorum
1319 2832 1730 2887 homicidiorum
1758 2845 1934 2898 ream,
1963 2831 2240 2887 dementes

654 2931 927 2987 accusant,
957 2929 1012 2977 et
1052 2922 1320 2992 priscipue
1347 2938 1468 2979 cum
1511 2936 1697 2992 agrum
1745 2939 1775 2978 a
1820 2925 1989 2994 spinis
2010 2924 2241 2979 viderint

655 3014 961 3082 repurgari;
992 3013 1213 3082 suisque
1233 3010 1565 3069 auditoribus
1594 3016 1714 3071 ideo
1734 3017 2062 3071 arbitrantur
2087 3016 2239 3084 igno-

654 3105 749 3169 sci,
770 3104 904 3173 quia
928 3106 1170 3174 praebent
1198 3104 1324 3159 inde
1370 3106 1625 3161 alimenta
1652 3106 1840 3161 electis
1864 3107 1976 3162 suis
2015 3124 2028 3160 :
2061 3115 2123 3162 ut
2157 3107 2239 3161 di.-

654 3194 778 3249 v-ina
817 3194 905 3249 illa
934 3194 1249 3262 substantia,
1283 3196 1336 3251 in
1368 3211 1556 3251 eorum
1585 3205 1773 3251 ventre
1799 3205 2043 3284 purgat;
2076 3194 2241 3270 impe-

654 3293 761 3341 tret
788 3288 867 3342 eis
892 3288 1124 3352 veniam,
1147 3296 1377 3357 quorum
1408 3289 1637 3342 traditur
1655 3289 1927 3344 oblatione
1939 3293 2232 3360 purganda.

564 3368 568 3372 ’
650 3374 841 3447 itaque
870 3378 970 3448 ipsi
998 3377 1156 3433 electi
1185 3377 1317 3432 nihil
1343 3377 1397 3431 in
1428 3378 1570 3446 agris
1597 3386 1917 3447 operantes,
1949 3395 2051 3436 nec
2077 3392 2239 3451 poma

651 3476 964 3538 carpentes,
997 3480 1097 3523 nec
1140 3467 1269 3523 folia
1303 3467 1411 3521 ulla
1432 3467 1718 3533 vellentes,
1766 3476 2085 3538 exspectant
2128 3474 2240 3528 time

652 3556 832 3613 all‘erri
847 3556 1045 3613 usibus
1070 3559 1181 3613 suis
1207 3556 1276 3611 ab
1304 3557 1638 3613 auditoribus
1664 3559 1793 3624 suis,
1815 3560 2059 3617 viventes
2087 3571 2168 3616 tot
2187 3573 2242 3618 et

654 3652 817 3705 tantis
837 3649 1127 3705 secundum
1170 3662 1325 3703 suam
1354 3650 1650 3705 vanitatem
1696 3651 2000 3707 homicidiis
2028 3652 2236 3708 alicnis.

656 3738 874 3795 Monent
900 3740 1061 3794 etiam
1088 3739 1307 3795 eosdem
1333 3739 1609 3797 auditores
1629 3754 1777 3809 suos,
1802 3749 1863 3797 ut
1887 3743 1933 3797 si
1954 3753 2243 3801 vescmtur

654 3833 925 3899 carnibus,
957 3832 1211 3888 animalia
1260 3847 1368 3893 non
1398 3835 1667 3899 occidant,
1707 3844 1779 3891 ne
1804 3834 2079 3892 oﬁ‘eudant
2102 3838 2243 3909 prin-

657 3925 803 3995 ripes
827 3908 1169 3981 tenebrarum
1198 3926 1252 3980 in
1280 3926 1591 3982 cmiestibus
1619 3927 1932 3994 colligatos;
1973 3943 2005 3981 a
2047 3908 2243 3996 quibus

658 4030 870 4071 munem
890 4031 1105 4093 carnem
1119 4016 1304 4072 dicunt
1327 4017 1590 4085 originem
1609 4016 1827 4071 dueere.
1843 4014 1912 4069 Et
1931 4018 2009 4071 sic
2031 4016 2060 4056 1³
2081 4026 2242 4073 utunt-

656 4115 742 4160 tur
764 4106 1097 4176 conjugibus,
1130 4115 1191 4161 ut
1226 4104 1547 4176 conceptum
1575 4106 2095 4176 generationemque
2140 4110 2237 4165 de-

658 4195 853 4261 vitent;
883 4206 955 4250 ne
978 4194 1155 4250 divina
1183 4196 1481 4253 substantia
1506 4210 1626 4266 quae
1654 4196 1711 4250 in
1739 4208 1835 4250 eos
1859 4206 1957 4266 per
1983 4194 2238 4255 alimenta

657 4286 970 4355 ingreditur,
1021 4290 1246 4344 vinculis
1281 4287 1495 4344 carneis
1533 4290 1729 4357 ligetur
1767 4300 1790 4327 ο
1840 4291 1897 4345 iu
1939 4291 2111 4360 prole.
2152 4292 2241 4350 Sic

656 4381 861 4450 quippe
884 4381 938 4435 in
961 4390 1176 4435 omnem
1204 4396 1440 4447 carnem,
1472 4380 1527 4436 id
1553 4388 1637 4436 est
1661 4392 1760 4451 per
1786 4394 1937 4439 escas
1977 4393 2032 4439 et
2060 4393 2237 4456 potus,

660 4470 840 4525 venire
869 4471 1074 4525 animas
1101 4470 1345 4525 credunt.
1380 4469 1533 4527 Unde
1559 4479 1614 4528 et
1644 4475 1856 4543 nuptias
1885 4476 2001 4532 sine
2025 4468 2239 4532 dubita-

658 4559 803 4613 tione
858 4557 1221 4614 condemnant
1267 4567 1322 4615 et
1349 4565 1621 4631 quantum
1660 4565 1715 4619 in
1759 4564 1890 4636 ipsis
1924 4574 2020 4623 est-
2056 4570 2239 4638 prohi—

658 4646 802 4715 bent,
834 4648 1050 4718 quando
1073 4658 1335 4719 gcnerare
1357 4651 1664 4724 prohibent,
1692 4665 1923 4729 propter
1942 4655 2087 4729 quod
2115 4651 2238 4714 stitit

655 4741 954 4813 copulanda
983 4741 1250 4811 coniugia.
1280 4742 1450 4799 Adam
1497 4753 1553 4801 et
1581 4743 1746 4801 Evam
1794 4761 1861 4803 ex
1881 4812 1885 4815 λ
1908 4750 2253 4823 principibus,

648 4833 784 4888 fumi
814 4840 1058 4888 asserunt
1084 4839 1259 4898 natos,
1302 4847 1531 4905 quorum
1560 4842 1738 4905 pater,
1784 4838 1973 4904 aiunt,
2019 4841 2236 4895 nomine

653 4923 841 4982 Saclas
872 4941 884 4978 :
908 4936 1071 4993 quem
1096 4925 1369 4980 sociorum
1395 4939 1616 4983 suorum
1642 4927 1786 4985 fetus
1820 4931 2060 4985 omnium
2090 4940 2236 4988 assc-

652 5025 779 5071 runt
802 5015 1106 5083 devorasse,
1139 5024 1195 5072 et
1232 5012 1491 5087 quidquid
1518 5019 1642 5075 inde
1669 5023 2017 5077 commistum
2045 5022 2237 5079 divina:

651 5109 965 5165 substanum
986 5118 1221 5180 ceperat,
1253 5124 1376 5166 cum
1400 5120 1568 5167 uxore
1594 5115 1958 5169 concumbens
1987 5116 2041 5169 in
2068 5126 2231 5172 came

652 5201 837 5268 prolis,
865 5204 1115 5269 tanquam
1144 5204 1483 5258 tenacissimo
1503 5203 1719 5258 vinculo
1743 5205 2043 5273 colllgasse.
2073 5206 2229 5263 (Ἀπία

653 5296 796 5345 stum
825 5296 1003 5347 autem
1032 5293 1197 5349 misse
1224 5291 1492 5350 amt-ruant
1520 5303 1680 5364 quem
1709 5295 1843 5351 dicit
1881 5306 2063 5353 nostra
2090 5300 2233 5356 Scri-

654 5386 812 5450 ptura
840 5390 1145 5451 serpentem
1179 5401 1193 5435 :
1226 5401 1255 5438 a
1284 5388 1393 5453 quo
1422 5385 1751 5441 illuminatos
1779 5397 2231 5449 asseruntcorum

654 5479 918 5543 aspectus,
936 5482 995 5527 ut
1013 5475 1213 5529 bonum
1237 5477 1544 5547 malumque
1571 5478 1971 5549 dignoscerent;
2004 5497 2233 5553 eumque

653 5560 929 5635 Christum
946 5563 1248 5620 novissimis
1272 5568 1597 5635 temporibus
1617 5560 1917 5638 advenisse,
1935 5569 2001 5624 ad
2025 5565 2234 5631 animas

724 5709 751 5738 ι
780 5698 876 5754 Ms.
919 5704 1094 5772 Aug._._
1120 5695 1353 5772 Mattari.
1375 5696 1477 5772 _S_ic
1522 5709 1577 5754 et
1613 5702 1955 5772 Augustinus.
1997 5704 2225 5763 Codices

655 5779 830 5828 autem
855 5764 1257 5830 mssa—Mattari
1286 5774 1342 5821 et
1364 5764 1623 5824 Honorii.
1697 5764 1724 5772 ’
1875 5818 1881 5822 .

727 5838 752 5877 ¹³
793 5837 887 5902 Ms,
921 5837 1078 5903 Aug,
1105 5837 1256 5893 cisia
1290 5845 1517 5897 utantur.

2344 628 2439 683 sed
2467 630 2771 684 simulatam
2814 632 3046 700 speciem
3090 633 3268 688 carnis
3309 632 3649 690 ludiﬁcandis
3685 636 3933 695 humanis

2341 723 2584 777 s‘cnsibus
2611 724 2920 794 praebuisse,
2964 724 3053 778 ubi
3084 736 3192 779 non
3238 726 3415 781 solum
3462 734 3714 794 mortem,
3741 745 3927 786 verum

2342 813 2506 868 etiam
2530 812 2983 869 resurrectionem
3010 815 3255 871 similiter
3278 816 3617 872 mentiretur.
3643 818 3812 874 Deum
3838 821 3933 891 qui

2338 905 2522 973 legem
2546 914 2645 976 per
2671 906 2892 977 Moysen
2921 905 3088 973 dedit,
3113 907 3249 961 etin
3278 906 3517 964 Hebraeis
3548 911 3826 980 prophetis
3852 913 3933 967 lo—

2342 1004 2501 1052 cutus
2530 993 2772 1063 est,’non
2794 1010 2914 1052 esse
2942 996 3111 1052 Deum
3133 994 3339 1064 verum,
3372 998 3469 1054 sed
3497 1014 3663 1055 unum
3691 1015 3759 1055 ex
3780 1003 3930 1072 prino

2346 1088 2554 1158 cipibus
2577 1089 2922 1143 tenebrarum
2961 1086 3247 1144 afﬁrmant.
3290 1089 3578 1161 Ipsiusque
3605 1090 3931 1149 Testamentl

2345 1181 2472 1237 novi
2497 1180 2803 1252 Scripturas
2828 1169 3091 1251 tanquam
3114 1179 3333 1237 falsatas
3371 1176 3447 1237 ita
3477 1182 3758 1252 legunt,ut
3785 1186 3930 1255 quod

2346 1274 2537 1329 Volunt
2566 1274 2691 1329 inde
2717 1273 3005 1343 accipiant,
3035 1273 3181 1342 quod
3209 1275 3676 1353 noluntrejiciant
3702 1296 3716 1330 :
3748 1278 3932 1347 eisque

2347 1372 2601 1432 tanquam
2638 1370 2812 1418 totum
2835 1368 3022 1419 verum
3064 1364 3329 1424 habentes
3364 1368 3649 1424 nonnullas
3695 1376 3928 1441 apocry-

2345 1453 2480 1523 phas
2508 1460 2862 1523 anteponunt.
2894 1451 3319 1510 Promissionem
3358 1456 3569 1512 Ποιωηί
3597 1459 3766 1514 nostri
3799 1457 3932 1514 Jesu

2341 1542 2545 1600 Christi
2573 1545 2639 1599 de
2677 1543 2962 1600 Paracleto
3000 1545 3054 1599 in
3099 1560 3197 1601 suo
3243 1546 3597 1603 haeresiarche
3633 1548 3931 1604 Manichaee

2346 1633 2530 1689 dicunt
2552 1646 2671 1689 esse
2690 1635 3033 1706 completam.
3060 1634 3218 1693 Unde
3242 1652 3305 1693 se
3327 1639 3445 1709 ipse
3487 1639 3542 1694 in
3578 1641 3691 1695 suis
3735 1641 3931 1696 litteris

2345 1724 2475 1779 Jcsu
2503 1724 2700 1782 Christi
2730 1727 3033 1797 apostolum
3061 1728 3217 1794 dicit;
3243 1740 3309 1785 eo
3328 1731 3475 1800 quod
3510 1728 3667 1787 Iesus
3687 1728 3933 1787 Christum

2346 1830 2406 1870 se
2430 1830 2552 1869 eum
2580 1816 2865 1872 missurum
2896 1822 3016 1872 ease
3040 1819 3376 1888 promiserit;
3409 1830 3466 1876 et
3506 1822 3629 1878 ideo
3660 1822 3776 1891 ejus
3798 1838 3931 1892 apu-

2341 1908 2533 1973 stolus,
2564 1909 2690 1976 quia
2720 1909 2774 1962 in
2800 1923 2866 1963 eo
2897 1909 3091 1964 missus
3132 1912 3203 1965 sit
3244 1902 3479 1982 Spiritus
3505 1919 3742 1970 sanatis.
3797 1913 3928 1971 Pro-

2344 2009 2467 2071 pter
2491 2001 2637 2070 quod
2660 2002 2825 2056 etiam
2852 2002 2968 2071 ipsc
2983 2001 3307 2059 Manicbmus
3331 2005 3614 2061 duodecim
3642 2007 3931 2077 discipulos

2343 2082 2561 2157 habuit,
2612 2091 2780 2145 instar
2822 2092 3105 2160 apostolici
3152 2094 3384 2159 numeri,
3437 2108 3601 2164 quem
3649 2108 3929 2151 numer-tm!

2343 2175 2619 2237 Manicbmi
2648 2180 2915 2251 hodieque
2937 2183 3264 2239 custodum.
3290 2185 3429 2240 Nam
3446 2194 3509 2241 et
3529 2201 3597 2241 ex
3617 2186 3801 2242 electis
3818 2189 3927 2243 suis

2342 2273 2546 2327 habent
2585 2271 2868 2327 duodecim
2906 2288 3044 2343 quos
3082 2275 3356 2345 appellant
3383 2279 3672 2345 magistros
3694 2319 3707 2345 ,
3741 2286 3795 2333 et
3821 2286 3929 2333 tera

2342 2364 2477 2417 tium
2501 2363 2765 2419 decimum
2794 2365 3095 2435 principem
3122 2367 3381 2437 ipsorum.
3410 2350 3706 2439 Episcopus
3745 2377 3932 2427 autem

2344 2452 2417 2507 ’Β
2438 2454 2529 2525 qui
2576 2455 2892 2510 ordinantur
2935 2471 2967 2509 a
3012 2458 3303 2526 magistris,
3357 2467 3412 2513 et
3446 2460 3795 2530 presbyteros
3829 2461 3929 2528 qui

2340 2545 2660 2601 ordinantur
2704 2546 2775 2601 ab
2818 2548 3108 2618 episcopis,
3152 2549 3365 2604 umeri
3407 2549 3681 2605 indeﬁniti.
3710 2548 3928 2605 Habent

2342 2639 2507 2693 etiam
2555 2639 2797 2709 episcopi
2842 2629 3117 2696 diaconos.
3165 2639 3285 2695 Jam
3332 2642 3512 2697 ceteri
3551 2642 3928 2701 tantummodo

2338 2732 2501 2787 electi
2527 2739 2807 2808 vocantur.
2842 2731 2948 2787 Sed
2988 2732 3278 2787 mittuntur
3304 2733 3465 2787 etiam
3496 2734 3599 2803 ipsi
3626 2734 3719 2804 qui
3748 2733 3924 2788 viden-

2339 2830 2431 2877 tur
2458 2821 2655 2888 idonei,
2689 2822 2757 2877 ad
2805 2823 2951 2878 hunc
2995 2836 3256 2889 errorem,
3280 2823 3371 2878 vel
3414 2824 3506 2879 ubi
3536 2831 3625 2879 est
3667 2832 3925 2892 agmen-

2340 2915 2585 2980 tandum,
2611 2914 2697 2970 vel
2726 2914 2817 2970 ubi
2848 2930 2957 2970 non
2979 2923 3065 2970 est
3089 2914 3481 2970 seminandum.
3506 2915 3842 2986 Baptismm
3870 2914 3927 2972 ἰι

2341 3019 2483 3074 aqua
2520 3006 2654 3062 nihil
2704 3007 2955 3076 cuiquam
2993 3007 3281 3079 perhibent
3316 3008 3504 3062 salutis
3547 3004 3777 3073 aﬂerre,
3826 3022 3925 3063 nec

2340 3110 2664 3166 quemquam
2707 3109 2898 3153 eorum
2944 3112 3085 3168 quos
3126 3098 3402 3168 decipiunt
3443 3098 3801 3168 baptizandus
3823 3112 3925 3169 pu-

2341 3198 2477 3245 tant.
2501 3189 2787 3247 Orationes
2827 3191 3033 3247 t‘aciunt
3066 3192 3133 3247 ad
3160 3192 3331 3248 sulem
3362 3190 3462 3263 per
3488 3193 3650 3260 diem,
3680 3207 3927 3263 quaqua-

2342 3290 2558 3336 versum
2596 3282 2787 3338 circuit
2820 3283 2935 3338 :ad
2982 3284 3165 3338 lunam
3195 3296 3293 3354 per
3327 3291 3545 3339 noctem
3585 3285 3631 3339 si
3658 3290 3921 3354 apparet;

2340 3375 2390 3429 si
2419 3383 2601 3430 autem
2649 3390 2757 3430 non
2787 3384 3041 3447 apparet,
3074 3374 3141 3432 ad
3180 3376 3509 3445 aquiluniam
3547 3384 3772 3447 partes»,
3820 3384 3925 3454 qua

2343 3467 2425 3522 sol
2472 3478 2595 3521 cum
2644 3468 2903 3522 occiderit
2965 3468 3033 3522 ad
3084 3466 3358 3522 Orientem
3414 3469 3721 3522 revertitur.
3772 3464 3925 3522 Stant

2344 3566 2580 3614 Orantes.
2610 3558 2962 3615 Peccatorum
2985 3568 3166 3615 autem
3194 3560 3457 3626 originem
3505 3575 3614 3614 non
3640 3558 3813 3613 libero
3838 3572 3924 3611 ar-

2344 3650 2507 3705 bitrio
2530 3651 2841 3716 voluntatis,
2874 3651 2968 3706 sed
3016 3651 3329 3707 substantiae
3360 3651 3603 3705 tribuum
3626 3650 3799 3718 gentis
3827 3647 3925 3701 αι.

2342 3752 2530 3809 verum,
2561 3759 2722 3814 quam
2768 3742 3135 3811 dogmatizant
3175 3754 3295 3796 esse
3331 3741 3631 3796 hominibus
3675 3741 3921 3795 mixtam.

2344 3831 2568 3888 Omnem
2590 3843 2719 3888 vero
2746 3820 2964 3888 carnem
2992 3848 3100 3888 non
3130 3832 3452 3896 Divinitatis,
3482 3830 3577 3885 sed
3604 3830 3758 3883 malae
3777 3843 3923 3883 men-

2347 3924 2414 3978 tis
2449 3932 2695 3978 asserunt
2723 3938 2842 3995 esse
2880 3923 3175 3993 opiﬁcium,
3204 3936 3323 3993 quae
3348 3921 3615 3978 contrario
3633 3919 3751 3974 Deo
3774 3934 3922 3975 cow-

2344 4023 2498 4070 terna
2532 4024 2631 4069 est.
2658 4014 2940 4077 Carnalem
2979 4015 3465 4087 concupiscentiam
3498 4026 3765 4084 quacaro
3794 4024 3924 4066 eun-

2344 4105 2571 4175 cupiscit
2596 4107 2852 4161 adversus
2900 4108 3167 4177 spiritum,
3198 4106 3548 4161 substaan
3575 4104 3768 4159 volunt
3808 4117 3925 4159 esse

2344 4199 2690 4262 contrariam,
2722 4200 2800 4253 sic
2828 4200 2983 4253 nobis
3021 4199 3389 4254 adimi-cutem
3408 4234 3427 4261 ,
3457 4206 3519 4251 ut
3543 4196 3765 4265 quando
3794 4195 3924 4250 libe-

2344 4302 2526 4343 ramur
2555 4294 2716 4358 atque
2754 4302 3066 4358 purgamur,
3098 4290 3291 4345 iterum
3319 4296 3707 4358 reparetur,.et
3731 4289 3785 4341 in
3828 4301 3925 4342 sua

2345 4387 2533 4436 natura
2560 4383 2722 4435 etiam
2752 4383 2865 4451 ipsa
2896 4368 3270 4435 immortaliter
3296 4380 3459 4433 vivat.
3489 4377 3546 4432 In
3574 4392 3683 4433 mu
3707 4377 3926 4432 homins

2344 4471 2477 4525 duas
2497 4472 2683 4527 dicunt
2710 4474 2916 4527 animas
2953 4488 3074 4528 esse
3102 4480 3158 4527 et
3179 4471 3315 4526 duas
3338 4465 3567 4532 mentes,
3596 4480 3800 4537 easque
3831 4482 3924 4538 per

2347 4573 2593 4623 naturam
2621 4566 2943 4627 contrarias,
2968 4564 3139 4619 bonas
3166 4570 3221 4619 et
3246 4563 3415 4618 maias
3440 4579 3457 4628 ς
3501 4576 3708 4631 easque
3742 4560 3924 4620 dicunt

2344 4658 2487 4712 inter
2506 4673 2565 4712 se
2594 4658 2795 4712 habere
2818 4655 3146 4712 conﬂictum.
3174 4656 3351 4711 Finito
3366 4662 3548 4711 autem
3568 4654 3683 4709 isto
3704 4651 3921 4716 saeculo.

2342 4750 2468 4820 post
2494 4749 2974 4818 conﬂagrationem
2999 4750 3204 4814 mundi,
3233 4748 3393 4803 istam
3416 4747 3775 4802 substantiam
3796 4743 3925 4799 mli

2345 4842 2401 4896 in
2430 4842 2591 4910 globo
2612 4841 2849 4910 quodam
2873 4840 3059 4897 dicunt
3088 4849 3347 4910 animum
3373 4840 3426 4893 in
3448 4849 3672 4894 carcere
3698 4850 3820 4894 esse
3838 4835 3925 4890 ιίι

2344 4941 2569 4987 cturam.
2599 4928 2701 4986 Eni
2728 4932 2889 5000 globo
2924 4929 3195 4987 afﬁrmant
3222 4943 3567 4987 accessurum
3614 4934 3670 4983 et
3706 4939 3927 4995 seraper

2343 5024 2701 5089 adhmsurum,
2732 5033 2791 5078 et
2811 5026 2965 5093 quasi
2990 5023 3392 5093 conportarunt)
3419 5032 3588 5091 atque
3613 5018 3924 5082 tectorium;
3962 5086 3969 5095 ἱ

2337 5134 2405 5175 ex
2438 5112 2723 5172 animabus
2765 5123 2955 5171 natura
2996 5116 3214 5187 quidem
3257 5115 3436 5179 bonis,
3458 5112 3553 5169 sed
3585 5121 3767 5167 tamen
3803 5122 3930 5179 qua

2336 5222 2445 5264 non
2466 5209 2741 5292 potuerint
2762 5223 2795 5263 a
2815 5203 3024 5264 natum
3050 5208 3205 5263 malae
3226 5206 3561 5274 contagione
3581 5202 3849 5259 mandari.
3912 5248 3919 5261 .

2408 5393 2857 5462 Quadragesimus
2897 5392 3159 5462 septimus
3184 5385 3760 5446 haereticus-Ilioneus
3792 5382 3931 5439 Hie.

2336 5487 2534 5541 racitas
2579 5483 2829 5538 instituit.
2883 5482 2946 5537 lli
2996 5481 3450 5537 resurrectionem
3495 5476 3676 5533 carnis
3702 5481 3931 5541 negant.

2344 5575 2369 5614 ⁴
2403 5575 2694 5631 Monachus
2738 5582 2941 5628 tantum
2971 5582 3026 5629 et
3054 5573 3370 5637 monachus,
3399 5577 3455 5625 et
3479 5578 3574 5625 eos
3616 5567 3710 5638 qui
3739 5564 3963 5633 cultior

2408 5710 2431 5778 ς
2461 5706 2561 5778 iis.
2597 5707 2755 5778 Aug.,
2786 5708 2843 5761 in
2877 5708 3094 5778 prolem.
3312 5764 3315 5769 .

2404 5775 2432 5817 ει
2461 5775 2559 5841 Ms.
2591 5775 2749 5846 Aug),
2773 5775 3051 5835 mortaclm
3079 5784 3251 5832 autem
3281 5782 3499 5838 tantum
