4244 6258
692 429 794 484 607

1681 415 2052 476 ANON’IMUS
2089 413 2368 472 AUCTOR
2407 412 2949 474 PREDES'I‘INATI.

694 555 876 600 natum
898 542 1013 597 viro
1034 542 1196 595 fuisse
1213 540 1577 594 commixtam.
1605 537 1725 606 Egit
1751 545 1938 593 contra
1970 537 2069 591 hos
2097 533 2272 590 'I‘heo-
2297 534 2350 594 Α
2375 533 2531 604 pejus
2572 543 2673 600 est,
2704 536 2831 605 quia
2860 549 3211 606 quoscunque
3240 538 3510 608 simplices
3543 537 3869 607 invenerint,
3897 543 3976 599 ita

659 645 668 654 ‘
692 636 852 692 dotus
877 633 1104 705 Cyprius
1132 634 1436 703 episcopus.

855 743 857 745 ‘
1404 723 1558 778 LVII.

764 816 1272 887 Quinquagesimam
1300 824 1356 871 et
1381 815 1667 886 septimam
1706 814 1954 870 haeresim
1995 814 2274 870 Messalia-
2297 850 2311 865 .

693 925 884 964 norum
906 908 1206 962 invenimus
1231 926 1242 959 ε
1275 908 1419 976 quod
1449 922 1643 962 nomen
1673 922 1743 961 ex
1770 907 1950 976 lingua
1978 906 2113 978 Syra
2156 915 2272 974 est;

689 998 874 1055 Graece
901 1008 1080 1054 autem
1102 1000 1350 1054 dicuntur
1371 998 1628 1064 Euchitaa,
1659 999 1728 1054 ab
1755 999 1962 1054 orando
1989 1001 2068 1055 sic
2092 1001 2278 1072 appel-

689 1093 804 1148 lati.
836 1092 954 1147 Non
982 1091 1236 1163 psallunt,
1263 1091 1461 1160 jugiter
1487 1099 1665 1146 orant.
1697 1091 1803 1147 Sed
1829 1093 1954 1161 quia
1977 1094 2083 1148 hoc
2101 1093 2289 1159 solum.

692 1185 909 1250 faciunt,
948 1201 1057 1240 non
1102 1184 1362 1240 habentes
1408 1184 1725 1239 charitatem
1764 1198 1866 1239 nec
1909 1183 2128 1254 alloquii
2176 1201 2276 1241 nec

692 1275 1056 1340 humanitatis,
1085 1276 1225 1330 inter
1269 1276 1549 1330 haereticos
1593 1283 1718 1330 sunt
1759 1292 1790 1329 a
1836 1285 2022 1331 sancta
2069 1276 2276 1348 synodo

689 1367 970 1422 confutati.
993 1367 1369 1423 Condemnant
1388 1370 1549 1423 etiam
1570 1384 1665 1423 eos
1683 1371 1978 1425 monachos
1997 1371 2090 1440 qui
2111 1371 2272 1436 aliud,

688 1468 885 1531 pncter
922 1459 1133 1528 legendi
1161 1461 1456 1528 orandique
1492 1475 1656 1529 opera
1687 1461 1885 1530 aliquid
1915 1461 2113 1516 fuerint
2141 1477 2274 1533 ope-

691 1551 814 1615 rati,
838 1550 924 1604 vel
943 1552 1093 1615 artis,
1119 1534 1200 1604 vel
1222 1551 1574 1618 agriculturae.
1603 1549 1782 1619 Usque
1803 1551 1869 1604 ad
1891 1537 2021 1606 istos
2040 1550 2276 1622 Epipha-

690 1642 810 1698 nius
836 1642 1098 1711 pervenit,
1129 1648 1184 1695 et
1211 1641 1376 1696 siluit.
1401 1639 1577 1695 Credo
1606 1656 1728 1696 eum
1759 1657 1927 1712 usque
1957 1643 2023 1696 ad
2053 1643 2106 1697 id
2132 1650 2271 1697 tem-

690 1732 837 1803 poris
881 1731 1100 1787 vixisse.
1144 1730 1422 1786 Praaterita
1470 1732 1615 1787 enim
1645 1740 1700 1787 et
1726 1733 2009 1802 przesentia
2041 1733 2275 1790 indicare

690 1823 919 1880 humana
946 1821 1230 1878 curiositas
1269 1830 1465 1892 potest,
1490 1823 1632 1878 Deus
1677 1833 1855 1878 autem
1903 1825 2051 1880 solus
2097 1833 2274 1895 potest

2375 642 2472 682 eos
2497 626 2703 682 faciunt
2743 628 2944 683 sentire
2973 637 3025 684 et
3052 629 3292 686 credere.
3327 630 3441 686 Hoc
3482 631 3658 687 scelus
3683 632 3844 688 valde
3872 635 3979 690 ini-

2375 721 2572 777 micum
2596 721 2784 776 salutis
2811 730 3011 777 nostra!
3049 723 3124 782 ita
3171 731 3416 778 astruunt
3446 743 3459 777 :
3492 722 3634 793 Ergo
3673 725 3818 780 Deus
3857 727 3976 784 illas

2379 811 2570 866 sordes
2615 811 2800 866 habuit
2848 813 3114 868 sustinere
3137 853 3152 878 ,
3198 829 3340 882 quas
3377 816 3639 870 naturalis
3683 819 3972 889 conceptio

2375 911 2564 973 partus
2601 910 2656 958 et
2681 905 2939 974 parientis
2982 905 3197 974 inﬂigit;
3231 907 3524 976 habuitque
3553 908 3649 962 Dei
3677 909 3847 964 Filius
3872 911 3971 965 ha-

2377 991 2508 1048 bere
2536 994 2716 1048 alvum
2744 995 2962 1062 degesta
2991 1013 3089 1051 sua
3113 997 3444 1076 abluentem,
3476 998 3760 1054 humorem
3782 1001 3852 1055 de
3875 1017 3973 1056 na-

2376 1086 2545 1152 ribus,
2575 1087 2797 1142 salivam
2838 1105 2905 1143 ex
2953 1105 3068 1154 ore,
3102 1089 3330 1160 sordem
3377 1091 3433 1145 in
3479 1106 3630 1158 aure,
3679 1095 3734 1147 in
3780 1103 3974 1150 ventre

2376 1185 2612 1234 stercora
2637 1221 2652 1244 ,
2696 1188 2942 1248 putorem
2991 1181 3046 1235 in
3092 1181 3467 1238 exhalatione?
3511 1191 3568 1238 et
3613 1185 3698 1238 his
3747 1185 3970 1250 similia,

2377 1285 2496 1339 qua:
2524 1271 2728 1325 insania
2756 1272 2952 1327 mentis
2979 1273 3267 1341 excogitat.
3298 1271 3393 1327 llis
3420 1271 3783 1329 Tertullianus
3804 1275 3972 1332 vehe-

2377 1371 2589 1416 menter
2618 1364 2878 1429 occurrit,
2911 1364 3202 1420 ostendens
3224 1363 3320 1420 Dei
3347 1364 3541 1419 Filium
3583 1365 3972 1436 impassibilem

2377 1468 2514 1516 esse,
2546 1462 2602 1509 et
2629 1454 2728 1508 ista
2759 1454 3032 1508 Divinitati
3077 1470 3188 1509 non
3225 1453 3473 1523 injuriam
3513 1456 3609 1510 sed
3646 1456 3863 1512 laudem
3888 1456 3969 1512 af-

2376 1543 2537 1599 ferre.
2569 1543 2720 1600 Sicut
2761 1560 2885 1611 rex,
2914 1546 3006 1614 qui
3053 1546 3240 1601 volens
3285 1546 3544 1601 annulum
3573 1561 3798 1602 aureum
3842 1563 3968 1604 am

2376 1651 2584 1704 gemma
2613 1637 2681 1692 de
2707 1637 2892 1693 cloaca
2921 1638 3122 1701 levare,
3154 1638 3326 1694 induit
3351 1654 3411 1694 se
3430 1639 3682 1694 servilem
3701 1641 3964 1706 tunicam,

2377 1738 2434 1784 et
2460 1731 2538 1785 sic
2565 1729 2841 1786 descendit
2879 1731 2946 1785 ad
2991 1733 3253 1798 cloacam,
3295 1741 3356 1787 ut
3400 1742 3704 1790 stercoreas
3744 1735 3968 1804 injurias

2378 1821 2562 1874 tunica
2586 1821 2674 1874 illa
2705 1822 2992 1892 suscipiat,
3023 1831 3078 1876 et
3103 1823 3326 1880 mittens
3351 1839 3597 1890 manum,
3628 1831 3685 1879 et
3708 1826 3971 1881 annulum

691 1912 864 1967 futura
912 1913 1222 1982 praedicere.
1266 1912 1465 1968 Verum
1505 1915 1632 1984 quia
1673 1913 1936 1970 Philaster
1976 1917 2027 1970 in
2074 1917 2186 1974 suis
2225 1926 2280 1973 et
2309 1909 2355 1969 Β
2383 1925 2602 1965 aureum
2631 1927 2751 1966 cum
2779 1927 2990 1980 gemma
3023 1913 3278 1982 eripiens,
3307 1929 3446 1984 aqua
3487 1915 3673 1980 abluit,
3715 1925 3771 1970 et
3795 1915 3968 1986 digito

692 2019 803 2074 Ipse
832 2002 981 2058 libris
1004 2003 1198 2072 quibus
1225 2003 1557 2060 diversorum
1579 2005 1775 2060 retexit
1803 2007 2078 2070 historias,
2112 2008 2273 2062 etiam

692 2095 922 2150 haereses
949 2110 1068 2164 quae
1096 2104 1228 2150 orta:
1257 2095 1454 2150 fuerint
1495 2098 1703 2151 ueteris
1729 2097 2028 2167 quibusque
2067 2108 2276 2170 tempo-

692 2187 840 2242 ribus
859 2227 873 2251 ,
907 2201 974 2240 ex
1003 2186 1120 2255 ejus
1147 2202 1292 2241 nunc
1322 2187 1472 2241 libris
1499 2187 1854 2257 discerpendo
1881 2189 2024 2243 solas
2044 2189 2276 2245 haereses

693 2279 746 2332 in
775 2277 1008 2332 medium
1034 2277 1366 2333 exhibemus.
1403 2277 1524 2346 Egit
1550 2287 1738 2334 contra
1767 2279 1868 2334 hos
1892 2277 2126 2350 Ephrem
2149 2296 2272 2351 pre-

691 2368 874 2439 sbyter
900 2366 1179 2438 Syrorum.
1552 2384 1554 2388 '

786 2502 788 2506 ,
1064 2480 1071 2486 ·
1379 2459 1557 2514 LVIII.

761 2551 1268 2619 Quinquagesimam
1287 2558 1344 2605 et
1373 2560 1620 2605 octavam
1640 2551 1886 2606 hreresim
1907 2551 2280 2622 Metangismo—

695 2644 819 2699 niue
845 2644 1247 2700 inchoaverunt.
1283 2654 1504 2719 ’Δγγιῐον
1531 2644 1720 2700 Graeco
1748 2660 1998 2702 sermone
2023 2662 2119 2700 vas
2145 2646 2276 2702 dici-

2378 2018 2476 2057 suo
2506 2005 2669 2072 regali
2710 2004 2913 2068 induit,
2958 2000 3311 2075 posteaquam
3357 2006 3483 2062 inde
3528 2008 3844 2062 ascenderit.
3884 2008 3968 2063 Ita

2379 2093 2567 2162 procul
2613 2093 2776 2147 dubio
2826 2093 2921 2148 Dei
2970 2094 3136 2149 Filius
3183 2095 3410 2150 formam
3461 2099 3600 2151 servi
3645 2099 3964 2168 suscipiens,

2378 2182 2525 2236 venit
2553 2199 2660 2237 non
2688 2183 2862 2238 solum
2891 2184 2958 2238 ad
2988 2184 3188 2240 inferos
3215 2187 3475 2242 cmlorum
3493 2229 3508 2252 ,
3541 2188 3628 2242 ubi
3657 2204 3754 2243 nos
3779 2205 3970 2244 sumus

2378 2274 2470 2342 qui
2499 2272 2742 2328 videmur
2773 2274 2953 2330 vivere
2984 2275 3038 2329 in
3068 2277 3300 2340 mundo,
3348 2278 3444 2333 sed
3472 2280 3630 2333 etiam
3671 2280 3739 2335 ad
3766 2281 3970 2338 inferos

2377 2364 2680 2430 inferiores,
2715 2367 2808 2434 qui
2842 2375 2994 2423 tanto
3023 2384 3053 2422 a
3082 2369 3239 2425 nobis
3267 2379 3391 2426 sunt
3417 2371 3730 2441 profundius
3757 2383 3967 2442 quanto

2377 2471 2478 2510 nos
2505 2472 2690 2511 sumus
2709 2459 2876 2524 coelo;
2900 2467 2954 2514 et
2977 2467 3034 2514 ut
3054 2460 3177 2515 inde
3195 2461 3483 2516 humanum
3512 2477 3676 2530 genus
3702 2465 3968 2533 eriperet,

2378 2557 2692 2603 cunctarum
2721 2551 2980 2617 sordium,
3005 2568 3113 2608 non
3141 2569 3373 2619 suarum,
3405 2557 3498 2610 sed
3526 2563 3857 2621 nostrarum,
3881 2566 3970 2611 est

2380 2641 2687 2708 squalorem
2717 2657 3021 2713 perpessus.
3075 2643 3180 2698 Pro
3207 2645 3503 2700 viventibus
3529 2646 3607 2700 sic
3647 2647 3786 2701 vixit
3827 2649 3969 2702 sicut

594 2796 610 2808 ο
654 2721 669 2740 ’
694 2745 802 2801 tur,
827 2738 1178 2811 μεταγγισμός
1215 2745 1394 2790 autem
1443 2752 1536 2790 vas
1566 2737 1704 2791 intra
1734 2726 1827 2792 vas
1854 2737 2165 2792 advertitur.
2197 2736 2276 2793 Ex

2381 2747 2480 2786 nos
2508 2733 2602 2800 qui
2639 2733 2894 2799 vivimus,
2925 2735 3057 2790 nihil
3083 2736 3228 2792 aliud
3272 2736 3506 2802 distans,
3555 2737 3656 2791 nisi
3687 2738 3794 2793 hoc
3820 2739 3968 2807 quod

696 2829 800 2883 isto
822 2843 951 2897 ergo
972 2829 1200 2883 articulo
1222 2831 1324 2884 hoc
1346 2829 1446 2884 sibi
1469 2845 1664 2885 nomen
1687 2840 1984 2895 assumunt,
2001 2831 2272 2887 dicentes:
2382 2826 2775 2882 immaculatam
2804 2828 2966 2882 vitam
2992 2829 3251 2892 exercuit,
3276 2829 3480 2884 habens
3511 2829 3651 2883 intra
3679 2844 3738 2884 se
3762 2829 3926 2884 Deum
3946 2848 3962 2895 ;

694 2920 782 2973 Sic
809 2927 891 2973 est
919 2919 1085 2974 Filius
1112 2921 1166 2974 in
1204 2918 1364 2975 Patre
1392 2920 1664 2990 quomodo
1694 2937 1787 2976 vas
1812 2923 1988 2977 minus
2015 2923 2154 2977 intra
2185 2940 2278 2979 vas

2382 2932 2481 2987 pro
2526 2919 2752 2972 mortuis
2803 2919 2881 2973 sic
2931 2927 3200 2984 mortuus,
3252 2920 3381 3006 nihil
3430 2919 3663 2985 distans,
3714 2921 3812 2974 nisi
3861 2921 3966 2975 hoc
4060 3001 4066 3006 ο

695 3008 885 3076 majus.
917 3009 1063 3075 Quos
1093 3011 1212 3065 ideo
1240 3013 1487 3081 repudiat
1519 3013 1756 3068 Ecclesia
1785 3032 1798 3067 :
1831 3015 1956 3083 quia
1996 3016 2064 3069 de
2102 3017 2278 3070 incor-
2379 3011 2525 3079 quod
2555 3012 2714 3066 tertia
2754 3011 2842 3066 die
2886 3013 3178 3068 resurrexit
3219 3027 3250 3066 a
3278 3013 3538 3078 mortuis;
3570 3021 3625 3067 et
3665 3012 3808 3081 quod
3836 3027 3964 3082 pro-

697 3112 863 3168 poreo
908 3101 1194 3156 carnaliter
1239 3104 1492 3166 sentiunt,
1541 3112 1596 3158 et
1642 3104 1710 3158 de
1755 3105 2279 3176 incomprehensibili
2381 3109 2566 3171 plerea
2597 3103 2676 3159 sic
2701 3103 3001 3170 descendit,
3028 3113 3086 3159 ιιι
3113 3113 3330 3160 sanctos
3359 3103 3483 3160 inde
3509 3112 3723 3160 erueret
3749 3110 3804 3158 et
3822 3098 3967 3158 mor-

697 3200 721 3228 ι
747 3191 944 3248 liniatis
989 3199 1169 3259 agunt,
1221 3201 1276 3246 et
1319 3193 1388 3247 de
1414 3195 1719 3262 aequalitate
1745 3195 2051 3250 Divinitatis
2083 3197 2279 3265 gradus
2320 3259 2355 3267 _
2382 3194 2451 3249 tis
2471 3196 2764 3267 principem
2789 3197 3056 3265 religaret.
3087 3197 3241 3264 Quod
3265 3207 3447 3252 autem
3468 3197 3721 3253 annulum
3743 3212 3965 3251 aureum

696 3287 956 3336 statuunt.
989 3280 1107 3350 Egit
1129 3289 1318 3336 contra
1347 3284 1446 3338 hos
1479 3259 1749 3339 Diodorus
1795 3259 2110 3355 episcopus'
2124 3285 2282 3359 Nico-
2309 3259 2357 3324 (δ
2386 3259 2509 3341 cum
2535 3259 2745 3356 gemma
2772 3259 2970 3358 posuit,
2994 3259 3176 3344 hoc-vin
3207 3291 3456 3362 sequenti
3475 3291 3703 3346 lectione
3731 3288 3965 3354 edocuit,

698 3371 904 3427 “Odit!!-
1463 3419 1468 3422 .
2385 3378 2530 3448 quod
2558 3379 2812 3434 annulum
2843 3396 3038 3451 corpus
3065 3382 3323 3450 posuerit,
3355 3396 3621 3450 gemmam
3641 3393 3770 3436 vero
3797 3379 3970 3434 inclu-

1419 3463 1559 3531 ΗΧ.
2384 3483 2500 3524 sam
2528 3484 2646 3524 esse
2675 3470 2908 3524 animam
2935 3470 3242 3526 declaravit.
3283 3470 3436 3527 Hunc
3464 3485 3595 3539 ergo
3623 3470 3878 3525 annulum
3899 3469 3969 3522 de

693 3608 696 3610 γ
767 3553 826 3606 In
854 3552 1294 3623 quinquagesima
1321 3562 1376 3609 et
1404 3571 1545 3610 nona
1585 3556 1774 3612 hmresi
1803 3556 2106 3612 Seleuciani
2134 3567 2277 3626 sunt,
2345 3573 2348 3576 ‘
2383 3563 2712 3618 stercoribus
2749 3564 2982 3634 antiquis
3009 3572 3064 3618 et
3099 3563 3165 3618 de
3193 3563 3377 3619 cloaca
3402 3564 3562 3634 hujus
3604 3563 3788 3619 mundi
3815 3562 3971 3618 Chri-

682 3646 804 3714 -_orti
834 3661 866 3699 a
889 3642 1116 3701 Seleuco
1161 3665 1173 3700 :
1217 3648 1309 3716 qui
1353 3648 1745 3704 elementorum
1772 3651 2055 3705 materiam
2083 3651 2150 3706 de
2176 3666 2281 3720 qua
2383 3663 2499 3710 stus
2527 3657 2744 3711 elevans
2764 3672 2828 3712 ac
2849 3657 3184 3727 baptismatis
3203 3656 3343 3710 unda
3364 3657 3706 3726 perfundens,
3735 3656 3802 3710 ab
3821 3655 3971 3710 omni

699 3737 871 3792 factus
891 3745 973 3791 est
994 3737 1238 3804 mundus,
1272 3755 1378 3794 non
1407 3755 1438 3794 a
1462 3740 1571 3795 Deo
1601 3738 1795 3796 factam
1817 3741 2019 3807 dicunt,
2048 3742 2143 3796 sed
2173 3742 2282 3798 Deo
2385 3748 2637 3816 squalore
2685 3747 2938 3812 abluens,
2988 3747 3042 3800 in
3085 3747 3196 3802 suis
3224 3746 3344 3802 fecit
3370 3748 3568 3800 sanctis
3604 3746 3852 3799 manibus
3872 3755 3972 3799 ra-

698 3836 1020 3883 coaeternam
1053 3848 1065 3883 :
1098 3845 1198 3885 nec
1225 3832 1458 3886 animam
1493 3832 1604 3888 Deo
1633 3833 1875 3888 tribuunt
1903 3836 2155 3899 creatori,
2186 3835 2294 3889 sed-
2385 3836 2856 3905 diare.'Siquidem
2882 3837 2954 3890 ita
2983 3837 3179 3906 legitur
3219 3855 3229 3889 :
3271 3834 3533 3890 Justorum
3564 3845 3733 3888 autem
3769 3836 3972 3890 anima?

692 3927 977 3985 creatores
996 3923 1433 3978 essc‘animarum
1458 3912 1676 3992 angelos
1697 3925 1886 3980 volunt
1914 3925 1981 3980 de
2002 3927 2111 3994 igni
2136 3934 2191 3981 et
2217 3926 2285 3980 de
2384 3929 2441 3980 in
2469 3943 2625 3980 manu
2655 3925 2752 3980 Dei
2779 3935 2900 3980 sunt
2926 3927 3091 3997 (Sap.
3118 3943 3205 3990 tu,
3232 3927 3253 3979 ι
3278 3929 3314 3998 ).
3347 3924 3412 3980 Et
3435 3927 3628 3980 iterum
3663 3944 3677 3978 :
3713 3924 3861 3979 Pone
3888 3942 3973 3978 me

699 4013 909 4083 spiritu.
943 4012 1138 4068 Malum
1169 4023 1350 4069 autem
1369 4022 1618 4068 asserunt
1640 4030 1759 4068 esse
1788 4015 2076 4083 aliquando
2097 4031 2129 4069 a
2148 4016 2280 4081 Deo,
2384 4020 2516 4071 sicut
2543 4018 2788 4072 annulum
2817 4020 2873 4071 in
2901 4034 3056 4072 manu
3079 4029 3164 4071 tua
3188 4018 3359 4087 (Cant.
3383 4032 3491 4077 vui,
3517 4017 3596 4083 ti).
3620 4015 3690 4070 Et
3714 4035 3728 4068 :
3758 4013 3821 4069 In
3851 4033 3967 4068 ma-

699 4105 987 4173 aliquando
1033 4119 1063 4156 a
1112 4105 1354 4158 materia.
1407 4104 1613 4172 Negant
1659 4101 1993 4176 Salvatorem
2040 4107 2096 4160 in
2123 4123 2286 4164 carne
2387 4128 2483 4165 nus
2513 4121 2628 4165 tuas
2657 4111 2957 4166 commendo
2987 4114 3231 4178 spirirum
3260 4127 3425 4164 meum
3449 4108 3621 4180 (Psal.
3649 4124 3775 4171 xxx,
3807 4107 3890 4178 6);
3913 4117 3969 4160 et

700 4194 890 4249 sedere
938 4194 1005 4248 ad
1052 4194 1328 4249 dexteram
1379 4182 1586 4260 Patris,
1619 4195 1713 4250 sed
1740 4210 1803 4249 ea
1830 4211 1889 4253 se
1917 4199 2130 4254 exuisse
2157 4217 2284 4270 per-
2390 4203 2592 4257 inlinita
2621 4212 2747 4257 sunt
2775 4204 2855 4257 his
2882 4203 3074 4257 similia
3105 4203 3158 4256 in
3186 4203 3354 4256 sacris
3385 4200 3654 4272 apicibus,
3709 4214 3824 4269 qua!
3870 4213 3968 4252 nos

700 4285 904 4351 bibent,
933 4298 1159 4353 eamque
1189 4285 1242 4339 in
1265 4285 1379 4340 sole
1407 4286 1668 4354 posuisse,
1699 4287 2023 4356 accipientes
2045 4292 2286 4346 occasio-
2351 4322 2361 4330 -
2387 4305 2550 4348 causa
2576 4294 2856 4349 brevitatis
2902 4295 3234 4357 omittentes,
3265 4292 3338 4346 ad
3361 4291 3747 4360 sexagesimam
3775 4297 3830 4343 et
3853 4288 3965 4359 pri-

690 4372 823 4430 'nem
861 4376 928 4430 de
960 4375 1167 4445 psalmo
1197 4376 1286 4429 ubi
1330 4375 1522 4443 legitur
1556 4394 1567 4427 :
1604 4369 1667 4429 In
1697 4376 1805 4431 sole
1839 4381 2008 4449 posuit
2047 4379 2288 4435 taberna-
2386 4401 2531 4440 mam
2560 4386 2817 4440 hacresem
2852 4385 3187 4439 accedamus.

699 4466 869 4516 mlum
895 4479 1043 4516 suum
1069 4461 1239 4533 (Paul.
1265 4479 1414 4540 “xvm,
1439 4463 1513 4532 6).
1547 4464 1752 4534 Negant
1783 4469 2042 4525 visibilem
2074 4473 2286 4542 paradi-

700 4567 839 4615 sum,
853 4552 1175 4621 baptismum
1191 4553 1244 4606 in
1260 4568 1396 4622 aqua
1415 4571 1518 4608 non
1534 4558 1819 4628 accipiunt,
1836 4565 2284 4618 resurrectionem

3111 4472 3243 4528 LXI.

2458 4568 2856 4637 Sexagesimam
2886 4575 2940 4623 et
2966 4569 3190 4638 primam
3219 4566 3464 4621 haeresim
3509 4563 3797 4618 Patriciani
3825 4561 3965 4616 fece-

700 4657 809 4696 ηοη
839 4641 1064 4696 credunt
1092 4641 1346 4710 “nummi
1377 4646 1471 4699 ⁸θά
1493 4648 1732 4715 quotidie
1760 4661 2008 4707 3588mm
2038 4654 2088 4707 in
2119 4667 2283 4721 gene-
2313 4633 2365 4705 υ
2390 4670 2543 4726 runt,
2577 4633 2624 4715 at
2637 4660 2869 4716 Patricio
2897 4633 3168 4715 sumentes
3195 4657 3494 4714 exordium.
3527 4655 3592 4710 lli
3620 4653 3968 4710 substantiam

699 4735 912 4790 ratione
951 4734 1199 4816 ﬁliorum.
1253 4737 1363 4793 Hos
1412 4755 1518 4794 non
1565 4741 1800 4798 admittit
1837 4744 2113 4816 disciplina
2163 4749 2284 4804 fidei

700 4835 898 4881 nostrae
924 4828 1201 4883 nobiscum
1242 4829 1684 4900 disceptationem
1726 4841 2032 4902 assumere,
2063 4838 2157 4893 sed
2187 4856 2284 4909 pro

693 4913 1098 4977 deﬁnitionibus
1125 4923 1234 4978 suis
1279 4939 1373 4978 eos
1401 4926 1657 4996 prmcepit
1703 4929 2032 4984 anathemati
2078 4935 2280 4987 manci-

694 5007 833 5089 pari.

695 5111 699 5118 ’
1437 5111 1548 5166 LX.

768 5200 1168 5268 Sexagesimam
1210 5201 1454 5257 haeresim
1501 5200 1919 5258 Proclinianistaa
1959 5219 1990 5258 a
2021 5202 2284 5266 ,Proclino

703 5287 959 5342 fecerunt.
985 5289 1179 5345 Dicunt
1199 5291 1285 5346 isti
1307 5291 1400 5346 Dei
1430 5290 1622 5345 Filium
1647 5293 1726 5346 sic
1749 5295 1992 5362 paruisse
2020 5296 2072 5348 in
2105 5297 2279 5361 terris,

701 5376 838 5430 sicut
865 5376 1191 5446 Raphaelem
1221 5382 1490 5449 angelum,
1522 5388 1613 5435 aut
1632 5378 1955 5447 Gabrielem,
1984 5399 2090 5439 non
2119 5401 2282 5440 carne

703 5475 994 5537 assumpta,
1013 5471 1108 5526 sed
1129 5472 1262 5526 visa.
1289 5471 1379 5528 Sic
1405 5487 1464 5527 se
1484 5473 1711 5528 miscent
1732 5475 1930 5544 populo
1953 5475 2068 5539 Dei,
2094 5485 2152 5530 ut
2172 5493 2279 5532 non

705 5555 1084 5626 intelligantur.
1135 5561 1374 5629 Denique
1415 5563 1541 5632 quia
1586 5563 1788 5618 nullum
1833 5565 1996 5619 alium
2041 5581 2281 5624 errorem

705 5648 996 5717 patiuntur,
1025 5651 1424 5706 communicant
1466 5654 1740 5710 nobiscum
1767 5673 1781 5711 :
1817 5664 1872 5710 et
1900 5656 2003 5711 hoc
2029 5665 2112 5712 est
2139 5659 2282 5728 quod

780 5847 804 5872 ⁸
837 5836 931 5889 Ms.
966 5837 1124 5904 Aug.,
1161 5840 1390 5893 (imitate.

2390 4753 2567 4807 carnis
2611 4753 2856 4807 humana:
2905 4767 3010 4807 non
3040 4767 3070 4804 a
3099 4751 3228 4812 Deo,
3261 4748 3355 4803 sed
3384 4763 3415 4802 a
3443 4745 3661 4801 diabolo
3698 4743 3969 4799 conditam

2390 4843 2603 4909 dicunt;
2635 4857 2860 4914 eamque
2895 4844 2973 4897 sic
2998 4842 3352 4903 detestantur,
3387 4847 3445 4893 ut
3471 4839 3616 4894 hunc
3644 4837 3827 4892 dicant
3851 4849 3971 4889 esse

2389 4932 2684 5004 perfectum
2710 4935 2800 5002 qui
2820 4949 2879 4989 se
2893 4933 3129 5004 potuerit
3149 4939 3460 4986 constanter
3487 4927 3752 4984 occidere.
3787 4925 3869 4980 Ex
3888 4925 3970 4978 his

2390 5033 2514 5080 sunt
2551 5026 2808 5093 aliquanti
2837 5024 2928 5094 qui
2958 5024 3120 5078 etiam
3147 5030 3342 5090 rogant
3369 5035 3464 5074 eos
3490 5033 3630 5088 quos
3669 5015 3970 5086 invenerint

2388 5119 2620 5186 ignotos,
2650 5125 2709 5170 ut
2729 5116 2797 5170 ab
2821 5116 2899 5170 eis
2917 5114 3252 5170 occidantur.
3275 5112 3399 5168 Haec
3420 5111 3627 5165 insania
3649 5111 3703 5163 in
3732 5109 3976 5179 partibus

2388 5207 2646 5260 Numidite
2691 5205 2986 5275 superioris
3030 5213 3086 5259 et
3131 5204 3462 5260 Mauritania:
3490 5201 3659 5271 cmpit
3687 5201 3835 5255 olim.
3867 5197 3973 5254 llos

2388 5299 2568 5352 miseri
2600 5297 2888 5351 Donatistae
2930 5305 3117 5366 postea
3146 5295 3345 5360 secuti,
3377 5301 3659 5363 coeperunt
3687 5305 3746 5344 se
3778 5290 3975 5343 montis

2381 5387 2680 5461 praecipitio
2720 5387 2872 5456 quasi
2919 5387 3081 5442 futuri
3131 5395 3395 5457 martyres
3440 5381 3657 5440 tradere
3709 5399 3721 5434 :
3771 5388 3830 5434 ut
3886 5378 3974 5447 qui

2390 5481 2550 5535 vitam
2578 5487 2832 5533 aeternam
2861 5479 3139 5535 catholicae
3178 5477 3298 5532 fidei
3327 5476 3734 5545 derelinquunt,
3765 5471 3974 5525 viotha-

2388 5571 2500 5626 nati
2527 5579 2786 5626 aeternam
2808 5581 3037 5628 mortem
3069 5571 3360 5627 inveniant.
3391 5567 3592 5623 Contra
3623 5566 3726 5621 hos
3750 5562 3975 5634 Optatus

2389 5662 2584 5731 legitur
2607 5661 2802 5730 egisse.
