  <div class='ocr_page' id='page_1' title='image "/cluster/home/n/w/nwhite01/storage/ocr_20150623/53/hvd.32044073505232/310.png"; bbox 0 0 4244 6258; ppageno 0'>
   <div class='ocr_carea' id='block_1_1' title="bbox 226 828 232 838">
    <p class='ocr_par' dir='ltr' id='par_1_1' title="bbox 226 828 232 838">
     <span class='ocr_line' id='line_1_1' title="bbox 226 828 232 838; baseline 0 0"><span class='ocrx_word' id='word_1_1' title='bbox 226 828 232 838; x_wconf 78' lang='grc' dir='ltr'><strong>ι</strong></span> 
     </span>
    </p>
   </div>
   <div class='ocr_carea' id='block_1_2' title="bbox 259 355 362 417">
    <p class='ocr_par' dir='ltr' id='par_1_2' title="bbox 259 355 362 417">
     <span class='ocr_line' id='line_1_2' title="bbox 259 355 362 417; baseline 0 0"><span class='ocrx_word' id='word_1_2' title='bbox 259 355 362 417; x_wconf 72' lang='lat'><strong>609</strong></span> 
     </span>
    </p>
   </div>
   <div class='ocr_carea' id='block_1_3' title="bbox 285 450 1124 520">
    <p class='ocr_par' dir='ltr' id='par_1_3' title="bbox 285 450 1124 520">
     <span class='ocr_line' id='line_1_3' title="bbox 285 450 1124 520; baseline -0.012 9"><span class='ocrx_word' id='word_1_3' title='bbox 285 450 290 454; x_wconf 74' lang='grc'><em>’</em></span> <span class='ocrx_word' id='word_1_4' title='bbox 971 465 1124 520; x_wconf 79' lang='lat' dir='ltr'><strong>LXII.</strong></span> 
     </span>
    </p>
   </div>
   <div class='ocr_carea' id='block_1_4' title="bbox 327 553 1851 633">
    <p class='ocr_par' dir='ltr' id='par_1_4' title="bbox 327 553 1851 633">
     <span class='ocr_line' id='line_1_4' title="bbox 327 553 1851 633; baseline -0.009 -13"><span class='ocrx_word' id='word_1_5' title='bbox 327 564 674 633; x_wconf 74' lang='lat' dir='ltr'><strong>Sexagesima</strong></span> <span class='ocrx_word' id='word_1_6' title='bbox 695 561 927 618; x_wconf 87' lang='lat' dir='ltr'><strong>secunda</strong></span> <span class='ocrx_word' id='word_1_7' title='bbox 950 559 1163 614; x_wconf 79' lang='lat' dir='ltr'><strong>haeresis</strong></span> <span class='ocrx_word' id='word_1_8' title='bbox 1194 556 1496 612; x_wconf 77' lang='lat' dir='ltr'><strong>Ascitarum</strong></span> <span class='ocrx_word' id='word_1_9' title='bbox 1521 563 1624 610; x_wconf 90' lang='lat' dir='ltr'><strong>est.</strong></span> <span class='ocrx_word' id='word_1_10' title='bbox 1659 553 1851 608; x_wconf 73' lang='lat' dir='ltr'><strong>Asciue</strong></span> 
     </span>
    </p>
   </div>
   <div class='ocr_carea' id='block_1_5' title="bbox 256 645 1849 726">
    <p class='ocr_par' dir='ltr' id='par_1_5' title="bbox 256 645 1849 726">
     <span class='ocr_line' id='line_1_5' title="bbox 256 645 1849 726; baseline -0.009 -13"><span class='ocrx_word' id='word_1_11' title='bbox 256 672 385 726; x_wconf 89' lang='lat' dir='ltr'><strong>ergo</strong></span> <span class='ocrx_word' id='word_1_12' title='bbox 414 658 484 711; x_wconf 93' lang='lat' dir='ltr'><strong>ab</strong></span> <span class='ocrx_word' id='word_1_13' title='bbox 512 663 635 710; x_wconf 91' lang='lat' dir='ltr'><strong>utre</strong></span> <span class='ocrx_word' id='word_1_14' title='bbox 681 653 1035 726; x_wconf 89' lang='lat' dir='ltr'><strong>appellantur.</strong></span> <span class='ocrx_word' id='word_1_15' title='bbox 1088 652 1258 710; x_wconf 79' lang='grc' dir='ltr'><strong>’Δσκός</strong></span> <span class='ocrx_word' id='word_1_16' title='bbox 1306 647 1451 703; x_wconf 92' lang='lat' dir='ltr'><strong>enim</strong></span> <span class='ocrx_word' id='word_1_17' title='bbox 1497 645 1683 702; x_wconf 74' lang='lat' dir='ltr'><strong>Grzcce</strong></span> <span class='ocrx_word' id='word_1_18' title='bbox 1727 653 1849 700; x_wconf 90' lang='lat' dir='ltr'><strong>uter</strong></span> 
     </span>
    </p>
   </div>
   <div class='ocr_carea' id='block_1_6' title="bbox 224 657 1846 824">
    <p class='ocr_par' dir='ltr' id='par_1_6' title="bbox 224 657 1846 824">
     <span class='ocr_line' id='line_1_6' title="bbox 256 657 1846 726; baseline -0.009 -13"><span class='ocrx_word' id='word_1_19' title='bbox 256 672 385 726; x_wconf 89' lang='lat' dir='ltr'><strong>ergo</strong></span> <span class='ocrx_word' id='word_1_20' title='bbox 414 658 484 711; x_wconf 93' lang='lat' dir='ltr'><strong>ab</strong></span> <span class='ocrx_word' id='word_1_21' title='bbox 512 663 635 710; x_wconf 91' lang='lat' dir='ltr'><strong>utre</strong></span> <span class='ocrx_word' id='word_1_22' title='bbox 681 657 1035 726; x_wconf 89' lang='lat' dir='ltr'><strong>appellantur.</strong></span> <span class='ocrx_word' id='word_1_23' title='bbox 1088 657 1258 710; x_wconf 79' lang='grc' dir='ltr'><strong>’Δσκὸς</strong></span> <span class='ocrx_word' id='word_1_24' title='bbox 1306 657 1451 703; x_wconf 84' lang='lat' dir='ltr'><strong>enim</strong></span> <span class='ocrx_word' id='word_1_25' title='bbox 1497 657 1683 702; x_wconf 74' lang='lat' dir='ltr'><strong>b‘rzcce</strong></span> <span class='ocrx_word' id='word_1_26' title='bbox 1727 657 1846 700; x_wconf 90' lang='lat' dir='ltr'><strong>uter</strong></span> 
     </span>
     <span class='ocr_line' id='line_1_7' title="bbox 224 657 1846 824; baseline -0.01 -18"><span class='ocrx_word' id='word_1_27' title='bbox 224 657 470 824; x_wconf 61' lang='lat' dir='ltr'><strong>Idicitur.</strong></span> <span class='ocrx_word' id='word_1_28' title='bbox 518 746 612 802; x_wconf 88' lang='lat' dir='ltr'><strong>Isti</strong></span> <span class='ocrx_word' id='word_1_29' title='bbox 658 761 780 800; x_wconf 91' lang='lat' dir='ltr'><strong>cum</strong></span> <span class='ocrx_word' id='word_1_30' title='bbox 829 745 881 798; x_wconf 92' lang='lat' dir='ltr'><strong>in</strong></span> <span class='ocrx_word' id='word_1_31' title='bbox 928 741 1190 798; x_wconf 88' lang='lat' dir='ltr'><strong>Trinitate</strong></span> <span class='ocrx_word' id='word_1_32' title='bbox 1236 738 1371 794; x_wconf 85' lang='lat' dir='ltr'><strong>nihil</strong></span> <span class='ocrx_word' id='word_1_33' title='bbox 1419 737 1546 792; x_wconf 91' lang='lat' dir='ltr'><strong>mali</strong></span> <span class='ocrx_word' id='word_1_34' title='bbox 1594 737 1846 799; x_wconf 80' lang='lat' dir='ltr'><strong>habeant,</strong></span> 
     </span>
    </p>
   </div>
   <div class='ocr_carea' id='block_1_7' title="bbox 255 832 1852 904">
    <p class='ocr_par' dir='ltr' id='par_1_7' title="bbox 255 832 1852 904">
     <span class='ocr_line' id='line_1_8' title="bbox 255 832 1852 904; baseline -0.008 -10"><span class='ocrx_word' id='word_1_35' title='bbox 255 848 429 894; x_wconf 96' lang='lat' dir='ltr'><strong>utrem</strong></span> <span class='ocrx_word' id='word_1_36' title='bbox 461 846 640 892; x_wconf 90' lang='lat' dir='ltr'><strong>tamen</strong></span> <span class='ocrx_word' id='word_1_37' title='bbox 673 837 940 904; x_wconf 77' lang='lat' dir='ltr'><strong>ingentem</strong></span> <span class='ocrx_word' id='word_1_38' title='bbox 962 836 1119 902; x_wconf 80' lang='lat' dir='ltr'><strong>juxta</strong></span> <span class='ocrx_word' id='word_1_39' title='bbox 1146 832 1318 886; x_wconf 90' lang='lat' dir='ltr'><strong>altare</strong></span> <span class='ocrx_word' id='word_1_40' title='bbox 1343 837 1586 901; x_wconf 91' lang='lat' dir='ltr'><strong>ponunt,</strong></span> <span class='ocrx_word' id='word_1_41' title='bbox 1617 842 1852 896; x_wconf 88' lang='lat' dir='ltr'><strong>eumque</strong></span> 
     </span>
    </p>
   </div>
   <div class='ocr_carea' id='block_1_8' title="bbox 255 920 1848 994">
    <p class='ocr_par' dir='ltr' id='par_1_8' title="bbox 255 920 1848 994">
     <span class='ocr_line' id='line_1_9' title="bbox 255 920 1848 994; baseline -0.008 -9"><span class='ocrx_word' id='word_1_42' title='bbox 255 946 484 986; x_wconf 89' lang='lat' dir='ltr'><strong>vacuum</strong></span> <span class='ocrx_word' id='word_1_43' title='bbox 516 929 736 994; x_wconf 82' lang='lat' dir='ltr'><strong>inﬂant,</strong></span> <span class='ocrx_word' id='word_1_44' title='bbox 767 936 821 983; x_wconf 90' lang='lat' dir='ltr'><strong>et</strong></span> <span class='ocrx_word' id='word_1_45' title='bbox 849 925 1250 980; x_wconf 86' lang='lat' dir='ltr'><strong>linteaminibus</strong></span> <span class='ocrx_word' id='word_1_46' title='bbox 1288 924 1472 978; x_wconf 90' lang='lat' dir='ltr'><strong>velant</strong></span> <span class='ocrx_word' id='word_1_47' title='bbox 1518 929 1574 977; x_wconf 90' lang='lat' dir='ltr'><strong>et</strong></span> <span class='ocrx_word' id='word_1_48' title='bbox 1602 920 1848 984; x_wconf 88' lang='lat' dir='ltr'><strong>adorant,</strong></span> 
     </span>
    </p>
   </div>
   <div class='ocr_carea' id='block_1_9' title="bbox 255 1009 1854 1093">
    <p class='ocr_par' dir='ltr' id='par_1_9' title="bbox 255 1009 1854 1093">
     <span class='ocr_line' id='line_1_10' title="bbox 255 1009 1854 1093; baseline -0.008 -16"><span class='ocrx_word' id='word_1_49' title='bbox 255 1021 385 1093; x_wconf 89' lang='lat' dir='ltr'><strong>quia</strong></span> <span class='ocrx_word' id='word_1_50' title='bbox 413 1019 717 1077; x_wconf 89' lang='lat' dir='ltr'><strong>confectum</strong></span> <span class='ocrx_word' id='word_1_51' title='bbox 757 1018 964 1072; x_wconf 88' lang='lat' dir='ltr'><strong>cruoris</strong></span> <span class='ocrx_word' id='word_1_52' title='bbox 1009 1016 1225 1071; x_wconf 72' lang='lat' dir='ltr'><strong>Domini</strong></span> <span class='ocrx_word' id='word_1_53' title='bbox 1265 1015 1339 1069; x_wconf 86' lang='lat' dir='ltr'><strong>ibi</strong></span> <span class='ocrx_word' id='word_1_54' title='bbox 1390 1012 1669 1082; x_wconf 87' lang='lat' dir='ltr'><strong>adjiciunt,</strong></span> <span class='ocrx_word' id='word_1_55' title='bbox 1722 1009 1854 1066; x_wconf 91' lang='lat' dir='ltr'><strong>illud</strong></span> 
     </span>
    </p>
   </div>
   <div class='ocr_carea' id='block_1_10' title="bbox 255 1105 1852 1178">
    <p class='ocr_par' dir='ltr' id='par_1_10' title="bbox 255 1105 1852 1178">
     <span class='ocr_line' id='line_1_11' title="bbox 255 1105 1852 1178; baseline -0.008 -9"><span class='ocrx_word' id='word_1_56' title='bbox 255 1115 500 1170; x_wconf 86' lang='lat' dir='ltr'><strong>dicentes</strong></span> <span class='ocrx_word' id='word_1_57' title='bbox 529 1110 894 1178; x_wconf 78' lang='lat' dir='ltr'><strong>evangelicum</strong></span> <span class='ocrx_word' id='word_1_58' title='bbox 921 1126 934 1160; x_wconf 88' lang='lat'><strong>:</strong></span> <span class='ocrx_word' id='word_1_59' title='bbox 980 1108 1169 1162; x_wconf 81' lang='lat' dir='ltr'><strong>Vinum</strong></span> <span class='ocrx_word' id='word_1_60' title='bbox 1215 1122 1400 1160; x_wconf 80' lang='lat' dir='ltr'><strong>novum</strong></span> <span class='ocrx_word' id='word_1_61' title='bbox 1428 1105 1483 1157; x_wconf 88' lang='lat' dir='ltr'><strong>in</strong></span> <span class='ocrx_word' id='word_1_62' title='bbox 1509 1112 1652 1157; x_wconf 87' lang='lat' dir='ltr'><strong>utres</strong></span> <span class='ocrx_word' id='word_1_63' title='bbox 1663 1139 1682 1147; x_wconf 59' lang='grc' dir='ltr'><strong>-α</strong></span> <span class='ocrx_word' id='word_1_64' title='bbox 1695 1118 1852 1158; x_wconf 78' lang='lat' dir='ltr'><strong>novos</strong></span> 
     </span>
    </p>
   </div>
   <div class='ocr_carea' id='block_1_11' title="bbox 255 1195 1738 1276">
    <p class='ocr_par' dir='ltr' id='par_1_11' title="bbox 255 1195 1738 1276">
     <span class='ocr_line' id='line_1_12' title="bbox 255 1195 1738 1276; baseline -0.009 -16"><span class='ocrx_word' id='word_1_65' title='bbox 255 1206 530 1276; x_wconf 79' lang='lat' dir='ltr'><strong>adjiciunt,</strong></span> <span class='ocrx_word' id='word_1_66' title='bbox 559 1210 608 1256; x_wconf 86' lang='lat' dir='ltr'><strong>et</strong></span> <span class='ocrx_word' id='word_1_67' title='bbox 635 1209 851 1273; x_wconf 82' lang='lat' dir='ltr'><strong>utraque</strong></span> <span class='ocrx_word' id='word_1_68' title='bbox 879 1207 1249 1255; x_wconf 75' lang='lat' dir='ltr'><strong>conservantur</strong></span> <span class='ocrx_word' id='word_1_69' title='bbox 1276 1196 1494 1270; x_wconf 81' lang='lat' dir='ltr'><strong>(Matth.</strong></span> <span class='ocrx_word' id='word_1_70' title='bbox 1520 1213 1596 1260; x_wconf 82' lang='lat' dir='ltr'><strong>1x,</strong></span> <span class='ocrx_word' id='word_1_71' title='bbox 1629 1195 1738 1264; x_wconf 88' lang='lat' dir='ltr'><strong>I7).</strong></span> 
     </span>
    </p>
   </div>
   <div class='ocr_carea' id='block_1_12' title="bbox 975 1288 1155 1343">
    <p class='ocr_par' dir='ltr' id='par_1_12' title="bbox 975 1288 1155 1343">
     <span class='ocr_line' id='line_1_13' title="bbox 975 1288 1155 1343; baseline -0.011 0"><span class='ocrx_word' id='word_1_72' title='bbox 975 1288 1155 1343; x_wconf 87' lang='lat' dir='ltr'><strong>LXIII.</strong></span> 
     </span>
    </p>
   </div>
   <div class='ocr_carea' id='block_1_13' title="bbox 322 1375 1844 1454">
    <p class='ocr_par' dir='ltr' id='par_1_13' title="bbox 322 1375 1844 1454">
     <span class='ocr_line' id='line_1_14' title="bbox 322 1375 1844 1454; baseline -0.009 -13"><span class='ocrx_word' id='word_1_73' title='bbox 322 1383 670 1454; x_wconf 80' lang='lat' dir='ltr'><strong>Sexagesima</strong></span> <span class='ocrx_word' id='word_1_74' title='bbox 720 1382 880 1437; x_wconf 86' lang='lat' dir='ltr'><strong>tertia</strong></span> <span class='ocrx_word' id='word_1_75' title='bbox 941 1380 1160 1435; x_wconf 73' lang='lat' dir='ltr'><strong>haeresis</strong></span> <span class='ocrx_word' id='word_1_76' title='bbox 1218 1387 1301 1434; x_wconf 89' lang='lat' dir='ltr'><strong>est</strong></span> <span class='ocrx_word' id='word_1_77' title='bbox 1345 1375 1844 1448; x_wconf 66' lang='lat' dir='ltr'><strong>Passalorynchitac.</strong></span> 
     </span>
    </p>
   </div>
   <div class='ocr_carea' id='block_1_14' title="bbox 253 1471 1850 1547">
    <p class='ocr_par' dir='ltr' id='par_1_14' title="bbox 253 1471 1850 1547">
     <span class='ocr_line' id='line_1_15' title="bbox 253 1471 1850 1547; baseline -0.008 -14"><span class='ocrx_word' id='word_1_78' title='bbox 253 1478 450 1533; x_wconf 84' lang='lat' dir='ltr'><strong>Omnes</strong></span> <span class='ocrx_word' id='word_1_79' title='bbox 473 1476 692 1547; x_wconf 87' lang='lat' dir='ltr'><strong>quando</strong></span> <span class='ocrx_word' id='word_1_80' title='bbox 721 1475 790 1530; x_wconf 91' lang='lat' dir='ltr'><strong>ad</strong></span> <span class='ocrx_word' id='word_1_81' title='bbox 817 1474 1115 1530; x_wconf 86' lang='lat' dir='ltr'><strong>Ecclesiam</strong></span> <span class='ocrx_word' id='word_1_82' title='bbox 1139 1487 1288 1528; x_wconf 91' lang='lat' dir='ltr'><strong>suam</strong></span> <span class='ocrx_word' id='word_1_83' title='bbox 1314 1471 1669 1535; x_wconf 85' lang='lat' dir='ltr'><strong>conveniunt,</strong></span> <span class='ocrx_word' id='word_1_84' title='bbox 1701 1475 1850 1522; x_wconf 91' lang='lat' dir='ltr'><strong>tanto</strong></span> 
     </span>
    </p>
   </div>
   <div class='ocr_carea' id='block_1_15' title="bbox 255 1559 1886 1638">
    <p class='ocr_par' dir='ltr' id='par_1_15' title="bbox 255 1559 1886 1638">
     <span class='ocr_line' id='line_1_16' title="bbox 255 1559 1886 1638; baseline -0.007 -14"><span class='ocrx_word' id='word_1_85' title='bbox 255 1569 474 1638; x_wconf 83' lang='lat' dir='ltr'><strong>silentio</strong></span> <span class='ocrx_word' id='word_1_86' title='bbox 497 1567 712 1623; x_wconf 88' lang='lat' dir='ltr'><strong>student</strong></span> <span class='ocrx_word' id='word_1_87' title='bbox 731 1605 747 1631; x_wconf 94' lang='lat'><strong>,</strong></span> <span class='ocrx_word' id='word_1_88' title='bbox 793 1573 854 1620; x_wconf 94' lang='lat' dir='ltr'><strong>ut</strong></span> <span class='ocrx_word' id='word_1_89' title='bbox 893 1573 948 1620; x_wconf 91' lang='lat' dir='ltr'><strong>et</strong></span> <span class='ocrx_word' id='word_1_90' title='bbox 976 1564 1194 1619; x_wconf 89' lang='lat' dir='ltr'><strong>naribus</strong></span> <span class='ocrx_word' id='word_1_91' title='bbox 1232 1571 1286 1619; x_wconf 91' lang='lat' dir='ltr'><strong>et</strong></span> <span class='ocrx_word' id='word_1_92' title='bbox 1314 1563 1470 1618; x_wconf 91' lang='lat' dir='ltr'><strong>labiis</strong></span> <span class='ocrx_word' id='word_1_93' title='bbox 1492 1562 1600 1617; x_wconf 90' lang='lat' dir='ltr'><strong>suis</strong></span> <span class='ocrx_word' id='word_1_94' title='bbox 1626 1559 1850 1628; x_wconf 87' lang='lat' dir='ltr'><strong>digitum</strong></span> <span class='ocrx_word' id='word_1_95' title='bbox 1877 1595 1886 1606; x_wconf 83' lang='lat'><strong>.</strong></span> 
     </span>
    </p>
   </div>
   <div class='ocr_carea' id='block_1_16' title="bbox 257 1652 1850 1733">
    <p class='ocr_par' dir='ltr' id='par_1_16' title="bbox 257 1652 1850 1733">
     <span class='ocr_line' id='line_1_17' title="bbox 257 1652 1850 1733; baseline -0.006 -17"><span class='ocrx_word' id='word_1_96' title='bbox 257 1669 552 1733; x_wconf 90' lang='lat' dir='ltr'><strong>apponant,</strong></span> <span class='ocrx_word' id='word_1_97' title='bbox 595 1676 664 1715; x_wconf 91' lang='lat' dir='ltr'><strong>ne</strong></span> <span class='ocrx_word' id='word_1_98' title='bbox 702 1659 788 1714; x_wconf 92' lang='lat' dir='ltr'><strong>vel</strong></span> <span class='ocrx_word' id='word_1_99' title='bbox 828 1659 999 1729; x_wconf 87' lang='lat' dir='ltr'><strong>ipsam</strong></span> <span class='ocrx_word' id='word_1_100' title='bbox 1041 1657 1462 1713; x_wconf 84' lang='lat' dir='ltr'><strong>taciturnitatem</strong></span> <span class='ocrx_word' id='word_1_101' title='bbox 1501 1653 1717 1708; x_wconf 81' lang='lat' dir='ltr'><strong>flatibus</strong></span> <span class='ocrx_word' id='word_1_102' title='bbox 1755 1652 1850 1706; x_wconf 68' lang='lat' dir='ltr'><strong>lte-</strong></span> 
     </span>
    </p>
   </div>
   <div class='ocr_carea' id='block_1_17' title="bbox 257 1746 1849 1822">
    <p class='ocr_par' dir='ltr' id='par_1_17' title="bbox 257 1746 1849 1822">
     <span class='ocr_line' id='line_1_18' title="bbox 257 1746 1849 1822; baseline -0.008 -13"><span class='ocrx_word' id='word_1_103' title='bbox 257 1754 408 1809; x_wconf 90' lang='lat' dir='ltr'><strong>dant.</strong></span> <span class='ocrx_word' id='word_1_104' title='bbox 441 1752 550 1808; x_wconf 88' lang='lat' dir='ltr'><strong>Cur</strong></span> <span class='ocrx_word' id='word_1_105' title='bbox 577 1761 758 1807; x_wconf 89' lang='lat' dir='ltr'><strong>autem</strong></span> <span class='ocrx_word' id='word_1_106' title='bbox 785 1766 883 1821; x_wconf 89' lang='lat' dir='ltr'><strong>per</strong></span> <span class='ocrx_word' id='word_1_107' title='bbox 910 1751 1090 1822; x_wconf 90' lang='lat' dir='ltr'><strong>palum</strong></span> <span class='ocrx_word' id='word_1_108' title='bbox 1130 1749 1353 1818; x_wconf 87' lang='lat' dir='ltr'><strong>digitum</strong></span> <span class='ocrx_word' id='word_1_109' title='bbox 1400 1746 1702 1816; x_wconf 81' lang='lat' dir='ltr'><strong>signiﬁcare</strong></span> <span class='ocrx_word' id='word_1_110' title='bbox 1730 1760 1849 1798; x_wconf 87' lang='lat' dir='ltr'><strong>ma-</strong></span> 
     </span>
    </p>
   </div>
   <div class='ocr_carea' id='block_1_18' title="bbox 741 299 3078 411">
    <p class='ocr_par' dir='ltr' id='par_1_18' title="bbox 741 299 3078 411">
     <span class='ocr_line' id='line_1_19' title="bbox 741 299 3078 411; baseline -0.006 0"><span class='ocrx_word' id='word_1_111' title='bbox 741 347 1326 411; x_wconf 63' lang='lat' dir='ltr'><strong>PRA‘ZDESTINATUS</strong></span> <span class='ocrx_word' id='word_1_112' title='bbox 1362 346 1513 403; x_wconf 80' lang='lat' dir='ltr'><strong>SIVE</strong></span> <span class='ocrx_word' id='word_1_113' title='bbox 1551 343 2255 403; x_wconf 72' lang='lat' dir='ltr'><strong>PIUEDESTINATORUM</strong></span> <span class='ocrx_word' id='word_1_114' title='bbox 2296 299 2632 409; x_wconf 66' lang='lat' dir='ltr'><strong>IIIERESIS,</strong></span> <span class='ocrx_word' id='word_1_115' title='bbox 2676 343 2826 399; x_wconf 83' lang='lat' dir='ltr'><strong>ETC.</strong></span> <span class='ocrx_word' id='word_1_116' title='bbox 2869 342 2994 399; x_wconf 85' lang='lat' dir='ltr'><strong>LIB.</strong></span> <span class='ocrx_word' id='word_1_117' title='bbox 3037 344 3078 398; x_wconf 92' lang='lat' dir='ltr'><strong>I.</strong></span> 
     </span>
    </p>
   </div>
   <div class='ocr_carea' id='block_1_19' title="bbox 3440 311 3550 403">
    <p class='ocr_par' dir='ltr' id='par_1_19' title="bbox 3440 311 3550 403">
     <span class='ocr_line' id='line_1_20' title="bbox 3440 311 3550 403; baseline 0.027 -3"><span class='ocrx_word' id='word_1_118' title='bbox 3440 311 3550 403; x_wconf 74' lang='lat' dir='ltr'><strong>sio</strong></span> 
     </span>
    </p>
   </div>
   <div class='ocr_carea' id='block_1_20' title="bbox 1795 461 3540 534">
    <p class='ocr_par' dir='ltr' id='par_1_20' title="bbox 1795 461 3540 534">
     <span class='ocr_line' id='line_1_21' title="bbox 1795 461 3540 534; baseline -0.001 -13"><span class='ocrx_word' id='word_1_119' title='bbox 1795 519 1798 521; x_wconf 71' lang='grc'><strong>,</strong></span> <span class='ocrx_word' id='word_1_120' title='bbox 1867 467 1919 526; x_wconf 74' lang='grc' dir='ltr'>Α</span> <span class='ocrx_word' id='word_1_121' title='bbox 1943 462 2024 517; x_wconf 90' lang='lat' dir='ltr'><strong>Illi</strong></span> <span class='ocrx_word' id='word_1_122' title='bbox 2054 464 2154 518; x_wconf 89' lang='lat' dir='ltr'><strong>hoc</strong></span> <span class='ocrx_word' id='word_1_123' title='bbox 2185 462 2252 517; x_wconf 91' lang='lat' dir='ltr'><strong>ad</strong></span> <span class='ocrx_word' id='word_1_124' title='bbox 2281 462 2633 517; x_wconf 85' lang='lat' dir='ltr'><strong>substantiam</strong></span> <span class='ocrx_word' id='word_1_125' title='bbox 2663 478 2693 516; x_wconf 89' lang='lat' dir='ltr'><strong>a</strong></span> <span class='ocrx_word' id='word_1_126' title='bbox 2721 463 2902 534; x_wconf 89' lang='lat' dir='ltr'><strong>specie</strong></span> <span class='ocrx_word' id='word_1_127' title='bbox 2933 461 3338 529; x_wconf 86' lang='lat' dir='ltr'><strong>transferentes,</strong></span> <span class='ocrx_word' id='word_1_128' title='bbox 3366 463 3540 520; x_wconf 86' lang='lat' dir='ltr'><strong>malo-</strong></span> 
     </span>
    </p>
   </div>
   <div class='ocr_carea' id='block_1_21' title="bbox 1951 553 3540 610">
    <p class='ocr_par' dir='ltr' id='par_1_21' title="bbox 1951 553 3540 610">
     <span class='ocr_line' id='line_1_22' title="bbox 1951 553 3540 610; baseline 0.002 -3"><span class='ocrx_word' id='word_1_129' title='bbox 1951 568 2068 607; x_wconf 91' lang='lat' dir='ltr'><strong>rum</strong></span> <span class='ocrx_word' id='word_1_130' title='bbox 2099 553 2270 609; x_wconf 91' lang='lat' dir='ltr'><strong>Deum</strong></span> <span class='ocrx_word' id='word_1_131' title='bbox 2297 561 2545 608; x_wconf 89' lang='lat' dir='ltr'><strong>asserunt</strong></span> <span class='ocrx_word' id='word_1_132' title='bbox 2590 561 2911 608; x_wconf 89' lang='lat' dir='ltr'><strong>creatorem.</strong></span> <span class='ocrx_word' id='word_1_133' title='bbox 2954 553 3089 610; x_wconf 77' lang='lat' dir='ltr'><strong>CIIII]</strong></span> <span class='ocrx_word' id='word_1_134' title='bbox 3117 563 3364 610; x_wconf 87' lang='lat' dir='ltr'><strong>creatura</strong></span> <span class='ocrx_word' id='word_1_135' title='bbox 3394 555 3540 610; x_wconf 88' lang='lat' dir='ltr'><strong>nulla</strong></span> 
     </span>
    </p>
   </div>
   <div class='ocr_carea' id='block_1_22' title="bbox 1949 644 3539 717">
    <p class='ocr_par' dir='ltr' id='par_1_22' title="bbox 1949 644 3539 717">
     <span class='ocr_line' id='line_1_23' title="bbox 1949 644 3539 717; baseline 0 -16"><span class='ocrx_word' id='word_1_136' title='bbox 1949 644 2020 701; x_wconf 90' lang='lat' dir='ltr'><strong>sit</strong></span> <span class='ocrx_word' id='word_1_137' title='bbox 2047 647 2207 712; x_wconf 90' lang='lat' dir='ltr'><strong>mala,</strong></span> <span class='ocrx_word' id='word_1_138' title='bbox 2240 654 2483 716; x_wconf 84' lang='lat' dir='ltr'><strong>possunt,</strong></span> <span class='ocrx_word' id='word_1_139' title='bbox 2519 655 2575 702; x_wconf 91' lang='lat' dir='ltr'><strong>ut</strong></span> <span class='ocrx_word' id='word_1_140' title='bbox 2603 646 2779 712; x_wconf 90' lang='lat' dir='ltr'><strong>video,</strong></span> <span class='ocrx_word' id='word_1_141' title='bbox 2811 647 2982 702; x_wconf 87' lang='lat' dir='ltr'><strong>Deum</strong></span> <span class='ocrx_word' id='word_1_142' title='bbox 3009 647 3385 717; x_wconf 89' lang='lat' dir='ltr'><strong>blasphemare</strong></span> <span class='ocrx_word' id='word_1_143' title='bbox 3411 663 3539 717; x_wconf 80' lang='lat' dir='ltr'><strong>per-</strong></span> 
     </span>
    </p>
   </div>
   <div class='ocr_carea' id='block_1_23' title="bbox 1950 737 3586 808">
    <p class='ocr_par' dir='ltr' id='par_1_23' title="bbox 1950 737 3586 808">
     <span class='ocr_line' id='line_1_24' title="bbox 1950 737 3586 808; baseline 0.001 -17"><span class='ocrx_word' id='word_1_144' title='bbox 1950 753 2164 792; x_wconf 88' lang='lat' dir='ltr'><strong>versum</strong></span> <span class='ocrx_word' id='word_1_145' title='bbox 2188 737 2312 806; x_wconf 92' lang='lat' dir='ltr'><strong>quia</strong></span> <span class='ocrx_word' id='word_1_146' title='bbox 2334 737 2462 792; x_wconf 91' lang='lat' dir='ltr'><strong>dicit</strong></span> <span class='ocrx_word' id='word_1_147' title='bbox 2483 737 2548 792; x_wconf 90' lang='lat' dir='ltr'><strong>ad</strong></span> <span class='ocrx_word' id='word_1_148' title='bbox 2571 737 2828 808; x_wconf 85' lang='lat' dir='ltr'><strong>populum</strong></span> <span class='ocrx_word' id='word_1_149' title='bbox 2857 756 2869 790; x_wconf 92' lang='lat'>:</span> <span class='ocrx_word' id='word_1_150' title='bbox 2900 737 2959 796; x_wconf 84' lang='lat' dir='ltr'><strong>Si</strong></span> <span class='ocrx_word' id='word_1_151' title='bbox 2983 737 3365 793; x_wconf 82' lang='lat' dir='ltr'><strong>ambulaveritis</strong></span> <span class='ocrx_word' id='word_1_152' title='bbox 3395 740 3539 804; x_wconf 87' lang='lat' dir='ltr'><strong>recti,</strong></span> <span class='ocrx_word' id='word_1_153' title='bbox 3583 774 3586 778; x_wconf 89' lang='lat'><strong><em>-</em></strong></span> 
     </span>
    </p>
   </div>
   <div class='ocr_carea' id='block_1_24' title="bbox 1949 827 3543 901">
    <p class='ocr_par' dir='ltr' id='par_1_24' title="bbox 1949 827 3543 901">
     <span class='ocr_line' id='line_1_25' title="bbox 1949 827 3543 901; baseline 0 -19"><span class='ocrx_word' id='word_1_154' title='bbox 1949 838 1998 882; x_wconf 90' lang='lat' dir='ltr'><strong>et</strong></span> <span class='ocrx_word' id='word_1_155' title='bbox 2033 847 2125 901; x_wconf 86' lang='lat' dir='ltr'><strong>ego</strong></span> <span class='ocrx_word' id='word_1_156' title='bbox 2163 827 2422 883; x_wconf 78' lang='lat' dir='ltr'><strong>vobiscum</strong></span> <span class='ocrx_word' id='word_1_157' title='bbox 2448 827 2722 882; x_wconf 87' lang='lat' dir='ltr'><strong>ambulabo</strong></span> <span class='ocrx_word' id='word_1_158' title='bbox 2751 838 2946 893; x_wconf 83' lang='lat' dir='ltr'><strong>rectus;</strong></span> <span class='ocrx_word' id='word_1_159' title='bbox 2972 830 3019 882; x_wconf 96' lang='lat' dir='ltr'><strong>si</strong></span> <span class='ocrx_word' id='word_1_160' title='bbox 3047 837 3219 883; x_wconf 87' lang='lat' dir='ltr'><strong>autem</strong></span> <span class='ocrx_word' id='word_1_161' title='bbox 3247 829 3543 884; x_wconf 84' lang='lat' dir='ltr'><strong>ambulave-</strong></span> 
     </span>
    </p>
   </div>
   <div class='ocr_carea' id='block_1_25' title="bbox 1953 919 3540 992">
    <p class='ocr_par' dir='ltr' id='par_1_25' title="bbox 1953 919 3540 992">
     <span class='ocr_line' id='line_1_26' title="bbox 1953 919 3540 992; baseline 0.001 -18"><span class='ocrx_word' id='word_1_162' title='bbox 1953 922 2066 974; x_wconf 88' lang='lat' dir='ltr'><strong>ritis</strong></span> <span class='ocrx_word' id='word_1_163' title='bbox 2088 921 2331 990; x_wconf 83' lang='lat' dir='ltr'><strong>perversi,</strong></span> <span class='ocrx_word' id='word_1_164' title='bbox 2355 929 2404 992; x_wconf 81' lang='lat' dir='ltr'><strong>et</strong></span> <span class='ocrx_word' id='word_1_165' title='bbox 2422 936 2516 990; x_wconf 85' lang='lat' dir='ltr'><strong>ego</strong></span> <span class='ocrx_word' id='word_1_166' title='bbox 2537 919 2775 974; x_wconf 88' lang='lat' dir='ltr'><strong>incedam</strong></span> <span class='ocrx_word' id='word_1_167' title='bbox 2794 919 3052 975; x_wconf 82' lang='lat' dir='ltr'><strong>vobiscum</strong></span> <span class='ocrx_word' id='word_1_168' title='bbox 3068 937 3337 991; x_wconf 81' lang='lat' dir='ltr'><strong>perversus</strong></span> <span class='ocrx_word' id='word_1_169' title='bbox 3351 919 3540 992; x_wconf 80' lang='lat' dir='ltr'><strong>(Leuit.</strong></span> 
     </span>
    </p>
   </div>
   <div class='ocr_carea' id='block_1_26' title="bbox 1951 1010 2252 1079">
    <p class='ocr_par' dir='ltr' id='par_1_26' title="bbox 1951 1010 2252 1079">
     <span class='ocr_line' id='line_1_27' title="bbox 1951 1010 2252 1079; baseline -0.01 -13"><span class='ocrx_word' id='word_1_170' title='bbox 1951 1028 2105 1074; x_wconf 77' lang='lat' dir='ltr'><strong>xxvr,</strong></span> <span class='ocrx_word' id='word_1_171' title='bbox 2131 1010 2252 1079; x_wconf 73' lang='lat'><strong>23).</strong></span> 
     </span>
    </p>
   </div>
   <div class='ocr_carea' id='block_1_27' title="bbox 2635 1100 2833 1158">
    <p class='ocr_par' dir='ltr' id='par_1_27' title="bbox 2635 1100 2833 1158">
     <span class='ocr_line' id='line_1_28' title="bbox 2635 1100 2833 1158; baseline 0.01 -2"><span class='ocrx_word' id='word_1_172' title='bbox 2635 1100 2637 1102; x_wconf 67' lang='grc'><em>’</em></span> <span class='ocrx_word' id='word_1_173' title='bbox 2653 1101 2833 1158; x_wconf 84' lang='lat' dir='ltr'><strong>LXVI.</strong></span> 
     </span>
    </p>
   </div>
   <div class='ocr_carea' id='block_1_28' title="bbox 2026 1192 3543 1265">
    <p class='ocr_par' dir='ltr' id='par_1_28' title="bbox 2026 1192 3543 1265">
     <span class='ocr_line' id='line_1_29' title="bbox 2026 1192 3543 1265; baseline 0.004 -17"><span class='ocrx_word' id='word_1_174' title='bbox 2026 1192 2371 1262; x_wconf 81' lang='lat' dir='ltr'><strong>Sexagesima</strong></span> <span class='ocrx_word' id='word_1_175' title='bbox 2401 1201 2556 1249; x_wconf 90' lang='lat' dir='ltr'><strong>sexta</strong></span> <span class='ocrx_word' id='word_1_176' title='bbox 2580 1194 2801 1251; x_wconf 66' lang='lat' dir='ltr'><strong>haeresis</strong></span> <span class='ocrx_word' id='word_1_177' title='bbox 2821 1196 3195 1253; x_wconf 86' lang='lat' dir='ltr'><strong>Florianorum</strong></span> <span class='ocrx_word' id='word_1_178' title='bbox 3217 1213 3246 1252; x_wconf 92' lang='lat' dir='ltr'><strong>a</strong></span> <span class='ocrx_word' id='word_1_179' title='bbox 3268 1197 3543 1265; x_wconf 90' lang='lat' dir='ltr'><strong>Floriano,</strong></span> 
     </span>
    </p>
   </div>
   <div class='ocr_carea' id='block_1_29' title="bbox 1951 1271 3543 1356">
    <p class='ocr_par' dir='ltr' id='par_1_29' title="bbox 1951 1271 3543 1356">
     <span class='ocr_line' id='line_1_30' title="bbox 1951 1271 3543 1356; baseline 0.004 -18"><span class='ocrx_word' id='word_1_180' title='bbox 1951 1285 2043 1354; x_wconf 92' lang='lat' dir='ltr'><strong>qui</strong></span> <span class='ocrx_word' id='word_1_181' title='bbox 2071 1285 2202 1340; x_wconf 90' lang='lat' dir='ltr'><strong>dicit</strong></span> <span class='ocrx_word' id='word_1_182' title='bbox 2237 1285 2408 1339; x_wconf 88' lang='lat' dir='ltr'><strong>malas</strong></span> <span class='ocrx_word' id='word_1_183' title='bbox 2437 1285 2644 1341; x_wconf 90' lang='lat' dir='ltr'><strong>animas</strong></span> <span class='ocrx_word' id='word_1_184' title='bbox 2673 1275 2734 1342; x_wconf 87' lang='lat' dir='ltr'><strong>et</strong></span> <span class='ocrx_word' id='word_1_185' title='bbox 2756 1289 2927 1343; x_wconf 88' lang='lat' dir='ltr'><strong>bonas</strong></span> <span class='ocrx_word' id='word_1_186' title='bbox 2956 1305 2986 1342; x_wconf 93' lang='lat' dir='ltr'><strong>a</strong></span> <span class='ocrx_word' id='word_1_187' title='bbox 3017 1289 3129 1344; x_wconf 91' lang='lat' dir='ltr'><strong>Deo</strong></span> <span class='ocrx_word' id='word_1_188' title='bbox 3159 1271 3350 1344; x_wconf 79' lang='lat' dir='ltr'><strong>creari.</strong></span> <span class='ocrx_word' id='word_1_189' title='bbox 3393 1290 3543 1356; x_wconf 90' lang='lat' dir='ltr'><strong>Ideo,</strong></span> 
     </span>
    </p>
   </div>
   <div class='ocr_carea' id='block_1_30' title="bbox 1952 1365 3542 1445">
    <p class='ocr_par' dir='ltr' id='par_1_30' title="bbox 1952 1365 3542 1445">
     <span class='ocr_line' id='line_1_31' title="bbox 1952 1365 3542 1445; baseline 0.002 -17"><span class='ocrx_word' id='word_1_190' title='bbox 1952 1365 2145 1443; x_wconf 85' lang='lat' dir='ltr'><strong>inquit,</strong></span> <span class='ocrx_word' id='word_1_191' title='bbox 2177 1375 2267 1445; x_wconf 92' lang='lat' dir='ltr'><strong>qui</strong></span> <span class='ocrx_word' id='word_1_192' title='bbox 2296 1375 2548 1430; x_wconf 89' lang='lat' dir='ltr'><strong>malitiosi</strong></span> <span class='ocrx_word' id='word_1_193' title='bbox 2578 1384 2734 1441; x_wconf 91' lang='lat' dir='ltr'><strong>sunt,</strong></span> <span class='ocrx_word' id='word_1_194' title='bbox 2768 1377 2893 1430; x_wconf 89' lang='lat' dir='ltr'><strong>mali</strong></span> <span class='ocrx_word' id='word_1_195' title='bbox 2921 1385 3077 1443; x_wconf 87' lang='lat' dir='ltr'><strong>sunt,</strong></span> <span class='ocrx_word' id='word_1_196' title='bbox 3107 1389 3165 1433; x_wconf 88' lang='lat' dir='ltr'><strong>ct</strong></span> <span class='ocrx_word' id='word_1_197' title='bbox 3192 1394 3300 1432; x_wconf 91' lang='lat' dir='ltr'><strong>non</strong></span> <span class='ocrx_word' id='word_1_198' title='bbox 3327 1386 3542 1432; x_wconf 90' lang='lat' dir='ltr'><strong>mutan-</strong></span> 
     </span>
    </p>
   </div>
   <div class='ocr_carea' id='block_1_31' title="bbox 1953 1467 3542 1536">
    <p class='ocr_par' dir='ltr' id='par_1_31' title="bbox 1953 1467 3542 1536">
     <span class='ocr_line' id='line_1_32' title="bbox 1953 1467 3542 1536; baseline 0.001 -17"><span class='ocrx_word' id='word_1_199' title='bbox 1953 1474 2066 1531; x_wconf 87' lang='lat' dir='ltr'><strong>tur;</strong></span> <span class='ocrx_word' id='word_1_200' title='bbox 2097 1474 2153 1521; x_wconf 93' lang='lat' dir='ltr'><strong>et</strong></span> <span class='ocrx_word' id='word_1_201' title='bbox 2179 1467 2307 1521; x_wconf 88' lang='lat' dir='ltr'><strong>boni</strong></span> <span class='ocrx_word' id='word_1_202' title='bbox 2355 1467 2670 1536; x_wconf 86' lang='lat' dir='ltr'><strong>simpliciter</strong></span> <span class='ocrx_word' id='word_1_203' title='bbox 2716 1468 2960 1522; x_wconf 85' lang='lat' dir='ltr'><strong>viventes</strong></span> <span class='ocrx_word' id='word_1_204' title='bbox 3005 1484 3114 1522; x_wconf 90' lang='lat' dir='ltr'><strong>non</strong></span> <span class='ocrx_word' id='word_1_205' title='bbox 3163 1467 3216 1522; x_wconf 93' lang='lat' dir='ltr'><strong>in</strong></span> <span class='ocrx_word' id='word_1_206' title='bbox 3264 1468 3542 1522; x_wconf 87' lang='lat' dir='ltr'><strong>audaciam</strong></span> 
     </span>
    </p>
   </div>
   <div class='ocr_carea' id='block_1_32' title="bbox 1951 1557 3543 1628">
    <p class='ocr_par' dir='ltr' id='par_1_32' title="bbox 1951 1557 3543 1628">
     <span class='ocr_line' id='line_1_33' title="bbox 1951 1557 3543 1628; baseline 0.001 -17"><span class='ocrx_word' id='word_1_207' title='bbox 1951 1557 2257 1626; x_wconf 85' lang='lat' dir='ltr'><strong>iniquorum</strong></span> <span class='ocrx_word' id='word_1_208' title='bbox 2303 1558 2581 1613; x_wconf 87' lang='lat' dir='ltr'><strong>hominum</strong></span> <span class='ocrx_word' id='word_1_209' title='bbox 2625 1559 3032 1628; x_wconf 88' lang='lat' dir='ltr'><strong>protrahuntur.</strong></span> <span class='ocrx_word' id='word_1_210' title='bbox 3082 1559 3237 1624; x_wconf 87' lang='lat' dir='ltr'><strong>Quod</strong></span> <span class='ocrx_word' id='word_1_211' title='bbox 3283 1559 3482 1614; x_wconf 88' lang='lat' dir='ltr'><strong>dictum</strong></span> <span class='ocrx_word' id='word_1_212' title='bbox 3511 1576 3543 1613; x_wconf 89' lang='lat' dir='ltr'><strong>a</strong></span> 
     </span>
    </p>
   </div>
   <div class='ocr_carea' id='block_1_33' title="bbox 1954 1648 3545 1716">
    <p class='ocr_par' dir='ltr' id='par_1_33' title="bbox 1954 1648 3545 1716">
     <span class='ocr_line' id='line_1_34' title="bbox 1954 1648 3545 1716; baseline -0.001 -13"><span class='ocrx_word' id='word_1_213' title='bbox 1954 1648 2244 1706; x_wconf 89' lang='lat' dir='ltr'><strong>Theodoro</strong></span> <span class='ocrx_word' id='word_1_214' title='bbox 2271 1651 2510 1704; x_wconf 81' lang='lat' dir='ltr'><strong>breviter</strong></span> <span class='ocrx_word' id='word_1_215' title='bbox 2536 1650 2768 1706; x_wconf 85' lang='lat' dir='ltr'><strong>vincitur</strong></span> <span class='ocrx_word' id='word_1_216' title='bbox 2797 1652 2870 1704; x_wconf 90' lang='lat' dir='ltr'><strong>ita</strong></span> <span class='ocrx_word' id='word_1_217' title='bbox 2905 1667 2916 1702; x_wconf 89' lang='lat'>:</span> <span class='ocrx_word' id='word_1_218' title='bbox 2949 1649 3115 1705; x_wconf 73' lang='lat' dir='ltr'><strong>ludas</strong></span> <span class='ocrx_word' id='word_1_219' title='bbox 3143 1650 3315 1704; x_wconf 90' lang='lat' dir='ltr'><strong>bonus</strong></span> <span class='ocrx_word' id='word_1_220' title='bbox 3343 1649 3460 1716; x_wconf 86' lang='lat' dir='ltr'><strong>fuit,</strong></span> <span class='ocrx_word' id='word_1_221' title='bbox 3491 1657 3545 1704; x_wconf 89' lang='lat' dir='ltr'><strong>et</strong></span> 
     </span>
    </p>
   </div>
   <div class='ocr_carea' id='block_1_34' title="bbox 1951 1741 3546 1811">
    <p class='ocr_par' dir='ltr' id='par_1_34' title="bbox 1951 1741 3546 1811">
     <span class='ocr_line' id='line_1_35' title="bbox 1951 1741 3546 1811; baseline 0 -16"><span class='ocrx_word' id='word_1_222' title='bbox 1951 1741 2127 1797; x_wconf 89' lang='lat' dir='ltr'><strong>factus</strong></span> <span class='ocrx_word' id='word_1_223' title='bbox 2155 1750 2237 1796; x_wconf 88' lang='lat' dir='ltr'><strong>est</strong></span> <span class='ocrx_word' id='word_1_224' title='bbox 2266 1742 2512 1809; x_wconf 76' lang='lat' dir='ltr'><strong>traditur.</strong></span> <span class='ocrx_word' id='word_1_225' title='bbox 2539 1741 2661 1811; x_wconf 91' lang='lat' dir='ltr'><strong>Ipso</strong></span> <span class='ocrx_word' id='word_1_226' title='bbox 2690 1750 2935 1810; x_wconf 89' lang='lat' dir='ltr'><strong>tempore</strong></span> <span class='ocrx_word' id='word_1_227' title='bbox 2962 1757 3070 1809; x_wconf 91' lang='lat' dir='ltr'><strong>quo</strong></span> <span class='ocrx_word' id='word_1_228' title='bbox 3098 1741 3354 1796; x_wconf 83' lang='lat' dir='ltr'><strong>meretrix</strong></span> <span class='ocrx_word' id='word_1_229' title='bbox 3385 1741 3546 1811; x_wconf 87' lang='lat' dir='ltr'><strong>pessi-</strong></span> 
     </span>
    </p>
   </div>
   <div class='ocr_carea' id='block_1_35' title="bbox 254 1822 3543 1918">
    <p class='ocr_par' dir='ltr' id='par_1_35' title="bbox 254 1822 3543 1918">
     <span class='ocr_line' id='line_1_36' title="bbox 254 1822 3543 1918; baseline -0.003 -13"><span class='ocrx_word' id='word_1_230' title='bbox 254 1849 472 1912; x_wconf 88' lang='lat' dir='ltr'><strong>luerint,</strong></span> <span class='ocrx_word' id='word_1_231' title='bbox 500 1865 532 1902; x_wconf 90' lang='lat' dir='ltr'><strong>a</strong></span> <span class='ocrx_word' id='word_1_232' title='bbox 560 1848 754 1918; x_wconf 92' lang='lat' dir='ltr'><strong>quibus</strong></span> <span class='ocrx_word' id='word_1_233' title='bbox 782 1847 888 1903; x_wconf 91' lang='lat' dir='ltr'><strong>hoc</strong></span> <span class='ocrx_word' id='word_1_234' title='bbox 916 1860 1112 1902; x_wconf 90' lang='lat' dir='ltr'><strong>nomen</strong></span> <span class='ocrx_word' id='word_1_235' title='bbox 1141 1841 1502 1912; x_wconf 90' lang='lat' dir='ltr'><strong>compositum</strong></span> <span class='ocrx_word' id='word_1_236' title='bbox 1531 1847 1614 1894; x_wconf 92' lang='lat' dir='ltr'><strong>est</strong></span> <span class='ocrx_word' id='word_1_237' title='bbox 1642 1839 1844 1901; x_wconf 90' lang='lat' dir='ltr'><strong>nescio,</strong></span> <span class='ocrx_word' id='word_1_238' title='bbox 1876 1833 1926 1894; x_wconf 85' lang='grc' dir='ltr'><strong>Β</strong></span> <span class='ocrx_word' id='word_1_239' title='bbox 1953 1848 2040 1886; x_wconf 78' lang='lat' dir='ltr'><strong>ma</strong></span> <span class='ocrx_word' id='word_1_240' title='bbox 2069 1822 2323 1904; x_wconf 25' lang='lat' dir='ltr'><strong>lacrymis&#39;</strong></span> <span class='ocrx_word' id='word_1_241' title='bbox 2346 1832 2555 1900; x_wconf 68' lang='lat' dir='ltr'><strong>risabal</strong></span> <span class='ocrx_word' id='word_1_242' title='bbox 2581 1830 2747 1901; x_wconf 74' lang='lat' dir='ltr'><strong>pedes</strong></span> <span class='ocrx_word' id='word_1_243' title='bbox 2777 1832 2912 1900; x_wconf 65' lang='lat' dir='ltr'><strong>eius.</strong></span> <span class='ocrx_word' id='word_1_244' title='bbox 2943 1831 3364 1886; x_wconf 69' lang='lat' dir='ltr'><strong>misericordiam</strong></span> <span class='ocrx_word' id='word_1_245' title='bbox 3393 1846 3543 1901; x_wconf 74' lang='lat' dir='ltr'><strong>qua:-</strong></span> 
     </span>
    </p>
   </div>
   <div class='ocr_carea' id='block_1_36' title="bbox 254 1931 1846 2007">
    <p class='ocr_par' dir='ltr' id='par_1_36' title="bbox 254 1931 1846 2007">
     <span class='ocr_line' id='line_1_37' title="bbox 254 1931 1846 2007; baseline -0.007 -11"><span class='ocrx_word' id='word_1_246' title='bbox 254 1957 377 1997; x_wconf 90' lang='lat' dir='ltr'><strong>cum</strong></span> <span class='ocrx_word' id='word_1_247' title='bbox 393 1939 580 1995; x_wconf 64' lang='lat' dir='ltr'><strong>Graece</strong></span> <span class='ocrx_word' id='word_1_248' title='bbox 596 1941 861 2000; x_wconf 78' lang='grc' dir='ltr'><strong>πάσσαλος</strong></span> <span class='ocrx_word' id='word_1_249' title='bbox 881 1938 1034 2007; x_wconf 89' lang='lat' dir='ltr'><strong>palus</strong></span> <span class='ocrx_word' id='word_1_250' title='bbox 1048 1936 1275 2000; x_wconf 90' lang='lat' dir='ltr'><strong>dicatur,</strong></span> <span class='ocrx_word' id='word_1_251' title='bbox 1293 1942 1348 1989; x_wconf 90' lang='lat' dir='ltr'><strong>et</strong></span> <span class='ocrx_word' id='word_1_252' title='bbox 1362 1933 1560 2002; x_wconf 87' lang='lat' dir='ltr'><strong>digitus</strong></span> <span class='ocrx_word' id='word_1_253' title='bbox 1580 1931 1846 1993; x_wconf 79' lang='grc' dir='ltr'><strong>δάκτυλος,</strong></span> 
     </span>
    </p>
   </div>
   <div class='ocr_carea' id='block_1_37' title="bbox 253 2012 1854 2107">
    <p class='ocr_par' dir='ltr' id='par_1_37' title="bbox 253 2012 1854 2107">
     <span class='ocr_line' id='line_1_38' title="bbox 253 2012 1854 2107; baseline -0.007 -21"><span class='ocrx_word' id='word_1_254' title='bbox 253 2039 312 2086; x_wconf 91' lang='lat' dir='ltr'><strong>et</strong></span> <span class='ocrx_word' id='word_1_255' title='bbox 334 2031 542 2107; x_wconf 69' lang='grc' dir='ltr'>ῥύγχος</span> <span class='ocrx_word' id='word_1_256' title='bbox 573 2045 751 2084; x_wconf 92' lang='lat' dir='ltr'><strong>nasus.</strong></span> <span class='ocrx_word' id='word_1_257' title='bbox 783 2012 972 2082; x_wconf 70' lang='lat' dir='ltr'><strong>hlelius</strong></span> <span class='ocrx_word' id='word_1_258' title='bbox 993 2033 1172 2081; x_wconf 90' lang='lat' dir='ltr'><strong>autem</strong></span> <span class='ocrx_word' id='word_1_259' title='bbox 1201 2025 1333 2079; x_wconf 88' lang='lat' dir='ltr'><strong>mihi</strong></span> <span class='ocrx_word' id='word_1_260' title='bbox 1361 2023 1574 2079; x_wconf 90' lang='lat' dir='ltr'><strong>videtur</strong></span> <span class='ocrx_word' id='word_1_261' title='bbox 1593 2022 1638 2077; x_wconf 90' lang='lat' dir='ltr'><strong>si</strong></span> <span class='ocrx_word' id='word_1_262' title='bbox 1659 2022 1854 2091; x_wconf 86' lang='lat' dir='ltr'><strong>Dacty-</strong></span> 
     </span>
    </p>
   </div>
   <div class='ocr_carea' id='block_1_38' title="bbox 254 2113 1855 2194">
    <p class='ocr_par' dir='ltr' id='par_1_38' title="bbox 254 2113 1855 2194">
     <span class='ocr_line' id='line_1_39' title="bbox 254 2113 1855 2194; baseline -0.006 -18"><span class='ocrx_word' id='word_1_263' title='bbox 254 2120 579 2194; x_wconf 70' lang='lat' dir='ltr'><strong>lorynchita:</strong></span> <span class='ocrx_word' id='word_1_264' title='bbox 606 2120 927 2175; x_wconf 77' lang='lat' dir='ltr'><strong>vocitantur.</strong></span> <span class='ocrx_word' id='word_1_265' title='bbox 975 2117 1182 2172; x_wconf 90' lang='lat' dir='ltr'><strong>Invenit</strong></span> <span class='ocrx_word' id='word_1_266' title='bbox 1227 2116 1327 2170; x_wconf 90' lang='lat' dir='ltr'><strong>sibi</strong></span> <span class='ocrx_word' id='word_1_267' title='bbox 1375 2115 1620 2170; x_wconf 88' lang='lat' dir='ltr'><strong>diabolus</strong></span> <span class='ocrx_word' id='word_1_268' title='bbox 1650 2113 1704 2167; x_wconf 91' lang='lat' dir='ltr'><strong>in</strong></span> <span class='ocrx_word' id='word_1_269' title='bbox 1733 2113 1855 2181; x_wconf 87' lang='lat' dir='ltr'><strong>lege</strong></span> 
     </span>
    </p>
   </div>
   <div class='ocr_carea' id='block_1_39' title="bbox 253 2205 1852 2284">
    <p class='ocr_par' dir='ltr' id='par_1_39' title="bbox 253 2205 1852 2284">
     <span class='ocr_line' id='line_1_40' title="bbox 253 2205 1852 2284; baseline -0.007 -16"><span class='ocrx_word' id='word_1_270' title='bbox 253 2212 358 2268; x_wconf 85' lang='lat' dir='ltr'><strong>Dei</strong></span> <span class='ocrx_word' id='word_1_271' title='bbox 387 2229 526 2284; x_wconf 89' lang='lat' dir='ltr'><strong>quos</strong></span> <span class='ocrx_word' id='word_1_272' title='bbox 555 2212 757 2267; x_wconf 86' lang='lat' dir='ltr'><strong>faceret</strong></span> <span class='ocrx_word' id='word_1_273' title='bbox 783 2208 1142 2280; x_wconf 85' lang='lat' dir='ltr'><strong>Pythagoras,</strong></span> <span class='ocrx_word' id='word_1_274' title='bbox 1174 2206 1301 2261; x_wconf 91' lang='lat' dir='ltr'><strong>illud</strong></span> <span class='ocrx_word' id='word_1_275' title='bbox 1329 2207 1677 2261; x_wconf 88' lang='lat' dir='ltr'><strong>observantes</strong></span> <span class='ocrx_word' id='word_1_276' title='bbox 1705 2205 1852 2274; x_wconf 82' lang='lat' dir='ltr'><strong>Apo-</strong></span> 
     </span>
    </p>
   </div>
   <div class='ocr_carea' id='block_1_40' title="bbox 255 2295 1856 2372">
    <p class='ocr_par' dir='ltr' id='par_1_40' title="bbox 255 2295 1856 2372">
     <span class='ocr_line' id='line_1_41' title="bbox 255 2295 1856 2372; baseline -0.009 -12"><span class='ocrx_word' id='word_1_277' title='bbox 255 2305 386 2360; x_wconf 78' lang='lat' dir='ltr'><strong>stoli</strong></span> <span class='ocrx_word' id='word_1_278' title='bbox 423 2322 435 2356; x_wconf 90' lang='lat'>:</span> <span class='ocrx_word' id='word_1_279' title='bbox 473 2301 644 2356; x_wconf 84' lang='lat' dir='ltr'><strong>Orabo</strong></span> <span class='ocrx_word' id='word_1_280' title='bbox 673 2303 876 2372; x_wconf 79' lang='lat' dir='ltr'><strong>spiritu,</strong></span> <span class='ocrx_word' id='word_1_281' title='bbox 908 2298 1066 2354; x_wconf 81' lang='lat' dir='ltr'><strong>orabo</strong></span> <span class='ocrx_word' id='word_1_282' title='bbox 1098 2307 1147 2351; x_wconf 89' lang='lat' dir='ltr'><strong>et</strong></span> <span class='ocrx_word' id='word_1_283' title='bbox 1183 2305 1381 2361; x_wconf 84' lang='lat' dir='ltr'><strong>mente;</strong></span> <span class='ocrx_word' id='word_1_284' title='bbox 1408 2295 1856 2365; x_wconf 82' lang='lat' dir='ltr'><strong>psalmum&#39;dicam</strong></span> 
     </span>
    </p>
   </div>
   <div class='ocr_carea' id='block_1_41' title="bbox 257 2382 1871 2464">
    <p class='ocr_par' dir='ltr' id='par_1_41' title="bbox 257 2382 1871 2464">
     <span class='ocr_line' id='line_1_42' title="bbox 257 2382 1871 2464; baseline -0.006 -16"><span class='ocrx_word' id='word_1_285' title='bbox 257 2395 471 2464; x_wconf 81' lang='lat' dir='ltr'><strong>spiritu,</strong></span> <span class='ocrx_word' id='word_1_286' title='bbox 495 2393 747 2463; x_wconf 84' lang='lat' dir='ltr'><strong>psalmum</strong></span> <span class='ocrx_word' id='word_1_287' title='bbox 777 2391 946 2445; x_wconf 81' lang='lat' dir='ltr'><strong>dicam</strong></span> <span class='ocrx_word' id='word_1_288' title='bbox 973 2399 1021 2444; x_wconf 90' lang='lat' dir='ltr'><strong>et</strong></span> <span class='ocrx_word' id='word_1_289' title='bbox 1042 2399 1208 2443; x_wconf 82' lang='lat' dir='ltr'><strong>mente</strong></span> <span class='ocrx_word' id='word_1_290' title='bbox 1230 2387 1279 2459; x_wconf 96' lang='lat' dir='ltr'><strong>(I</strong></span> <span class='ocrx_word' id='word_1_291' title='bbox 1306 2386 1425 2441; x_wconf 85' lang='lat' dir='ltr'><strong>Cor.</strong></span> <span class='ocrx_word' id='word_1_292' title='bbox 1453 2404 1564 2460; x_wconf 78' lang='lat' dir='ltr'><strong>xiv,</strong></span> <span class='ocrx_word' id='word_1_293' title='bbox 1597 2385 1708 2457; x_wconf 77' lang='grc'><strong>15).</strong></span> <span class='ocrx_word' id='word_1_294' title='bbox 1745 2382 1871 2440; x_wconf 83' lang='grc' dir='ltr'><strong>ῡο- </strong></span> 
     </span>
    </p>
   </div>
   <div class='ocr_carea' id='block_1_42' title="bbox 258 2475 1857 2552">
    <p class='ocr_par' dir='ltr' id='par_1_42' title="bbox 258 2475 1857 2552">
     <span class='ocr_line' id='line_1_43' title="bbox 258 2475 1857 2552; baseline -0.008 -11"><span class='ocrx_word' id='word_1_295' title='bbox 258 2493 391 2541; x_wconf 81' lang='lat' dir='ltr'><strong>cent</strong></span> <span class='ocrx_word' id='word_1_296' title='bbox 431 2499 559 2552; x_wconf 88' lang='lat' dir='ltr'><strong>ergo</strong></span> <span class='ocrx_word' id='word_1_297' title='bbox 606 2483 851 2538; x_wconf 89' lang='lat' dir='ltr'><strong>homines</strong></span> <span class='ocrx_word' id='word_1_298' title='bbox 898 2481 1039 2536; x_wconf 91' lang='lat' dir='ltr'><strong>foras</strong></span> <span class='ocrx_word' id='word_1_299' title='bbox 1087 2480 1373 2535; x_wconf 86' lang='lat' dir='ltr'><strong>ecclesiam</strong></span> <span class='ocrx_word' id='word_1_300' title='bbox 1419 2479 1546 2549; x_wconf 92' lang='lat' dir='ltr'><strong>quid</strong></span> <span class='ocrx_word' id='word_1_301' title='bbox 1593 2477 1773 2532; x_wconf 90' lang='lat' dir='ltr'><strong>dicant</strong></span> <span class='ocrx_word' id='word_1_302' title='bbox 1801 2475 1857 2530; x_wconf 91' lang='lat' dir='ltr'><strong>in</strong></span> 
     </span>
    </p>
   </div>
   <div class='ocr_carea' id='block_1_43' title="bbox 258 2567 1858 2641">
    <p class='ocr_par' dir='ltr' id='par_1_43' title="bbox 258 2567 1858 2641">
     <span class='ocr_line' id='line_1_44' title="bbox 258 2567 1858 2641; baseline -0.007 -10"><span class='ocrx_word' id='word_1_303' title='bbox 258 2575 518 2631; x_wconf 89' lang='lat' dir='ltr'><strong>cordibus</strong></span> <span class='ocrx_word' id='word_1_304' title='bbox 542 2575 657 2629; x_wconf 90' lang='lat' dir='ltr'><strong>suis</strong></span> <span class='ocrx_word' id='word_1_305' title='bbox 685 2574 824 2628; x_wconf 90' lang='lat' dir='ltr'><strong>intra</strong></span> <span class='ocrx_word' id='word_1_306' title='bbox 853 2573 1140 2627; x_wconf 89' lang='lat' dir='ltr'><strong>ecclesiam</strong></span> <span class='ocrx_word' id='word_1_307' title='bbox 1171 2571 1355 2641; x_wconf 91' lang='lat' dir='ltr'><strong>positi.</strong></span> <span class='ocrx_word' id='word_1_308' title='bbox 1387 2569 1548 2635; x_wconf 85' lang='lat' dir='ltr'><strong>Quasi</strong></span> <span class='ocrx_word' id='word_1_309' title='bbox 1580 2585 1686 2623; x_wconf 89' lang='lat' dir='ltr'><strong>non</strong></span> <span class='ocrx_word' id='word_1_310' title='bbox 1717 2567 1858 2621; x_wconf 90' lang='lat' dir='ltr'><strong>idem</strong></span> 
     </span>
    </p>
   </div>
   <div class='ocr_carea' id='block_1_44' title="bbox 258 2660 1862 2738">
    <p class='ocr_par' dir='ltr' id='par_1_44' title="bbox 258 2660 1862 2738">
     <span class='ocr_line' id='line_1_45' title="bbox 258 2660 1862 2738; baseline -0.007 -16"><span class='ocrx_word' id='word_1_311' title='bbox 258 2667 556 2738; x_wconf 85' lang='lat' dir='ltr'><strong>Apostolus</strong></span> <span class='ocrx_word' id='word_1_312' title='bbox 584 2667 825 2720; x_wconf 89' lang='lat' dir='ltr'><strong>dixerit:</strong></span> <span class='ocrx_word' id='word_1_313' title='bbox 860 2664 1028 2719; x_wconf 84' lang='lat' dir='ltr'><strong>Corde</strong></span> <span class='ocrx_word' id='word_1_314' title='bbox 1075 2663 1302 2716; x_wconf 84' lang='lat' dir='ltr'><strong>creditur</strong></span> <span class='ocrx_word' id='word_1_315' title='bbox 1346 2660 1414 2713; x_wconf 91' lang='lat' dir='ltr'><strong>ad</strong></span> <span class='ocrx_word' id='word_1_316' title='bbox 1447 2661 1724 2730; x_wconf 81' lang='lat' dir='ltr'><strong>justitiam,</strong></span> <span class='ocrx_word' id='word_1_317' title='bbox 1774 2675 1862 2712; x_wconf 86' lang='lat' dir='ltr'><strong>ore</strong></span> 
     </span>
    </p>
   </div>
   <div class='ocr_carea' id='block_1_45' title="bbox 259 2749 1862 2828">
    <p class='ocr_par' dir='ltr' id='par_1_45' title="bbox 259 2749 1862 2828">
     <span class='ocr_line' id='line_1_46' title="bbox 259 2749 1862 2828; baseline -0.007 -15"><span class='ocrx_word' id='word_1_318' title='bbox 259 2770 436 2813; x_wconf 66' lang='lat' dir='ltr'><strong>mitem</strong></span> <span class='ocrx_word' id='word_1_319' title='bbox 465 2758 720 2828; x_wconf 79' lang='lat' dir='ltr'><strong>confessio</strong></span> <span class='ocrx_word' id='word_1_320' title='bbox 749 2757 811 2826; x_wconf 81' lang='lat' dir='ltr'><strong>ﬁt</strong></span> <span class='ocrx_word' id='word_1_321' title='bbox 836 2755 905 2808; x_wconf 87' lang='lat' dir='ltr'><strong>ad</strong></span> <span class='ocrx_word' id='word_1_322' title='bbox 932 2755 1150 2826; x_wconf 81' lang='lat' dir='ltr'><strong>salutem</strong></span> <span class='ocrx_word' id='word_1_323' title='bbox 1193 2751 1382 2823; x_wconf 89' lang='lat' dir='ltr'><strong>(Rom.</strong></span> <span class='ocrx_word' id='word_1_324' title='bbox 1408 2767 1474 2815; x_wconf 85' lang='lat' dir='ltr'><strong>x,</strong></span> <span class='ocrx_word' id='word_1_325' title='bbox 1499 2750 1620 2819; x_wconf 77' lang='grc'><strong>10).</strong></span> <span class='ocrx_word' id='word_1_326' title='bbox 1653 2749 1862 2802; x_wconf 86' lang='lat' dir='ltr'><strong>Vanum</strong></span> 
     </span>
    </p>
   </div>
   <div class='ocr_carea' id='block_1_46' title="bbox 258 2842 1865 2920">
    <p class='ocr_par' dir='ltr' id='par_1_46' title="bbox 258 2842 1865 2920">
     <span class='ocr_line' id='line_1_47' title="bbox 258 2842 1865 2920; baseline -0.006 -14"><span class='ocrx_word' id='word_1_327' title='bbox 258 2852 391 2906; x_wconf 89' lang='lat' dir='ltr'><strong>dico</strong></span> <span class='ocrx_word' id='word_1_328' title='bbox 421 2865 522 2920; x_wconf 88' lang='lat' dir='ltr'><strong>ego</strong></span> <span class='ocrx_word' id='word_1_329' title='bbox 552 2865 672 2904; x_wconf 87' lang='lat' dir='ltr'><strong>eum</strong></span> <span class='ocrx_word' id='word_1_330' title='bbox 702 2848 945 2902; x_wconf 88' lang='lat' dir='ltr'><strong>laborem</strong></span> <span class='ocrx_word' id='word_1_331' title='bbox 974 2845 1234 2915; x_wconf 88' lang='lat' dir='ltr'><strong>arripere,</strong></span> <span class='ocrx_word' id='word_1_332' title='bbox 1267 2844 1358 2912; x_wconf 91' lang='lat' dir='ltr'><strong>qui</strong></span> <span class='ocrx_word' id='word_1_333' title='bbox 1391 2842 1639 2912; x_wconf 83' lang='lat' dir='ltr'><strong>dignatur</strong></span> <span class='ocrx_word' id='word_1_334' title='bbox 1670 2842 1865 2896; x_wconf 88' lang='lat' dir='ltr'><strong>talibus</strong></span> 
     </span>
    </p>
   </div>
   <div class='ocr_carea' id='block_1_47' title="bbox 259 2934 1864 3012">
    <p class='ocr_par' dir='ltr' id='par_1_47' title="bbox 259 2934 1864 3012">
     <span class='ocr_line' id='line_1_48' title="bbox 259 2934 1864 3012; baseline -0.006 -14"><span class='ocrx_word' id='word_1_335' title='bbox 259 2940 648 3012; x_wconf 86' lang='lat' dir='ltr'><strong>respondendo</strong></span> <span class='ocrx_word' id='word_1_336' title='bbox 694 2947 906 3007; x_wconf 87' lang='lat' dir='ltr'><strong>tempus</strong></span> <span class='ocrx_word' id='word_1_337' title='bbox 951 2950 1291 3001; x_wconf 86' lang='lat' dir='ltr'><strong>consumere,</strong></span> <span class='ocrx_word' id='word_1_338' title='bbox 1335 2934 1643 3005; x_wconf 91' lang='lat' dir='ltr'><strong>justumque</strong></span> <span class='ocrx_word' id='word_1_339' title='bbox 1679 2934 1864 3004; x_wconf 87' lang='lat' dir='ltr'><strong>judico</strong></span> 
     </span>
    </p>
   </div>
   <div class='ocr_carea' id='block_1_48' title="bbox 262 3023 1239 3088">
    <p class='ocr_par' dir='ltr' id='par_1_48' title="bbox 262 3023 1239 3088">
     <span class='ocr_line' id='line_1_49' title="bbox 262 3023 1239 3088; baseline -0.008 -1"><span class='ocrx_word' id='word_1_340' title='bbox 262 3042 330 3088; x_wconf 86' lang='lat' dir='ltr'><strong>ut</strong></span> <span class='ocrx_word' id='word_1_341' title='bbox 359 3038 608 3087; x_wconf 86' lang='lat' dir='ltr'><strong>tacentes</strong></span> <span class='ocrx_word' id='word_1_342' title='bbox 636 3028 864 3085; x_wconf 87' lang='lat' dir='ltr'><strong>tacendo</strong></span> <span class='ocrx_word' id='word_1_343' title='bbox 895 3023 1187 3082; x_wconf 78' lang='lat' dir='ltr'><strong>vincamus.</strong></span> <span class='ocrx_word' id='word_1_344' title='bbox 1236 3034 1239 3036; x_wconf 78' lang='lat'><strong><em>‘</em></strong></span> 
     </span>
    </p>
   </div>
   <div class='ocr_carea' id='block_1_49' title="bbox 981 3117 1217 3172">
    <p class='ocr_par' dir='ltr' id='par_1_49' title="bbox 981 3117 1217 3172">
     <span class='ocr_line' id='line_1_50' title="bbox 981 3117 1217 3172; baseline 0.008 -1"><span class='ocrx_word' id='word_1_345' title='bbox 981 3117 1164 3172; x_wconf 84' lang='lat' dir='ltr'><strong>LXIV.</strong></span> <span class='ocrx_word' id='word_1_346' title='bbox 1211 3144 1217 3147; x_wconf 88' lang='lat'><em>-</em></span> 
     </span>
    </p>
   </div>
   <div class='ocr_carea' id='block_1_50' title="bbox 1956 1923 3546 1993">
    <p class='ocr_par' dir='ltr' id='par_1_50' title="bbox 1956 1923 3546 1993">
     <span class='ocr_line' id='line_1_51' title="bbox 1956 1923 3546 1993; baseline -0.001 -13"><span class='ocrx_word' id='word_1_347' title='bbox 1956 1939 2102 1990; x_wconf 89' lang='lat' dir='ltr'><strong>rens,</strong></span> <span class='ocrx_word' id='word_1_348' title='bbox 2133 1924 2178 1979; x_wconf 91' lang='lat' dir='ltr'><strong>si</strong></span> <span class='ocrx_word' id='word_1_349' title='bbox 2207 1924 2442 1978; x_wconf 89' lang='lat' dir='ltr'><strong>animam</strong></span> <span class='ocrx_word' id='word_1_350' title='bbox 2469 1923 2668 1978; x_wconf 87' lang='lat' dir='ltr'><strong>malam</strong></span> <span class='ocrx_word' id='word_1_351' title='bbox 2697 1923 2885 1978; x_wconf 90' lang='lat' dir='ltr'><strong>habuit</strong></span> <span class='ocrx_word' id='word_1_352' title='bbox 2911 1924 3123 1989; x_wconf 90' lang='lat' dir='ltr'><strong>mulier,</strong></span> <span class='ocrx_word' id='word_1_353' title='bbox 3155 1940 3323 1993; x_wconf 90' lang='lat' dir='ltr'><strong>quare</strong></span> <span class='ocrx_word' id='word_1_354' title='bbox 3350 1925 3405 1979; x_wconf 92' lang='lat' dir='ltr'><strong>in</strong></span> <span class='ocrx_word' id='word_1_355' title='bbox 3431 1941 3546 1979; x_wconf 86' lang='lat' dir='ltr'><strong>me-</strong></span> 
     </span>
    </p>
   </div>
   <div class='ocr_carea' id='block_1_51' title="bbox 1956 2015 3564 2086">
    <p class='ocr_par' dir='ltr' id='par_1_51' title="bbox 1956 2015 3564 2086">
     <span class='ocr_line' id='line_1_52' title="bbox 1956 2015 3564 2086; baseline 0 -16"><span class='ocrx_word' id='word_1_356' title='bbox 1956 2016 2175 2071; x_wconf 90' lang='lat' dir='ltr'><strong>retricio</strong></span> <span class='ocrx_word' id='word_1_357' title='bbox 2201 2016 2424 2070; x_wconf 90' lang='lat' dir='ltr'><strong>crimine</strong></span> <span class='ocrx_word' id='word_1_358' title='bbox 2453 2031 2560 2070; x_wconf 90' lang='lat' dir='ltr'><strong>non</strong></span> <span class='ocrx_word' id='word_1_359' title='bbox 2590 2031 2656 2070; x_wconf 88' lang='lat' dir='ltr'><strong>eo</strong></span> <span class='ocrx_word' id='word_1_360' title='bbox 2684 2024 2928 2086; x_wconf 87' lang='lat' dir='ltr'><strong>tempore</strong></span> <span class='ocrx_word' id='word_1_361' title='bbox 2949 2015 3296 2086; x_wconf 87' lang='lat' dir='ltr'><strong>perduravit?</strong></span> <span class='ocrx_word' id='word_1_362' title='bbox 3323 2015 3564 2086; x_wconf 84' lang='lat' dir='ltr'><strong>Constat</strong></span> 
     </span>
    </p>
   </div>
   <div class='ocr_carea' id='block_1_52' title="bbox 1959 2108 3546 2180">
    <p class='ocr_par' dir='ltr' id='par_1_52' title="bbox 1959 2108 3546 2180">
     <span class='ocr_line' id='line_1_53' title="bbox 1959 2108 3546 2180; baseline 0.001 -18"><span class='ocrx_word' id='word_1_363' title='bbox 1959 2123 2089 2177; x_wconf 92' lang='lat' dir='ltr'><strong>ergo</strong></span> <span class='ocrx_word' id='word_1_364' title='bbox 2119 2109 2324 2164; x_wconf 89' lang='lat' dir='ltr'><strong>animas</strong></span> <span class='ocrx_word' id='word_1_365' title='bbox 2349 2109 2522 2164; x_wconf 89' lang='lat' dir='ltr'><strong>bonas</strong></span> <span class='ocrx_word' id='word_1_366' title='bbox 2549 2125 2580 2163; x_wconf 93' lang='lat' dir='ltr'><strong>a</strong></span> <span class='ocrx_word' id='word_1_367' title='bbox 2608 2109 2721 2164; x_wconf 91' lang='lat' dir='ltr'><strong>Deo</strong></span> <span class='ocrx_word' id='word_1_368' title='bbox 2749 2108 2990 2164; x_wconf 90' lang='lat' dir='ltr'><strong>conditas</strong></span> <span class='ocrx_word' id='word_1_369' title='bbox 3014 2128 3027 2161; x_wconf 88' lang='lat'><strong>:</strong></span> <span class='ocrx_word' id='word_1_370' title='bbox 3051 2109 3246 2180; x_wconf 84' lang='lat' dir='ltr'><strong>quibus</strong></span> <span class='ocrx_word' id='word_1_371' title='bbox 3267 2126 3364 2180; x_wconf 91' lang='lat' dir='ltr'><strong>per</strong></span> <span class='ocrx_word' id='word_1_372' title='bbox 3391 2119 3546 2164; x_wconf 88' lang='lat' dir='ltr'><strong>natu-</strong></span> 
     </span>
    </p>
   </div>
   <div class='ocr_carea' id='block_1_53' title="bbox 1957 2201 3546 2268">
    <p class='ocr_par' dir='ltr' id='par_1_53' title="bbox 1957 2201 3546 2268">
     <span class='ocr_line' id='line_1_54' title="bbox 1957 2201 3546 2268; baseline -0.001 -11"><span class='ocrx_word' id='word_1_373' title='bbox 1957 2219 2071 2257; x_wconf 87' lang='lat' dir='ltr'><strong>ram</strong></span> <span class='ocrx_word' id='word_1_374' title='bbox 2102 2205 2205 2258; x_wconf 88' lang='lat' dir='ltr'><strong>hoc</strong></span> <span class='ocrx_word' id='word_1_375' title='bbox 2233 2203 2411 2265; x_wconf 89' lang='lat' dir='ltr'><strong>inesse</strong></span> <span class='ocrx_word' id='word_1_376' title='bbox 2439 2211 2653 2257; x_wconf 88' lang='lat' dir='ltr'><strong>creator</strong></span> <span class='ocrx_word' id='word_1_377' title='bbox 2681 2202 2932 2267; x_wconf 90' lang='lat' dir='ltr'><strong>indulsit,</strong></span> <span class='ocrx_word' id='word_1_378' title='bbox 2974 2210 3034 2256; x_wconf 92' lang='lat' dir='ltr'><strong>ut</strong></span> <span class='ocrx_word' id='word_1_379' title='bbox 3074 2218 3197 2257; x_wconf 89' lang='lat' dir='ltr'><strong>cum</strong></span> <span class='ocrx_word' id='word_1_380' title='bbox 3237 2202 3344 2256; x_wconf 90' lang='lat' dir='ltr'><strong>sint</strong></span> <span class='ocrx_word' id='word_1_381' title='bbox 3370 2201 3546 2268; x_wconf 73' lang='lat' dir='ltr'><strong>bonaa,</strong></span> 
     </span>
    </p>
   </div>
   <div class='ocr_carea' id='block_1_54' title="bbox 1913 2295 3548 2367">
    <p class='ocr_par' dir='ltr' id='par_1_54' title="bbox 1913 2295 3548 2367">
     <span class='ocr_line' id='line_1_55' title="bbox 1913 2295 3548 2367; baseline 0 -17"><span class='ocrx_word' id='word_1_382' title='bbox 1913 2298 1918 2302; x_wconf 83' lang='grc'><em>’</em></span> <span class='ocrx_word' id='word_1_383' title='bbox 1956 2312 2066 2350; x_wconf 92' lang='lat' dir='ltr'><strong>non</strong></span> <span class='ocrx_word' id='word_1_384' title='bbox 2096 2296 2271 2350; x_wconf 89' lang='lat' dir='ltr'><strong>solum</strong></span> <span class='ocrx_word' id='word_1_385' title='bbox 2301 2303 2423 2350; x_wconf 90' lang='lat' dir='ltr'><strong>actu</strong></span> <span class='ocrx_word' id='word_1_386' title='bbox 2453 2311 2551 2350; x_wconf 92' lang='lat' dir='ltr'><strong>suo</strong></span> <span class='ocrx_word' id='word_1_387' title='bbox 2577 2296 2948 2361; x_wconf 89' lang='lat' dir='ltr'><strong>meliorentur,</strong></span> <span class='ocrx_word' id='word_1_388' title='bbox 2996 2295 3091 2351; x_wconf 92' lang='lat' dir='ltr'><strong>sed</strong></span> <span class='ocrx_word' id='word_1_389' title='bbox 3139 2297 3303 2351; x_wconf 89' lang='lat' dir='ltr'><strong>etiam</strong></span> <span class='ocrx_word' id='word_1_390' title='bbox 3350 2297 3402 2351; x_wconf 92' lang='lat' dir='ltr'><strong>in</strong></span> <span class='ocrx_word' id='word_1_391' title='bbox 3433 2297 3548 2367; x_wconf 87' lang='lat' dir='ltr'><strong>ipsa</strong></span> 
     </span>
    </p>
   </div>
   <div class='ocr_carea' id='block_1_55' title="bbox 1958 2381 3550 2459">
    <p class='ocr_par' dir='ltr' id='par_1_55' title="bbox 1958 2381 3550 2459">
     <span class='ocr_line' id='line_1_56' title="bbox 1958 2381 3550 2459; baseline 0.001 -17"><span class='ocrx_word' id='word_1_392' title='bbox 1958 2387 2169 2458; x_wconf 90' lang='lat' dir='ltr'><strong>possint</strong></span> <span class='ocrx_word' id='word_1_393' title='bbox 2197 2386 2532 2454; x_wconf 90' lang='lat' dir='ltr'><strong>malignitate</strong></span> <span class='ocrx_word' id='word_1_394' title='bbox 2560 2387 2822 2450; x_wconf 88' lang='lat' dir='ltr'><strong>converti,</strong></span> <span class='ocrx_word' id='word_1_395' title='bbox 2854 2381 2983 2441; x_wconf 88' lang='lat' dir='ltr'><strong>dum</strong></span> <span class='ocrx_word' id='word_1_396' title='bbox 3010 2387 3139 2443; x_wconf 93' lang='lat' dir='ltr'><strong>illud</strong></span> <span class='ocrx_word' id='word_1_397' title='bbox 3164 2387 3440 2459; x_wconf 89' lang='lat' dir='ltr'><strong>diligentia</strong></span> <span class='ocrx_word' id='word_1_398' title='bbox 3465 2387 3550 2443; x_wconf 87' lang='lat' dir='ltr'><strong>in-</strong></span> 
     </span>
    </p>
   </div>
   <div class='ocr_carea' id='block_1_56' title="bbox 1958 2477 2887 2546">
    <p class='ocr_par' dir='ltr' id='par_1_56' title="bbox 1958 2477 2887 2546">
     <span class='ocr_line' id='line_1_57' title="bbox 1958 2477 2887 2546; baseline 0 -15"><span class='ocrx_word' id='word_1_399' title='bbox 1958 2479 2124 2544; x_wconf 86' lang='lat' dir='ltr'><strong>venit,</strong></span> <span class='ocrx_word' id='word_1_400' title='bbox 2157 2478 2262 2532; x_wconf 90' lang='lat' dir='ltr'><strong>hoc</strong></span> <span class='ocrx_word' id='word_1_401' title='bbox 2290 2477 2514 2532; x_wconf 91' lang='lat' dir='ltr'><strong>incurrit</strong></span> <span class='ocrx_word' id='word_1_402' title='bbox 2544 2477 2887 2546; x_wconf 87' lang='lat' dir='ltr'><strong>negligentia.</strong></span> 
     </span>
    </p>
   </div>
   <div class='ocr_carea' id='block_1_57' title="bbox 2647 2568 3562 2644">
    <p class='ocr_par' dir='ltr' id='par_1_57' title="bbox 2647 2568 3562 2644">
     <span class='ocr_line' id='line_1_58' title="bbox 2647 2568 3562 2644; baseline -0.002 -21"><span class='ocrx_word' id='word_1_403' title='bbox 2647 2568 2852 2624; x_wconf 85' lang='lat' dir='ltr'><strong>vau.</strong></span> <span class='ocrx_word' id='word_1_404' title='bbox 3558 2639 3562 2644; x_wconf 23' lang='grc' dir='ltr'><strong><em>ι</em></strong></span> 
     </span>
    </p>
   </div>
   <div class='ocr_carea' id='block_1_58' title="bbox 2033 2661 3544 2731">
    <p class='ocr_par' dir='ltr' id='par_1_58' title="bbox 2033 2661 3544 2731">
     <span class='ocr_line' id='line_1_59' title="bbox 2033 2661 3544 2731; baseline 0 -14"><span class='ocrx_word' id='word_1_405' title='bbox 2033 2661 2378 2729; x_wconf 85' lang='lat' dir='ltr'><strong>Sexagesima</strong></span> <span class='ocrx_word' id='word_1_406' title='bbox 2399 2669 2454 2716; x_wconf 92' lang='lat' dir='ltr'><strong>et</strong></span> <span class='ocrx_word' id='word_1_407' title='bbox 2474 2661 2701 2731; x_wconf 89' lang='lat' dir='ltr'><strong>septima</strong></span> <span class='ocrx_word' id='word_1_408' title='bbox 2720 2663 2940 2717; x_wconf 79' lang='lat' dir='ltr'><strong>haeresis</strong></span> <span class='ocrx_word' id='word_1_409' title='bbox 2969 2671 3053 2718; x_wconf 88' lang='lat' dir='ltr'><strong>est</strong></span> <span class='ocrx_word' id='word_1_410' title='bbox 3071 2661 3544 2727; x_wconf 88' lang='lat' dir='ltr'><strong>Satannianorum,</strong></span> 
     </span>
    </p>
   </div>
   <div class='ocr_carea' id='block_1_59' title="bbox 1962 2751 3545 2822">
    <p class='ocr_par' dir='ltr' id='par_1_59' title="bbox 1962 2751 3545 2822">
     <span class='ocr_line' id='line_1_60' title="bbox 1962 2751 3545 2822; baseline 0.002 -14"><span class='ocrx_word' id='word_1_411' title='bbox 1962 2770 1994 2808; x_wconf 92' lang='lat' dir='ltr'><strong>a</strong></span> <span class='ocrx_word' id='word_1_412' title='bbox 2025 2753 2306 2809; x_wconf 88' lang='lat' dir='ltr'><strong>Satannio.</strong></span> <span class='ocrx_word' id='word_1_413' title='bbox 2331 2751 2399 2806; x_wconf 81' lang='lat' dir='ltr'><strong>Ili</strong></span> <span class='ocrx_word' id='word_1_414' title='bbox 2428 2753 2641 2820; x_wconf 91' lang='lat' dir='ltr'><strong>dicunt,</strong></span> <span class='ocrx_word' id='word_1_415' title='bbox 2673 2761 2800 2822; x_wconf 92' lang='lat' dir='ltr'><strong>post</strong></span> <span class='ocrx_word' id='word_1_416' title='bbox 2829 2755 3275 2810; x_wconf 87' lang='lat' dir='ltr'><strong>resurrectionem</strong></span> <span class='ocrx_word' id='word_1_417' title='bbox 3304 2763 3545 2811; x_wconf 88' lang='lat' dir='ltr'><strong>mortuo-</strong></span> 
     </span>
    </p>
   </div>
   <div class='ocr_carea' id='block_1_60' title="bbox 1960 2844 3552 2913">
    <p class='ocr_par' dir='ltr' id='par_1_60' title="bbox 1960 2844 3552 2913">
     <span class='ocr_line' id='line_1_61' title="bbox 1960 2844 3552 2913; baseline 0.003 -14"><span class='ocrx_word' id='word_1_418' title='bbox 1960 2861 2114 2910; x_wconf 90' lang='lat' dir='ltr'><strong>rum,</strong></span> <span class='ocrx_word' id='word_1_419' title='bbox 2158 2845 2212 2899; x_wconf 92' lang='lat' dir='ltr'><strong>in</strong></span> <span class='ocrx_word' id='word_1_420' title='bbox 2261 2844 2453 2899; x_wconf 90' lang='lat' dir='ltr'><strong>eodem</strong></span> <span class='ocrx_word' id='word_1_421' title='bbox 2482 2851 2625 2898; x_wconf 91' lang='lat' dir='ltr'><strong>statu</strong></span> <span class='ocrx_word' id='word_1_422' title='bbox 2666 2845 2718 2898; x_wconf 93' lang='lat' dir='ltr'><strong>in</strong></span> <span class='ocrx_word' id='word_1_423' title='bbox 2747 2859 2855 2913; x_wconf 93' lang='lat' dir='ltr'><strong>quo</strong></span> <span class='ocrx_word' id='word_1_424' title='bbox 2893 2861 3035 2900; x_wconf 91' lang='lat' dir='ltr'><strong>nunc</strong></span> <span class='ocrx_word' id='word_1_425' title='bbox 3072 2861 3256 2900; x_wconf 89' lang='lat' dir='ltr'><strong>sumus</strong></span> <span class='ocrx_word' id='word_1_426' title='bbox 3295 2861 3405 2902; x_wconf 90' lang='lat' dir='ltr'><strong>non</strong></span> <span class='ocrx_word' id='word_1_427' title='bbox 3433 2862 3552 2902; x_wconf 81' lang='lat' dir='ltr'><strong>esse</strong></span> 
     </span>
    </p>
   </div>
   <div class='ocr_carea' id='block_1_61' title="bbox 1963 2936 3551 3005">
    <p class='ocr_par' dir='ltr' id='par_1_61' title="bbox 1963 2936 3551 3005">
     <span class='ocr_line' id='line_1_62' title="bbox 1963 2936 3551 3005; baseline 0.003 -17"><span class='ocrx_word' id='word_1_428' title='bbox 1963 2951 2279 3003; x_wconf 89' lang='lat' dir='ltr'><strong>mansuros;</strong></span> <span class='ocrx_word' id='word_1_429' title='bbox 2311 2951 2487 3005; x_wconf 91' lang='lat' dir='ltr'><strong>neque</strong></span> <span class='ocrx_word' id='word_1_430' title='bbox 2516 2936 2588 2989; x_wconf 89' lang='lat' dir='ltr'><strong>ita</strong></span> <span class='ocrx_word' id='word_1_431' title='bbox 2618 2951 2738 2992; x_wconf 90' lang='lat' dir='ltr'><strong>esse</strong></span> <span class='ocrx_word' id='word_1_432' title='bbox 2766 2938 3084 3005; x_wconf 88' lang='lat' dir='ltr'><strong>mutandos,</strong></span> <span class='ocrx_word' id='word_1_433' title='bbox 3132 2948 3191 2994; x_wconf 95' lang='lat' dir='ltr'><strong>ut</strong></span> <span class='ocrx_word' id='word_1_434' title='bbox 3241 2939 3311 2994; x_wconf 92' lang='lat' dir='ltr'><strong>sit</strong></span> <span class='ocrx_word' id='word_1_435' title='bbox 3356 2940 3551 2997; x_wconf 69' lang='lat' dir='ltr'><strong>caelum</strong></span> 
     </span>
    </p>
   </div>
   <div class='ocr_carea' id='block_1_62' title="bbox 1965 3027 3556 3105">
    <p class='ocr_par' dir='ltr' id='par_1_62' title="bbox 1965 3027 3556 3105">
     <span class='ocr_line' id='line_1_63' title="bbox 1965 3027 3556 3105; baseline 0.003 -24"><span class='ocrx_word' id='word_1_436' title='bbox 1965 3043 2164 3083; x_wconf 88' lang='lat' dir='ltr'><strong>novum</strong></span> <span class='ocrx_word' id='word_1_437' title='bbox 2191 3035 2247 3083; x_wconf 90' lang='lat' dir='ltr'><strong>et</strong></span> <span class='ocrx_word' id='word_1_438' title='bbox 2276 3035 2418 3082; x_wconf 89' lang='lat' dir='ltr'><strong>terra</strong></span> <span class='ocrx_word' id='word_1_439' title='bbox 2447 3043 2607 3094; x_wconf 89' lang='lat' dir='ltr'><strong>nova,</strong></span> <span class='ocrx_word' id='word_1_440' title='bbox 2631 3027 2769 3083; x_wconf 90' lang='lat' dir='ltr'><strong>sicut</strong></span> <span class='ocrx_word' id='word_1_441' title='bbox 2786 3038 2971 3105; x_wconf 83' lang='lat' dir='ltr'><strong>sancta</strong></span> <span class='ocrx_word' id='word_1_442' title='bbox 2991 3029 3264 3101; x_wconf 89' lang='lat' dir='ltr'><strong>Scriptura</strong></span> <span class='ocrx_word' id='word_1_443' title='bbox 3291 3031 3556 3102; x_wconf 90' lang='lat' dir='ltr'><strong>promittit</strong></span> 
     </span>
    </p>
   </div>
   <div class='ocr_carea' id='block_1_63' title="bbox 1969 3116 3556 3191">
    <p class='ocr_par' dir='ltr' id='par_1_63' title="bbox 1969 3116 3556 3191">
     <span class='ocr_line' id='line_1_64' title="bbox 1969 3116 3556 3191; baseline 0.008 -21"><span class='ocrx_word' id='word_1_444' title='bbox 1969 3116 2044 3188; x_wconf 90' lang='lat' dir='ltr'><strong>(ll</strong></span> <span class='ocrx_word' id='word_1_445' title='bbox 2074 3117 2218 3172; x_wconf 87' lang='lat' dir='ltr'><strong>Petr.</strong></span> <span class='ocrx_word' id='word_1_446' title='bbox 2245 3135 2330 3183; x_wconf 88' lang='grc' dir='ltr'>ιιι,</span> <span class='ocrx_word' id='word_1_447' title='bbox 2356 3117 2480 3188; x_wconf 79' lang='grc'><strong>15).</strong></span> <span class='ocrx_word' id='word_1_448' title='bbox 2512 3117 2712 3174; x_wconf 88' lang='lat' dir='ltr'><strong>Contra</strong></span> <span class='ocrx_word' id='word_1_449' title='bbox 2758 3119 2858 3176; x_wconf 91' lang='lat' dir='ltr'><strong>hos</strong></span> <span class='ocrx_word' id='word_1_450' title='bbox 2907 3121 3183 3191; x_wconf 91' lang='lat' dir='ltr'><strong>utriusque</strong></span> <span class='ocrx_word' id='word_1_451' title='bbox 3225 3121 3556 3182; x_wconf 83' lang='lat' dir='ltr'><strong>Testamenti</strong></span> 
     </span>
    </p>
   </div>
   <div class='ocr_carea' id='block_1_64' title="bbox 325 3201 2485 3286">
    <p class='ocr_par' dir='ltr' id='par_1_64' title="bbox 325 3201 2485 3286">
     <span class='ocr_line' id='line_1_65' title="bbox 325 3201 2485 3286; baseline -0.002 -17"><span class='ocrx_word' id='word_1_452' title='bbox 325 3213 694 3282; x_wconf 75' lang='lat' dir='ltr'><strong>Sexagesima</strong></span> <span class='ocrx_word' id='word_1_453' title='bbox 722 3219 913 3286; x_wconf 86' lang='lat' dir='ltr'><strong>quarta</strong></span> <span class='ocrx_word' id='word_1_454' title='bbox 961 3209 1179 3264; x_wconf 63' lang='lat' dir='ltr'><strong>haeresis</strong></span> <span class='ocrx_word' id='word_1_455' title='bbox 1223 3206 1610 3277; x_wconf 82' lang='lat' dir='ltr'><strong>Aquariorum,</strong></span> <span class='ocrx_word' id='word_1_456' title='bbox 1656 3207 1748 3277; x_wconf 92' lang='lat' dir='ltr'><strong>qui</strong></span> <span class='ocrx_word' id='word_1_457' title='bbox 1795 3221 1863 3262; x_wconf 90' lang='lat' dir='ltr'><strong>ex</strong></span> <span class='ocrx_word' id='word_1_458' title='bbox 1889 3201 1936 3264; x_wconf 89' lang='lat' dir='ltr'><strong><em>C</em></strong></span> <span class='ocrx_word' id='word_1_459' title='bbox 1967 3211 2167 3280; x_wconf 91' lang='lat' dir='ltr'><strong>scripta</strong></span> <span class='ocrx_word' id='word_1_460' title='bbox 2196 3210 2485 3266; x_wconf 87' lang='lat' dir='ltr'><strong>luctantur.</strong></span> 
     </span>
    </p>
   </div>
   <div class='ocr_carea' id='block_1_65' title="bbox 271 3293 1866 3377">
    <p class='ocr_par' dir='ltr' id='par_1_65' title="bbox 271 3293 1866 3377">
     <span class='ocr_line' id='line_1_66' title="bbox 271 3293 1866 3377; baseline -0.008 -14"><span class='ocrx_word' id='word_1_461' title='bbox 271 3309 381 3364; x_wconf 83' lang='lat' dir='ltr'><strong>hoc</strong></span> <span class='ocrx_word' id='word_1_462' title='bbox 408 3305 661 3377; x_wconf 91' lang='lat' dir='ltr'><strong>appellati</strong></span> <span class='ocrx_word' id='word_1_463' title='bbox 688 3311 814 3358; x_wconf 91' lang='lat' dir='ltr'><strong>sunt</strong></span> <span class='ocrx_word' id='word_1_464' title='bbox 841 3301 1090 3372; x_wconf 79' lang='lat' dir='ltr'><strong>Aquarii,</strong></span> <span class='ocrx_word' id='word_1_465' title='bbox 1135 3293 1276 3369; x_wconf 90' lang='lat' dir='ltr'><strong>quod</strong></span> <span class='ocrx_word' id='word_1_466' title='bbox 1316 3314 1509 3369; x_wconf 91' lang='lat' dir='ltr'><strong>aquam</strong></span> <span class='ocrx_word' id='word_1_467' title='bbox 1552 3296 1784 3354; x_wconf 74' lang='lat' dir='ltr'><strong>offerunt</strong></span> <span class='ocrx_word' id='word_1_468' title='bbox 1811 3298 1866 3352; x_wconf 92' lang='lat' dir='ltr'><strong>in</strong></span> 
     </span>
    </p>
   </div>
   <div class='ocr_carea' id='block_1_66' title="bbox 276 3391 1870 3472">
    <p class='ocr_par' dir='ltr' id='par_1_66' title="bbox 276 3391 1870 3472">
     <span class='ocr_line' id='line_1_67' title="bbox 276 3391 1870 3472; baseline -0.004 -17"><span class='ocrx_word' id='word_1_469' title='bbox 276 3399 474 3472; x_wconf 87' lang='lat' dir='ltr'><strong>poculo</strong></span> <span class='ocrx_word' id='word_1_470' title='bbox 502 3395 845 3452; x_wconf 89' lang='lat' dir='ltr'><strong>sacramenti.</strong></span> <span class='ocrx_word' id='word_1_471' title='bbox 869 3393 1064 3448; x_wconf 91' lang='lat' dir='ltr'><strong>Dicunt</strong></span> <span class='ocrx_word' id='word_1_472' title='bbox 1082 3391 1225 3447; x_wconf 89' lang='lat' dir='ltr'><strong>enim</strong></span> <span class='ocrx_word' id='word_1_473' title='bbox 1247 3391 1431 3446; x_wconf 88' lang='lat' dir='ltr'><strong>vinum</strong></span> <span class='ocrx_word' id='word_1_474' title='bbox 1452 3391 1730 3447; x_wconf 89' lang='lat' dir='ltr'><strong>ebrietatis</strong></span> <span class='ocrx_word' id='word_1_475' title='bbox 1749 3405 1870 3448; x_wconf 87' lang='lat' dir='ltr'><strong>esse</strong></span> 
     </span>
    </p>
   </div>
   <div class='ocr_carea' id='block_1_67' title="bbox 278 3481 1869 3560">
    <p class='ocr_par' dir='ltr' id='par_1_67' title="bbox 278 3481 1869 3560">
     <span class='ocr_line' id='line_1_68' title="bbox 278 3481 1869 3560; baseline -0.006 -14"><span class='ocrx_word' id='word_1_476' title='bbox 278 3507 398 3546; x_wconf 86' lang='lat' dir='ltr'><strong>rem</strong></span> <span class='ocrx_word' id='word_1_477' title='bbox 415 3531 429 3555; x_wconf 97' lang='lat'><strong>,</strong></span> <span class='ocrx_word' id='word_1_478' title='bbox 460 3504 559 3560; x_wconf 89' lang='lat' dir='ltr'><strong>per</strong></span> <span class='ocrx_word' id='word_1_479' title='bbox 585 3490 746 3558; x_wconf 73' lang='lat' dir='ltr'><strong>quam</strong></span> <span class='ocrx_word' id='word_1_480' title='bbox 784 3484 1073 3542; x_wconf 89' lang='lat' dir='ltr'><strong>homicidia</strong></span> <span class='ocrx_word' id='word_1_481' title='bbox 1102 3491 1156 3537; x_wconf 92' lang='lat' dir='ltr'><strong>et</strong></span> <span class='ocrx_word' id='word_1_482' title='bbox 1183 3481 1565 3539; x_wconf 86' lang='lat' dir='ltr'><strong>fornicationes</strong></span> <span class='ocrx_word' id='word_1_483' title='bbox 1592 3491 1647 3539; x_wconf 91' lang='lat' dir='ltr'><strong>et</strong></span> <span class='ocrx_word' id='word_1_484' title='bbox 1674 3493 1869 3539; x_wconf 59' lang='lat' dir='ltr'><strong>cetera</strong></span> 
     </span>
    </p>
   </div>
   <div class='ocr_carea' id='block_1_68' title="bbox 280 3575 1870 3650">
    <p class='ocr_par' dir='ltr' id='par_1_68' title="bbox 280 3575 1870 3650">
     <span class='ocr_line' id='line_1_69' title="bbox 280 3575 1870 3650; baseline -0.005 -12"><span class='ocrx_word' id='word_1_485' title='bbox 280 3583 488 3638; x_wconf 89' lang='lat' dir='ltr'><strong>scelera</strong></span> <span class='ocrx_word' id='word_1_486' title='bbox 514 3586 913 3650; x_wconf 89' lang='lat' dir='ltr'><strong>perpetrantur,</strong></span> <span class='ocrx_word' id='word_1_487' title='bbox 945 3591 1068 3632; x_wconf 92' lang='lat' dir='ltr'><strong>cum</strong></span> <span class='ocrx_word' id='word_1_488' title='bbox 1097 3582 1310 3631; x_wconf 91' lang='lat' dir='ltr'><strong>constet</strong></span> <span class='ocrx_word' id='word_1_489' title='bbox 1346 3576 1526 3629; x_wconf 90' lang='lat' dir='ltr'><strong>omnia</strong></span> <span class='ocrx_word' id='word_1_490' title='bbox 1554 3575 1870 3631; x_wconf 88' lang='lat' dir='ltr'><strong>excedentia</strong></span> 
     </span>
    </p>
   </div>
   <div class='ocr_carea' id='block_1_69' title="bbox 283 3665 1872 3737">
    <p class='ocr_par' dir='ltr' id='par_1_69' title="bbox 283 3665 1872 3737">
     <span class='ocr_line' id='line_1_70' title="bbox 283 3665 1872 3737; baseline -0.004 -9"><span class='ocrx_word' id='word_1_491' title='bbox 283 3675 500 3729; x_wconf 89' lang='lat' dir='ltr'><strong>modum</strong></span> <span class='ocrx_word' id='word_1_492' title='bbox 531 3673 732 3728; x_wconf 88' lang='lat' dir='ltr'><strong>crimen</strong></span> <span class='ocrx_word' id='word_1_493' title='bbox 760 3669 958 3734; x_wconf 89' lang='lat' dir='ltr'><strong>facere,</strong></span> <span class='ocrx_word' id='word_1_494' title='bbox 982 3676 1038 3724; x_wconf 91' lang='lat' dir='ltr'><strong>et</strong></span> <span class='ocrx_word' id='word_1_495' title='bbox 1064 3668 1251 3722; x_wconf 89' lang='lat' dir='ltr'><strong>vitium</strong></span> <span class='ocrx_word' id='word_1_496' title='bbox 1275 3680 1580 3737; x_wconf 89' lang='lat' dir='ltr'><strong>procreare.</strong></span> <span class='ocrx_word' id='word_1_497' title='bbox 1605 3665 1720 3720; x_wconf 84' lang='lat' dir='ltr'><strong>Non</strong></span> <span class='ocrx_word' id='word_1_498' title='bbox 1743 3681 1872 3734; x_wconf 89' lang='lat' dir='ltr'><strong>ergo</strong></span> 
     </span>
    </p>
   </div>
   <div class='ocr_carea' id='block_1_70' title="bbox 283 3755 1884 3836">
    <p class='ocr_par' dir='ltr' id='par_1_70' title="bbox 283 3755 1884 3836">
     <span class='ocr_line' id='line_1_71' title="bbox 283 3755 1884 3836; baseline -0.004 -18"><span class='ocrx_word' id='word_1_499' title='bbox 283 3764 395 3819; x_wconf 88' lang='lat' dir='ltr'><strong>vini</strong></span> <span class='ocrx_word' id='word_1_500' title='bbox 424 3764 644 3827; x_wconf 89' lang='lat' dir='ltr'><strong>haustu,</strong></span> <span class='ocrx_word' id='word_1_501' title='bbox 675 3761 771 3818; x_wconf 89' lang='lat' dir='ltr'><strong>sed</strong></span> <span class='ocrx_word' id='word_1_502' title='bbox 816 3760 1124 3821; x_wconf 89' lang='lat' dir='ltr'><strong>nimietate,</strong></span> <span class='ocrx_word' id='word_1_503' title='bbox 1172 3755 1404 3812; x_wconf 87' lang='lat' dir='ltr'><strong>crimina</strong></span> <span class='ocrx_word' id='word_1_504' title='bbox 1441 3757 1884 3836; x_wconf 68' lang='lat' dir='ltr'><strong>committuntur.</strong></span> 
     </span>
    </p>
   </div>
   <div class='ocr_carea' id='block_1_71' title="bbox 286 3848 1883 3926">
    <p class='ocr_par' dir='ltr' id='par_1_71' title="bbox 286 3848 1883 3926">
     <span class='ocr_line' id='line_1_72' title="bbox 286 3848 1883 3926; baseline -0.005 -16"><span class='ocrx_word' id='word_1_505' title='bbox 286 3854 424 3923; x_wconf 83' lang='lat' dir='ltr'><strong>Quid</strong></span> <span class='ocrx_word' id='word_1_506' title='bbox 456 3864 538 3911; x_wconf 88' lang='lat' dir='ltr'><strong>est</strong></span> <span class='ocrx_word' id='word_1_507' title='bbox 565 3855 708 3909; x_wconf 88' lang='lat' dir='ltr'><strong>enim</strong></span> <span class='ocrx_word' id='word_1_508' title='bbox 735 3853 879 3922; x_wconf 92' lang='lat' dir='ltr'><strong>quod</strong></span> <span class='ocrx_word' id='word_1_509' title='bbox 906 3850 1066 3905; x_wconf 89' lang='lat' dir='ltr'><strong>nimis</strong></span> <span class='ocrx_word' id='word_1_510' title='bbox 1095 3857 1366 3920; x_wconf 90' lang='lat' dir='ltr'><strong>sumptum</strong></span> <span class='ocrx_word' id='word_1_511' title='bbox 1406 3863 1516 3903; x_wconf 92' lang='lat' dir='ltr'><strong>non</strong></span> <span class='ocrx_word' id='word_1_512' title='bbox 1543 3848 1755 3919; x_wconf 87' lang='lat' dir='ltr'><strong>culpam</strong></span> <span class='ocrx_word' id='word_1_513' title='bbox 1785 3849 1883 3926; x_wconf 22' lang='grc' dir='ltr'>ιιι-η</span> 
     </span>
    </p>
   </div>
   <div class='ocr_carea' id='block_1_72' title="bbox 287 3940 1868 4012">
    <p class='ocr_par' dir='ltr' id='par_1_72' title="bbox 287 3940 1868 4012">
     <span class='ocr_line' id='line_1_73' title="bbox 287 3940 1868 4012; baseline -0.006 -9"><span class='ocrx_word' id='word_1_514' title='bbox 287 3948 502 4004; x_wconf 85' lang='lat' dir='ltr'><strong>currat?</strong></span> <span class='ocrx_word' id='word_1_515' title='bbox 532 3945 750 3999; x_wconf 87' lang='lat' dir='ltr'><strong>Bibatur</strong></span> <span class='ocrx_word' id='word_1_516' title='bbox 779 3943 935 3998; x_wconf 90' lang='lat' dir='ltr'><strong>nimis</strong></span> <span class='ocrx_word' id='word_1_517' title='bbox 964 3957 1129 4012; x_wconf 90' lang='lat' dir='ltr'><strong>aqua,</strong></span> <span class='ocrx_word' id='word_1_518' title='bbox 1160 3940 1439 3996; x_wconf 85' lang='lat' dir='ltr'><strong>videamus</strong></span> <span class='ocrx_word' id='word_1_519' title='bbox 1466 3940 1513 3995; x_wconf 92' lang='lat' dir='ltr'><strong>si</strong></span> <span class='ocrx_word' id='word_1_520' title='bbox 1540 3956 1648 3995; x_wconf 91' lang='lat' dir='ltr'><strong>non</strong></span> <span class='ocrx_word' id='word_1_521' title='bbox 1678 3940 1868 4005; x_wconf 81' lang='lat' dir='ltr'><strong>laedat;</strong></span> 
     </span>
    </p>
   </div>
   <div class='ocr_carea' id='block_1_73' title="bbox 288 4032 1873 4103">
    <p class='ocr_par' dir='ltr' id='par_1_73' title="bbox 288 4032 1873 4103">
     <span class='ocr_line' id='line_1_74' title="bbox 288 4032 1873 4103; baseline -0.003 -11"><span class='ocrx_word' id='word_1_522' title='bbox 288 4036 605 4093; x_wconf 89' lang='lat' dir='ltr'><strong>comedatur</strong></span> <span class='ocrx_word' id='word_1_523' title='bbox 650 4035 809 4089; x_wconf 89' lang='lat' dir='ltr'><strong>nimis</strong></span> <span class='ocrx_word' id='word_1_524' title='bbox 853 4034 1036 4103; x_wconf 90' lang='lat' dir='ltr'><strong>panis,</strong></span> <span class='ocrx_word' id='word_1_525' title='bbox 1066 4033 1342 4089; x_wconf 88' lang='lat' dir='ltr'><strong>videamus</strong></span> <span class='ocrx_word' id='word_1_526' title='bbox 1369 4032 1415 4086; x_wconf 91' lang='lat' dir='ltr'><strong>si</strong></span> <span class='ocrx_word' id='word_1_527' title='bbox 1443 4048 1550 4087; x_wconf 91' lang='lat' dir='ltr'><strong>non</strong></span> <span class='ocrx_word' id='word_1_528' title='bbox 1596 4033 1873 4103; x_wconf 88' lang='lat' dir='ltr'><strong>crapulam</strong></span> 
     </span>
    </p>
   </div>
   <div class='ocr_carea' id='block_1_74' title="bbox 290 4120 1872 4195">
    <p class='ocr_par' dir='ltr' id='par_1_74' title="bbox 290 4120 1872 4195">
     <span class='ocr_line' id='line_1_75' title="bbox 290 4120 1872 4195; baseline -0.001 -15"><span class='ocrx_word' id='word_1_529' title='bbox 290 4127 468 4183; x_wconf 81' lang='lat' dir='ltr'><strong>faciat.</strong></span> <span class='ocrx_word' id='word_1_530' title='bbox 522 4125 791 4195; x_wconf 90' lang='lat' dir='ltr'><strong>Optimum</strong></span> <span class='ocrx_word' id='word_1_531' title='bbox 847 4140 974 4193; x_wconf 83' lang='lat' dir='ltr'><strong>ergo</strong></span> <span class='ocrx_word' id='word_1_532' title='bbox 1027 4125 1078 4178; x_wconf 93' lang='lat' dir='ltr'><strong>in</strong></span> <span class='ocrx_word' id='word_1_533' title='bbox 1132 4120 1292 4179; x_wconf 88' lang='lat' dir='ltr'><strong>rebus</strong></span> <span class='ocrx_word' id='word_1_534' title='bbox 1347 4124 1596 4180; x_wconf 88' lang='lat' dir='ltr'><strong>omnibus</strong></span> <span class='ocrx_word' id='word_1_535' title='bbox 1651 4125 1872 4181; x_wconf 90' lang='lat' dir='ltr'><strong>modum</strong></span> 
     </span>
    </p>
   </div>
   <div class='ocr_carea' id='block_1_75' title="bbox 291 4215 1871 4282">
    <p class='ocr_par' dir='ltr' id='par_1_75' title="bbox 291 4215 1871 4282">
     <span class='ocr_line' id='line_1_76' title="bbox 291 4215 1871 4282; baseline -0.003 -8"><span class='ocrx_word' id='word_1_536' title='bbox 291 4227 568 4281; x_wconf 89' lang='lat' dir='ltr'><strong>tenentes,</strong></span> <span class='ocrx_word' id='word_1_537' title='bbox 600 4217 760 4271; x_wconf 89' lang='lat' dir='ltr'><strong>etiam</strong></span> <span class='ocrx_word' id='word_1_538' title='bbox 791 4215 888 4272; x_wconf 89' lang='lat' dir='ltr'><strong>hos</strong></span> <span class='ocrx_word' id='word_1_539' title='bbox 925 4215 1466 4282; x_wconf 87' lang='lat' dir='ltr'><strong>anathematizamus,</strong></span> <span class='ocrx_word' id='word_1_540' title='bbox 1499 4232 1596 4271; x_wconf 88' lang='lat' dir='ltr'><strong>cur</strong></span> <span class='ocrx_word' id='word_1_541' title='bbox 1621 4231 1871 4272; x_wconf 90' lang='lat' dir='ltr'><strong>cruorem</strong></span> 
     </span>
    </p>
   </div>
   <div class='ocr_carea' id='block_1_76' title="bbox 292 4303 1868 4377">
    <p class='ocr_par' dir='ltr' id='par_1_76' title="bbox 292 4303 1868 4377">
     <span class='ocr_line' id='line_1_77' title="bbox 292 4303 1868 4377; baseline -0.003 -13"><span class='ocrx_word' id='word_1_542' title='bbox 292 4307 489 4364; x_wconf 88' lang='lat' dir='ltr'><strong>Christi</strong></span> <span class='ocrx_word' id='word_1_543' title='bbox 517 4325 546 4362; x_wconf 93' lang='lat' dir='ltr'><strong>a</strong></span> <span class='ocrx_word' id='word_1_544' title='bbox 577 4308 724 4362; x_wconf 90' lang='lat' dir='ltr'><strong>fonte</strong></span> <span class='ocrx_word' id='word_1_545' title='bbox 752 4315 1093 4377; x_wconf 89' lang='lat' dir='ltr'><strong>scparantcs,</strong></span> <span class='ocrx_word' id='word_1_546' title='bbox 1137 4303 1443 4376; x_wconf 75' lang='lat' dir='ltr'><strong>pnejudicio</strong></span> <span class='ocrx_word' id='word_1_547' title='bbox 1483 4306 1868 4375; x_wconf 82' lang='lat' dir='ltr'><strong>fornicatorum</strong></span> 
     </span>
    </p>
   </div>
   <div class='ocr_carea' id='block_1_77' title="bbox 292 4398 1873 4470">
    <p class='ocr_par' dir='ltr' id='par_1_77' title="bbox 292 4398 1873 4470">
     <span class='ocr_line' id='line_1_78' title="bbox 292 4398 1873 4470; baseline -0.003 -12"><span class='ocrx_word' id='word_1_548' title='bbox 292 4411 348 4458; x_wconf 90' lang='lat' dir='ltr'><strong>et</strong></span> <span class='ocrx_word' id='word_1_549' title='bbox 391 4401 810 4466; x_wconf 89' lang='lat' dir='ltr'><strong>homicidarum,</strong></span> <span class='ocrx_word' id='word_1_550' title='bbox 853 4401 1093 4470; x_wconf 87' lang='lat' dir='ltr'><strong>regulam</strong></span> <span class='ocrx_word' id='word_1_551' title='bbox 1133 4416 1164 4454; x_wconf 91' lang='lat' dir='ltr'><strong>a</strong></span> <span class='ocrx_word' id='word_1_552' title='bbox 1206 4398 1421 4455; x_wconf 88' lang='lat' dir='ltr'><strong>Christo</strong></span> <span class='ocrx_word' id='word_1_553' title='bbox 1464 4398 1737 4453; x_wconf 80' lang='lat' dir='ltr'><strong>fundatam</strong></span> <span class='ocrx_word' id='word_1_554' title='bbox 1776 4413 1873 4454; x_wconf 89' lang='lat' dir='ltr'><strong>au-</strong></span> 
     </span>
    </p>
   </div>
   <div class='ocr_carea' id='block_1_78' title="bbox 293 4491 868 4560">
    <p class='ocr_par' dir='ltr' id='par_1_78' title="bbox 293 4491 868 4560">
     <span class='ocr_line' id='line_1_79' title="bbox 293 4491 868 4560; baseline -0.007 -12"><span class='ocrx_word' id='word_1_555' title='bbox 293 4493 478 4548; x_wconf 89' lang='lat' dir='ltr'><strong>dacter</strong></span> <span class='ocrx_word' id='word_1_556' title='bbox 507 4504 532 4530; x_wconf 73' lang='grc' dir='ltr'><strong>ἰ</strong></span> <span class='ocrx_word' id='word_1_557' title='bbox 564 4491 868 4560; x_wconf 88' lang='lat' dir='ltr'><strong>infringant.</strong></span> 
     </span>
    </p>
   </div>
   <div class='ocr_carea' id='block_1_79' title="bbox 1003 4580 1161 4636">
    <p class='ocr_par' dir='ltr' id='par_1_79' title="bbox 1003 4580 1161 4636">
     <span class='ocr_line' id='line_1_80' title="bbox 1003 4580 1161 4636; baseline 0.013 -2"><span class='ocrx_word' id='word_1_558' title='bbox 1003 4580 1161 4636; x_wconf 86' lang='lat' dir='ltr'><strong>LXV.</strong></span> 
     </span>
    </p>
   </div>
   <div class='ocr_carea' id='block_1_80' title="bbox 362 4670 1891 4746">
    <p class='ocr_par' dir='ltr' id='par_1_80' title="bbox 362 4670 1891 4746">
     <span class='ocr_line' id='line_1_81' title="bbox 362 4670 1891 4746; baseline -0.004 -14"><span class='ocrx_word' id='word_1_559' title='bbox 362 4673 705 4746; x_wconf 84' lang='lat' dir='ltr'><strong>Sexagesima</strong></span> <span class='ocrx_word' id='word_1_560' title='bbox 727 4673 912 4744; x_wconf 90' lang='lat' dir='ltr'><strong>quinta</strong></span> <span class='ocrx_word' id='word_1_561' title='bbox 933 4672 1150 4728; x_wconf 79' lang='lat' dir='ltr'><strong>haeresis</strong></span> <span class='ocrx_word' id='word_1_562' title='bbox 1170 4671 1196 4710; x_wconf 70' lang='grc' dir='ltr'>δ</span> <span class='ocrx_word' id='word_1_563' title='bbox 1217 4670 1659 4728; x_wconf 87' lang='lat' dir='ltr'><strong>Coluthianorum</strong></span> <span class='ocrx_word' id='word_1_564' title='bbox 1689 4686 1721 4725; x_wconf 92' lang='lat' dir='ltr'><strong>a</strong></span> <span class='ocrx_word' id='word_1_565' title='bbox 1747 4685 1891 4746; x_wconf 44' lang='lat' dir='ltr'><strong>quo:</strong></span> 
     </span>
    </p>
   </div>
   <div class='ocr_carea' id='block_1_81' title="bbox 295 4747 1892 4825">
    <p class='ocr_par' dir='ltr' id='par_1_81' title="bbox 295 4747 1892 4825">
     <span class='ocr_line' id='line_1_82' title="bbox 295 4747 1892 4825; baseline -0.006 -1"><span class='ocrx_word' id='word_1_566' title='bbox 295 4767 413 4825; x_wconf 83' lang='lat' dir='ltr'><strong>dam</strong></span> <span class='ocrx_word' id='word_1_567' title='bbox 439 4767 672 4823; x_wconf 87' lang='lat' dir='ltr'><strong>Colutho</strong></span> <span class='ocrx_word' id='word_1_568' title='bbox 701 4766 937 4822; x_wconf 89' lang='lat' dir='ltr'><strong>emersit.</strong></span> <span class='ocrx_word' id='word_1_569' title='bbox 972 4763 1037 4818; x_wconf 86' lang='lat' dir='ltr'><strong>Hi</strong></span> <span class='ocrx_word' id='word_1_570' title='bbox 1079 4764 1263 4820; x_wconf 91' lang='lat' dir='ltr'><strong>dicunt</strong></span> <span class='ocrx_word' id='word_1_571' title='bbox 1299 4763 1468 4818; x_wconf 87' lang='lat' dir='ltr'><strong>Deum</strong></span> <span class='ocrx_word' id='word_1_572' title='bbox 1495 4777 1709 4819; x_wconf 89' lang='lat' dir='ltr'><strong>creasse</strong></span> <span class='ocrx_word' id='word_1_573' title='bbox 1735 4747 1892 4816; x_wconf 8' lang='lat' dir='ltr'><strong>malai</strong></span> 
     </span>
    </p>
   </div>
   <div class='ocr_carea' id='block_1_82' title="bbox 295 4854 1872 4923">
    <p class='ocr_par' dir='ltr' id='par_1_82' title="bbox 295 4854 1872 4923">
     <span class='ocr_line' id='line_1_83' title="bbox 295 4854 1872 4923; baseline -0.004 -9"><span class='ocrx_word' id='word_1_574' title='bbox 295 4867 348 4914; x_wconf 86' lang='lat' dir='ltr'><strong>et</strong></span> <span class='ocrx_word' id='word_1_575' title='bbox 374 4859 516 4915; x_wconf 91' lang='lat' dir='ltr'><strong>bona</strong></span> <span class='ocrx_word' id='word_1_576' title='bbox 541 4877 553 4911; x_wconf 90' lang='lat'><strong>:</strong></span> <span class='ocrx_word' id='word_1_577' title='bbox 577 4857 871 4913; x_wconf 89' lang='lat' dir='ltr'><strong>secundum</strong></span> <span class='ocrx_word' id='word_1_578' title='bbox 901 4857 1135 4911; x_wconf 91' lang='lat' dir='ltr'><strong>litteram</strong></span> <span class='ocrx_word' id='word_1_579' title='bbox 1155 4855 1450 4910; x_wconf 88' lang='lat' dir='ltr'><strong>sentientes</strong></span> <span class='ocrx_word' id='word_1_580' title='bbox 1470 4855 1613 4923; x_wconf 93' lang='lat' dir='ltr'><strong>quod</strong></span> <span class='ocrx_word' id='word_1_581' title='bbox 1643 4854 1838 4909; x_wconf 91' lang='lat' dir='ltr'><strong>dicitur</strong></span> <span class='ocrx_word' id='word_1_582' title='bbox 1859 4872 1872 4908; x_wconf 88' lang='lat'><strong>:</strong></span> 
     </span>
    </p>
   </div>
   <div class='ocr_carea' id='block_1_83' title="bbox 296 4938 1890 5022">
    <p class='ocr_par' dir='ltr' id='par_1_83' title="bbox 296 4938 1890 5022">
     <span class='ocr_line' id='line_1_84' title="bbox 296 4938 1890 5022; baseline -0.001 -20"><span class='ocrx_word' id='word_1_583' title='bbox 296 4950 404 5022; x_wconf 84' lang='lat' dir='ltr'><strong>Ego</strong></span> <span class='ocrx_word' id='word_1_584' title='bbox 434 4949 575 5004; x_wconf 80' lang='lat' dir='ltr'><strong>Deus</strong></span> <span class='ocrx_word' id='word_1_585' title='bbox 604 4966 784 5004; x_wconf 85' lang='lat' dir='ltr'><strong>creans</strong></span> <span class='ocrx_word' id='word_1_586' title='bbox 824 4949 963 5003; x_wconf 86' lang='lat' dir='ltr'><strong>mala</strong></span> <span class='ocrx_word' id='word_1_587' title='bbox 991 4956 1042 5003; x_wconf 91' lang='lat' dir='ltr'><strong>et</strong></span> <span class='ocrx_word' id='word_1_588' title='bbox 1079 4950 1275 5021; x_wconf 77' lang='lat' dir='ltr'><strong>faciens</strong></span> <span class='ocrx_word' id='word_1_589' title='bbox 1303 4945 1437 5002; x_wconf 84' lang='lat' dir='ltr'><strong>bona</strong></span> <span class='ocrx_word' id='word_1_590' title='bbox 1473 4946 1608 5019; x_wconf 83' lang='lat' dir='ltr'><strong>(Isa.</strong></span> <span class='ocrx_word' id='word_1_591' title='bbox 1642 4963 1764 5013; x_wconf 80' lang='grc' dir='ltr'>ιιιν,</span> <span class='ocrx_word' id='word_1_592' title='bbox 1799 4938 1890 5019; x_wconf 65' lang='grc'><strong>7).’</strong></span> 
     </span>
    </p>
   </div>
   <div class='ocr_carea' id='block_1_84' title="bbox 295 5039 1879 5112">
    <p class='ocr_par' dir='ltr' id='par_1_84' title="bbox 295 5039 1879 5112">
     <span class='ocr_line' id='line_1_85' title="bbox 295 5039 1879 5112; baseline 0.002 -17"><span class='ocrx_word' id='word_1_593' title='bbox 295 5039 430 5096; x_wconf 87' lang='lat' dir='ltr'><strong>Cum</strong></span> <span class='ocrx_word' id='word_1_594' title='bbox 459 5040 598 5097; x_wconf 90' lang='lat' dir='ltr'><strong>Deus</strong></span> <span class='ocrx_word' id='word_1_595' title='bbox 626 5044 730 5098; x_wconf 87' lang='lat' dir='ltr'><strong>hoc</strong></span> <span class='ocrx_word' id='word_1_596' title='bbox 755 5057 853 5112; x_wconf 91' lang='lat' dir='ltr'><strong>per</strong></span> <span class='ocrx_word' id='word_1_597' title='bbox 879 5041 1199 5112; x_wconf 90' lang='lat' dir='ltr'><strong>prophetam</strong></span> <span class='ocrx_word' id='word_1_598' title='bbox 1219 5041 1549 5111; x_wconf 88' lang='lat' dir='ltr'><strong>promiserit,</strong></span> <span class='ocrx_word' id='word_1_599' title='bbox 1571 5041 1716 5111; x_wconf 91' lang='lat' dir='ltr'><strong>quod</strong></span> <span class='ocrx_word' id='word_1_600' title='bbox 1743 5042 1879 5098; x_wconf 87' lang='lat' dir='ltr'><strong>face-</strong></span> 
     </span>
    </p>
   </div>
   <div class='ocr_carea' id='block_1_85' title="bbox 295 5127 1880 5203">
    <p class='ocr_par' dir='ltr' id='par_1_85' title="bbox 295 5127 1880 5203">
     <span class='ocr_line' id='line_1_86' title="bbox 295 5127 1880 5203; baseline 0.002 -17"><span class='ocrx_word' id='word_1_601' title='bbox 295 5140 376 5187; x_wconf 87' lang='lat' dir='ltr'><strong>ret</strong></span> <span class='ocrx_word' id='word_1_602' title='bbox 404 5139 500 5188; x_wconf 86' lang='lat' dir='ltr'><strong>eos</strong></span> <span class='ocrx_word' id='word_1_603' title='bbox 527 5133 642 5188; x_wconf 88' lang='lat' dir='ltr'><strong>sine</strong></span> <span class='ocrx_word' id='word_1_604' title='bbox 669 5127 847 5203; x_wconf 87' lang='lat' dir='ltr'><strong>gladio</strong></span> <span class='ocrx_word' id='word_1_605' title='bbox 877 5133 1115 5188; x_wconf 68' lang='lat' dir='ltr'><strong>hosﬁum</strong></span> <span class='ocrx_word' id='word_1_606' title='bbox 1142 5133 1343 5198; x_wconf 90' lang='lat' dir='ltr'><strong>vivere,</strong></span> <span class='ocrx_word' id='word_1_607' title='bbox 1367 5141 1424 5187; x_wconf 90' lang='lat' dir='ltr'><strong>et</strong></span> <span class='ocrx_word' id='word_1_608' title='bbox 1450 5131 1654 5188; x_wconf 88' lang='lat' dir='ltr'><strong>faceret</strong></span> <span class='ocrx_word' id='word_1_609' title='bbox 1680 5140 1880 5189; x_wconf 89' lang='lat' dir='ltr'><strong>terram</strong></span> 
     </span>
    </p>
   </div>
   <div class='ocr_carea' id='block_1_86' title="bbox 295 5208 1896 5293">
    <p class='ocr_par' dir='ltr' id='par_1_86' title="bbox 295 5208 1896 5293">
     <span class='ocr_line' id='line_1_87' title="bbox 295 5208 1896 5293; baseline 0.001 -16"><span class='ocrx_word' id='word_1_610' title='bbox 295 5222 422 5277; x_wconf 85' lang='lat' dir='ltr'><strong>dare</strong></span> <span class='ocrx_word' id='word_1_611' title='bbox 450 5238 671 5292; x_wconf 86' lang='lat' dir='ltr'><strong>germen</strong></span> <span class='ocrx_word' id='word_1_612' title='bbox 699 5239 854 5279; x_wconf 91' lang='lat' dir='ltr'><strong>suum</strong></span> <span class='ocrx_word' id='word_1_613' title='bbox 877 5222 1370 5292; x_wconf 89' lang='lat' dir='ltr'><strong>abundantiamque</strong></span> <span class='ocrx_word' id='word_1_614' title='bbox 1389 5225 1629 5279; x_wconf 90' lang='lat' dir='ltr'><strong>omnium</strong></span> <span class='ocrx_word' id='word_1_615' title='bbox 1649 5208 1896 5293; x_wconf 16' lang='lat' dir='ltr'><strong>frugum,-</strong></span> 
     </span>
    </p>
   </div>
   <div class='ocr_carea' id='block_1_87' title="bbox 295 5301 1886 5387">
    <p class='ocr_par' dir='ltr' id='par_1_87' title="bbox 295 5301 1886 5387">
     <span class='ocr_line' id='line_1_88' title="bbox 295 5301 1886 5387; baseline 0.004 -19"><span class='ocrx_word' id='word_1_616' title='bbox 295 5311 337 5368; x_wconf 89' lang='lat' dir='ltr'><strong>si</strong></span> <span class='ocrx_word' id='word_1_617' title='bbox 365 5301 480 5383; x_wconf 86' lang='lat' dir='ltr'><strong>ejus</strong></span> <span class='ocrx_word' id='word_1_618' title='bbox 507 5314 762 5370; x_wconf 89' lang='lat' dir='ltr'><strong>mandata</strong></span> <span class='ocrx_word' id='word_1_619' title='bbox 807 5322 1142 5383; x_wconf 86' lang='lat' dir='ltr'><strong>servassent;</strong></span> <span class='ocrx_word' id='word_1_620' title='bbox 1191 5315 1236 5370; x_wconf 92' lang='lat' dir='ltr'><strong>si</strong></span> <span class='ocrx_word' id='word_1_621' title='bbox 1273 5329 1404 5372; x_wconf 90' lang='lat' dir='ltr'><strong>vero</strong></span> <span class='ocrx_word' id='word_1_622' title='bbox 1443 5318 1886 5387; x_wconf 66' lang='lat' dir='ltr'><strong>prmvaricatores</strong></span> 
     </span>
    </p>
   </div>
   <div class='ocr_carea' id='block_1_88' title="bbox 295 5405 1885 5486">
    <p class='ocr_par' dir='ltr' id='par_1_88' title="bbox 295 5405 1885 5486">
     <span class='ocr_line' id='line_1_89' title="bbox 295 5405 1885 5486; baseline 0.004 -28"><span class='ocrx_word' id='word_1_623' title='bbox 295 5409 500 5470; x_wconf 88' lang='lat' dir='ltr'><strong>essent,</strong></span> <span class='ocrx_word' id='word_1_624' title='bbox 547 5405 782 5476; x_wconf 89' lang='lat' dir='ltr'><strong>gladium</strong></span> <span class='ocrx_word' id='word_1_625' title='bbox 811 5415 867 5463; x_wconf 93' lang='lat' dir='ltr'><strong>et</strong></span> <span class='ocrx_word' id='word_1_626' title='bbox 894 5405 1090 5462; x_wconf 81' lang='lat' dir='ltr'><strong>famem</strong></span> <span class='ocrx_word' id='word_1_627' title='bbox 1137 5414 1469 5486; x_wconf 88' lang='lat' dir='ltr'><strong>paterentur.</strong></span> <span class='ocrx_word' id='word_1_628' title='bbox 1500 5405 1567 5463; x_wconf 88' lang='lat' dir='ltr'><strong>Et</strong></span> <span class='ocrx_word' id='word_1_629' title='bbox 1611 5409 1694 5464; x_wconf 87' lang='lat' dir='ltr'><strong>his</strong></span> <span class='ocrx_word' id='word_1_630' title='bbox 1729 5410 1885 5466; x_wconf 90' lang='lat' dir='ltr'><strong>dictis</strong></span> 
     </span>
    </p>
   </div>
   <div class='ocr_carea' id='block_1_89' title="bbox 297 5494 1882 5573">
    <p class='ocr_par' dir='ltr' id='par_1_89' title="bbox 297 5494 1882 5573">
     <span class='ocr_line' id='line_1_90' title="bbox 297 5494 1882 5573; baseline 0.006 -24"><span class='ocrx_word' id='word_1_631' title='bbox 297 5494 599 5564; x_wconf 84' lang='lat' dir='ltr'><strong>adjunxerit</strong></span> <span class='ocrx_word' id='word_1_632' title='bbox 634 5516 648 5551; x_wconf 89' lang='lat'><strong>:</strong></span> <span class='ocrx_word' id='word_1_633' title='bbox 679 5497 798 5570; x_wconf 79' lang='lat' dir='ltr'><strong>Ego</strong></span> <span class='ocrx_word' id='word_1_634' title='bbox 843 5498 984 5554; x_wconf 85' lang='lat' dir='ltr'><strong>Deus</strong></span> <span class='ocrx_word' id='word_1_635' title='bbox 1028 5516 1211 5555; x_wconf 85' lang='lat' dir='ltr'><strong>creans</strong></span> <span class='ocrx_word' id='word_1_636' title='bbox 1255 5500 1398 5554; x_wconf 87' lang='lat' dir='ltr'><strong>mala</strong></span> <span class='ocrx_word' id='word_1_637' title='bbox 1425 5508 1475 5555; x_wconf 89' lang='lat' dir='ltr'><strong>et</strong></span> <span class='ocrx_word' id='word_1_638' title='bbox 1502 5502 1700 5573; x_wconf 77' lang='lat' dir='ltr'><strong>faciens</strong></span> <span class='ocrx_word' id='word_1_639' title='bbox 1729 5501 1882 5559; x_wconf 87' lang='lat' dir='ltr'><strong>bona.</strong></span> 
     </span>
    </p>
   </div>
   <div class='ocr_carea' id='block_1_90' title="bbox 370 5635 1579 5713">
    <p class='ocr_par' dir='ltr' id='par_1_90' title="bbox 370 5635 1579 5713">
     <span class='ocr_line' id='line_1_91' title="bbox 370 5635 1579 5713; baseline 0.002 -21"><span class='ocrx_word' id='word_1_640' title='bbox 370 5645 397 5713; x_wconf 66' lang='grc' dir='ltr'>ξι</span> <span class='ocrx_word' id='word_1_641' title='bbox 425 5635 525 5713; x_wconf 50' lang='lat' dir='ltr'><strong>bis.</strong></span> <span class='ocrx_word' id='word_1_642' title='bbox 558 5638 720 5713; x_wconf 65' lang='lat' dir='ltr'><strong>Aug,</strong></span> <span class='ocrx_word' id='word_1_643' title='bbox 750 5639 1064 5713; x_wconf 72' lang='lat' dir='ltr'><strong>infringunt.</strong></span> <span class='ocrx_word' id='word_1_644' title='bbox 1093 5711 1101 5713; x_wconf 21' lang='grc' dir='ltr'><em>Α</em></span> <span class='ocrx_word' id='word_1_645' title='bbox 1421 5711 1427 5713; x_wconf 92' lang='lat'>_</span> <span class='ocrx_word' id='word_1_646' title='bbox 1577 5691 1579 5694; x_wconf 11' lang='grc' dir='ltr'><strong>ι</strong></span> 
     </span>
    </p>
   </div>
   <div class='ocr_carea' id='block_1_91' title="bbox 365 5705 1884 5796">
    <p class='ocr_par' dir='ltr' id='par_1_91' title="bbox 365 5705 1884 5796">
     <span class='ocr_line' id='line_1_92' title="bbox 365 5705 1884 5796; baseline 0.003 -33"><span class='ocrx_word' id='word_1_647' title='bbox 365 5705 395 5796; x_wconf 57' lang='lat' dir='ltr'><strong>If</strong></span> <span class='ocrx_word' id='word_1_648' title='bbox 423 5705 597 5796; x_wconf 83' lang='lat' dir='ltr'><strong>Sicet</strong></span> <span class='ocrx_word' id='word_1_649' title='bbox 622 5705 968 5796; x_wconf 37' lang='lat' dir='ltr'><strong>augustiliu&#39;s.</strong></span> <span class='ocrx_word' id='word_1_650' title='bbox 995 5711 1178 5796; x_wconf 70' lang='lat' dir='ltr'><strong>Codex</strong></span> <span class='ocrx_word' id='word_1_651' title='bbox 1199 5720 1376 5796; x_wconf 62' lang='lat' dir='ltr'><strong>autem</strong></span> <span class='ocrx_word' id='word_1_652' title='bbox 1403 5711 1705 5783; x_wconf 79' lang='lat' dir='ltr'><strong>Augiensis,</strong></span> <span class='ocrx_word' id='word_1_653' title='bbox 1728 5711 1884 5770; x_wconf 85' lang='lat' dir='ltr'><strong>Colu-</strong></span> 
     </span>
    </p>
   </div>
   <div class='ocr_carea' id='block_1_92' title="bbox 298 5779 1362 5853">
    <p class='ocr_par' dir='ltr' id='par_1_92' title="bbox 298 5779 1362 5853">
     <span class='ocr_line' id='line_1_93' title="bbox 298 5779 1362 5853; baseline 0.006 -23"><span class='ocrx_word' id='word_1_654' title='bbox 298 5783 566 5847; x_wconf 84' lang='lat' dir='ltr'><strong>tanorum;</strong></span> <span class='ocrx_word' id='word_1_655' title='bbox 598 5788 653 5836; x_wconf 91' lang='lat' dir='ltr'><strong>et</strong></span> <span class='ocrx_word' id='word_1_656' title='bbox 679 5779 969 5836; x_wconf 79' lang='lat' dir='ltr'><strong>Coluthano</strong></span> <span class='ocrx_word' id='word_1_657' title='bbox 999 5798 1096 5853; x_wconf 91' lang='lat' dir='ltr'><strong>pro</strong></span> <span class='ocrx_word' id='word_1_658' title='bbox 1125 5781 1362 5838; x_wconf 84' lang='lat' dir='ltr'><strong>Colutho.</strong></span> 
     </span>
    </p>
   </div>
   <div class='ocr_carea' id='block_1_93' title="bbox 995 5920 1087 5936">
    <p class='ocr_par' dir='ltr' id='par_1_93' title="bbox 995 5920 1087 5936">
     <span class='ocr_line' id='line_1_94' title="bbox 995 5920 1087 5936; baseline 0 0"><span class='ocrx_word' id='word_1_659' title='bbox 995 5920 1015 5925; x_wconf 83' lang='lat'>&quot;</span> <span class='ocrx_word' id='word_1_660' title='bbox 1046 5924 1087 5936; x_wconf 52' lang='lat'><strong>“</strong></span> 
     </span>
    </p>
   </div>
   <div class='ocr_carea' id='block_1_94' title="bbox 2653 3305 2878 3362">
    <p class='ocr_par' dir='ltr' id='par_1_94' title="bbox 2653 3305 2878 3362">
     <span class='ocr_line' id='line_1_95' title="bbox 2653 3305 2878 3362; baseline 0.018 -3"><span class='ocrx_word' id='word_1_661' title='bbox 2653 3305 2878 3362; x_wconf 82' lang='lat' dir='ltr'><strong>LXVIII.</strong></span> 
     </span>
    </p>
   </div>
   <div class='ocr_carea' id='block_1_95' title="bbox 2045 3390 3553 3470">
    <p class='ocr_par' dir='ltr' id='par_1_95' title="bbox 2045 3390 3553 3470">
     <span class='ocr_line' id='line_1_96' title="bbox 2045 3390 3553 3470; baseline 0.006 -24"><span class='ocrx_word' id='word_1_662' title='bbox 2045 3390 2390 3463; x_wconf 87' lang='lat' dir='ltr'><strong>Sexagesima</strong></span> <span class='ocrx_word' id='word_1_663' title='bbox 2417 3402 2473 3449; x_wconf 89' lang='lat' dir='ltr'><strong>et</strong></span> <span class='ocrx_word' id='word_1_664' title='bbox 2500 3403 2691 3450; x_wconf 90' lang='lat' dir='ltr'><strong>octava</strong></span> <span class='ocrx_word' id='word_1_665' title='bbox 2713 3397 2933 3454; x_wconf 63' lang='lat' dir='ltr'><strong>haeresis</strong></span> <span class='ocrx_word' id='word_1_666' title='bbox 2961 3406 3042 3454; x_wconf 90' lang='lat' dir='ltr'><strong>est</strong></span> <span class='ocrx_word' id='word_1_667' title='bbox 3061 3398 3553 3470; x_wconf 89' lang='lat' dir='ltr'><strong>Gymnopodarum.</strong></span> 
     </span>
    </p>
   </div>
   <div class='ocr_carea' id='block_1_96' title="bbox 1974 3483 3614 3558">
    <p class='ocr_par' dir='ltr' id='par_1_96' title="bbox 1974 3483 3614 3558">
     <span class='ocr_line' id='line_1_97' title="bbox 1974 3483 3614 3558; baseline 0.003 -19"><span class='ocrx_word' id='word_1_668' title='bbox 1974 3483 2041 3540; x_wconf 84' lang='lat' dir='ltr'><strong>Hi</strong></span> <span class='ocrx_word' id='word_1_669' title='bbox 2071 3485 2226 3540; x_wconf 89' lang='lat' dir='ltr'><strong>nudis</strong></span> <span class='ocrx_word' id='word_1_670' title='bbox 2253 3486 2480 3557; x_wconf 86' lang='lat' dir='ltr'><strong>pedibus</strong></span> <span class='ocrx_word' id='word_1_671' title='bbox 2518 3503 2732 3558; x_wconf 91' lang='lat' dir='ltr'><strong>semper</strong></span> <span class='ocrx_word' id='word_1_672' title='bbox 2757 3490 3062 3554; x_wconf 86' lang='lat' dir='ltr'><strong>ambulant,</strong></span> <span class='ocrx_word' id='word_1_673' title='bbox 3097 3505 3162 3544; x_wconf 93' lang='lat' dir='ltr'><strong>eo</strong></span> <span class='ocrx_word' id='word_1_674' title='bbox 3190 3490 3333 3558; x_wconf 91' lang='lat' dir='ltr'><strong>quod</strong></span> <span class='ocrx_word' id='word_1_675' title='bbox 3363 3489 3557 3545; x_wconf 83' lang='lat' dir='ltr'><strong>dixerit</strong></span> <span class='ocrx_word' id='word_1_676' title='bbox 3603 3501 3614 3508; x_wconf 85' lang='lat'>&#39;</span> 
     </span>
    </p>
   </div>
   <div class='ocr_carea' id='block_1_97' title="bbox 1976 3575 3559 3650">
    <p class='ocr_par' dir='ltr' id='par_1_97' title="bbox 1976 3575 3559 3650">
     <span class='ocr_line' id='line_1_98' title="bbox 1976 3575 3559 3650; baseline 0.001 -20"><span class='ocrx_word' id='word_1_677' title='bbox 1976 3575 2232 3632; x_wconf 89' lang='lat' dir='ltr'><strong>Dominus</strong></span> <span class='ocrx_word' id='word_1_678' title='bbox 2260 3577 2329 3634; x_wconf 85' lang='lat' dir='ltr'><strong>ad</strong></span> <span class='ocrx_word' id='word_1_679' title='bbox 2356 3577 2577 3650; x_wconf 83' lang='lat' dir='ltr'><strong>Moysen</strong></span> <span class='ocrx_word' id='word_1_680' title='bbox 2606 3579 2803 3633; x_wconf 85' lang='lat' dir='ltr'><strong>:Solve</strong></span> <span class='ocrx_word' id='word_1_681' title='bbox 2831 3580 3230 3633; x_wconf 79' lang='lat' dir='ltr'><strong>calceamean</strong></span> <span class='ocrx_word' id='word_1_682' title='bbox 3258 3580 3320 3633; x_wconf 91' lang='lat' dir='ltr'><strong>de</strong></span> <span class='ocrx_word' id='word_1_683' title='bbox 3347 3580 3559 3650; x_wconf 84' lang='lat' dir='ltr'><strong>pedibus</strong></span> 
     </span>
    </p>
   </div>
   <div class='ocr_carea' id='block_1_98' title="bbox 1979 3667 3558 3739">
    <p class='ocr_par' dir='ltr' id='par_1_98' title="bbox 1979 3667 3558 3739">
     <span class='ocr_line' id='line_1_99' title="bbox 1979 3667 3558 3739; baseline 0.004 -21"><span class='ocrx_word' id='word_1_684' title='bbox 1979 3668 2076 3720; x_wconf 80' lang='lat' dir='ltr'><strong>tuis</strong></span> <span class='ocrx_word' id='word_1_685' title='bbox 2107 3667 2301 3738; x_wconf 74' lang='lat' dir='ltr'><strong>(Exod.</strong></span> <span class='ocrx_word' id='word_1_686' title='bbox 2329 3686 2411 3731; x_wconf 90' lang='grc' dir='ltr'>ιιι,</span> <span class='ocrx_word' id='word_1_687' title='bbox 2444 3667 2527 3736; x_wconf 80' lang='grc'><strong>5);</strong></span> <span class='ocrx_word' id='word_1_688' title='bbox 2561 3678 2616 3722; x_wconf 89' lang='lat' dir='ltr'><strong>et</strong></span> <span class='ocrx_word' id='word_1_689' title='bbox 2642 3669 2784 3737; x_wconf 93' lang='lat' dir='ltr'><strong>quod</strong></span> <span class='ocrx_word' id='word_1_690' title='bbox 2814 3677 3029 3724; x_wconf 89' lang='lat' dir='ltr'><strong>sanctus</strong></span> <span class='ocrx_word' id='word_1_691' title='bbox 3057 3669 3220 3726; x_wconf 86' lang='lat' dir='ltr'><strong>Isaias</strong></span> <span class='ocrx_word' id='word_1_692' title='bbox 3243 3671 3436 3739; x_wconf 90' lang='lat' dir='ltr'><strong>legitur</strong></span> <span class='ocrx_word' id='word_1_693' title='bbox 3463 3687 3558 3724; x_wconf 88' lang='lat' dir='ltr'><strong>nu-</strong></span> 
     </span>
    </p>
   </div>
   <div class='ocr_carea' id='block_1_99' title="bbox 1977 3757 3558 3830">
    <p class='ocr_par' dir='ltr' id='par_1_99' title="bbox 1977 3757 3558 3830">
     <span class='ocr_line' id='line_1_100' title="bbox 1977 3757 3558 3830; baseline 0.005 -20"><span class='ocrx_word' id='word_1_694' title='bbox 1977 3757 2058 3812; x_wconf 86' lang='lat' dir='ltr'><strong>dis</strong></span> <span class='ocrx_word' id='word_1_695' title='bbox 2086 3758 2294 3828; x_wconf 84' lang='lat' dir='ltr'><strong>pedibus</strong></span> <span class='ocrx_word' id='word_1_696' title='bbox 2323 3759 2612 3814; x_wconf 81' lang='lat' dir='ltr'><strong>ambulasse</strong></span> <span class='ocrx_word' id='word_1_697' title='bbox 2655 3759 2789 3830; x_wconf 70' lang='lat' dir='ltr'><strong>(lea.</strong></span> <span class='ocrx_word' id='word_1_698' title='bbox 2836 3776 2906 3814; x_wconf 83' lang='lat' dir='ltr'><strong>xx</strong></span> <span class='ocrx_word' id='word_1_699' title='bbox 2924 3800 2938 3824; x_wconf 94' lang='lat'><strong>,</strong></span> <span class='ocrx_word' id='word_1_700' title='bbox 2981 3759 3060 3830; x_wconf 71' lang='grc'><strong>2).</strong></span> <span class='ocrx_word' id='word_1_701' title='bbox 3091 3761 3215 3816; x_wconf 88' lang='lat' dir='ltr'><strong>Ideo</strong></span> <span class='ocrx_word' id='word_1_702' title='bbox 3243 3761 3299 3816; x_wconf 89' lang='lat' dir='ltr'><strong>hi</strong></span> <span class='ocrx_word' id='word_1_703' title='bbox 3326 3762 3558 3818; x_wconf 80' lang='lat' dir='ltr'><strong>schisma</strong></span> 
     </span>
    </p>
   </div>
   <div class='ocr_carea' id='block_1_100' title="bbox 1975 3836 3326 3923">
    <p class='ocr_par' dir='ltr' id='par_1_100' title="bbox 1975 3836 3326 3923">
     <span class='ocr_line' id='line_1_101' title="bbox 1975 3836 3326 3923; baseline 0.004 -21"><span class='ocrx_word' id='word_1_704' title='bbox 1975 3849 2196 3914; x_wconf 88' lang='lat' dir='ltr'><strong>faciunt,</strong></span> <span class='ocrx_word' id='word_1_705' title='bbox 2229 3840 2482 3923; x_wconf 83' lang='lat' dir='ltr'><strong>quoniam</strong></span> <span class='ocrx_word' id='word_1_706' title='bbox 2510 3852 2779 3906; x_wconf 90' lang='lat' dir='ltr'><strong>calceatos</strong></span> <span class='ocrx_word' id='word_1_707' title='bbox 2806 3836 3183 3908; x_wconf 84' lang='lat' dir='ltr'><strong>condemnant.</strong></span> <span class='ocrx_word' id='word_1_708' title='bbox 3323 3837 3326 3840; x_wconf 50' lang='grc'><em>’</em></span> 
     </span>
    </p>
   </div>
   <div class='ocr_carea' id='block_1_101' title="bbox 2673 3943 2858 3999">
    <p class='ocr_par' dir='ltr' id='par_1_101' title="bbox 2673 3943 2858 3999">
     <span class='ocr_line' id='line_1_102' title="bbox 2673 3943 2858 3999; baseline 0.005 -1"><span class='ocrx_word' id='word_1_709' title='bbox 2673 3943 2858 3999; x_wconf 83' lang='lat' dir='ltr'><strong>LXIX.</strong></span> 
     </span>
    </p>
   </div>
   <div class='ocr_carea' id='block_1_102' title="bbox 2047 4021 3559 4114">
    <p class='ocr_par' dir='ltr' id='par_1_102' title="bbox 2047 4021 3559 4114">
     <span class='ocr_line' id='line_1_103' title="bbox 2047 4021 3559 4114; baseline 0.004 -25"><span class='ocrx_word' id='word_1_710' title='bbox 2047 4035 2104 4090; x_wconf 92' lang='lat' dir='ltr'><strong>In</strong></span> <span class='ocrx_word' id='word_1_711' title='bbox 2133 4038 2518 4106; x_wconf 83' lang='lat' dir='ltr'><strong>sexagesimam</strong></span> <span class='ocrx_word' id='word_1_712' title='bbox 2559 4043 2615 4092; x_wconf 90' lang='lat' dir='ltr'><strong>et</strong></span> <span class='ocrx_word' id='word_1_713' title='bbox 2655 4021 2868 4114; x_wconf 83' lang='lat' dir='ltr'><strong>nonam</strong></span> <span class='ocrx_word' id='word_1_714' title='bbox 2892 4037 3150 4092; x_wconf 66' lang='lat' dir='ltr'><strong>hwresem</strong></span> <span class='ocrx_word' id='word_1_715' title='bbox 3196 4035 3485 4093; x_wconf 74' lang='lat' dir='ltr'><strong>Donatista:</strong></span> <span class='ocrx_word' id='word_1_716' title='bbox 3528 4056 3559 4095; x_wconf 90' lang='lat' dir='ltr'><strong>a</strong></span> 
     </span>
    </p>
   </div>
   <div class='ocr_carea' id='block_1_103' title="bbox 1977 4127 3560 4198">
    <p class='ocr_par' dir='ltr' id='par_1_103' title="bbox 1977 4127 3560 4198">
     <span class='ocr_line' id='line_1_104' title="bbox 1977 4127 3560 4198; baseline 0.004 -18"><span class='ocrx_word' id='word_1_717' title='bbox 1977 4127 2186 4183; x_wconf 87' lang='lat' dir='ltr'><strong>Donato</strong></span> <span class='ocrx_word' id='word_1_718' title='bbox 2215 4130 2389 4184; x_wconf 88' lang='lat' dir='ltr'><strong>exorti</strong></span> <span class='ocrx_word' id='word_1_719' title='bbox 2434 4137 2556 4182; x_wconf 92' lang='lat' dir='ltr'><strong>sunt</strong></span> <span class='ocrx_word' id='word_1_720' title='bbox 2599 4146 2611 4180; x_wconf 87' lang='lat'><strong>:</strong></span> <span class='ocrx_word' id='word_1_721' title='bbox 2657 4128 2769 4198; x_wconf 80' lang='lat' dir='ltr'><strong>qui&#39;</strong></span> <span class='ocrx_word' id='word_1_722' title='bbox 2791 4135 3013 4198; x_wconf 88' lang='lat' dir='ltr'><strong>propter</strong></span> <span class='ocrx_word' id='word_1_723' title='bbox 3040 4128 3342 4183; x_wconf 88' lang='lat' dir='ltr'><strong>ordinatum</strong></span> <span class='ocrx_word' id='word_1_724' title='bbox 3373 4137 3560 4186; x_wconf 87' lang='lat' dir='ltr'><strong>contra</strong></span> 
     </span>
    </p>
   </div>
   <div class='ocr_carea' id='block_1_104' title="bbox 1977 4217 3563 4290">
    <p class='ocr_par' dir='ltr' id='par_1_104' title="bbox 1977 4217 3563 4290">
     <span class='ocr_line' id='line_1_105' title="bbox 1977 4217 3563 4290; baseline 0.003 -19"><span class='ocrx_word' id='word_1_725' title='bbox 1977 4233 2127 4271; x_wconf 88' lang='lat' dir='ltr'><strong>suam</strong></span> <span class='ocrx_word' id='word_1_726' title='bbox 2179 4218 2510 4273; x_wconf 89' lang='lat' dir='ltr'><strong>voluntatem</strong></span> <span class='ocrx_word' id='word_1_727' title='bbox 2556 4217 2899 4274; x_wconf 69' lang='lat' dir='ltr'><strong>Caecilianum</strong></span> <span class='ocrx_word' id='word_1_728' title='bbox 2924 4261 2936 4280; x_wconf 84' lang='lat'><strong>,</strong></span> <span class='ocrx_word' id='word_1_729' title='bbox 2988 4218 3242 4274; x_wconf 67' lang='lat' dir='ltr'><strong>Ecclesiae</strong></span> <span class='ocrx_word' id='word_1_730' title='bbox 3285 4220 3563 4290; x_wconf 85' lang='lat' dir='ltr'><strong>Carthagi-</strong></span> 
     </span>
    </p>
   </div>
   <div class='ocr_carea' id='block_1_105' title="bbox 1977 4307 3564 4380">
    <p class='ocr_par' dir='ltr' id='par_1_105' title="bbox 1977 4307 3564 4380">
     <span class='ocr_line' id='line_1_106' title="bbox 1977 4307 3564 4380; baseline 0.004 -20"><span class='ocrx_word' id='word_1_731' title='bbox 1977 4307 2178 4361; x_wconf 89' lang='lat' dir='ltr'><strong>niensis</strong></span> <span class='ocrx_word' id='word_1_732' title='bbox 2206 4309 2552 4377; x_wconf 90' lang='lat' dir='ltr'><strong>episcopum,</strong></span> <span class='ocrx_word' id='word_1_733' title='bbox 2597 4309 2828 4364; x_wconf 87' lang='lat' dir='ltr'><strong>schisma</strong></span> <span class='ocrx_word' id='word_1_734' title='bbox 2865 4308 3139 4375; x_wconf 85' lang='lat' dir='ltr'><strong>fecerunt,</strong></span> <span class='ocrx_word' id='word_1_735' title='bbox 3173 4310 3486 4380; x_wconf 88' lang='lat' dir='ltr'><strong>objicientes</strong></span> <span class='ocrx_word' id='word_1_736' title='bbox 3512 4313 3564 4367; x_wconf 90' lang='lat' dir='ltr'><strong>ei</strong></span> 
     </span>
    </p>
   </div>
   <div class='ocr_carea' id='block_1_106' title="bbox 1975 4387 3566 4474">
    <p class='ocr_par' dir='ltr' id='par_1_106' title="bbox 1975 4387 3566 4474">
     <span class='ocr_line' id='line_1_107' title="bbox 1975 4387 3566 4474; baseline 0.004 -20"><span class='ocrx_word' id='word_1_737' title='bbox 1975 4397 2202 4454; x_wconf 88' lang='lat' dir='ltr'><strong>crimina</strong></span> <span class='ocrx_word' id='word_1_738' title='bbox 2231 4415 2336 4455; x_wconf 93' lang='lat' dir='ltr'><strong>non</strong></span> <span class='ocrx_word' id='word_1_739' title='bbox 2366 4402 2610 4470; x_wconf 90' lang='lat' dir='ltr'><strong>probata,</strong></span> <span class='ocrx_word' id='word_1_740' title='bbox 2643 4409 2698 4457; x_wconf 92' lang='lat' dir='ltr'><strong>et</strong></span> <span class='ocrx_word' id='word_1_741' title='bbox 2724 4403 2958 4472; x_wconf 80' lang='lat' dir='ltr'><strong>maxime</strong></span> <span class='ocrx_word' id='word_1_742' title='bbox 2982 4402 3128 4474; x_wconf 92' lang='lat' dir='ltr'><strong>quod</strong></span> <span class='ocrx_word' id='word_1_743' title='bbox 3153 4387 3186 4458; x_wconf 87' lang='lat' dir='ltr'><strong>a</strong></span> <span class='ocrx_word' id='word_1_744' title='bbox 3214 4403 3566 4460; x_wconf 80' lang='lat' dir='ltr'><strong>traditorihus</strong></span> 
     </span>
    </p>
   </div>
   <div class='ocr_carea' id='block_1_107' title="bbox 1976 4489 3568 4562">
    <p class='ocr_par' dir='ltr' id='par_1_107' title="bbox 1976 4489 3568 4562">
     <span class='ocr_line' id='line_1_108' title="bbox 1976 4489 3568 4562; baseline 0.006 -18"><span class='ocrx_word' id='word_1_745' title='bbox 1976 4489 2276 4545; x_wconf 91' lang='lat' dir='ltr'><strong>divinarum</strong></span> <span class='ocrx_word' id='word_1_746' title='bbox 2305 4489 2706 4562; x_wconf 89' lang='lat' dir='ltr'><strong>Scripturarum</strong></span> <span class='ocrx_word' id='word_1_747' title='bbox 2735 4493 2894 4549; x_wconf 87' lang='lat' dir='ltr'><strong>fuerit</strong></span> <span class='ocrx_word' id='word_1_748' title='bbox 2913 4493 3216 4552; x_wconf 88' lang='lat' dir='ltr'><strong>ordinatus.</strong></span> <span class='ocrx_word' id='word_1_749' title='bbox 3239 4495 3307 4550; x_wconf 86' lang='lat' dir='ltr'><strong>At</strong></span> <span class='ocrx_word' id='word_1_750' title='bbox 3334 4495 3421 4551; x_wconf 91' lang='lat' dir='ltr'><strong>ubi</strong></span> <span class='ocrx_word' id='word_1_751' title='bbox 3442 4496 3568 4553; x_wconf 85' lang='lat' dir='ltr'><strong>hinc</strong></span> 
     </span>
    </p>
   </div>
   <div class='ocr_carea' id='block_1_108' title="bbox 1882 4582 3602 4666">
    <p class='ocr_par' dir='ltr' id='par_1_108' title="bbox 1882 4582 3602 4666">
     <span class='ocr_line' id='line_1_109' title="bbox 1882 4582 3602 4666; baseline 0.006 -31"><span class='ocrx_word' id='word_1_752' title='bbox 1882 4583 1956 4666; x_wconf 30' lang='lat' dir='ltr'><strong>ID</strong></span> <span class='ocrx_word' id='word_1_753' title='bbox 1979 4583 2196 4638; x_wconf 90' lang='lat' dir='ltr'><strong>mentiri</strong></span> <span class='ocrx_word' id='word_1_754' title='bbox 2225 4582 2458 4638; x_wconf 88' lang='lat' dir='ltr'><strong>convicti</strong></span> <span class='ocrx_word' id='word_1_755' title='bbox 2485 4593 2629 4650; x_wconf 87' lang='lat' dir='ltr'><strong>sunt,</strong></span> <span class='ocrx_word' id='word_1_756' title='bbox 2663 4585 2894 4655; x_wconf 82' lang='lat' dir='ltr'><strong>schisma</strong></span> <span class='ocrx_word' id='word_1_757' title='bbox 2924 4586 2979 4640; x_wconf 92' lang='lat' dir='ltr'><strong>in</strong></span> <span class='ocrx_word' id='word_1_758' title='bbox 3007 4586 3256 4666; x_wconf 75' lang='lat' dir='ltr'><strong>haeresim</strong></span> <span class='ocrx_word' id='word_1_759' title='bbox 3284 4595 3567 4644; x_wconf 84' lang='lat' dir='ltr'><strong>converte-</strong></span> <span class='ocrx_word' id='word_1_760' title='bbox 3597 4583 3602 4588; x_wconf 76' lang='grc'><em>’</em></span> 
     </span>
    </p>
   </div>
   <div class='ocr_carea' id='block_1_109' title="bbox 1978 4671 3580 4752">
    <p class='ocr_par' dir='ltr' id='par_1_109' title="bbox 1978 4671 3580 4752">
     <span class='ocr_line' id='line_1_110' title="bbox 1978 4671 3580 4752; baseline 0.004 -25"><span class='ocrx_word' id='word_1_761' title='bbox 1978 4681 2122 4727; x_wconf 91' lang='lat' dir='ltr'><strong>runt.</strong></span> <span class='ocrx_word' id='word_1_762' title='bbox 2152 4671 2314 4739; x_wconf 89' lang='lat' dir='ltr'><strong>Quasi</strong></span> <span class='ocrx_word' id='word_1_763' title='bbox 2344 4674 2507 4728; x_wconf 90' lang='lat' dir='ltr'><strong>etiam</strong></span> <span class='ocrx_word' id='word_1_764' title='bbox 2543 4677 2586 4729; x_wconf 91' lang='lat' dir='ltr'><strong>si</strong></span> <span class='ocrx_word' id='word_1_765' title='bbox 2615 4691 2743 4731; x_wconf 88' lang='lat' dir='ltr'><strong>vera</strong></span> <span class='ocrx_word' id='word_1_766' title='bbox 2790 4675 3016 4731; x_wconf 80' lang='lat' dir='ltr'><strong>fuissent</strong></span> <span class='ocrx_word' id='word_1_767' title='bbox 3061 4679 3286 4732; x_wconf 87' lang='lat' dir='ltr'><strong>crimina</strong></span> <span class='ocrx_word' id='word_1_768' title='bbox 3315 4678 3368 4732; x_wconf 92' lang='lat' dir='ltr'><strong>in</strong></span> <span class='ocrx_word' id='word_1_769' title='bbox 3397 4678 3580 4752; x_wconf 34' lang='lat' dir='ltr'><strong>Caeci:</strong></span> 
     </span>
    </p>
   </div>
   <div class='ocr_carea' id='block_1_110' title="bbox 1979 4764 3569 4844">
    <p class='ocr_par' dir='ltr' id='par_1_110' title="bbox 1979 4764 3569 4844">
     <span class='ocr_line' id='line_1_111' title="bbox 1979 4764 3569 4844; baseline 0.004 -26"><span class='ocrx_word' id='word_1_770' title='bbox 1979 4764 2143 4831; x_wconf 90' lang='lat' dir='ltr'><strong>liano,</strong></span> <span class='ocrx_word' id='word_1_771' title='bbox 2173 4773 2373 4820; x_wconf 89' lang='lat' dir='ltr'><strong>statum</strong></span> <span class='ocrx_word' id='word_1_772' title='bbox 2402 4781 2558 4820; x_wconf 91' lang='lat' dir='ltr'><strong>suum</strong></span> <span class='ocrx_word' id='word_1_773' title='bbox 2603 4766 2671 4822; x_wconf 91' lang='lat' dir='ltr'><strong>de</strong></span> <span class='ocrx_word' id='word_1_774' title='bbox 2699 4775 2815 4822; x_wconf 93' lang='lat' dir='ltr'><strong>toto</strong></span> <span class='ocrx_word' id='word_1_775' title='bbox 2853 4767 2998 4844; x_wconf 87' lang='lat' dir='ltr'><strong>orbe</strong></span> <span class='ocrx_word' id='word_1_776' title='bbox 3036 4776 3300 4823; x_wconf 88' lang='lat' dir='ltr'><strong>terrarum</strong></span> <span class='ocrx_word' id='word_1_777' title='bbox 3328 4767 3569 4826; x_wconf 87' lang='lat' dir='ltr'><strong>Ecclesia</strong></span> 
     </span>
    </p>
   </div>
   <div class='ocr_carea' id='block_1_111' title="bbox 1979 4859 3568 4938">
    <p class='ocr_par' dir='ltr' id='par_1_111' title="bbox 1979 4859 3568 4938">
     <span class='ocr_line' id='line_1_112' title="bbox 1979 4859 3568 4938; baseline 0.001 -26"><span class='ocrx_word' id='word_1_778' title='bbox 1979 4859 2229 4913; x_wconf 91' lang='lat' dir='ltr'><strong>amittere</strong></span> <span class='ocrx_word' id='word_1_779' title='bbox 2273 4859 2539 4928; x_wconf 87' lang='lat' dir='ltr'><strong>potuisset</strong></span> <span class='ocrx_word' id='word_1_780' title='bbox 2586 4869 2807 4938; x_wconf 90' lang='lat' dir='ltr'><strong>pr0pter</strong></span> <span class='ocrx_word' id='word_1_781' title='bbox 2850 4859 3006 4916; x_wconf 91' lang='lat' dir='ltr'><strong>unius</strong></span> <span class='ocrx_word' id='word_1_782' title='bbox 3033 4860 3282 4936; x_wconf 4' lang='lat' dir='ltr'><strong>(hominis</strong></span> <span class='ocrx_word' id='word_1_783' title='bbox 3325 4862 3568 4930; x_wconf 80' lang='lat' dir='ltr'><strong>culpam;</strong></span> 
     </span>
    </p>
   </div>
   <div class='ocr_carea' id='block_1_112' title="bbox 1981 4948 3566 5024">
    <p class='ocr_par' dir='ltr' id='par_1_112' title="bbox 1981 4948 3566 5024">
     <span class='ocr_line' id='line_1_113' title="bbox 1981 4948 3566 5024; baseline -0.002 -20"><span class='ocrx_word' id='word_1_784' title='bbox 1981 4965 2076 5004; x_wconf 89' lang='lat' dir='ltr'><strong>seu</strong></span> <span class='ocrx_word' id='word_1_785' title='bbox 2105 4965 2285 5004; x_wconf 90' lang='lat' dir='ltr'><strong>veram</strong></span> <span class='ocrx_word' id='word_1_786' title='bbox 2303 4991 2318 5016; x_wconf 97' lang='lat'><strong>,</strong></span> <span class='ocrx_word' id='word_1_787' title='bbox 2349 4966 2476 5018; x_wconf 90' lang='lat' dir='ltr'><strong>seu,</strong></span> <span class='ocrx_word' id='word_1_788' title='bbox 2509 4952 2652 5021; x_wconf 92' lang='lat' dir='ltr'><strong>quod</strong></span> <span class='ocrx_word' id='word_1_789' title='bbox 2680 4953 2850 5024; x_wconf 88' lang='lat' dir='ltr'><strong>magis</strong></span> <span class='ocrx_word' id='word_1_790' title='bbox 2877 4953 3127 5024; x_wconf 89' lang='lat' dir='ltr'><strong>apparuit</strong></span> <span class='ocrx_word' id='word_1_791' title='bbox 3148 4951 3439 5022; x_wconf 88' lang='lat' dir='ltr'><strong>judicibus,</strong></span> <span class='ocrx_word' id='word_1_792' title='bbox 3467 4948 3566 5002; x_wconf 87' lang='lat' dir='ltr'><strong>fal-</strong></span> 
     </span>
    </p>
   </div>
   <div class='ocr_carea' id='block_1_113' title="bbox 1981 5039 3567 5123">
    <p class='ocr_par' dir='ltr' id='par_1_113' title="bbox 1981 5039 3567 5123">
     <span class='ocr_line' id='line_1_114' title="bbox 1981 5039 3567 5123; baseline -0.002 -25"><span class='ocrx_word' id='word_1_793' title='bbox 1981 5058 2124 5108; x_wconf 87' lang='lat' dir='ltr'><strong>sam;</strong></span> <span class='ocrx_word' id='word_1_794' title='bbox 2157 5052 2212 5098; x_wconf 92' lang='lat' dir='ltr'><strong>et</strong></span> <span class='ocrx_word' id='word_1_795' title='bbox 2240 5044 2292 5098; x_wconf 91' lang='lat' dir='ltr'><strong>in</strong></span> <span class='ocrx_word' id='word_1_796' title='bbox 2321 5055 2476 5115; x_wconf 90' lang='lat' dir='ltr'><strong>parte</strong></span> <span class='ocrx_word' id='word_1_797' title='bbox 2503 5039 2750 5102; x_wconf 84' lang='lat' dir='ltr'><strong>Africana</strong></span> <span class='ocrx_word' id='word_1_798' title='bbox 2773 5047 2919 5123; x_wconf 82' lang='lat' dir='ltr'><strong>solus</strong></span> <span class='ocrx_word' id='word_1_799' title='bbox 2939 5047 3178 5101; x_wconf 86' lang='lat' dir='ltr'><strong>Donatus</strong></span> <span class='ocrx_word' id='word_1_800' title='bbox 3197 5041 3434 5112; x_wconf 90' lang='lat' dir='ltr'><strong>potuerit</strong></span> <span class='ocrx_word' id='word_1_801' title='bbox 3459 5049 3567 5096; x_wconf 85' lang='lat' dir='ltr'><strong>sta-</strong></span> 
     </span>
    </p>
   </div>
   <div class='ocr_carea' id='block_1_114' title="bbox 1984 5129 3584 5212">
    <p class='ocr_par' dir='ltr' id='par_1_114' title="bbox 1984 5129 3584 5212">
     <span class='ocr_line' id='line_1_115' title="bbox 1984 5129 3584 5212; baseline 0.001 -24"><span class='ocrx_word' id='word_1_802' title='bbox 1984 5143 2098 5192; x_wconf 91' lang='lat' dir='ltr'><strong>tum</strong></span> <span class='ocrx_word' id='word_1_803' title='bbox 2127 5135 2378 5192; x_wconf 73' lang='lat' dir='ltr'><strong>Ecclesia:</strong></span> <span class='ocrx_word' id='word_1_804' title='bbox 2407 5152 2758 5203; x_wconf 87' lang='lat' dir='ltr'><strong>conservare,</strong></span> <span class='ocrx_word' id='word_1_805' title='bbox 2789 5137 2855 5190; x_wconf 91' lang='lat' dir='ltr'><strong>de</strong></span> <span class='ocrx_word' id='word_1_806' title='bbox 2883 5143 2998 5189; x_wconf 92' lang='lat' dir='ltr'><strong>toto</strong></span> <span class='ocrx_word' id='word_1_807' title='bbox 3019 5141 3199 5212; x_wconf 79' lang='lat' dir='ltr'><strong>autem</strong></span> <span class='ocrx_word' id='word_1_808' title='bbox 3228 5129 3362 5184; x_wconf 91' lang='lat' dir='ltr'><strong>orbe</strong></span> <span class='ocrx_word' id='word_1_809' title='bbox 3390 5137 3584 5190; x_wconf 74' lang='lat' dir='ltr'><strong>terra-.</strong></span> 
     </span>
    </p>
   </div>
   <div class='ocr_carea' id='block_1_115' title="bbox 1983 5220 3569 5301">
    <p class='ocr_par' dir='ltr' id='par_1_115' title="bbox 1983 5220 3569 5301">
     <span class='ocr_line' id='line_1_116' title="bbox 1983 5220 3569 5301; baseline -0.002 -17"><span class='ocrx_word' id='word_1_810' title='bbox 1983 5245 2103 5284; x_wconf 91' lang='lat' dir='ltr'><strong>rum</strong></span> <span class='ocrx_word' id='word_1_811' title='bbox 2133 5229 2201 5285; x_wconf 87' lang='lat' dir='ltr'><strong>sit</strong></span> <span class='ocrx_word' id='word_1_812' title='bbox 2220 5229 2428 5286; x_wconf 89' lang='lat' dir='ltr'><strong>deletus</strong></span> <span class='ocrx_word' id='word_1_813' title='bbox 2457 5239 2772 5301; x_wconf 86' lang='lat' dir='ltr'><strong>sanctorum</strong></span> <span class='ocrx_word' id='word_1_814' title='bbox 2792 5224 3156 5296; x_wconf 89' lang='lat' dir='ltr'><strong>apostolorum</strong></span> <span class='ocrx_word' id='word_1_815' title='bbox 3185 5220 3339 5277; x_wconf 88' lang='lat' dir='ltr'><strong>labor</strong></span> <span class='ocrx_word' id='word_1_816' title='bbox 3363 5231 3419 5278; x_wconf 93' lang='lat' dir='ltr'><strong>et</strong></span> <span class='ocrx_word' id='word_1_817' title='bbox 3447 5239 3569 5294; x_wconf 84' lang='lat' dir='ltr'><strong>pas-</strong></span> 
     </span>
    </p>
   </div>
   <div class='ocr_carea' id='block_1_116' title="bbox 1984 5313 3570 5393">
    <p class='ocr_par' dir='ltr' id='par_1_116' title="bbox 1984 5313 3570 5393">
     <span class='ocr_line' id='line_1_117' title="bbox 1984 5313 3570 5393; baseline -0.003 -18"><span class='ocrx_word' id='word_1_818' title='bbox 1984 5321 2066 5375; x_wconf 92' lang='lat' dir='ltr'><strong>sio</strong></span> <span class='ocrx_word' id='word_1_819' title='bbox 2093 5327 2406 5393; x_wconf 89' lang='lat' dir='ltr'><strong>martyrum.</strong></span> <span class='ocrx_word' id='word_1_820' title='bbox 2440 5321 2608 5375; x_wconf 89' lang='lat' dir='ltr'><strong>Immo</strong></span> <span class='ocrx_word' id='word_1_821' title='bbox 2643 5321 2755 5389; x_wconf 89' lang='lat' dir='ltr'><strong>ipse</strong></span> <span class='ocrx_word' id='word_1_822' title='bbox 2785 5313 3082 5370; x_wconf 88' lang='lat' dir='ltr'><strong>Salvatoris</strong></span> <span class='ocrx_word' id='word_1_823' title='bbox 3118 5313 3288 5369; x_wconf 91' lang='lat' dir='ltr'><strong>nostri</strong></span> <span class='ocrx_word' id='word_1_824' title='bbox 3318 5329 3480 5370; x_wconf 91' lang='lat' dir='ltr'><strong>cruor</strong></span> <span class='ocrx_word' id='word_1_825' title='bbox 3503 5313 3570 5372; x_wconf 88' lang='lat' dir='ltr'><strong>ad</strong></span> 
     </span>
    </p>
   </div>
   <div class='ocr_carea' id='block_1_117' title="bbox 1986 5405 3570 5480">
    <p class='ocr_par' dir='ltr' id='par_1_117' title="bbox 1986 5405 3570 5480">
     <span class='ocr_line' id='line_1_118' title="bbox 1986 5405 3570 5480; baseline -0.003 -11"><span class='ocrx_word' id='word_1_826' title='bbox 1986 5414 2409 5470; x_wconf 90' lang='lat' dir='ltr'><strong>conservandum</strong></span> <span class='ocrx_word' id='word_1_827' title='bbox 2451 5420 2650 5468; x_wconf 83' lang='lat' dir='ltr'><strong>coetum</strong></span> <span class='ocrx_word' id='word_1_828' title='bbox 2687 5405 2964 5464; x_wconf 72' lang='lat' dir='ltr'><strong>catholica:</strong></span> <span class='ocrx_word' id='word_1_829' title='bbox 2985 5406 3123 5480; x_wconf 23' lang='lat' dir='ltr'><strong>.ﬁdei</strong></span> <span class='ocrx_word' id='word_1_830' title='bbox 3153 5405 3382 5474; x_wconf 87' lang='lat' dir='ltr'><strong>defecit,</strong></span> <span class='ocrx_word' id='word_1_831' title='bbox 3410 5424 3570 5478; x_wconf 84' lang='lat' dir='ltr'><strong>quem</strong></span> 
     </span>
    </p>
   </div>
   <div class='ocr_carea' id='block_1_118' title="bbox 1987 5497 3570 5570">
    <p class='ocr_par' dir='ltr' id='par_1_118' title="bbox 1987 5497 3570 5570">
     <span class='ocr_line' id='line_1_119' title="bbox 1987 5497 3570 5570; baseline -0.006 -10"><span class='ocrx_word' id='word_1_832' title='bbox 1987 5505 2136 5560; x_wconf 86' lang='lat' dir='ltr'><strong>solus</strong></span> <span class='ocrx_word' id='word_1_833' title='bbox 2156 5505 2392 5562; x_wconf 91' lang='lat' dir='ltr'><strong>Donatus</strong></span> <span class='ocrx_word' id='word_1_834' title='bbox 2413 5517 2533 5557; x_wconf 92' lang='lat' dir='ltr'><strong>cum</strong></span> <span class='ocrx_word' id='word_1_835' title='bbox 2560 5497 2849 5567; x_wconf 88' lang='lat' dir='ltr'><strong>aliquantis</strong></span> <span class='ocrx_word' id='word_1_836' title='bbox 2869 5497 3212 5556; x_wconf 87' lang='lat' dir='ltr'><strong>asellionibus</strong></span> <span class='ocrx_word' id='word_1_837' title='bbox 3234 5509 3256 5538; x_wconf 73' lang='grc' dir='ltr'>ε</span> <span class='ocrx_word' id='word_1_838' title='bbox 3279 5497 3570 5570; x_wconf 82' lang='lat' dir='ltr'><strong>Byzacenis</strong></span> 
     </span>
    </p>
   </div>
   <div class='ocr_carea' id='block_1_119' title="bbox 2058 5610 3566 5768">
    <p class='ocr_par' dir='ltr' id='par_1_119' title="bbox 2058 5610 3566 5768">
     <span class='ocr_line' id='line_1_120' title="bbox 2058 5610 3566 5768; baseline -0.01 -64"><span class='ocrx_word' id='word_1_839' title='bbox 2058 5656 2080 5684; x_wconf 74' lang='grc' dir='ltr'><em>ε</em></span> <span class='ocrx_word' id='word_1_840' title='bbox 2112 5645 2268 5714; x_wconf 86' lang='lat' dir='ltr'><strong>Quod</strong></span> <span class='ocrx_word' id='word_1_841' title='bbox 2283 5640 2560 5768; x_wconf 76' lang='lat' dir='ltr'><strong>5Byzaceni</strong></span> <span class='ocrx_word' id='word_1_842' title='bbox 2586 5610 2804 5694; x_wconf 88' lang='lat' dir='ltr'><strong>ararent</strong></span> <span class='ocrx_word' id='word_1_843' title='bbox 2825 5639 2998 5696; x_wconf 89' lang='lat' dir='ltr'><strong>asino.</strong></span> <span class='ocrx_word' id='word_1_844' title='bbox 3016 5637 3451 5710; x_wconf 84' lang='lat' dir='ltr'><strong>Testis-Plinius,</strong></span> <span class='ocrx_word' id='word_1_845' title='bbox 3473 5635 3566 5690; x_wconf 88' lang='lat' dir='ltr'><strong>lib.</strong></span> 
     </span>
     <span class='ocr_line' id='line_1_121' title="bbox 2058 5728 3361 5768; baseline 0 0"><span class='ocrx_word' id='word_1_846' title='bbox 2058 5731 2112 5768; x_wconf 89' lang='grc'><strong>11.</strong></span> <span class='ocrx_word' id='word_1_847' title='bbox 2135 5733 2258 5768; x_wconf 86' lang='lat' dir='ltr'><strong>can.</strong></span> <span class='ocrx_word' id='word_1_848' title='bbox 2322 5754 2334 5768; x_wconf 86' lang='lat'><strong>.</strong></span> <span class='ocrx_word' id='word_1_849' title='bbox 3118 5765 3123 5768; x_wconf 38' lang='grc' dir='ltr'>λ</span> <span class='ocrx_word' id='word_1_850' title='bbox 3358 5728 3361 5730; x_wconf 71' lang='grc'><em>’</em></span> 
     </span>
    </p>
   </div>
   <div class='ocr_carea' id='block_1_120' title="bbox 1985 5728 3361 5785">
    <p class='ocr_par' dir='ltr' id='par_1_120' title="bbox 1985 5728 3361 5785">
     <span class='ocr_line' id='line_1_122' title="bbox 1985 5728 3361 5785; baseline 0 -15"><span class='ocrx_word' id='word_1_851' title='bbox 1985 5731 2112 5782; x_wconf 87' lang='lat' dir='ltr'><strong>xvn,</strong></span> <span class='ocrx_word' id='word_1_852' title='bbox 2135 5733 2258 5785; x_wconf 86' lang='lat' dir='ltr'><strong>cap.</strong></span> <span class='ocrx_word' id='word_1_853' title='bbox 2283 5728 2334 5768; x_wconf 68' lang='grc' dir='ltr'><strong>θ.</strong></span> <span class='ocrx_word' id='word_1_854' title='bbox 3118 5765 3123 5773; x_wconf 81' lang='grc'><em>,</em></span> <span class='ocrx_word' id='word_1_855' title='bbox 3358 5728 3361 5730; x_wconf 88' lang='grc'>·</span> 
     </span>
    </p>
   </div>
   <div class='ocr_carea' id='block_1_121' title="bbox 2103 5927 2228 5943">
    <p class='ocr_par' dir='ltr' id='par_1_121' title="bbox 2103 5927 2228 5943">
     <span class='ocr_line' id='line_1_123' title="bbox 2103 5927 2228 5943; baseline -0.008 0"><span class='ocrx_word' id='word_1_856' title='bbox 2103 5927 2228 5943; x_wconf 60' lang='grc' dir='ltr'>ιιι-,σα</span> 
     </span>
    </p>
   </div>
  </div>
