4238 6260
683 291 781 387 an

683 506 791 577 quo
811 517 973 574 opere
994 507 1051 556 et
1070 505 1487 569 pnesumptores
1506 511 1566 553 se
1587 505 1641 552 et
1656 496 1990 552 damnabiles
2011 512 2264 569 compro-

682 593 895 658 barunt,
919 605 1039 647 cum
1069 588 1321 645 Ecclesia:
1350 588 1635 643 universali
1661 588 1834 644 sciant
1859 587 2142 659 placuisse,
2169 605 2269 646 nec

681 685 734 739 in
757 683 887 753 ipsis
914 680 1182 736 hazreticis
1207 679 1546 751 baptismatis
1572 680 1776 734 violare
1796 681 2068 736 virtutem.
2095 679 2268 751 Hujus

682 773 904 829 haeresis
932 771 1232 842 principem
1262 771 1487 839 legimus
1524 770 1790 826 Donatum
1826 788 1836 823 :
1869 770 1961 841 qui
1989 770 2057 827 de
2084 770 2269 827 Numi-

681 863 767 919 dia
792 863 1015 920 veniens
1042 859 1439 930 Carthaginem,
1458 869 1513 916 et
1538 868 1724 916 contra
1742 859 2087 916 Caecilianum
2115 859 2271 916 Chri-

682 957 748 1013 sti
778 955 1020 1011 dividens
1046 954 1280 1025 plebem,
1304 953 1600 1022 adjungens
1628 953 1729 1008 sibi
1757 953 1996 1023 ejusdem
2027 954 2273 1010 factionis

682 1049 984 1118 episcopos,
1019 1055 1044 1083 η
1072 1044 1393 1114 Majorinum
1440 1044 1657 1099 nomine
1697 1044 1751 1097 in
1795 1060 1890 1098 sua
1938 1040 2092 1114 parte
2132 1042 2274 1114 apud

682 1138 1061 1209 Carthaginem
1090 1138 1358 1194 ordinavit
1386 1138 1717 1207 episcopum.
1751 1137 1845 1191 Cui
1875 1136 2138 1206 Majorino
2168 1136 2274 1190 Do-

681 1240 839 1289 natus
878 1232 1014 1286 aiius
1056 1230 1116 1284 in
1162 1229 1352 1285 eadem
1400 1228 1661 1283 divisione
1703 1229 1998 1284 successit:
2031 1229 2123 1303 qui
2162 1229 2274 1284 elo-

686 1323 907 1393 quentia
948 1336 1044 1376 sua
1084 1320 1162 1376 sic
1201 1317 1540 1375 confirmavit
1564 1318 1707 1373 hanc
1734 1318 1998 1385 hzeresim,
2028 1326 2087 1372 ut
2123 1317 2276 1372 multi

683 1412 993 1467 existiment
1020 1411 1088 1466 de
1115 1411 1233 1481 ipso
1271 1411 1451 1480 potius
1489 1410 1800 1463 Donatistas
1849 1409 2057 1463 initium
2100 1410 2272 1464 haere-

682 1519 805 1559 seos
849 1504 1219 1574 assumpsisse.
1269 1501 1494 1556 Exstant
1539 1501 1698 1557 hodie
1752 1503 1947 1571 scripta
1993 1500 2140 1571 ejus,
2185 1501 2275 1557 ubi

684 1594 713 1634 ιι
737 1595 995 1667 probatur
1034 1594 1087 1648 in
1125 1593 1394 1648 Trinitate
1420 1600 1608 1647 contra
1638 1592 1792 1647 fidem
1822 1593 2139 1648 catholicam
2180 1609 2273 1647 su-

666 1686 935 1757 scepisse.
968 1685 1035 1739 Et
1055 1685 1299 1754 quamvis
1328 1684 1485 1738 unius
1513 1685 1824 1739 substantia:
1844 1683 1985 1738 dicat
2011 1684 2065 1738 in
2093 1682 2274 1737 Trini-

1358 352 1361 355 .
1682 284 2055 349 ANONYMUS
2096 288 2371 353 AUCTOR
2414 284 2954 347 ΡΒιΕΒΕδΤΙΝΔΤΙ.

684 408 932 474 obtinuit.
961 411 1030 467 Et
1058 392 1176 467 ideo
1206 408 1319 465 ausi
1346 392 1471 462 sunt
1498 407 1835 479 rebaptizare
1864 406 2177 462 catholicos.
2210 405 2269 461 in
2296 412 2346 470 Α
2375 408 2475 460 tirc
2502 412 2799 475 cmperunt,
2851 418 2959 457 non
3008 401 3075 456 de
3113 400 3450 471 baptismatis
3495 409 3590 455 aut
3630 400 3757 457 ﬁdei
3795 409 3976 459 trans-

2375 498 2651 568 gressione
2679 511 2800 552 sese
2822 495 2891 549 ah
2911 493 3153 549 Ecclesia
3183 492 3548 547 absciderunt.

2398 572 2399 575 ‘
3081 582 3243 639 LXX.

2443 680 2905 753 Septuagesimam
2931 675 3180 733 haeresim
3210 672 3667 730 Priscillianorum
3696 674 3842 746 apud
3871 674 3965 731 Hi-

2374 788 2571 851 spanos
2609 770 2973 826 Prisciiiianus
3029 766 3235 855 legitur~
3274 767 3576 821 inchoasse.
3635 764 3703 820 lli
3760 767 3969 824 animas

2374 864 2566 919 divinae
2591 868 2797 918 natura:
2824 859 3110 915 afﬁrmant.
3144 858 3290 926 Quas
3316 856 3383 912 ad
3410 871 3642 926 agonem
3680 857 3970 928 quemdam

2375 964 2730 1029 spontaneum
2760 955 2814 1009 in
2844 953 3003 1008 terris
3026 950 3410 1030 exercendum,
3437 962 3537 1021 per
3563 938 3775 1023 septem
3803 949 3969 1006 cmlos

2376 1058 2431 1105 et
2464 1065 2561 1123 per
2598 1046 2855 1121 quosdam
2883 1046 3143 1116 gradatim
3182 1043 3367 1125 dicunt
3402 1042 3732 1099 descendere
3760 1043 3969 1114 princi-

2376 1149 2553 1212 patus,
2578 1138 2653 1201 et
2689 1139 2743 1193 in
2789 1137 3082 1206 malignum
3113 1135 3421 1205 principem
3458 1134 3737 1190 incurrere
3784 1151 3817 1189 a
3864 1149 3975 1207 quo

2379 1234 2537 1290 istum
2566 1230 2822 1287 mundum
2850 1230 3047 1285 factum
3077 1228 3284 1292 volunt,
3309 1235 3472 1297 atque
3499 1228 3567 1282 ab
3594 1226 3702 1282 hoc
3727 1226 3973 1298 principe

2378 1341 2477 1396 per
2503 1324 2714 1379 diversa
2742 1321 2920 1377 carnis
2957 1334 3185 1390 corpora
3214 1318 3488 1373 seminari.
3520 1317 3787 1373 Asserunt
3805 1318 3968 1373 etiam

2378 1414 2627 1469 fatalibus
2652 1412 2825 1467 stellis
2852 1410 3099 1467 homines
3135 1409 3434 1477 colligatos,
3466 1410 3749 1479 ipsumque
3779 1425 3971 1481 corpus

2381 1513 2623 1563 nostrum
2664 1501 2958 1563 secundum
3004 1499 3287 1555 duodecim
3327 1500 3477 1567 signa
3510 1499 3634 1555 θαιΙὶ
3661 1513 3784 1555 esse
3819 1514 3971 1555 com-

2378 1599 2634 1668 positum,
2667 1595 2894 1652 Prorsus
2923 1595 3062 1649 sicut
3090 1594 3126 1648 ii
3157 1593 3249 1661 qui
3284 1589 3647 1646 Mathematici
3689 1592 3848 1660 vulgo
3875 1606 3973 1662 ap-

2380 1695 2667 1766 pellantur,
2699 1691 3035 1751 constituunt
3070 1689 3126 1749 in
3162 1688 3339 1759 capite
3374 1686 3621 1750 arietem,
3663 1692 3872 1740 taurum
3916 1685 3973 1741 in

685 1786 798 1834 tate
840 1777 1011 1833 Deum
1058 1776 1293 1839 Patrem,
1336 1784 1516 1831 tamen
1567 1774 1827 1844 majorem
1876 1774 2033 1840 Filio,
2083 1773 2607 1851 Filium‘Bc'emce,
2638 1784 2879 1855 geminos
2928 1782 2980 1836 in
3029 1780 3286 1845 humeris,
3325 1790 3579 1833 cancrum
3628 1776 3681 1831 in
3727 1784 3967 1847 pectore,

683 1867 943 1937 majorem
974 1868 1176 1938 Spiritu
1213 1875 1403 1922 sancto
1437 1866 1757 1921 confirmare
1789 1865 2034 1920 tentavit.
2076 1863 2195 1921 Sed.
2220 1866 2275 1920 in

684 1961 829 2016 hunc
868 1975 1108 2016 errorem
1149 1959 1271 2015 ideo
1314 1959 1492 2014 nullus
1528 1958 1596 2013 de
1633 1959 1833 2028 populo
1862 1957 1978 2028 ejus
2020 1958 2297 2023 attendit,‘

682 2053 809 2122 quia
850 2052 954 2107 alia
997 2059 1117 2106 erat
1161 2050 1388 2105 intentio
1436 2049 1577 2105 inter
1625 2056 1826 2125 partes.
1860 2048 1925 2102 lli
1954 2048 2189 2104 hmretici
2220 2048 2272 2103 in

683 2145 928 2216 partibus
972 2142 1139 2199 Italiae.
1186 2134 1456 2199 Monteses
1504 2142 1861 2213 appellantur,
1914 2142 1967 2196 in
2018 2141 2275 2196 interiore

683 2236 865 2292 Africa
910 2234 1270 2301 Parmeniani,
1304 2237 1358 2290 in
1396 2234 1825 2303 Carthaginiensi
1857 2233 2166 2288 Donatistae.
2216 2231 2273 2287 In

685 2328 965 2397 utriusque
992 2327 1251 2382 Numidiae
1278 2326 1520 2398 partibus
1542 2326 1742 2380 habent
1770 2325 1934 2380 veluti
1960 2324 2271 2387 monachos,

683 2433 821 2488 quos
846 2418 1319 2475 Circumcelliones
1344 2433 1619 2484 vocamus,
1645 2426 1883 2486 agrestes
1902 2424 1958 2471 et
1985 2416 2277 2471 audacissi-

684 2524 803 2567 mos
829 2511 1135 2566 dasmonum
1162 2510 1424 2566 famulos:
1453 2512 1545 2583 qui
1575 2500 1882 2565 non‘soium
1907 2510 1960 2563 in
1983 2508 2119 2564 alios
2138 2510 2275 2564 acri-

684 2611 770 2659 ter
798 2603 1041 2669 smviunt,
1064 2590 1259 2658 verum
1298 2603 1461 2658 etiam
1508 2601 1608 2657 sibi
1657 2603 1785 2673 ipsis
1826 2602 2008 2656 miseri
2046 2602 2274 2656 omnino

684 2709 792 2751 non
839 2701 1088 2765 parcunt.
1131 2688 1265 2748 Nam
1303 2707 1402 2765 per
1443 2699 1649 2748 mortes
1688 2693 1886 2757 varias,
1935 2690 2276 2760 maximeque

683 2785 1123 2858 praecipitiorum,
1174 2774 1249 2840 et
1274 2800 1552 2857 aquarum,
1586 2794 1640 2841 et
1669 2785 1891 2854 ignium,
1922 2800 2041 2840 sese
2070 2784 2275 2839 interii-

684 2892 811 2933 cere
842 2885 1192 2942 consuerunt,
1217 2884 1273 2932 et
1302 2877 1371 2933 ad
1396 2878 1535 2932 hunc
1560 2877 1762 2932 exitum
1793 2893 1858 2932 ex
1889 2885 2118 2945 utroque
2140 2874 2275 2931 seXu

684 2979 915 3039 quantos
960 2970 1235 3040 potuerint
1279 2969 1558 3025 seducunt.
1603 2952 1904 3039 Aliquando
1951 2968 2111 3023 etiam
2140 2984 2275 3038 quos

686 3059 988 3115 invenerint
1022 3069 1215 3129 rogant
1243 3068 1301 3114 ut
1331 3062 1397 3116 ab
1431 3062 1508 3115 eis
1550 3062 1881 3127 occidantur,
1914 3068 2143 3115 mortem
2173 3058 2274 3122 nisi

2380 1884 2435 1932 et
2454 1883 2647 1931 cetera
2680 1873 2994 1928 nominatim
3023 1872 3171 1940 signa
3194 1876 3572 1941 percurrentes
3600 1867 3666 1923 ad
3686 1867 3913 1938 plantas,
3937 1883 3969 1923 a

2378 1969 2531 2043 signo
2557 1965 2754 2025 Christi
2783 1964 2853 2021 ad
2890 1966 3041 2037 signa
3082 1974 3103 2001 ο
3136 1961 3394 2031 astrologi
3432 1961 3813 2030 migraverunt.
3845 1958 3972 2017 Hac

2379 2067 2433 2114 et
2463 2058 2565 2115 alia
2594 2056 2834 2113 fabulosa
2865 2063 2919 2111 et
2946 2071 3085 2109 vana
3132 2055 3301 2115 multa
3338 2052 3670 2123 contingunt.
3706 2051 3913 2109 Uxores
3935 2068 3973 2108 ι

2379 2152 2506 2206 viris
2533 2166 2668 2219 quas
2696 2148 2974 2221 potuerint
3002 2152 3275 2219 separant.
3297 2144 3502 2201 Carnes
3530 2145 3667 2200 sicut
3694 2143 3971 2201 Manichaei

2378 2234 2604 2317 fugiunt.
2638 2241 2988 2313 Apocryphas
3016 2239 3177 2294 simul
3203 2254 3326 2299 cum
3364 2237 3642 2294 canonicis
3679 2236 3971 2308 Scripturis

2379 2334 2665 2409 accipiunt,
2705 2341 2761 2387 et
2803 2333 2855 2387 in
2902 2348 3093 2389 sensus
3140 2348 3269 2386 suos
3309 2330 3704 2400 allegorizando
3742 2343 3975 2385 conver-

2379 2432 2517 2480 tunt.
2550 2423 2870 2480 Trinitatem
2900 2430 3100 2489 autem,
3144 2422 3284 2477 sicut
3330 2420 3631 2486 Sabeiiiani,
3665 2420 3843 2489 ipsum
3865 2419 3971 2475 sibi

2379 2515 2612 2580 Patrem,
2646 2513 2819 2584 ipsum
2847 2513 2948 2567 sibi
2976 2511 3190 2578 Filium,
3226 2512 3402 2581 ipsum
3429 2508 3526 2565 sibi
3566 2515 3811 2563 sanctum
3843 2508 3970 2577 Spi-

2376 2609 2541 2679 ritum
2561 2606 2904 2663 conﬁtentur.

2449 2788 2907 2861 Septuagesimam
2950 2795 3006 2842 et
3049 2693 3274 2858 ἐξ]ῗῷ
3304 2784 3552 2840 haeresim
3582 2782 3855 2852 Adeiofagi
3884 2798 3967 2837 m-

2377 2881 2657 2945 choarunt,
2681 2878 2918 2934 dicentes
2939 2894 3047 2932 non
3068 2876 3267 2933 debere
3288 2878 3361 2931 ita
3381 2876 3561 2932 cibum
3585 2890 3795 2934 sumere
3812 2873 3983 2928 Chri-'

2380 2972 2634 3036 stianum,
2661 2981 2718 3025 ut
2746 2970 2812 3024 ab
2852 2968 2958 3024 aiio
2996 2968 3241 3033 videatur
3281 2966 3406 3025 dum
3446 2968 3700 3025 comedit.
3745 2966 3812 3021 Et
3852 2968 3966 3023 haec

2378 3065 2494 3120 sola
2519 3079 2681 3119 causa
2710 3079 2804 3118 eos
2830 3062 2897 3117 ab
2927 3060 3166 3118 Ecclesia
3194 3077 3446 3133 separare
3472 3060 3818 3130 dignoscitur.
3848 3058 3975 3113 Tri-'

685 3151 911 3207 fecerint
938 3154 1345 3209 comminantes.
1390 3152 1543 3218 Quod
1587 3168 1773 3207 verum
1805 3161 1906 3217 est,
1954 3152 2135 3208 multis
2164 3151 2272 3206 Do-
2296 3158 2346 3225 α
2379 3156 2604 3210 nitatem
2644 3154 2787 3209 enim
2831 3152 3071 3222 ejusdem
3105 3151 3418 3209 substantia:
3457 3151 3792 3207 confitentur.
3826 3148 3967 3220 Ege-

685 3245 1004 3299 natistarum
1024 3245 1308 3313 diSpIicent
1337 3244 1469 3298 tales
1502 3261 1514 3295 :
1548 3244 1642 3297 sed
1663 3244 1766 3298 hoc
1792 3245 1978 3308 verbo,
2011 3259 2117 3297 non
2141 3258 2275 3312 ope-

686 3349 767 3389 re.
798 3333 933 3388 Nam
951 3334 998 3388 si
1017 3348 1144 3388 vere
1169 3333 1531 3403 displicerent,
1565 3334 1749 3401 utique
1779 3333 1971 3388 talibus
2001 3349 2108 3387 non
2130 3349 2274 3388 com-

687 3425 1043 3492 municarent,
1088 3426 1179 3495 qui
1232 3441 1329 3496 per
1373 3432 1545 3480 totum
1593 3424 1778 3479 orbem
1826 3423 2079 3480 Ecclesiis
2118 3426 2275 3489 unius

683 3516 954 3573 Caeciliani
974 3519 1175 3573 crimen
1203 3518 1523 3588 impingunt.
1546 3514 1677 3571 Nam
1701 3525 1755 3571 et
1776 3517 1913 3572 inter
1940 3532 1998 3572 se
2023 3497 2274 3586 fretiucn‘

684 3617 766 3665 ter
813 3609 1047 3665 habuere
1100 3609 1337 3664 dissidia.
1385 3596 1814 3681 Denique‘apud
1865 3608 2271 3678 Carthaginem,

684 3701 1015 3772 temporibus
1043 3700 1343 3757 Iieracliani
1368 3701 1598 3769 comitis,
1625 3719 1746 3757 cum
1772 3701 2125 3758 Maximianus
2146 3719 2275 3759 con-

684 3786 767 3847 tra
809 3791 1159 3859 Primianum,
1204 3793 1270 3848 ab
1311 3792 1549 3864 ejusdem
1603 3796 1802 3849 erroris
1848 3803 2061 3849 centum
2108 3793 2276 3849 ferme

686 3885 952 3955 episcopis
1000 3886 1297 3952 ordinatus,
1321 3902 1359 3939 'a
1394 3886 1614 3959 reliquis
1655 3886 1906 3941 trecentis
1935 3885 2119 3940 decem
2162 3884 2275 3954 epi-

682 3978 861 4049 scopis
906 3979 998 4048 qui
1047 3979 1372 4033 ordinationi
1428 3978 1543 4046 ejus
1595 3978 1820 4032 crimina
1875 3976 2269 4046 impingebaut,

606 4050 619 4059 ’
683 4068 871 4125 fuisset
915 4069 1216 4133 damnatus,
1262 4068 1445 4123 docuit
1484 4068 1739 4136 populum
1776 4065 1869 4135 qui
1908 4081 2032 4119 eum
2076 4081 2272 4137 seque-

684 4159 861 4226 batur,
891 4160 1052 4214 etiam
1078 4168 1230 4213 extra
1261 4150 1554 4212 Ecclesium
1591 4155 1704 4210 dari
1753 4170 1912 4226 posse
1947 4156 2273 4227 baptismum

682 4249 898 4306 Christi.
932 4248 1188 4318 Denique,
1218 4250 1521 4318 quicunque
1550 4255 1642 4301 aut
1676 4261 1707 4300 a
1736 4245 2008 4301 Primiano
2041 4247 2109 4302 ad
2156 4246 2270 4302 Ma-

681 4339 973 4395 ximianum
1002 4330 1152 4407 abiit,
1182 4347 1275 4393 aut
1303 4322 1685 4391 a'biaximiano
1704 4337 1770 4391 ad
1792 4335 2138 4407 Primianum,
2165 4356 2272 4395 non

680 4438 763 4485 cst
806 4432 1004 4486 iterum
1052 4429 1355 4506 baptiaatus
1384 4429 1450 4482 ab
1490 4443 1555 4483 eo
1583 4428 1675 4498 qui
1704 4435 1895 4484 contra
1942 4431 2271 4485 voluntatem

2380 3255 2507 3303 runt
2534 3261 2657 3304 cum
2685 3245 2764 3301 eis
2788 3245 3028 3317 episcopi
3057 3243 3124 3299 de
3158 3239 3394 3317 Epheso.

3063 3330 3270 3390 LXXII.

2446 3418 2904 3499 Septuagesimam
2954 3434 3009 3481 et
3054 3425 3344 3485 secundam
3392 3425 3637 3482 luereslm
3679 3426 3971 3482 Rhetoria-

2377 3535 2588 3584 norum,
2640 3535 2670 3573 a
2717 3518 2980 3575 Rhetorio
3033 3519 3338 3574 inchoatam
3386 3517 3654 3575 Philastro
3700 3520 3967 3575 scribente

2376 3611 2695 3670 invenimus.
2744 3610 2810 3666 lii
2856 3609 2925 3666 ad
2971 3617 3177 3667 tantam
3224 3611 3511 3666 vanitatem
3542 3611 3779 3666 devoluti
3819 3619 3962 3677 sunt,

2376 3710 2435 3758 ut
2463 3703 2642 3761 dicant
2682 3720 2871 3761 omnes
2910 3704 3191 3761 haereticos
3232 3711 3376 3759 recte
3416 3703 3559 3773 apud
3602 3704 3769 3758 Deum
3811 3704 3967 3760 ince-

2374 3795 2521 3861 dere,
2550 3797 2673 3868 quia
2720 3796 2825 3851 hoc
2867 3796 2920 3850 in
2968 3812 3154 3851 eorum
3194 3793 3455 3851 mentibus
3500 3794 3680 3849 datum
3709 3803 3792 3849 est
3834 3780 3973 3854 :sic’

2374 3887 2556 3965 colunt
2584 3887 2752 3942 Deum
2782 3888 2919 3943 sicut
2948 3896 3191 3961 possunt.
3222 3885 3382 3943 Error
3408 3902 3593 3944 eorum
3623 3887 3779 3944 nobis
3809 3887 3967 3944 vide~

2376 3986 2462 4031 tur
2506 3976 2941 4047 reprehensibiiis
2977 3998 2989 4032 :
3022 3979 3164 4050 apud
3200 3978 3368 4034 Deum
3414 3986 3611 4042 autem,
3659 3993 3760 4034 nec
3807 3992 3965 4033 error

2373 4077 2472 4135 est,
2505 4083 2604 4123 nec
2630 4069 2973 4141 vituperatio.
3004 4068 3071 4129 Hi
3109 4070 3214 4126 hoc
3243 4069 3505 4126 docentur
3524 4085 3554 4124 a
3584 4069 3695 4125 suis
3726 4062 3973 4125 doctori-4

2371 4159 2492 4223 bus,
2540 4169 2599 4215 ut
2646 4167 2842 4231 praeter
2870 4161 3067 4234 templa
3106 4170 3162 4217 et
3189 4175 3507 4237 synagogas,
3548 4161 3852 4231 ubicunque
3878 4160 3960 4214 in-

2373 4261 2597 4305 vocatur
2648 4250 2891 4309 Cbristus
2941 4260 3100 4309 natus
3156 4269 3222 4308 ex
3272 4251 3509 4321 Virgine,
3558 4251 3848 4316 introeant,
3902 4256 3958 4307 et

2371 4342 2660 4414 participes
2689 4358 2747 4397 se
2774 4344 2970 4400 faciant
3000 4343 3393 4401 hazreticorum.

3049 4433 3279 4489 LXXIII.

681 4536 867 4576 eorum
896 4521 1176 4576 ordinatus
1205 4528 1306 4584 est,
1339 4521 1759 4591 comprobantur
1786 4522 1853 4577 ab
1881 4537 1948 4577 eo
1976 4508 2136 4592 quem
2159 4524 2262 4578 uti-
2288 4526 2348 4593 ι),
2434 4524 2837 4596 Septuagesima
2865 4534 2921 4582 et
2950 4527 3107 4581 tertia
3127 4526 3353 4584 ha‘resis‘
3367 4534 3450 4582 est
3473 4525 3961 4596 Theoponitarum.’

680 4625 784 4680 que
811 4611 1202 4666 damnaverunt
1246 4629 1258 4663 :
1293 4625 1398 4666 non
1430 4611 1704 4681 abjiciunt,
1736 4628 1844 4667 non
1874 4624 2121 4681 renuunt,
2155 4630 2263 4671 non
2314 4624 2315 4627 ‘

679 4708 888 4762 mutant
914 4702 1249 4773 baptismatis
1270 4712 1690 4770 sacramentum;
1715 4712 1769 4759 et
1791 4719 1885 4759 seu
1908 4721 1937 4758 a
1968 4703 2259 4773 Primiano,

677 4794 790 4854 sive
819 4810 849 4850 a
878 4793 1202 4850 Maximiano
1243 4796 1363 4865 quis
1402 4802 1492 4848 aut
1533 4794 1855 4865 baptizetur,
1902 4803 1992 4849 aut
2038 4794 2263 4852 clericus

677 4885 972 4952 ordinetur,
1021 4885 1172 4954 quasi
1221 4885 1288 4940 ab
1327 4900 1439 4940 uno
1485 4874 1682 4940 factum
1713 4885 1800 4951 sit,
1841 4900 1949 4940 non
1990 4901 2021 4939 a
2054 4886 2262 4943 duobus

674 4976 984 5044 contrariis;
1016 4976 1070 5030 in
1096 4990 1162 5031 ea
1191 4975 1449 5045 dignitate
1495 4991 1598 5045 qua
1640 4976 1706 5031 ab
1751 4991 1859 5031 uno
1898 4977 2103 5031 venerit
2141 4979 2261 5046 quis

673 5070 738 5126 ad
770 5073 1016 5136 altemm,
1058 5058 1368 5140 perseverat
1397 5088 1409 5123 :
1443 5085 1550 5124 non
1580 5076 1820 5123 mutatur
1845 5069 2129 5140 baptisma,
2150 5064 2277 5124 ’nec‘

672 5158 901 5227 dignitas
931 5159 1166 5227 tollitur;
1198 5160 1324 5235 quia
1354 5174 1459 5214 non
1489 5158 1556 5213 de
1583 5158 1925 5228 baptismatis
1947 5159 2256 5213 altercatio-

674 5259 760 5314 ne,
812 5253 906 5308 sed
954 5250 1022 5308 de
1072 5253 1428 5308 ordinationis
1482 5251 1827 5307 contentione
1883 5250 2022 5306 facta
2067 5250 2256 5307 divisio

654 5342 1072 5435 ’comprobatur.
1103 5338 1181 5400 De
1208 5338 1479 5401 Caeciliani
1507 5344 1649 5399 enim
1677 5342 2016 5398 ordinatione
2043 5343 2254 5399 dissen-

695 5536 701 5543 ι
743 5572 770 5602 ι
802 5562 954 5639 Apud
974 5562 1325 5639 Augustinum
1344 5581 1565 5639 quoque
1589 5563 1881 5637 Majorinus
1910 5565 2213 5621 nominatur
2233 5545 2273 5632 ;⁸

743 5580 770 5602 ι
802 5580 846 5619 Α
882 5580 954 5619 uo
974 5580 1325 5633 augusunum
1344 5581 1558 5636 quoque
1589 5580 1881 5637 Majormus
1910 5580 2143 5620 nominat

675 5631 728 5693 iu
958 5642 1142 5692 autem
1171 5633 1423 5706 Aegiensi
1451 5636 1767 5706 Majurinus.
2134 5688 2143 5695 .

743 5705 770 5745 δ
797 5705 894 5762 Ms.
934 5706 1090 5777 Aug.,
1135 5702 1379 5775 probatur
1422 5702 1766 5778 integritatem
1792 5708 1868 5779 (iri
1895 5715 1978 5767 est
2001 5707 2271 5775 fortasse,

2367 4614 2432 4669 Hi
2466 4616 2650 4671 dicunt
2680 4617 2733 4672 in
2763 4616 2997 4683 Christo,
3027 4616 3153 4673 dum
3181 4625 3474 4687 pateretur,
3508 4617 3844 4694 Divinitatem
3871 4616 3953 4671 sic

2365 4707 2618 4774 doluisse,
2649 4708 2785 4763 sicut
2813 4716 2991 4783 potest
3019 4708 3203 4763 dolere
3232 4708 3409 4763 anima
3438 4707 3567 4761 dum
3603 4721 3796 4777 corpus
3822 4720 3952 4776 sup.-

2364 4799 2538 4870 piiciis
2584 4799 2776 4868 agitur.
2817 4799 2895 4855 De
2933 4799 3127 4868 quibus
3168 4800 3244 4853 ait
3288 4796 3578 4867 Gregorius
3618 4798 3947 4868 episcopus:

2364 4889 2607 4946 Infelices
2636 4899 2690 4945 et
2718 4890 2901 4946 miseri
2940 4906 3049 4953 non
3079 4891 3280 4958 vident,
3317 4892 3370 4951 in
3408 4890 3708 4958 arboribus,
3737 4890 3952 4965 quando

2364 4981 2507 5036 ferro
2551 4982 2848 5049 cmduntur,
2888 4981 3058 5035 solem
3104 4983 3322 5052 quidem
3361 4998 3481 5037 esse
3520 4982 3570 5037 in
3620 4981 3903 5038 arboribus
3933 4998 3949 5037 :

2362 5072 2601 5141 nunquid
2624 5086 2730 5126 non
2751 5072 2898 5158 dolet
2925 5070 3054 5128 solis
3077 5050 3348 5144 splendor,
3370 5088 3531 5143 quem
3558 5073 3769 5144 utique,
3794 5050 3969 5127 alite-"

3863 278 3989 343 Gl!

2360 5179 2521 5234 quam
2549 5165 2617 5220 ad
2656 5164 2855 5233 lignum
2884 5165 3181 5243 perveniat,
3217 5165 3454 5241 priorem
3493 5164 3630 5220 ictus
3658 5163 3786 5219 ferri
3824 5177 3958 5218 con-
4027 5163 4036 5193 τ

2360 5254 2551 5323 tingit?
2599 5254 2737 5311 Deus
2780 5270 2909 5326 ergo
2947 5255 3041 5312 lux
3067 5264 3168 5325 est,
3205 5264 3261 5312 et
3302 5255 3576 5326 quomodo
3613 5255 3745 5311 caedi
3776 5260 3959 5326 potest

2360 5346 2482 5401 lux?
2510 5345 2642 5413 Nam
2665 5348 2811 5416 quod
2839 5349 3015 5404 anima
3044 5350 3113 5405 sit
3138 5363 3260 5418 qua:
3279 5348 3461 5413 doleat
3480 5349 3808 5421 incorpore,
3826 5345 3971 5409 hinc."

2359 5544 2730 5640 defmtsiolmn)
2762 5572 2873 5641 ejus
2900 5580 3100 5638 contra,
3126 5581 3232 5627 etc.

2432 5654 2452 5677 ε
2486 5640 2580 5695 Ms.
2610 5640 3112 5712 .\ug.,iastrologite.
3224 5652 3229 5659 ‘

2986 5871 2995 5875 ο
3056 5866 3109 5878 σο,
