4238 6260
287 291 403 367 διδΔ

638 359 647 369 θ
730 285 1323 343 ΡΒᾹΞΒΕΒΤΙΝΑΤΠΞ
1359 282 1508 340 SIVE
1547 280 1885 337 PlleDEST

1978 280 2244 363 lTORUM
2286 281 2617 349 IlzISRESIS,
2661 274 2809 338 ΕἿὈ.
2854 280 2977 337 LIB.
3019 278 3062 336 I.

3354 352 3357 359 _
3433 263 3557 335 ,θη

286 404 622 468 advertimus,
654 401 801 471 quod
829 402 1115 457 recedente
1142 401 1317 454 anima
1347 396 1415 453 de
1443 412 1691 468 corpore,
1717 395 1860 449 nulla
1891 398 1940 455 Α
1970 401 2150 460 vetur;
2181 395 2297 449 lucc
2325 402 2523 450 statuta
2567 396 2621 449 in
2667 397 2844 450 anima
2879 404 3024 463 sunt,
3052 410 3159 450 non
3191 395 3243 450 in
3283 382 3567 466 corporeis.

284 494 459 572 pbtest
485 508 685 565 corpus
720 494 944 560 sentire,
970 489 1075 547 nec
1102 490 1324 546 adversa
1345 479 1456 545 nec
1493 502 1773 560 prospera.»
1803 486 1864 540 in
1966 485 2294 541 liniamentis
2335 487 2616 572 instructa,
2657 494 2713 543 et
2742 496 2894 543 tanto
2932 478 3054 558 plus
3093 487 3282 542 similis
3315 487 3427 543 Deo
3447 483 3557 553 est,

286 603 507 660 corpore
535 600 665 655 ergo
696 585 907 640 Domini
946 583 1115 639 nostri
1153 581 1278 637 Jesu
1306 580 1525 643 Christi,
1555 580 1731 634 anima
1763 580 1867 634 hu-

287 680 557 739 manitatis
602 678 769 733 sensit
795 690 1104 749 quamcum
1144 690 1374 751 corpqre
1420 673 1727 752 assumpsit,
1759 688 1866 727 non

288 775 401 846 ipse
425 772 514 843 qui
545 769 850 840 assumpsit,
878 768 1016 825 sicut
1042 783 1145 823 nec
1171 767 1253 823 sul
1279 766 1371 837 qui
1404 766 1456 820 in
1485 766 1680 821 arbore
1706 778 1868 834 quam

289 878 645 922 memoramus
666 862 844 917 iiluxit
876 878 889 913 :
919 860 1081 916 etiam
1106 859 1154 915 sl
1181 859 1309 915 solis
1335 858 1428 913 lux
1455 858 1510 912 in
1537 857 1732 912 arbore
1750 856 1872 935 pos-

290 956 359 1015 sit
399 973 429 1012 a
464 956 778 1012 verberante
824 951 1052 1019 concidi,
1098 952 1155 1007 in
1190 949 1409 1007 Christo
1452 950 1717 1006 Divinitas
1760 964 1868 1004 non

290 1050 459 1121 possit
486 1064 515 1104 a
543 1048 814 1106 cmciante
840 1045 1112 1115 contingi;
1138 1045 1267 1115 quia
1313 1043 1443 1101 solis
1487 1044 1597 1113 iux_
1621 1049 1868 1099 creatura

290 1154 392 1212 est,
423 1142 509 1200 hic
546 1151 723 1198 autem
761 1150 974 1198 creator
1002 1142 1313 1210 agnoscitur
1339 1147 1395 1196 et
1427 1138 1703 1211 probatur.
1732 1135 1868 1192 Nam

284 1237 445 1309 quod,
470 1236 646 1292 anima
694 1234 1049 1291 humanitatis
1086 1234 1319 1298 senserit
1360 1232 1702 1304 passionem,
1754 1230 1871 1300 ipse

282 1326 533 1383 Dominus
575 1325 651 1381 ait
689 1325 759 1381 ad
804 1324 1099 1397 discipulos
1138 1339 1285 1390 suos,
1322 1324 1544 1380 dicens:
1570 1320 1756 1376 Tristis
1795 1328 1872 1374 est

280 1407 450 1474 anima
470 1434 587 1472 mea
611 1433 773 1489 usque
794 1415 863 1470 ad
888 1423 1105 1471 mortem
1135 1414 1315 1486 (Matt.
1347 1430 1492 1479 xm,
1514 1410 1629 1485 58).
1652 1409 1719 1466 Et
1746 1410 1872 1466 hinc

280 1494 472 1568 diiisse
492 1510 733 1567 suﬁiciat
764 1528 778 1565 :
814 1508 1137 1565 accedamus
1165 1507 1234 1563 ad
1258 1507 1516 1576 reliquos.

959 1599 1192 1656 LXXIV.
1692 1664 1697 1669 δ

207 1711 215 1717 ·
307 1690 813 1773 ‘Septuagesimam
868 1702 925 1750 et
980 1701 1227 1763 quartam
1282 1692 1530 1748 hmresim
1582 1688 1871 1746 Triscilidze

1969 586 2170 649 quanto
2200 579 2318 651 plus
2344 578 2460 634 haec
2495 570 2616 648 qua
2650 579 3068 635 memoravimus
3099 578 3286 650 purius
3322 579 3561 649 potuerit

1970 672 2236 728 obtinere.

2636 762 2891 820 LXXVII.

2038 856 2505 927 Septuagesimam
2552 865 2609 912 et
2650 859 2937 929 septimam
2990 860 3234 916 haeresim
3290 858 3565 915 Ametrita

1970 949 2338 1014 instituerunt,
2380 950 2622 1005 dicentes
2675 949 3094 1008 innumerabiles
3141 966 3266 1008 esse
3308 953 3560 1009 mundos.

1972 1040 2087 1097 Hoc
2116 1058 2210 1097 eos
2237 1041 2417 1098 dicere
2459 1059 2657 1098 novum
2688 1052 2859 1114 putat,
2893 1044 2985 1115 qui
3016 1060 3121 1099 non
3168 1044 3297 1114 legit
3323 1046 3563 1115 philosoc

1970 1135 2137 1203 phos;
2165 1136 2271 1189 hoc
2297 1136 2441 1190 enim
2471 1136 2599 1190 olim
2627 1136 2887 1206 aliquanti
2906 1137 3351 1208 philosophorum
3377 1138 3564 1194 dixere
3588 1144 3597 1153 '

1972 1212 2235 1292 gentiles.~
2262 1225 2370 1281 Nos
2402 1232 2583 1281 autem
2623 1226 2844 1298 Moysen
2873 1243 2904 1281 α
2936 1226 3047 1283 Deo
3077 1229 3298 1285 missum
3334 1229 3563 1300 suscipi-

1972 1332 2093 1371 mus
2112 1334 2130 1369 τ
2161 1316 2312 1371 etde
2328 1316 2531 1372 mundo
2549 1317 2679 1388 quid
2704 1318 3002 1374 sentiamus
3021 1326 3077 1374 et
3102 1320 3231 1390 quid
3256 1320 3563 1387 credamus,

1974 1408 2042 1464 ab
2071 1409 2189 1480 ipso
2215 1408 2514 1465 didicimus.

2490 1514 2493 1519 '
2639 1497 2917 1554 LXXVIII.
2966 1494 2969 1497 ’
3048 1510 3051 1511 ⁷

2044 1612 2506 1685 Septuagesimam
2536 1620 2591 1673 et
2621 1620 2868 1669 octavam
2905 1613 3153 1670 haeresim
3183 1612 3565 1695 Psychopneu-

1975 1719 2166 1760 mones
2195 1714 2545 1775 occuparunt,
2579 1706 2820 1761 dicentes
2859 1708 3066 1763 animas
3094 1708 3372 1766 hominum
3400 1711 3568 1767 bonas

282 1787 621 1842 ίηευιτθτυηι
654 1803 668 1839 ε
703 1786 793 1857 qui
836 1784 1131 1875 ίνίῖοῖῐηβῐη
1181 1784 1349 1875 Deum
1387 1784 1464 1875 “ﬁ
1496 1790 1781 1875 νθδενθΐιιηιτ
1814 1788 1874 1835 ιη
1903 1781 1950 1842 Β
1976 1796 2030 1851 in
2069 1797 2288 1875 spiritus
2335 1796 2646 1866 angelorum
2700 1800 2942 1854 converti
2987 1819 2999 1854 :
3039 1801 3248 1857 animas
3298 1819 3425 1861 vero
3473 1804 3569 1858 ho-

283 1877 522 1947 quaadam
552 1893 678 1947 pars
703 1876 818 1946 ejus
846 1876 918 1931 sit
946 1873 1124 1943 Pater,
1157 1874 1402 1951 qutedam
1424 1873 1608 1939 Filius,
1632 1871 1874 1943 quaedam
1928 1900 1932 1906 -

280 1970 512 2042 Spiritus
543 1978 782 2036 sanctus,
827 1978 883 2025 et
918 1970 1042 2025 hinc
1079 1969 1149 2024 sit
1176 1968 1409 2024 Trinitas
1442 1969 1495 2022 in
1527 1968 1752 2023 unitate.
1798 1967 1876 2023 De

202 2110 205 2113 .
280 2062 476 2132 quibus
504 2063 585 2116 ait
611 2059 905 2130 Gregorius
938 2080 950 2114 :
980 2060 1224 2115 Infelices
1252 2066 1307 2115 et
1339 2060 1521 2115 miseri
1556 2076 1669 2115 non
1694 2059 1877 2115 vident

279 2154 408 2224 quia
437 2160 614 2209 totam
660 2153 830 2222 ipsam
866 2151 1185 2207 Trinitatem
1222 2151 1616 2222 blasphemant.
1648 2151 1765 2205 Non
1794 2158 1879 2206 est

278 2246 427 2300 enim
460 2244 624 2309 Deus,
659 2244 761 2299 nisi
797 2243 889 2314 qui
936 2244 989 2298 in
1039 2244 1217 2313 seipso
1263 2242 1533 2313 perfectus
1565 2250 1665 2297 est.
1697 2239 1878 2296 Perfe-

280 2344 402 2392 ctus
432 2348 566 2404 ergo
606 2333 768 2390 Pater
793 2334 1089 2407 perfectum
1123 2349 1192 2389 ex
1221 2349 1279 2390 se
1301 2335 1484 2403 genuit
1512 2332 1724 2397 Filium,
1755 2330 1891 2403 per?

280 2428 455 2493 fectus
484 2446 555 2487 ex
592 2428 752 2485 Patre
779 2428 1023 2503 procedit
1052 2427 1295 2499 Spiritus
1332 2435 1568 2483 sanctus.
1607 2425 1747 2481 Ecce
1778 2426 1878 2479 tria

278 2521 522 2593 perfecta
551 2537 659 2576 non
689 2520 892 2581 faciunt
924 2527 1033 2576 tres
1068 2520 1220 2587 deos,
1264 2519 1361 2575 sed
1397 2535 1581 2588 unum,
1619 2518 1743 2591 quia
1773 2533 1891 2585 una,

280 2620 363 2668 est
386 2612 594 2673 Deitas.
626 2610 745 2667 Non
775 2612 917 2667 enim
947 2611 1085 2667 sicut
1114 2620 1223 2666 tres
1253 2626 1516 2683 personae,
1543 2611 1621 2665 sic
1640 2617 1753 2666 tres
1775 2610 1881 2665 dei-

279 2710 420 2758 tates
445 2721 458 2755 :
490 2701 591 2758 sed
618 2709 744 2757 sunt
764 2710 894 2768 tres,
925 2699 1104 2768 Pater,
1130 2711 1185 2756 et
1217 2701 1403 2768 Filius,
1426 2710 1481 2755 et
1498 2700 1732 2772 Spiritus
1759 2716 1882 2756 san-

279 2801 427 2862 ctus;
468 2795 571 2850 sed
599 2809 706 2849 una
733 2793 938 2857 Deitas,
966 2809 1073 2846 una
1108 2788 1383 2861 majestas,
1412 2806 1520 2847 una
1551 2793 1742 2860 virtus,
1777 2808 1880 2847 una

278 2887 557 2954 voluntas,
590 2894 646 2942 et
672 2896 779 2940 una
807 2885 1106 2941 substantia
1133 2883 1456 2940 conﬁtenda.

986 2972 1196 3030 LXXV.

344 3066 827 3147 Septuagesimam
855 3075 911 3121 et
938 3066 1181 3136 quintam
1224 3066 1469 3122 haeresim
1514 3067 1881 3136 Hydrotheita:

1977 1889 2182 1949 minum
2202 1890 2371 1945 malas
2400 1890 2453 1944 in
2483 1889 2704 1960 spiritus
2732 1876 3036 1947 dmmonum
3065 1894 3280 1949 mutari.

2652 2024 2886 2083 LXXIX.

2002 2167 2009 2177 '
2050 2156 2511 2227 Septuagesimam
2558 2164 2613 2212 et
2660 2172 2858 2212 nonam
2895 2159 3154 2214 haeresem
3182 2158 3210 2198 ι’
3236 2159 3569 2216 Adecerditas

1985 2259 2006 2289 ο
2038 2257 2243 2316 tenent,
2292 2249 2535 2308 dicentes
2571 2268 2583 2303 :
2615 2250 2831 2306 Christo
2876 2251 3221 2308 descendenti
3261 2251 3329 2306 ad
3372 2251 3572 2307 inferos

1981 2344 2155 2399 omnis
2201 2343 2501 2398 animarum
2548 2343 2836 2423 multitudo
2865 2345 3119 2412 occurrit,
3157 2352 3211 2401 et
3244 2344 3470 2401 credidit
3499 2345 3569 2409 ei,

1980 2440 2036 2487 et
2063 2432 2288 2487 liberata
2320 2440 2423 2488 est.

1998 2524 2003 2529 ⁷
2663 2522 2875 2576 LXXX.

2052 2609 2076 2649 ἀ
2106 2611 2447 2683 Octogesima
2478 2612 2697 2668 haeresis
2726 2614 2856 2669 dicit
2884 2613 3078 2669 Filium
3126 2614 3220 2669 Dei
3261 2624 3449 2686 postea
3481 2632 3581 2687 ge-A

1981 2704 2175 2767 nitum,
2209 2713 2398 2772 postea
2429 2718 2587 2772 quam
2616 2706 2788 2759 voluit
2816 2705 3004 2771 Pater;
3037 2707 3080 2760 si
3111 2707 3371 2763 noluisset
3392 2706 3571 2775 Pater,

1982 2810 2089 2852 non
2136 2796 2407 2865 genuisset
2449 2813 2462 2848 :
2499 2805 2637 2861 esto,
2682 2797 3036 2853 conﬁteamur
3079 2801 3338 2870 :equalem
3376 2785 3576 2858 :Filium

1982 2888 2160 2961 Patri;
2190 2899 2250 2945 ut
2274 2890 2494 2960 :equalis
2522 2890 2608 2955 sit,
2633 2907 2740 2946 non
2771 2901 2853 2947 est
2882 2898 2970 2947 res
2998 2901 3220 2961 naturae,
3245 2895 3338 2952 sed
3367 2897 3571 2966 gratim.

1984 2980 2143 3035 Pater
2184 2981 2286 3036 hoc
2316 2978 2507 3047 voluit,
2546 2997 2610 3037 ac
2636 2996 2733 3053 per
2770 2983 2879 3039 hoc
2918 2990 3093 3053 totum
3132 2982 3308 3041 Patris
3335 2996 3435 3053 est,
3467 2978 3581 3043 non

1983 3066 2121 3127 Filii.
2156 3071 2263 3128 Nos
2292 3088 2323 3127 e
2352 3073 2626 3129 contrario
2664 3073 2890 3131 dicimus
2923 3094 2934 3128 :
2968 3076 3105 3131 sicut
3142 3075 3261 3133 fons
3289 3093 3357 3133 ex
3386 3093 3451 3133 eo
3481 3093 3578 3147 ge-

275 3161 556 3224 i‘ecerunt,
599 3175 794 3230 aquam
822 3158 992 3215 Deum
1020 3159 1279 3227 dicentes,
1307 3177 1420 3217 non
1459 3163 1746 3217 habentem
1782 3175 1885 3216 nec
1908 3151 1957 3219 C
1986 3164 2104 3221 nuit
2129 3163 2327 3220 ﬁumen
2357 3149 2425 3221 ex
2446 3180 2554 3236 quo
2580 3176 2679 3232 est,
2712 3168 2786 3223 ita
2816 3165 2976 3223 Pater
3004 3185 3070 3224 ex
3095 3184 3162 3225 eo
3180 3172 3367 3240 genuit
3386 3170 3580 3227 Filium

203 3280 208 3285 ι
277 3253 489 3308 initium
525 3267 631 3307 nec
660 3250 841 3319 ﬁnem,
871 3249 1056 3307 sordes
1076 3251 1332 3322 luentem,
1364 3262 1585 3323 peccata
1612 3254 1886 3308 dimitten-
1935 3248 1943 3261 ³

231 3402 248 3418 ,
279 3354 408 3411 tem,
462 3352 527 3402 et
581 3344 871 3400 habentem
924 3343 1183 3416 Spiritum
1233 3354 1498 3401 sanctum.
1551 3345 1698 3414 Quos
1738 3346 1883 3417 juste

280 3437 502 3494 damnat
550 3435 682 3493 ﬁdes
713 3437 992 3509 catholica
1020 3436 1174 3508 quasi
1209 3452 1398 3503 czecos,
1431 3445 1487 3492 et
1508 3453 1616 3493 non
1642 3425 1896 3493 videntes:

280 3545 476 3599 aquam
506 3529 709 3601 quibus
749 3527 1021 3599 spurcitiis
1066 3528 1251 3593 servit,
1282 3537 1338 3582 et
1381 3536 1564 3597 potest
1602 3527 1744 3583 Deus
1771 3544 1885 3583 ser-

278 3622 410 3688 vire,
436 3623 642 3693 quibus
669 3621 833 3677 etiam
872 3619 1244 3691 squaloribus;
1294 3627 1386 3673 aut
1430 3619 1581 3689 cujus
1627 3622 1887 3676 momenti

288 3724 370 3770 est
398 3731 547 3787 aqua
566 3714 681 3769 sine
706 3714 1135 3769 consecratione.
1160 3711 1310 3766 illam
1334 3728 1512 3768 sermo
1532 3714 1687 3768 vivus
1713 3712 1886 3768 viviﬁ-

283 3813 394 3873 cat,
423 3820 612 3861 sermo
640 3812 856 3860 sanctus
881 3802 1205 3866 sanctiﬁcat,
1238 3811 1297 3857 ut
1334 3792 1551 3859 sanctus
1578 3803 1808 3874 Spiritus
1835 3806 1889 3860 in

280 3912 345 3952 ea
361 3898 621 3967 dignetur
634 3896 897 3961 habitare,
923 3904 1017 3949 aut
1037 3903 1097 3949 ut
1120 3894 1291 3965 possit
1307 3895 1648 3951 credentibus
1666 3906 1893 3968 peccata-

281 3986 573 4042 mundare.
603 3984 674 4039 Et
699 3986 798 4050 sic,
828 3985 1100 4056 quomodo
1136 3986 1333 4056 accipit
1360 3986 1470 4041 vim
1500 3986 1657 4057 hujus
1685 3988 1762 4043 rei
1793 4003 1890 4059 per

283 4077 734 4134 benedictionem
774 4085 840 4132 ut
885 4078 1055 4148 possit
1100 4077 1280 4134 omnia
1329 4079 1589 4135 mundare
1630 4080 1884 4152 peccata,

280 4188 395 4227 non
424 4178 616 4242 potest
638 4169 897 4241 nnmdare
920 4180 1140 4241 peccata
1166 4171 1282 4241 ejus
1303 4172 1397 4242 qui
1424 4169 1584 4227 ﬁdem
1605 4186 1757 4227 suam
1778 4188 1887 4228 non

281 4278 352 4319 ex
374 4264 595 4334 integro
625 4263 773 4334 prius
792 4260 905 4318 Deo
934 4262 1222 4319 crediderit
1245 4262 1594 4320 offerendam.
1619 4265 1737 4321 Non
1757 4281 1887 4335 ergo

282 4370 384 4427 per
414 4356 595 4412 solum
616 4355 944 4421 abluentem,
975 4354 1071 4410 sed
1091 4357 1264 4426 magis
1297 4371 1397 4428 per
1424 4357 1733 4413 credentem
1762 4358 1884 4428 Spi-

284 4448 429 4503 ritus
457 4455 679 4503 sanctus
717 4445 1017 4503 infunditur
1059 4448 1114 4502 in
1153 4447 1420 4514 homines,
1452 4457 1508 4505 et
1541 4442 1891 4519 peccatorum

287 4539 455 4596 venia
485 4538 843 4595 condonatur.

292 4634 306 4643 '
976 4628 1207 4686 LXXVI.

290 4727 301 4735 ‘
356 4720 830 4794 Septuagesimam
860 4730 916 4779 et
940 4732 1150 4779 sextam
1173 4724 1420 4779 hieresim
1444 4723 1687 4779 fecerunt
1716 4732 1743 4761 ι
1772 4723 1884 4779 lio-

288 4816 662 4883 muncionitae,
694 4816 1000 4894 qui’dicunt
1024 4816 1079 4871 in
1108 4831 1336 4888 corpore
1365 4816 1597 4871 hominis
1618 4830 1736 4871 esse
1757 4815 1889 4887 imag

287 4909 473 4977 ginem
516 4908 635 4976 Dei,
684 4924 794 4964 non
836 4909 890 4964 in
935 4906 1132 4963 anima.
1190 4905 1343 4962 Unde
1388 4904 1683 4976 Gregorius
1720 4925 1733 4960 :
1767 4922 1889 4963 cum

288 5001 472 5073 imago
501 5003 600 5059 Dei
628 5003 681 5059 in
711 5004 877 5060 rebus
903 5004 1114 5073 magnis
1141 5011 1197 5058 et
1221 5002 1410 5074 primis
1428 5002 1555 5071 qua?
1569 5008 1694 5057 sunt
1717 5002 1770 5057 in
1800 4986 1893 5060 Ιιοέ

286 5093 439 5148 inine
487 5093 681 5151 debeat
726 5096 913 5171 quzeri,
957 5096 1014 5149 in
1060 5094 1342 5173 memoria,
1390 5094 1445 5148 in
1490 5093 1783 5161 intellectu,
1833 5078 1887 5150 in

287 5187 543 5254 scientia,
575 5196 630 5244 et
654 5189 713 5247 in
742 5188 847 5245 illis
874 5187 1010 5251 locis
1031 5186 1172 5243 unde
1200 5187 1364 5249 homo
1392 5186 1461 5242 ad
1489 5186 1745 5257 pietatem
1769 5204 1887 5253 mo:

360 5334 388 5362 α
419 5325 481 5380 in
522 5326 671 5385 hunc
716 5326 896 5385 locum
950 5323 1148 5381 videsis
1186 5323 1539 5390 Cotelerium,
1587 5323 1654 5381 ad
1696 5318 1888 5381 Const;

284 5394 508 5465 Apost,
540 5396 636 5452 lib.
669 5412 738 5462 vr,
768 5412 890 5468 cap.
922 5395 1010 5463 10,
1040 5404 1157 5452 not.
1182 5394 1235 5447 ιιι
1419 5422 1426 5430 α

360 5466 388 5507 δ
420 5465 523 5522 Ms.
551 5468 838 5525 Augiense.
863 5467 1196 5521 Adicerditw.
1468 5465 1473 5470 ’
1556 5496 1557 5499 η
1621 5497 1627 5503 ο
1876 5498 1883 5503 -

362 5482 388 5507 η
421 5482 523 5522 MS.
551 5482 838 5538 Auglense,
863 5482 1196 5521 anteet-mue.
1556 5496 1557 5499 η
1621 5497 1627 5503 ο
1876 5498 1883 5503 -

362 5538 790 5615 resumam,
812 5546 1038 5615 propter
1076 5538 1285 5615 lucrum
1308 5550 1309 5553 ‘
1331 5535 1523 5615 salutis
1559 5536 1627 5615 in!
1656 5535 1884 5615 inferno.

287 5605 636 5676 Pliilastrius,
668 5605 858 5664 haeres.
895 5605 998 5661 {22
1032 5627 1043 5661 :
1076 5608 1181 5662 Alii
1207 5616 1325 5677 sunt
1346 5606 1574 5661 hwretici
1599 5605 1688 5677 qui
1709 5607 1891 5661 dicunt

291 5677 680 5761 Dominum.“
717 5680 983 5761 infernum
1022 5676 1366 5761 descendisse,
1408 5684 1457 5731 et
1489 5676 1743 5761 erunibus.
1762 5684 1893 5761 post
1970 5707 2011 5731 κο

291 5760 518 5804 mortem
537 5751 693 5805 etiam
712 5746 899 5803 ibidem
921 5765 974 5805 se
997 5750 1277 5816 nuntiasse,
1300 5756 1357 5801 ut
1378 5747 1678 5818 conﬁtentes
1704 5746 1892 5811 ibidem

1987 3272 2055 3311 ex
2092 3271 2202 3325 quo
2239 3262 2324 3311 cst
2355 3275 2369 3309 :
2403 3264 2458 3312 et
2497 3258 2637 3313 sicut
2678 3258 2798 3314 fons
2834 3276 2944 3315 non
2985 3260 3217 3317 volendo
3256 3270 3312 3317 et
3350 3254 3582 3320 nolendo

1986 3347 2172 3416 genuit
2202 3346 2443 3415 ﬂuvium,
2489 3349 2585 3404 sed
2623 3350 2922 3419 gignendo;
2956 3353 3028 3406 ita
3064 3351 3225 3408 Pater
3265 3370 3371 3410 non
3400 3355 3585 3426 dispu-

1988 3442 2171 3507 tando,
2203 3450 2296 3496 aut
2332 3442 2583 3507 voiendo,
2617 3451 2710 3498 aut
2754 3442 3009 3511 nolendo,
3062 3445 3155 3500 sed
3204 3447 3342 3502 sicut
3390 3456 3582 3501 natura

1988 3530 2151 3587 fontis
2198 3520 2303 3588 hoc
2348 3542 2543 3600 exstat,
2569 3540 2628 3588 ut
2656 3534 2724 3588 de
2758 3535 3092 3605 plenitudine
3116 3552 3211 3590 sua
3240 3546 3472 3602 emanet,
3507 3538 3581 3591 ita

1989 3620 2152 3678 Pater
2175 3624 2243 3679 de
2268 3624 2602 3695 plenitudine
2630 3640 2725 3680 sua
2755 3618 3034 3680 effundens
3060 3625 3252 3680 Filium
3281 3627 3483 3694 genuit.
3515 3611 3585 3681 Et

1989 3713 2344 3770 sicuLﬁuvius
2379 3715 2569 3770 circuit
2610 3722 2782 3769 totum
2811 3715 3086 3782 mundum,
3120 3722 3175 3771 et
3215 3730 3363 3771 mare
3401 3717 3583 3784 ingre-
3614 3784 3617 3785 γ

1991 3805 2151 3870 ditur,
2183 3815 2238 3861 et
2268 3815 2442 3860 tamen
2470 3806 2535 3860 de
2562 3807 2683 3860 sinu
2710 3804 2874 3860 fontis
2903 3822 3011 3861 non
3037 3806 3239 3861 recedit
3272 3826 3284 3859 :
3318 3807 3391 3862 ita
3422 3816 3476 3863 et
3503 3808 3587 3864 Fi-

1992 3896 2093 3951 lius
2139 3896 2206 3952 de
2256 3899 2375 3951 sinu
2426 3894 2601 3951 Patris
2655 3912 2927 3966 nunquam
2975 3897 3246 3964 discessit,
3298 3915 3399 3955 nec
3458 3910 3586 3959 tunc

1990 3990 2209 4057 quando
2236 4006 2294 4044 se
2322 3989 2622 4044 lnnmiliavit
2659 3988 2830 4043 factus
2857 3989 3113 4045 obediens
3130 4005 3309 4061 usque
3338 3991 3407 4046 ad
3434 4008 3584 4047 mor-

1992 4089 2120 4136 tem.
2153 4081 2243 4137 Sic
2276 4097 2405 4151 ergo
2435 4084 2575 4137 inter
2607 4098 2704 4137 nos
2738 4099 2835 4154 per
2860 4083 3282 4154 assumptionem
3313 4084 3586 4154 apparuit,

1990 4171 2086 4226 sed
2112 4187 2212 4243 per
2239 4173 2573 4243 majestatcm
2617 4187 2769 4229 suam
2809 4175 2876 4229 de
2925 4175 3043 4229 sinu
3091 4174 3279 4241 Patris,
3305 4192 3581 4250 nunquam

1991 4253 2253 4319 discessit.
2288 4265 2370 4320 ‘Ut
2413 4268 2556 4321 enim
2599 4267 2701 4323 hoc
2743 4266 2922 4333 ﬁeret,
2970 4284 3069 4323 nec
3109 4268 3434 4339 possibilitas
3472 4269 3586 4336 Deo

1990 4352 2159 4409 defuit
2180 4372 2279 4411 nec
2291 4359 2574 4414 «voluntas.
2610 4357 2784 4414 Unum
2814 4358 3005 4414 horum
3030 4360 3075 4413 si
3096 4360 3207 4416 Deo
3228 4360 3414 4429 defuit,
3441 4360 3587 4418 Deus

1991 4462 2100 4503 non
2142 4456 2322 4519 potest
2369 4452 2683 4522 nuncupari.
2730 4451 2832 4518 Qui
2882 4468 3023 4507 cnim
3066 4469 3266 4509 nonum
3303 4440 3410 4510 non
3441 4456 3583 4523 vult,

1868 4608 1871 4611 _
1916 4531 1970 4595 D
1995 4542 2168 4597 malus
2197 4548 2307 4609 est;
2339 4544 2431 4612 qui
2462 4560 2568 4599 non
2596 4551 2777 4614 potest
2805 4545 2949 4614 quod
2973 4545 3086 4601 vult
3112 4546 3309 4613 facere,
3341 4548 3591 4621 omnipoa

1882 4652 1905 4659 π
1991 4645 2112 4691 tens
2156 4651 2265 4691 non
2314 4644 2413 4691 est.
2449 4636 2600 4691 lianc
2627 4637 3015 4707 blasphemiam
3045 4639 3363 4696 damnantes
3398 4640 3452 4695 in
3477 4641 3588 4697 ha:-

1988 4728 2160 4783 retico
2189 4740 2349 4796 quem
2373 4727 2625 4795 diximus,
2650 4728 2718 4782 ad
2744 4736 2971 4785 caeteros
2994 4732 3334 4787 accedamus.

2662 4861 2875 4921 LXXXI
2886 4905 2899 4917 .

2000 5012 2005 5021 ’
2066 5000 2463 5069 Octogesimam
2490 5005 2545 5056 et
2582 5000 2812 5072 primam
2850 5018 2960 5059 non
2998 4980 3245 5057 hmresim
3276 5011 3591 5054 accusamus

2000 5106 2024 5133 ο
2056 5092 2377 5159 Luciferum,
2401 5086 2495 5149 sed
2520 5095 2753 5150 schisma
2784 5095 3074 5163 arguimus.
3107 5092 3127 5131 ί
3150 5089 3456 5147 Catholicos
3478 5090 3594 5158 qui-

1995 5190 2116 5244 dem
2146 5202 2245 5257 per
2269 5186 2467 5253 omnia,
2487 5187 2580 5243 sed
2601 5186 2967 5266 Luciferianos
2990 5182 3233 5261 faciendo
3261 5179 3509 5255 populos,
3540 5188 3598 5237 et

1994 5323 2337 5378 mirarentur.
2362 5318 2513 5377 lianc
2542 5317 2974 5381 observationem
2999 5320 3279 5385 acceptam
3300 5311 3591 5385 referimus
3642 5345 3649 5355 ·

1994 5393 2268 5468 Qgtelerio
2298 5392 2356 5468 in
2378 5388 2523 5447 notis
2551 5388 2930 5468 adﬁlﬁlerm‘am‘,
2950 5384 3111 5441 simil.
3130 5382 3197 5451 '9,
3232 5384 3261 5457 ς
3290 5382 3379 5453 16,
3402 5394 3536 5444 tom.
3566 5386 3590 5446 I

1999 5460 2115 5533 PP.
2135 5464 2402 5533 Apostol.,
2432 5476 2556 5531 pag.
2586 5459 2685 5533 rso
2710 5454 3013 5533 edit._(_ller.
3239 5454 3263 5533 '_
3541 5474 3577 5533 ⁸;

2068 5531 2095 5571 ἀ
2126 5526 2220 5587 His
2260 5526 2455 5587 nomen
2485 5526 2537 5585 in
2566 5527 2812 5599 elemho,
2844 5526 3216 5599 Metageuetc;
3249 5528 3304 5583 in
3332 5541 3436 5586 III.
3465 5526 3589 5585 mil-

2002 5604 2132 5670 ium,
2162 5604 2335 5674 inquit
2358 5598 2693 5674 sumendus:

2078 5684 2101 5713 ε
2121 5666 2223 5729 Ms.
2236 5666 2558 5741 'Augiense,_
2570 5669 2643 5741 in“
2657 5666 2931 5738 Lucifero-

1993 5775 1997 5781 -
2078 5743 2095 5783 ί
2130 5742 2227 5799 Ms.
2260 5737 2418 5807 idem,
2451 5737 2736 5792 catholicus
2763 5741 2987 5810 quidem.

2370 5880 2412 5896 Α
2444 5883 2603 5897 NN-

2638 5891 2744 5905 ’.Ἧι
