4238 6260
634 343 738 400 615

1620 327 1988 384 ANONYMUS
2026 326 2302 383 AUCTOR
2336 325 2874 382 PRIEDESTINATI.

3811 283 3920 380 eis

633 457 920 517 dividendo
938 470 1004 536 se
1031 454 1099 508 ab
1127 449 1387 515 Ecclesia,
1411 465 1441 503 a
1473 447 1575 503 ﬁde
1610 464 1705 503 sua
1737 457 1760 485 ⁸
1785 447 2017 502 charitas
2043 447 2224 502 exclue-
2249 448 2303 509 Α
2327 446 2452 500 rari.
2506 446 2609 501 Sed
2658 447 2756 502 hos
2782 443 3148 515 disputatione
3166 443 3413 516 Origenis
3431 458 3628 516 magna
3647 452 3922 500 memorat

634 556 704 610 sit
729 572 740 606 :
767 553 977 608 dicente
1007 543 1266 618 Apostolo
1292 561 1304 596 τ
1332 542 1392 597 Si
1421 541 1578 612 ﬁdem
1597 541 1814 594 habeam
1842 543 1915 592 ita
1943 549 1999 592 ut
2020 548 2215 594 montes

637 646 967 709 transferam,
997 639 1300 692 charitatem
1334 644 1502 688 autem
1532 650 1634 688 non
1665 632 1899 699 habeam,
1931 633 2064 686 nihil
2089 630 2219 685 mihi

633 735 841 807 prodest
871 732 913 803 (l
942 730 1061 786 Cor.
1093 747 1205 794 xm,
1235 729 1313 798 ‘2).
1347 727 1658 783 Gloriantur
1685 727 1898 797 quidem
1926 742 1954 778 a
1981 725 2082 781 fide
2111 741 2220 780 non

631 827 876 882 deviasse
907 843 918 877 :
944 823 1038 880 sed
1067 839 1174 878 non
1214 837 1438 893 parvum
1478 820 1680 876 crimen
1711 819 1981 887 arguimus
2009 834 2105 874 eos
2133 818 2218 871 in-

632 932 871 981 currere,
889 916 981 986 qui
1002 931 1122 971 cum
1151 913 1246 969 Dei
1273 912 1510 968 Ecclesia
1541 911 1812 966 noluerint
1851 910 2052 964 habere
2091 910 2219 964 cha-

633 1008 868 1062 ritatem.

1301 1095 1557 1150 LXXXII.

706 1191 1072 1250 Jovinianistae
1111 1205 1142 1244 a
1179 1188 1462 1244 Joviniano
1491 1185 1721 1256 quodam
1757 1185 2141 1254 octogesimam
2170 1193 2226 1240 et

636 1283 925 1340 secundam
955 1280 1200 1336 haeresim
1229 1279 1520 1350 arripuisse
1557 1277 1756 1332 detecti
1784 1284 1926 1331 sunt.
1957 1276 2059 1343 Qui
2087 1277 2225 1331 sicut

615 1377 804 1430 Stoici
841 1373 1146 1444 philosophi
1173 1379 1382 1442 putant,
1412 1371 1561 1440 paria
1591 1369 1776 1423 dicunt
1815 1383 1933 1422 esse
1974 1367 2224 1422 universa

637 1476 856 1539 peccata
884 1485 895 1518 :
926 1482 1026 1521 nec
1049 1479 1210 1536 posse
1247 1479 1474 1533 peccare
1515 1462 1788 1516 hominem
1821 1461 2039 1515 lavacro
2066 1475 2222 1529 rege-

639 1557 932 1614 nerationis
968 1563 1210 1626 accepto,
1243 1570 1344 1609 nec
1383 1552 1583 1623 aliquid
1613 1551 1871 1622 prodesse
1907 1550 2110 1620 jejunia
2139 1550 2226 1604 vel

638 1669 666 1704 a
697 1650 828 1704 cibis
857 1647 1122 1718 aliquibus
1164 1645 1561 1700 abstinentiam.
1614 1643 1985 1711 Virginitatem
2027 1648 2225 1696 sancta:

639 1742 819 1798 Mariae
847 1742 1146 1803 destruunt,
1177 1739 1418 1794 dicentes
1459 1753 1577 1792 eam
1616 1736 1875 1807 pariendo
1915 1735 2077 1790 fuisse
2109 1735 2224 1789 vio-

2319 553 2386 592 ex
2416 546 2568 608 parte
2599 546 2907 594 revocatos.

2525 677 2528 680 .
2972 626 3256 683 LXXXIV.

2388 719 2784 788 Octogesimam
2836 728 2892 774 et
2945 726 3191 787 quartam
3252 718 3511 774 bzeresem
3570 717 3919 776 Helvidianos

2321 801 2615 882 occupasse
2671 810 2738 865 ab
2777 808 3025 864 Helvidio
3063 824 3447 865 memoramus.
3481 808 3592 876 Qui
3630 810 3706 864 ita
3751 812 3917 879 virgi-

2321 903 2476 956 nitati
2516 908 2716 956 sanctae
2744 899 2926 955 Mariae
2953 900 3352 967 contradicunt,
3383 908 3443 955 ut
3489 915 3610 956 eam
3648 901 3834 957 dicant
3853 901 3922 957 de

2320 993 2518 1065 loseph
2546 1003 2668 1064 post
2688 993 3024 1048 nativitatem
3043 991 3242 1048 Christi
3281 992 3417 1048 alios
3445 989 3586 1048 ﬁlios
3613 992 3912 1062 peperisse.

2322 1085 2411 1141 Isti
2440 1086 2655 1160 quidem
2685 1101 2876 1156 nuper,
2920 1084 2974 1139 id
3024 1093 3108 1140 est
3154 1085 3253 1140 sub
3303 1083 3499 1139 Siricio
3544 1083 3913 1142 Romanorum

2323 1180 2561 1234 antistite
2590 1179 2695 1234 orti
2721 1186 2866 1244 sunt,
2899 1184 2954 1233 et
2982 1193 3081 1247 per
3123 1176 3331 1232 Italiam
3383 1184 3546 1247 atque
3597 1174 3800 1231 Gallias
3837 1175 3924 1230 di-

2323 1279 2579 1326 rexerunt
2625 1286 2750 1325 suos
2777 1269 3087 1339 discipulos.
3119 1266 3322 1323 Contra
3363 1268 3464 1323 hos
3483 1267 3699 1338 scripsit
3722 1267 3920 1324 Hiero-

2327 1377 2516 1432 nymus
2544 1359 2736 1415 doctor
2763 1360 3009 1429 egregius
3035 1359 3063 1397 δ
3087 1359 3224 1415 duos
3253 1359 3436 1424 libros,
3461 1375 3599 1429 quos
3650 1359 3821 1415 lectos
3861 1359 3923 1420 in.

2324 1460 2565 1522 tempore
2591 1451 2749 1520 digna
2795 1466 2890 1505 eos
2917 1451 3292 1506 exsecratione
3322 1461 3343 1489 ε
3369 1450 3917 1507 anathematiaabant.

2326 1541 2652 1614 Epiphanius
2704 1551 2886 1597 autem
2934 1551 3148 1606 noster,
3198 1549 3469 1597 scrutator
3521 1541 3922 1610 haereticorum,

2325 1635 2566 1690 scribens
2613 1640 2802 1690 contra
2842 1633 2943 1688 hos
2999 1633 3258 1698 libellum,
3310 1632 3404 1702 qui
3434 1632 3486 1686 in
3541 1632 3632 1687 illo
3671 1640 3918 1703 tempore

2326 1727 2465 1780 hanc
2504 1725 2854 1795 blasphemiis
2900 1725 3114 1796 plenam
3159 1725 3515 1780 assertionem
3552 1723 3923 1794 proferebant,

641 1835 820 1888 latam.
864 1831 1167 1901 Virginitati
1205 1831 1365 1886 etiam
1405 1827 1927 1890 sanctimonialium;
1947 1827 2227 1882 continen-
2255 1826 2303 1887 B
2329 1817 2800 1873 Antidicom'aritas
2819 1832 2915 1872 eos
2942 1816 3153 1872 censuit
3174 1816 3457 1886 appellari.
3557 1819 3561 1824 '

641 1927 772 1980 tium
814 1924 1078 1986 castitati,
1126 1932 1181 1978 et
1217 1923 1346 1977 viris
1385 1921 1702 1990 eligentibus
1741 1919 1984 1975 caelibem
2025 1918 2225 1983 vitam,

640 2017 945 2086 conjugium
966 2024 1235 2071 castorum
1257 2023 1417 2083 atque
1441 2011 1672 2067 ﬁdelium
1695 2011 1901 2065 meritis
1921 2009 2224 2078 adaequant;

642 2111 715 2164 ita
763 2117 819 2163 ut
865 2106 1105 2179 quaedam
1131 2106 1364 2174 virgines
1391 2119 1558 2160 sacrae
1597 2111 1864 2172 provectae
1889 2101 2000 2170 jam
2029 2099 2225 2166 aetatis,

641 2201 695 2254 in
725 2200 857 2256 urbe
887 2198 1129 2254 Romana
1158 2196 1249 2251 ubi
1279 2196 1391 2250 haec
1415 2193 1662 2258 docebat,
1686 2208 1752 2247 eo
1769 2191 1958 2264 audito
1984 2189 2229 2260 nupsisse

639 2293 903 2347 dicantur.
944 2288 1061 2344 Non
1108 2303 1238 2342 sane
1278 2288 1393 2357 ipse
1431 2285 1744 2341 Jovinianus
1771 2284 1856 2338 vel
1884 2282 2118 2337 habebat
2147 2281 2229 2336 vel

640 2385 839 2439 habere
886 2383 1102 2438 volebat
1146 2397 1367 2436 uxorem
1402 2398 1414 2432 :
1446 2379 1592 2450 quod
1639 2379 1836 2433 factum
1884 2393 1992 2432 non
2032 2374 2230 2430 futurae

640 2476 763 2529 vita:
788 2473 1127 2545 profuturum
1154 2473 1387 2538 dicebat,
1417 2470 1511 2526 sed
1535 2469 1786 2541 praesenti
1815 2465 2100 2522 commodo
2133 2481 2230 2535 ap-

639 2566 892 2638 plicabat.
941 2563 1141 2621 Contra
1190 2564 1332 2619 hunc
1377 2562 1616 2632 suscepit
1656 2567 1873 2615 sanctus
1915 2558 2228 2613 Ambrosius

639 2658 1052 2714 Mediolanensis
1097 2658 1403 2728 episcopus,
1454 2655 1652 2726 quique
1701 2652 1868 2707 edidit
1919 2651 2114 2706 librum
2159 2649 2228 2704 ad

637 2751 960 2808 destruenda
1011 2751 1192 2807 omnia
1247 2756 1552 2805 commenta
1603 2745 2043 2802 adinventionum
2088 2741 2224 2812 ejus.

639 2842 758 2908 Quo
789 2843 928 2898 lecto
958 2843 1012 2896 in
1055 2841 1230 2896 media
1261 2840 1524 2903 Romana,
1557 2838 1613 2893 id
1645 2844 1726 2892 est
1753 2835 1979 2892 ecclesia
2008 2833 2228 2888 Latera-

639 2934 812 2998 nensi,
843 2950 946 2988 una
977 2949 1110 2988 voce
1138 2941 1193 2988 et
1232 2933 1461 3004 populus
1508 2930 1783 2985 Romanus
1812 2935 1866 2984 et
1894 2924 2224 2992 sacerdotes,

638 3023 694 3077 in
734 3022 937 3076 eisdem
977 3020 1345 3078 Jovinianistis
1372 3030 1429 3076 et
1472 3021 1589 3090 ipso
1627 3019 1912 3075 Joviniano
1941 3018 2226 3074 anathema

637 3113 1019 3181 clamaverunt,
1069 3115 1122 3168 in
1170 3116 1285 3184 ipso
1333 3113 1485 3169 initio
1529 3113 1979 3182 Quadragesimze,
2038 3119 2225 3168 sancto

638 3206 920 3262 Anastasio
965 3177 1218 3278 episcopo
1275 3177 1818 3276 antistitefDeniqbe
1866 3207 1918 3262 in
1964 3207 2078 3276 ipsa
2125 3221 2222 3259 au-
2249 3177 2296 3241 ε

638 3296 875 3352 thentica
915 3295 1252 3350 bebdomada
1297 3295 1532 3359 Paschaa,
1563 3296 1763 3349 inventi
1797 3304 1921 3350 sunt
1947 3297 2228 3366 epulantes

637 3393 694 3441 et
715 3399 1001 3456 porcorum
1028 3384 1278 3439 carnibus
1307 3385 1582 3439 trahentes
1627 3385 1869 3439 convivia
1905 3403 1915 3436 :
1950 3385 2023 3439 ita
2053 3393 2111 3439 ut
2136 3401 2224 3439 as-

638 3493 754 3531 sum
794 3492 1017 3546 porcum
1045 3491 1204 3546 quem
1236 3477 1288 3530 in
1322 3491 1507 3531 mensa
1545 3492 1734 3532 eorum
1764 3477 2097 3543 invenerant,
2129 3493 2227 3548 po-

637 3568 749 3639 puli
777 3568 917 3623 collo
958 3566 1075 3636 ejus
1123 3567 1528 3644 suspenderent,
1563 3577 1616 3624 et
1665 3569 1735 3622 ita
1776 3585 1897 3624 eum
1934 3585 2030 3640 per
2056 3578 2227 3625 totam

637 3659 908 3715 civitatem
964 3659 1201 3715 facerent
1248 3659 1492 3714 circuire.
1547 3646 1773 3731 Scripsit
1826 3661 1989 3715 etiam
2036 3669 2226 3739 contra

638 3751 738 3806 hos
779 3750 1134 3822 Hieronymus
1173 3751 1454 3822 presbyter
1492 3760 1672 3806 certos
1718 3751 1913 3817 libros;
1962 3768 2098 3822 quos
2135 3751 2227 3822 qui

639 3841 846 3910 plenius
884 3841 1091 3911 legerit,
1135 3849 1190 3896 et
1235 3850 1433 3912 quanta
1473 3842 1614 3898 bona
1644 3843 1920 3910 virginitas
1959 3851 2014 3896 et
2053 3843 2229 3897 conli-

640 3932 823 3987 nentia
851 3940 905 3988 et
934 3933 1254 3989 abstinentia
1297 3917 1492 3987 habeat
1535 3933 1710 3997 discit,
1753 3941 1806 3987 et
1841 3941 2042 4002 quanta
2085 3932 2226 3986 mala

640 4025 876 4082 edacitas
904 4035 959 4082 et
985 4025 1193 4081 luxuria
1223 4026 1418 4080 habeat
1447 4025 1827 4094 perhorrescit.

1288 4114 1564 4169 LXXXIII.

712 4209 1103 4280 Octogesimam
1141 4216 1196 4264 et
1244 4209 1457 4264 tertiam
1489 4208 1736 4263 hmresim
1783 4207 1836 4262 in
1883 4215 2040 4264 sexto
2088 4208 2226 4264 libro

643 4301 1105 4374 historiographus
1143 4309 1326 4357 noster
1366 4302 1517 4371 ponit
1572 4301 1868 4367 Eusebius,
1912 4316 2078 4376 gnam
2130 4318 2230 4358 nec

643 4395 970 4466 Epiphanius
1017 4393 1211 4449 alicubi
1260 4393 1596 4458 memoravit,
1643 4408 1741 4449 nec
1769 4391 2100 4464 Polycrates,
2129 4409 2230 4449 nec

643 4483 940 4548 Africanus,
971 4499 1072 4538 nec
1092 4481 1375 4547 Hesiodus,
1407 4499 1496 4552 qui
1518 4482 1704 4540 Graeco
1738 4499 1986 4551 sermone
2007 4483 2226 4540 univer-

2980 1907 3235 1962 LXXXV.

2397 1999 2790 2069 Octogesimam
2818 2009 2874 2056 et
2900 2001 3141 2070 quintam
3171 2000 3432 2054 hzeresem
3478 1997 3783 2057 Paterniani
3833 2002 3920 2057 in-

2328 2092 2551 2147 choasse
2577 2092 2844 2160 leguntur.
2873 2090 2936 2144 Hi
2967 2090 3247 2146 inferiores
3275 2090 3494 2144 humani
3522 2091 3766 2161 corporis
3789 2107 3919 2163 par-

2330 2190 2411 2237 tes
2455 2198 2562 2236 non
2611 2197 2642 2236 a
2684 2182 2817 2247 Deo,
2868 2180 2962 2236 sed
3009 2180 3279 2235 adiabolo
3309 2179 3477 2235 factas
3505 2181 3796 2251 opinantur
3824 2201 3837 2235 :
3863 2192 3922 2239 et

2329 2272 2566 2326 omnium
2608 2286 2676 2326 ex
2723 2271 2826 2326 illis
2879 2271 3122 2342 partibus
3177 2269 3498 2340 ﬂagitiorum
3528 2272 3800 2328 licentiam
3826 2274 3924 2329 tri-

2329 2363 2553 2419 buentes
2581 2364 2940 2434 impurissime
2968 2364 3174 2418 vivunt.
3199 2363 3309 2420 Hos
3333 2364 3460 2418 dum
3491 2365 3749 2421 Damasus
3773 2366 3922 2422 dam-

2329 2463 2483 2513 naret
2509 2457 2799 2528 episcopus
2845 2456 3087 2512 detectos
3130 2456 3183 2510 in
3223 2457 3448 2520 scelere,
3499 2457 3805 2526 hujusmodi
3851 2458 3925 2514 de

2328 2551 2411 2606 his
2432 2552 2484 2605 in
2507 2550 2770 2606 relatione
2789 2564 2887 2604 sua
2909 2549 2976 2603 ad
3005 2547 3439 2604 Valentinianum
3459 2549 3720 2618 majorem
3749 2550 3925 2622 scrip-

2330 2643 2417 2709 sit,
2448 2643 2631 2698 dicens
2661 2660 2674 2696 :
2721 2641 2870 2696 Scire
2898 2643 3128 2695 volumus
3175 2642 3418 2711 pietatem
3462 2651 3704 2706 vestram,
3736 2640 3762 2678 ἀ
3820 2641 3922 2696 Ve-

2329 2734 2596 2789 nustianos
2624 2735 2678 2788 in
2706 2733 2893 2788 scelere
2925 2732 3215 2802 turpissimo
3246 2731 3471 2786 detectas
3521 2730 3585 2784 ab
3628 2733 3919 2802 apostolica

2329 2827 2446 2881 sede
2468 2843 2579 2881 esse
2608 2825 2896 2880 damnatos.
2925 2823 3164 2890 Quorum
3186 2825 3348 2879 etiam
3370 2823 3733 2880 confessiones
3753 2825 3918 2879 simul

2329 2916 2546 2972 direxit.
2603 2916 2804 2972 Contra
2860 2917 2959 2971 hos
3007 2923 3194 2986 postea
3243 2916 3327 2970 lex
3397 2917 3644 2987 specialis
3700 2931 3916 2986 egressa

2329 3017 2441 3072 est,
2483 3018 2542 3064 ut
2579 3009 2900 3077 ubicumque
2965 3017 3148 3064 essent
3200 3009 3422 3078 reperti,
3480 3008 3691 3066 vindice
3741 2997 3955 3078 gladio-

2331 3109 2635 3168 agerentur.

2475 3241 2478 3250 .
2900 3247 2905 3254 ,
2984 3190 3266 3245 LXXXVI.

2400 3285 2828 3341 Tertullianistas
2855 3285 2985 3340 olim
3031 3301 3063 3339 a
3102 3285 3298 3341 Sotere
3327 3301 3463 3356 papa
3485 3284 3726 3340 Romano
3753 3285 3914 3341 dam-

2327 3388 2482 3434 natos
2525 3379 2769 3447 legimus.
2817 3376 2927 3433 Cur
2979 3386 3157 3434 autem
3209 3379 3591 3446 octogesimam
3620 3385 3675 3432 et
3699 3386 3916 3433 sextam
3979 3383 3990 3390 '

2327 3487 2421 3528 eos
2441 3473 2696 3527 haeresem
2719 3471 2960 3527 dicamus
2981 3471 3290 3540 arripuisse,
3325 3471 3441 3526 hzec
3459 3487 3618 3526 causa
3642 3481 3742 3536 est,
3767 3471 3919 3541 quod

2327 3565 2569 3636 quaedam
2596 3563 2889 3620 Octaviana
2916 3563 3135 3619 veniens
3159 3579 3231 3618 ex
3259 3562 3453 3628 Africa,
3486 3562 3639 3631 cujus
3666 3563 3763 3626 vir,
3808 3561 3922 3617 He-

2327 3657 2534 3727 sperius
2563 3656 2802 3724 nomine,
2831 3655 3114 3710 videbatur
3141 3653 3259 3710 duci
3290 3653 3570 3721 Arbogasti
3603 3653 3756 3707 valde
3783 3669 3921 3708 con-

2321 3748 2556 3818 junctus,
2587 3749 2680 3816 qui
2710 3748 2871 3803 etiam
2901 3745 3041 3816 apud
3070 3745 3355 3800 Maximum
3377 3754 3666 3816 tyrannum
3687 3743 3918 3798 multum

2329 3843 2519 3914 potuit,
2546 3843 2660 3897 hzcc
2693 3851 2716 3878 ο
2741 3840 3034 3894 Octaviana
3063 3838 3282 3895 adduxit
3307 3853 3488 3894 secum
3507 3835 3791 3908 quemdam
3812 3843 3923 3890 terb

2327 3935 2712 4004 giversatorem
2767 3941 3153 4002 versutumque
3208 3931 3527 3998 dzcmonem,
3557 3930 3642 3986 cui
3671 3929 3759 3982 vix
3786 3941 3922 3984 cen-

2327 4031 2440 4077 tum
2487 4032 2771 4079 occurrent
2815 4023 3121 4078 vcrbosanti
3170 4028 3331 4091 atque
3360 4021 3414 4076 in
3441 4021 3715 4076 hominem
3744 4019 3918 4076 conﬁ-

2328 4115 2492 4171 denti.
2538 4115 2635 4170 Hic
2686 4131 2806 4171 cum
2835 4132 2894 4172 se
2935 4116 3309 4188 presbyterum
3343 4115 3547 4171 diceret
3575 4114 3918 4170 Tertulliani-

2327 4217 2484 4277 stam,
2528 4211 2724 4265 meruit
2752 4227 2847 4281 per
2875 4227 3085 4266 sacrum
3113 4213 3372 4282 scriptum
3419 4217 3477 4265 ut
3504 4210 3607 4265 sibi
3635 4209 3921 4278 collegium

2329 4312 2480 4359 extra
2509 4321 2691 4360 muros
2724 4303 2880 4360 Urbis
2900 4305 3204 4361 fabricaret.
3235 4306 3389 4372 Quod
3417 4304 3547 4360 dum
3579 4305 3921 4375 impetrasset

2329 4410 2359 4449 a
2387 4404 2614 4468 tyranno
2669 4394 2922 4463 Maximo,
2973 4405 3287 4453 sanctorum
3333 4404 3643 4453 nostrorum
3690 4394 3923 4451 exclusit

2329 4487 2525 4552 locum,
2552 4488 2603 4542 id
2633 4496 2713 4544 est
2742 4489 2968 4544 duorum
2999 4489 3223 4544 fratrum
3245 4482 3490 4545 Processi
3518 4497 3573 4544 et
3595 4487 3921 4552 Martiniani,

642 4594 729 4634 sas
748 4578 979 4631 hatreses
1007 4576 1371 4631 describentes
1395 4577 1667 4631 volumina
1695 4578 1984 4633 multorum
2034 4577 2223 4633 condi-
2254 4559 2304 4622 Ῑ)
2331 4580 2514 4636 dicens
2541 4595 2636 4637 eos
2657 4580 2895 4653 Phryges
2921 4582 3105 4647 luisse,
3139 4591 3194 4636 et
3214 4581 3335 4637 ideo
3355 4581 3494 4637 hanc
3521 4581 3694 4650 legem
3718 4579 3921 4634 tenuis-

641 4671 769 4726 dcre
811 4670 1086 4726 librorum.
1120 4669 1177 4724 ln
1204 4679 1357 4725 sexto
1388 4671 1584 4741 itaque,
1616 4680 1673 4726 ut
1715 4671 1846 4735 dixi,
1879 4671 2015 4726 libro
2041 4678 2224 4725 narrat

641 4763 903 4820 Eusebius
930 4779 1047 4820 esse
1073 4763 1126 4818 in
1147 4763 1342 4818 Arabia
1373 4763 1672 4832 lizereticos,
1695 4780 1923 4834 quorum
1957 4765 2082 4834 quia
2131 4781 2225 4819 au-

640 4864 847 4911 ctorem
893 4871 1001 4911 non
1042 4863 1322 4921 memorat,
1357 4871 1456 4911 nos
1482 4872 1767 4927 possumus
1791 4871 1886 4911 COS
1916 4871 2226 4926 nuncupare

640 4947 916 5020 Arabicos.
971 4946 1059 5013 Hi,
1105 4948 1295 5018 inquit,
1326 4948 1509 5003 dicunt
1535 4949 1741 5004 animas
1766 4966 1886 5005 cum
1910 4947 2227 5020 corporibus

639 5040 777 5096 mori
804 5047 968 5111 atque
992 5039 1230 5106 dissolvi,
1254 5047 1310 5094 et
1329 5039 1383 5094 in
1410 5040 1514 5095 line
1541 5040 1721 5096 saeculi
1759 5047 2046 5110 utrumque
2068 5054 2225 5111 repa-

711 5224 738 5284 9
763 5214 861 5271 Ms.
891 5217 1051 5284 idem,
1083 5219 1387 5275 charitatem
1407 5217 1644 5272 exclusit.

711 5283 739 5322 ι’
777 5285 896 5340 Νοιι
926 5283 1095 5357 duos,
1151 5290 1247 5346 sed
1287 5303 1452 5343 unum
1492 5289 1704 5357 scripsit
1744 5285 1932 5357 doctor
1960 5289 2224 5344 maximus

641 5353 897 5428 adversus
925 5353 1242 5428 Helvidium,
1289 5367 1348 5412 ut
1385 5353 1630 5428 notatum
1649 5356 1911 5412 Vallarsio
1932 5358 1984 5412 in
2015 5358 2221 5428 praefat.

642 5424 711 5481 ad
723 5421 1113 5498 S._Hier_onymi
1127 5421 1572 5498 Operumtomum
1596 5427 1637 5492 l,
1659 5442 1779 5496 pag.
1809 5444 1955 5494 χχιιι,
1970 5421 2116 5484 num.
2135 5429 2221 5483 55.

716 5503 740 5564 ¢_
777 5494 1193 5564 MsaAugiense',
1224 5494 1754 5552 anathematizabant.

713 5561 738 5600 ἀ
780 5563 856 5619 De
887 5561 1218 5637 νειιῐιριὶαιιὶε
1240 5567 1402 5637 verba
1431 5567 1557 5622 facit
1585 5567 1640 5637 ὃ.
1667 5568 2012 5637 Augustinus,
2035 5570 2129 5624 lib.
2155 5570 2224 5625 de

643 5635 846 5709 ﬁgeres.
869 5650 990 5709 cap.
1019 5633 1108 5702 85,
1133 5643 1188 5692 et
1207 5636 1299 5709 l_ib.
1327 5654 1359 5709 v
1382 5646 1566 5709 contra
1594 5633 1790 5694 Julian.
1832 5653 1952 5709 cap.
1978 5640 2039 5709 j,
2071 5656 2222 5694 num.

642 5707 731 5760 26.
757 5704 837 5760 Ex
867 5704 971 5762 hoc
995 5713 1176 5762 autem
1205 5705 1574 5763 Prtedestinati
1618 5709 1739 5765 loco
1767 5704 1954 5765 censet
1977 5708 2230 5766 Baluzius

643 5773 1000 5835 Venustianos
1021 5776 1184 5836 fuisse
1212 5793 1243 5834 a
1271 5777 1329 5834 S.
1353 5777 1584 5836 Damaso
1612 5779 1894 5839 damnatos
1919 5780 1974 5840 in
2002 5781 2232 5839 concilio

2328 4687 2405 4736 se,
2447 4688 2609 4742 quam
2640 4672 3036 4729 Tertullianus:
3080 4682 3243 4743 atque
3291 4675 3396 4729 hoc
3425 4673 3612 4730 ordine
3639 4687 3734 4742 per
3759 4686 3921 4726 occa-

2328 4764 2533 4818 sionem
2558 4773 2849 4839 martyrum
2868 4765 2962 4820 Dei
2979 4767 3236 4837 populum
3269 4765 3582 4822 seducebat.
3609 4764 3717 4819 Deo
3739 4772 3925 4818 autem

2342 4854 2648 4911 Theodosio
2689 4855 2942 4926 religioso
2970 4857 3211 4927 Augusto
3259 4857 3423 4912 dante
3443 4857 3744 4921 victoriam,
3775 4853 3925 4925 puni-

2330 4957 2494 5019 toque
2522 4948 2754 5005 satellite
2782 4949 3001 5004 Maximi
3024 4950 3091 5005 de
3121 4949 3274 5020 cujus
3303 4965 3362 5004 se
3391 4947 3790 5004 Tertullianista
3817 4961 3921 5018 po-

2331 5051 2525 5098 testate
2540 5041 2798 5112 jactabat,
2823 5043 3006 5098 statim
3030 5042 3165 5112 fugit
3187 5057 3311 5098 cum
3339 5049 3588 5096 matrona
3616 5053 3736 5111 qua:
3762 5039 3927 5094 vene-

2331 5217 2578 5274 Romano
2606 5234 2662 5284 ιι,
2691 5233 2833 5272 anno
2863 5214 2966 5271 567
2996 5223 3206 5272 coacto.
3238 5213 3704 5284 VidesisiCollect.
3731 5205 3925 5284 concil.

2331 5297 2462 5362 tom.
2497 5289 2561 5362 ll,
2588 5281 2709 5360 pag.
2745 5288 2882 5362 l0_58
2912 5288 3061 5362 edit._
3077 5287 3210 5362 Ven.
3245 5283 3708 5362 Labb:_C:eterum
3749 5281 3816 5336 de
3832 5281 3931 5362 _h_is

2333 5351 2606 5414 haereticis
2638 5351 2907 5423 consulas,
2955 5359 3000 5411 si
3048 5357 3213 5420 lubet,
3262 5357 3330 5412 cl.
3364 5353 3797 5422 Wesselingium,
3832 5351 3949 5423 liba

2334 5427 2604 5501 Probabil.
2656 5422 2900 5501 c_ap.ﬂr5,r
2937 5444 3060 5498 pag.
3121 5427 3223 5501 ge;
3282 5425 3500 5501 Petrum
3554 5423 3842 5501 Horreum,
3877 5422 3935 5501 in

2337 5498 2560 5572 hiisgell.
2607 5494 2739 5572 crit:
2773 5499 2872 5572 lib.
2907 5494 2957 5572 1,—
2975 5494 3095 5570 cap.
3129 5498 3178 5572 ἶ,
3210 5513 3322 5572 pp._
3350 5494 3484 5572 105,
3506 5509 3708 5572 _seqq.;
3737 5500 3791 5572 et
3838 5494 3935 5572 qui

2339 5567 2394 5622 S.
2438 5568 2654 5639 Damasi
2681 5570 2878 5639 scripta
2922 5563 3108 5624 Romae
3137 5563 3278 5639 haud
3308 5568 3382 5621 ita
3404 5564 3612 5637 pridem
3637 5563 3933 5631 evulgavit,

2330 5639 2383 5692 in
2412 5637 2652 5710 ejusdem
2696 5637 2966 5710 pontiﬁcis
3014 5637 3396 5710 opusculorum
3439 5651 3504 5690 ac
3529 5642 3808 5704 gestorum
3839 5645 3934 5685 re-

2332 5706 2605 5781 censione,
2633 5706 2753 5781 cap.
2781 5709 2846 5781 ¹’1,
2881 5709 2911 5780 ς
2943 5709 2993 5776 ό,
3019 5706 3142 5781 pag.
3178 5706 3276 5781 38ἒ
3410 5777 3418 5781 _
3584 5775 3636 5781 ω
3681 5735 3686 5738 -

2407 5789 2430 5818 ε
2471 5771 2599 5850 Ms,
2621 5771 2860 5849 Octavia,
2883 5771 3203 5852 quae-prius,
3239 5777 3546 5834 Octaviana.
3580 5771 3855 5834 Sirmond.
