4238 6260
352 316 460 400 tm

819 331 1407 394 PREDESTINATUS
1443 327 1594 388 SIVE
1635 317 2331 385 PRIEDESTINATO'RUM
2369 317 2711 404 HERESIS,
2751 321 2905 382 ETC.
2949 317 3076 402 LIB;
3117 320 3157 376 I.

3520 318 3626 380 618

356 463 463 522 rat,
493 468 594 509 nec
617 453 850 508 viventis
888 467 986 507 nec
1012 449 1208 504 mortui
1238 462 1454 502 rumore
1493 451 1772 500 renovato.
1805 443 1940 496 Mar-
1966 451 2016 511 Α
2045 443 2112 498 ad
2134 459 2220 498 me
2251 442 2482 513 pertinet
2509 441 2577 496 de
2599 441 2684 495 his
2706 455 2825 510 qua:
2851 439 3070 508 obiecit,
3101 436 3192 492 ubi
3221 450 3398 490 meum
3430 452 3626 492 nomen

359 554 541 619 tyrum
595 561 814 600 suorum
867 543 1010 596 Deus
1055 539 1313 596 excubias
1339 537 1615 593 catholica:
1664 534 1941 591 festivitati

361 634 617 692 restituit.
677 634 1034 690 Tertullianus
1077 642 1258 685 autem
1286 629 1385 684 fuit
1431 628 1563 683 civis
1591 636 1644 682 et
1663 626 1942 697 presbyter

362 723 814 794 Carthaginiensis
837 742 848 776 :
873 713 1126 792 opuscula
1149 719 1581 790 eloquentissima
1601 726 1655 772 et
1683 717 1941 771 ferventia

363 816 420 871 in
445 816 756 872 defensione
783 815 942 869 edidit
965 813 1223 867 veritatis.
1251 811 1349 865 Hic
1376 812 1517 881 apud
1565 809 1942 876 Carthaginem

367 907 639 963 basilicam
669 908 867 969 habuit,
921 906 1009 959 tibi
1038 905 1222 974 populi
1253 903 1320 957 ad
1362 919 1483 956 eum
1531 900 1938 956 conveniebant.

369 998 500 1065 Qua:
553 999 766 1052 basilica
818 1011 983 1064 usque
1030 995 1097 1048 ad
1153 995 1428 1048 Aurelium
1486 995 1794 1062 episcopum
1824 991 1942 1044 fuit.

371 1090 574 1157 Agente
613 1089 752 1142 enim
781 1088 1079 1155 Augustino
1123 1085 1454 1156 Hipponensi
1483 1085 1756 1153 episcopo,
1788 1091 1842 1136 et
1869 1097 1948 1135 ra-

372 1179 691 1234 tionabiliter
717 1195 837 1233 cuin
869 1179 947 1232 eis
974 1179 1302 1248 disputante,
1326 1175 1572 1230 conversi
1598 1182 1738 1238 sunt,
1763 1171 1949 1227 Eccle-

367 1272 606 1340 siamque
652 1286 805 1325 suam
849 1278 1046 1338 sancta:
1069 1268 1322 1323 Ecclesizn
1351 1265 1711 1321 contulerunt.
1739 1263 1946 1317 Tertul-

366 1362 564 1416 Iianum
603 1369 784 1415 autem
813 1361 1077 1416 catholica
1111 1360 1235 1413 hinc
1261 1356 1606 1428 reprehendit
1634 1354 1944 1418 auctoritas,

364 1450 505 1522 quod
533 1453 770 1505 animam
793 1467 860 1505 ex
887 1451 1065 1504 anima
1099 1450 1245 1502 nasci
1272 1449 1418 1512 dicit,
1449 1456 1502 1502 et
1529 1444 1765 1500 defendit
1793 1443 1947 1497 Mon-

365 1551 572 1608 tanum,
613 1550 667 1596 et
707 1540 964 1605 Priscain,
1011 1547 1065 1594 et
1091 1539 1432 1593 Maximillam
1463 1546 1648 1592 contra
1681 1535 1838 1589 fidem
1859 1550 1950 1589 ca-

367 1635 642 1697 tholicam,
675 1641 730 1688 et
758 1641 945 1688 contra
975 1631 1318 1701 Apollonium
1347 1630 1656 1698 episcopum
1684 1623 1945 1690 Orientis,

368 1734 424 1781 et
443 1737 628 1782 contra
657 1724 904 1780 Soterem
927 1737 1119 1793 papam
1148 1721 1296 1774 urbis
1326 1719 1530 1783 Romae,
1557 1727 1615 1772 ut
1637 1731 1795 1786 supra
1818 1716 1952 1770 dixi-

2045 543 2144 601 est,
2171 542 2226 589 et
2245 533 2447 588 crimen
2477 532 2730 587 alienum.
2763 529 2915 586 Tunc
2933 530 3008 584 illi
3048 528 3358 584 obtulerunt
3385 528 3436 582 ei
3465 527 3630 584 libros

2044 644 2191 694 suos,
2215 628 2306 683 ubi
2327 627 2556 692 dicebat,
2581 626 2750 695 ipsam
2773 624 2875 679 sibi
2894 624 3126 678 hominis
3145 630 3389 678 naturam
3419 622 3486 677 ad
3509 637 3632 692 per-

2045 722 2332 776 fectionem
2363 735 2522 791 posse
2569 716 2814 774 sufﬁcere
2848 737 2860 771 :
2891 719 2996 772 hoc
3046 726 3147 780 est,
3198 725 3403 772 tantam
3451 724 3634 788 potest

2045 816 2210 869 homo
2240 811 2795 880 exercerejustitiam,
2827 819 2886 865 ut
2925 811 3088 864 etiam
3115 811 3231 864 sine
3257 820 3482 880 peccato
3505 828 3632 882 pos-

2047 907 2116 961 sit
2150 921 2278 961 esse
2325 905 2369 958 si
2399 904 2569 956 velit.
2615 902 2785 956 Adam
2837 901 3122 956 mortalem
3152 901 3370 966 factum,
3400 903 3490 970 qui
3521 902 3632 956 sive

2046 1003 2318 1066 peccaret,
2344 996 2457 1049 sive
2486 1010 2592 1048 non
2615 1001 2886 1063 peccaret,
2919 1000 3063 1048 esset
3092 993 3400 1046 moriturus.
3435 992 3524 1048 Sic
3548 994 3634 1048 lex

2047 1087 2193 1140 misit
2213 1086 2280 1140 ad
2309 1099 2550 1153 regnum,
2583 1086 2721 1140 sicut
2745 1083 3053 1152 Evangelia.
3085 1083 3318 1169 Infantes
3360 1085 3411 1139 in
3443 1089 3634 1141 remis-

2048 1181 2256 1235 sionem
2279 1188 2624 1249 peccatorum
2650 1178 3000 1248 baptizandos
3011 1192 3131 1232 esse
3151 1177 3272 1232 ideo
3293 1180 3631 1244 conﬁtemur,

2048 1282 2270 1344 propter
2316 1273 2554 1340 regulam
2581 1271 2896 1342 universalis
2921 1270 3197 1326 Ecclesia}.
3225 1270 3362 1324 Nihil
3403 1271 3638 1326 obfuisse

2049 1365 2233 1433 generi
2286 1366 2518 1419 humano
2563 1371 2842 1433 peccatum
2871 1362 3017 1417 Adae.
3049 1360 3238 1416 Omnia
3266 1363 3380 1417 haec
3419 1365 3638 1433 opposi-

2051 1456 2256 1509 tionum
2279 1469 2472 1523 genera
2495 1453 2562 1506 ad
2584 1452 2943 1506 damnandum
2958 1451 3349 1518 objiciebantur
3361 1450 3635 1508 Calestio.
3670 1443 3673 1449 ’

2051 1545 2160 1600 Sed
2210 1547 2298 1600 ille
2325 1546 2536 1600 dicebat
2567 1545 2732 1599 multa
2779 1559 2898 1600 esse
2927 1544 2982 1598 in
3006 1543 3087 1598 his
3114 1558 3233 1612 quae
3268 1551 3475 1599 teneret
3504 1543 3636 1600 ﬁdes

2054 1637 2186 1705 ejus,
2212 1644 2266 1689 et
2287 1643 2507 1705 propter
2527 1636 2641 1704 ipsa
2667 1642 2860 1688 cetera
2888 1633 3144 1687 damnare
3164 1649 3271 1688 non
3292 1649 3470 1704 posse.
3491 1633 3638 1690 Tunc

2057 1727 2123 1782 ad
2151 1727 2470 1781 relationem
2499 1741 2638 1796 pene
2664 1725 2903 1779 omnium
2932 1722 3183 1778 Afrorum
3237 1725 3634 1794 episcoporum,

367 1834 503 1882 mus,
554 1818 681 1872 dum
735 1817 1100 1886 Cataphryges
1139 1813 1420 1868 lia-reticos
1466 1811 1837 1877 detegeremus
1871 1827 1882 1861 :
1916 1823 1946 1861 a
1979 1826 1994 1885 ι

2055 1833 2189 1889 papa
2210 1817 2552 1872 Innocentius
2571 1815 2971 1870 damnationem
2993 1822 3048 1869 et
3067 1813 3283 1883 Pelagio
3304 1824 3360 1869 et
3387 1814 3639 1870 Caelestio

367 1912 560 1981 quibus
579 1913 770 1980 postea
794 1909 1014 1973 divisus,
1046 1923 1112 1962 ne
1135 1907 1283 1977 plebs
1313 1905 1551 1960 Montani
1582 1920 1777 1957 nomen
1827 1901 1951 1955 Ter-

367 2003 579 2057 tulliani
599 2001 870 2055 videretur
896 1999 1200 2061 excludere,
1227 1997 1398 2051 fundit
1420 2012 1449 2050 a
1472 2011 1530 2050 se
1551 2010 1765 2050 omnem
1791 1992 1952 2063 Phry-

369 2093 471 2163 gia:
533 2092 824 2144 vanitatem
887 2071 942 2144 et
991 2089 1506 2143 Tertullianistarum
1577 2085 1949 2140 conventicula

371 2183 728 2255 propagavit:
762 2181 893 2235 nihil
913 2189 1092 2234 tamen
1116 2179 1168 2232 in
1202 2177 1302 2233 fide
1334 2179 1576 2234 mutavit.
1621 2176 1755 2229 Nam
1785 2184 1840 2230 et
1866 2191 1953 2230 se-

373 2273 572 2328 cundas
600 2273 813 2342 nuptias
841 2270 1182 2335 condemnat,
1224 2279 1282 2323 ut
1325 2269 1571 2332 diximus,
1622 2267 1854 2320 animam
1885 2282 1952 2320 ex

373 2363 594 2416 traduce
615 2361 797 2416 venire
821 2360 1031 2424 asserit,
1059 2367 1113 2413 et
1140 2375 1237 2414 nos
1259 2359 1550 2413 catholicos
1572 2355 1857 2428 Psychicos
1887 2356 1954 2409 ti-

375 2455 524 2510 tulat.
564 2453 878 2522 Ubicunque
906 2460 1086 2507 autem
1109 2452 1301 2522 legeris
1332 2450 1645 2506 Tertulliani
1672 2449 1952 2503 adversum

375 2541 676 2617 Psychicos,
707 2534 987 2600 scias'eum
1010 2551 1198 2599 contra
1227 2543 1524 2598 catholicos
1545 2555 1721 2609 agere.

1009 2633 1311 2689 LXXXVII.

445 2728 503 2783 In
541 2729 868 2797 octogesima
903 2735 958 2781 et
1003 2727 1232 2795 septima
1260 2724 1451 2778 haeresi
1481 2723 1755 2777 Abeloitas
1784 2722 1958 2775 nomi-

377 2835 562 2877 namus
585 2839 598 2873 :
641 2820 733 2888 qui
761 2834 884 2874 cum
932 2817 1040 2871 sint
1066 2817 1274 2886 priores
1298 2829 1436 2884 pene
1461 2813 1710 2868 omnibus
1740 2812 1955 2866 haereti-

378 2914 473 2978 cis,
521 2908 672 2965 'nunc
698 2910 896 2964 nostris
923 2908 1256 2977 temporibus
1285 2905 1437 2959 finiti.
1470 2905 1560 2959 Isti
1602 2920 1668 2958 ex
1697 2904 1805 2958 tilio
1831 2902 1958 2956 Adae

379 3004 480 3060 sibi
525 3002 755 3057 nominis
781 2999 1167 3054 derivationem
1215 3005 1633 3067 assumpserant,
1666 2996 1718 3049 id
1767 3004 1866 3060 est,
1892 2995 1959 3050 ab

381 3094 515 3150 Abel
540 3093 814 3148 Abeloitas
842 3107 900 3147 se
929 3091 1192 3146 nominari
1214 3091 1516 3146 voluerunt.
1554 3089 1618 3143 Hi
1639 3104 1744 3144 non
1768 3089 1959 3143 misce-

2051 1908 2388 1978 conscripsit.
2439 1907 2518 1960 Illi
2546 1915 2746 1971 autem,
2777 1905 2890 1960 sive
2929 1911 3216 1973 antequam
3249 1905 3640 1960 damnarentur

2051 1999 2118 2054 ab
2169 1998 2456 2053 universali
2512 1997 2780 2061 Ecclesia,
2839 1997 2952 2050 sive
2999 2004 3348 2066 posteaquam
3402 1997 3640 2051 damnati

2051 2098 2196 2154 sunt,
2250 2105 2357 2144 non
2403 2096 2752 2144 cessaverunt
2775 2088 3006 2142 scribere
3034 2104 3193 2157 posse
3221 2089 3495 2144 hominem
3525 2090 3642 2144 sine

2051 2187 2275 2251 peccato
2303 2195 2440 2243 esse,
2473 2187 2528 2232 et
2552 2178 2682 2232 nihil
2706 2178 2940 2233 obfuisse
2969 2178 3139 2232 Adam
3168 2181 3352 2247 generi
3381 2180 3638 2246 humano,

2053 2280 2109 2326 et
2161 2271 2333 2338 legem
2376 2271 2452 2325 sic
2498 2269 2705 2324 misisse
2734 2269 2800 2323 ad
2830 2282 3052 2336 regnum
3081 2270 3219 2324 sicut
3246 2268 3554 2339 Evangelia,
3587 2280 3640 2325 et

2053 2360 2285 2416 infantes
2339 2376 2446 2415 non
2501 2360 2622 2415 ideo
2663 2361 3030 2431 baptizandos,
3055 2363 3182 2431 quia
3213 2363 3410 2417 habere
3437 2364 3641 2433 possint

2055 2453 2316 2521 originale
2343 2460 2656 2521 peccatum;
2688 2461 2744 2505 et
2791 2461 3033 2506 naturam
3061 2460 3171 2507 tam
3220 2454 3358 2509 bene
3386 2455 3580 2509 factam
3612 2473 3640 2509 a

2059 2544 2190 2610 Deo,
2223 2551 2279 2597 ut
2307 2543 2408 2597 sibi
2438 2543 2552 2597 sola
2575 2543 2805 2598 suﬂiciat
2829 2544 2899 2598 ad
2922 2545 3025 2600 hoc
3049 2553 3106 2599 ut
3132 2546 3302 2615 possit
3322 2559 3506 2600 carere
3526 2548 3639 2615 pec-

2056 2644 2198 2692 cato.
2228 2633 2429 2690 Contra
2459 2636 2558 2690 bos
2577 2637 2813 2705 suscepit
2840 2637 2954 2690 sine
2982 2637 3244 2706 scriptura
3263 2638 3482 2707 quidam
3501 2637 3639 2691 Con~

2057 2729 2286 2784 stantius
2315 2735 2592 2781 tractator.
2626 2725 2756 2780 Post
2780 2727 2922 2781 hunc
2950 2735 3149 2790 autem.
3192 2727 3406 2795 scripsit
3453 2735 3640 2784 contra

2060 2823 2159 2876 hos
2187 2827 2242 2874 et
2269 2818 2593 2886 Augustinus
2614 2815 2969 2885 Hipponensis
2997 2817 3280 2885 episcopus
3307 2823 3362 2870 et
3383 2815 3642 2887 Hierony.

2060 2927 2178 2965 mus
2226 2910 2510 2980 presbyter
2558 2917 2584 2944 ι
2640 2907 2949 2962 Bethleites.
3012 2905 3282 2976 Pelagiani
3338 2917 3517 2962 tamen
3548 2924 3641 2963 seu

2060 3000 2393 3064 leestiani,
2439 2998 2717 3054 catholicae
2763 2997 2903 3067 plebi
2933 2999 3187 3067 permixti
3214 3006 3359 3064 sunt,
3400 3000 3525 3067 quia
3553 3015 3642 3055 ec~

2063 3092 2282 3147 clesiam
2311 3091 2472 3145 aliam
2501 3106 2610 3145 non
2635 3090 2836 3145 habent
2860 3108 2872 3142 :
2906 3099 2961 3144 et
2989 3090 3111 3145 ideo
3141 3090 3231 3144 ubi
3256 3091 3335 3146 eis
3381 3094 3642 3159 evenerit,

381 3185 578 3247 bantur
604 3185 876 3250 uxoribus,
909 3192 965 3238 et
1011 3191 1186 3238 tamen
1217 3199 1324 3238 non
1353 3183 1547 3236 licebat
1583 3189 1743 3236 secta:
1769 3181 1870 3252 ipsi
1898 3189 1958 3236 ut
1982 3186 2027 3246 C
2059 3183 2492 3238 communionem
2522 3198 2628 3238 non
2657 3190 2906 3237 renuunt.
2950 3182 3142 3238 Dicunt
3168 3184 3311 3238 enim
3335 3185 3492 3240 unius
3516 3200 3644 3240 con~

379 3278 495 3333 sine
517 3275 772 3330 uxoribus
803 3275 1060 3328 viverent.
1091 3272 1204 3327 Mas
1224 3287 1352 3340 ergo
1382 3281 1436 3327 et
1463 3271 1680 3336 femina,
1710 3273 1809 3327 sub
1830 3287 1961 3327 con-

381 3369 620 3424 tinentiae
658 3365 991 3437 professione
1034 3365 1191 3420 simul
1241 3365 1582 3429 habitantes,
1632 3380 1858 3435 puerum
1907 3371 1963 3419 et

380 3458 612 3533 puellam
654 3459 754 3514 sibi
796 3457 1143 3528 adeptabant,
1194 3458 1248 3511 in
1299 3455 1538 3524 ejusdem
1567 3456 1962 3526 conjunctionis

381 3559 536 3626 pacto
563 3565 898 3606 successores
917 3548 1145 3604 futuros.
1170 3548 1341 3604 Morte
1361 3551 1642 3618 praeventis
1661 3550 1962 3618 quibusque
1989 3593 1994 3598 .

383 3642 600 3712 singulis
647 3639 735 3695 alii
765 3640 1217 3709 subrogabantur,
1258 3640 1385 3693 dum
1415 3648 1594 3695 tamen
1623 3641 1729 3695 duo
1757 3641 1964 3696 duobus

386 3735 607 3805 disparis
631 3750 791 3789 sexus
821 3734 873 3787 in
903 3733 1046 3787 illius
1074 3731 1266 3786 domus
1302 3731 1560 3786 societate
1595 3731 1959 3787 succederent.

390 3822 648 3879 Utrolibet
672 3825 870 3893 quippe
924 3830 1148 3893 parente
1195 3819 1468 3888 defuncto,
1521 3823 1613 3876 uni
1660 3824 1962 3878 remanenti

386 3930 552 3985 mque
569 3914 636 3968 ad
652 3915 767 3984 ejus
782 3929 996 3984 quoque
1011 3913 1216 3967 obitum
1231 3911 1323 3966 filii
1338 3913 1662 3979 serviebant;
1678 3922 1800 3984 post
1814 3914 1964 3983 cujus

387 4014 636 4069 mortem,
660 4006 822 4059 etiam
848 4005 945 4074 ipsi
961 4019 1186 4074 puerum
1214 4012 1268 4058 et
1296 4004 1527 4073 puellam
1555 4005 1803 4059 similiter
1834 4004 1966 4060 ado-

388 4096 630 4168 ptabant.
661 4093 770 4150 Nec
793 4111 1022 4164 unquam
1047 4096 1123 4149 eis
1150 4095 1318 4150 defuit
1339 4096 1480 4150 unde
1509 4087 1846 4166 adoptarent,
1871 4112 1964 4166 ge-

388 4187 701 4242 nerantibus
721 4187 1132 4255 circumquaque
1154 4187 1361 4251 vicinis,
1380 4196 1435 4242 et
1456 4187 1594 4243 filios
1614 4204 1742 4243 suos
1773 4190 1965 4260 inopes

385 4278 453 4334 ad
482 4293 631 4350 spem
661 4276 985 4332 hacreditatis
1011 4277 1197 4332 alienae
1238 4278 1469 4332 libenter
1517 4278 1785 4334 dantibus.
1840 4279 1964 4335 H:ec

385 4372 500 4428 sola
539 4379 653 4426 erat
708 4371 849 4424 inter
896 4385 994 4424 nos
1037 4378 1196 4438 atque
1252 4370 1372 4424 illos
1423 4370 1720 4424 distantia:
1778 4372 1964 4441 inquo

388 4474 601 4521 nostros
629 4463 943 4533 arguebant,
993 4463 1066 4516 ita
1111 4477 1219 4517 non
1249 4463 1302 4516 in
1350 4463 1467 4530 lege
1510 4471 1693 4518 nostra
1723 4466 1965 4519 exerceri

2063 3274 2313 3328 fessionis
2359 3289 2476 3327 esse
2504 3274 2556 3326 in
2585 3274 2686 3328 hac
2704 3282 2877 3344 parte,
2912 3274 2964 3327 in
2994 3288 3098 3342 qua
3127 3275 3447 3330 eucharistia
3477 3276 3645 3332 confi-

2061 3365 2234 3420 citur:
2267 3364 2334 3418 de
2362 3365 2656 3434 quaestione
2685 3365 2828 3419 enim
2851 3365 3018 3428 aiunt,
3048 3380 3154 3419 non
3175 3365 3242 3420 de
3267 3368 3644 3425 communione

2063 3453 2434 3509 discernimur.
2468 3451 2573 3508 Pro
2597 3453 2701 3508 hoc
2720 3469 2874 3519 ausu,
2901 3462 2956 3509 et
2983 3470 3014 3508 a
3038 3455 3252 3519 nostris,
3277 3456 3321 3509 si
3349 3455 3645 3525 deprehen-

2063 3545 2278 3610 dantur,
2309 3545 2560 3614 periculis
2621 3545 2917 3614 subjacent,
2965 3554 3021 3599 et
3066 3560 3094 3598 a
3135 3546 3245 3599 suis
3290 3547 3646 3601 exsecrationi

2064 3635 2347 3690 habentur.
2374 3634 2585 3690 Habent
2614 3635 2756 3690 enim
2785 3645 2841 3689 et
2868 3635 3209 3708 presbyteros
3256 3643 3312 3688 et
3365 3636 3646 3704 episcopos

2065 3743 2209 3782 suos.
2241 3727 2361 3797 Ipse
2382 3735 2558 3782 autem
2585 3725 2830 3795 Pelagius
2859 3727 2933 3780 ita
2963 3727 3014 3780 in
3045 3728 3432 3781 commentario
3459 3743 3557 3783 suo
3578 3728 3646 3786 ad

2067 3816 2340 3874 Romanos
2369 3818 2583 3883 scribit;
2614 3817 2739 3870 dum
2769 3825 2951 3886 ageret
2979 3817 3122 3870 illum
3181 3817 3356 3872 locum
3409 3833 3517 3887 quo
3571 3821 3647 3876 ait

2067 3911 2387 3982 Apostolus:
2414 3909 2672 3975 Quoniam
2695 3927 2786 3980 per
2804 3926 2964 3963 unum
2982 3909 3239 3964 [continent
3265 3912 3319 3964 in
3339 3912 3472 3966 hunc
3498 3931 3648 3968 mun-

2067 4007 2191 4059 dum
2209 4014 2474 4076 peccatum
2498 4005 2728 4066 intravit,
2761 4011 2810 4056 et
2832 4019 2922 4074 per
2941 4012 3205 4073 peccatum
3226 4019 3396 4066 mors;
3423 4014 3474 4058 et
3497 4007 3572 4059 ita
3593 4009 3647 4061 in

2067 4115 2243 4151 omnes
2278 4098 2509 4151 homines
2550 4096 2871 4167 pertransiit,
2903 4097 2956 4149 in
2996 4112 3093 4166 quo
3115 4111 3289 4150 omnes
3311 4095 3648 4167 peccaverunt

2070 4190 2245 4261 (Rom.
2271 4207 2322 4255 v,
2351 4189 2472 4260 1‘2);
2511 4198 2732 4256 tangens
2777 4187 3105 4250 C(elestium,
3137 4189 3229 4257 qui
3249 4198 3435 4244 contra
3465 4191 3650 4246 tradu-

2066 4296 2183 4336 cem
2206 4281 2410 4350 peccati
2440 4281 2641 4350 primus
2665 4279 2895 4349 scripsit,
2919 4279 3000 4334 his
3017 4280 3196 4334 verbis
3215 4281 3320 4333 ait:
3345 4280 3430 4348 Hi,
3455 4283 3643 4353 inquit,

2067 4371 2159 4439 qui
2187 4379 2372 4424 contra
2403 4370 2675 4426 traducem
2724 4370 2964 4436 veniunt,
3016 4370 3089 4424 ita
3139 4370 3282 4425 illam
3333 4372 3648 4442 impugnare

2067 4461 2346 4515 nituntur:
2401 4459 2457 4514 Si
2512 4461 2638 4516 Adae
2678 4468 2957 4531 peccatum
2985 4461 3147 4516 etiam
3175 4477 3284 4516 non
3305 4465 3649 4532 peccantibus

390 4551 655 4625 cohjugia,
689 4564 746 4610 ut
792 4563 846 4610 et
871 4554 962 4624 qui
992 4555 1198 4610 nubunt
1237 4562 1492 4623 tanquam
1538 4569 1644 4608 non
1703 4555 1966 4612 nubentes
1995 4552 2041 4611 D
2067 4551 2257 4616 obfuit,
2290 4565 2418 4619 ergo
2472 4560 2527 4606 et
2565 4550 2762 4606 Christi
2798 4551 2967 4621 gratia
2990 4553 3154 4607 etiam
3177 4569 3284 4608 non
3309 4555 3654 4613 credentibus

389 4645 512 4704 sint.
557 4651 572 4662 '

384 4744 394 4752 '
1015 4734 1340 4791 LXXXVIII.

457 4826 849 4897 Octogesimam
895 4835 950 4880 et
990 4835 1236 4882 octavam
1292 4826 1535 4881 hmresim
1583 4826 1636 4879 in
1666 4824 1884 4892 Pelagio
1909 4841 1968 4882 sc

389 4919 657 4974 invenisse
691 4918 847 4972 sedes
875 4917 1170 4987 apostolica
1196 4919 1294 4973 sub
1323 4932 1459 4986 papa
1488 4925 1674 4971 sancto
1703 4917 1966 4972 Innocen-

390 5010 465 5063 tio
491 5009 690 5072 docuit,
722 5008 848 5062 dum
902 5006 1188 5062 leestius
1241 5006 1440 5074 Pelagii
1479 5005 1772 5076 discipulus
1827 5007 1970 5076 apud

390 5097 764 5167 Carthaginem
818 5098 1040 5153 doceret
1090 5113 1248 5168 posse
1291 5099 1534 5152 homines
1580 5098 1696 5153 sine
1743 5107 1967 5168 peccato

391 5205 528 5254 esse,
556 5197 744 5244 natura
768 5186 880 5244 sibi'
894 5187 1196 5244 sufﬁciente
1225 5191 1335 5244 sola
1378 5190 1629 5244 humana.
1676 5189 1892 5245 Restitit
1919 5192 1969 5246 ei

387 5282 603 5354 quidam
631 5279 884 5336 Paulinus
912 5280 1192 5344 diaconus,
1243 5280 1493 5336 defensor
1539 5289 1596 5334 et
1649 5289 1968 5351 procurator

386 5373 628 5429 ecclesia:
653 5371 1062 5427 Mediolanensis
1092 5371 1338 5441 :_cuique
1367 5371 1420 5424 in
1467 5380 1732 5425 conventu
1787 5386 1968 5426 sacer-

386 5463 571 5520 dotum
600 5463 768 5518 multa
796 5463 1028 5534 capitula
1069 5462 1268 5531 objccit
1305 5470 1492 5517 contra
1534 5463 1692 5517 iidem
1741 5463 1967 5517 catholi-

387 5572 523 5620 Cam,
555 5571 673 5626 qua:
700 5555 985 5612 Caelestius
1008 5554 1264 5610 damnare
1290 5555 1544 5624 neglexit,
1591 5555 1774 5612 dicens
1803 5572 1814 5608 :
1847 5554 1964 5611 Non

460 5746 485 5776 ι
524 5734 619 5792 Ms.
648 5736 934 5803 Augiense,
960 5735 1308 5790 Bethlemites.

629 5831 902 5894 Pyrno!”
951 5828 1111 5889 LIII.

2070 4644 2308 4715 prodest.
2329 4642 2544 4697 Addunt
2569 4644 2730 4697 etiam
2758 4644 2863 4699 hoc
2894 4663 2906 4697 :
2939 4642 2997 4700 Si
3025 4646 3324 4715 )aptismus
3351 4647 3492 4702 tollit
3537 4649 3650 4702 ori-

2070 4736 2245 4803 ginale
2285 4734 2412 4788 illud
2439 4744 2736 4804 peccatum,
2769 4736 2836 4790 de
2873 4736 3082 4790 duobus
3109 4737 3394 4807 baptizatis
3421 4741 3530 4793 nati
3558 4739 3651 4795 de-

2068 4828 2197 4883 bent
2237 4829 2339 4882 hoc
2383 4843 2567 4882 carere
2587 4837 2807 4898 peccato
2833 4847 2844 4880 :
2876 4829 3147 4898 quomodo
3175 4831 3318 4886 enim
3347 4833 3564 4886 mittunt
3585 4831 3650 4886 ad

2071 4927 2318 4989 posteros
2345 4917 2488 4987 quod
2530 4919 2630 4988 ipsi
2669 4921 2722 4974 in
2774 4935 2833 4975 se
2870 4921 3090 4976 minime
3136 4921 3474 4977 habuerunt?
3502 4921 3644 4986 Haec,

2070 5011 2209 5065 sicut
2236 5009 2302 5063 ab
2331 5009 2447 5079 ipso
2470 5007 2686 5079 Pelagio
2713 5019 2839 5066 sunt
2881 5013 3076 5083 scripta
3105 5013 3395 5081 posuimus.
3440 5009 3516 5062 De
3543 5009 3649 5064 hoc

2070 5101 2252 5170 itaque
2277 5100 2422 5170 quod
2449 5100 2650 5157 dictum
2678 5112 2780 5168 est,
2808 5118 2967 5172 posse
2992 5101 3262 5156 hominem
3290 5099 3404 5152 sine
3424 5105 3651 5166 peccato

2071 5205 2208 5256 esse,
2231 5190 2500 5259 objectum
2529 5200 2610 5247 est
2630 5192 2732 5247 illis
2753 5192 2858 5244 ita:
2891 5190 2996 5243 Aut
3015 5195 3210 5257 potest,
3241 5194 3296 5240 et
3322 5186 3647 5255 adjutorium

2073 5298 2179 5336 non
2207 5283 2425 5352 quaerit;
2456 5293 2547 5339 aut
2576 5276 2681 5338 non
2712 5288 2906 5352 potest,
2938 5287 2993 5334 et
3020 5277 3342 5345 adjutorium
3363 5280 3570 5350 quatrit.
3603 5283 3674 5341 Α,

2071 5388 2409 5446 quocumque
2436 5375 2578 5430 enim
2606 5371 2861 5427 auxilium
2882 5369 3156 5438 quaeritur,
3189 5369 3319 5426 dicit
3337 5385 3396 5426 se
3424 5371 3477 5425 id
3503 5373 3650 5441 quod

2073 5466 2187 5519 vult
2214 5465 2390 5521 facere
2412 5465 2632 5534 implere
2661 5476 2767 5515 non
2789 5473 2948 5528 posse
2977 5477 2989 5511 :
3023 5459 3261 5529 alioquin
3284 5461 3520 5517 irrisorie
3548 5478 3649 5531 po-

2071 5556 2180 5641 scit
2195 5557 2285 5626 qui
2316 5563 2492 5625 potest
2520 5555 2621 5608 hoc
2645 5551 2788 5605 solus
2817 5565 2915 5619 pro
2937 5566 3046 5622 quo
3067 5551 3391 5621 adjutorium
3412 5552 3650 5622 postulat

3133 5817 3220 5884 20
