4282 6264
599 319 704 376 019

1622 315 1804 374 ANON
1811 316 1902 373 YM
1913 319 1995 376 US
2036 317 2312 376 AUCTOR
2349 317 2890 375 PREllESTlNATI.

3757 316 3872 375 620

602 436 910 506 adimplere.
947 433 1105 489 Verbi
1129 389 1320 501 gratia,
1353 431 1540 486 decem
1593 411 1782 501 pondo
1823 431 2188 500 cujuscunque
2216 437 2262 494 Α
2290 431 2487 493 nuisse,
2522 431 2614 484 sed
2644 431 2834 494 solum,
2863 429 3050 498 inquit,
3083 428 3375 483 hominem.
3409 426 3464 481 Si
3506 428 3650 482 enim
3678 425 3874 483 dixeri-

600 528 677 580 rei
708 527 752 580 si
783 527 960 580 levare
992 524 1269 588 voluerim,
1299 531 1354 576 et
1381 522 1704 590 adjutorium
1741 535 1993 591 qumram,
2051 523 2179 577 ridi-

601 617 779 670 culum
810 614 994 668 videor
1013 605 1264 668 exhibere
1290 612 1414 666 dum
1439 629 1619 682 posco.
1653 612 1722 666 At
1751 629 1879 667 vero
1907 613 1952 666 si
1980 613 2181 667 ducen-

601 717 684 761 tas
710 715 801 760 aut
826 705 1055 775 amplius
1082 706 1241 760 velim
1289 706 1468 760 levare
1514 706 1694 767 libras,
1729 705 1854 774 quia
1885 705 1937 758 id
1960 705 2182 775 implere

601 813 708 851 non
739 812 974 866 possum,
1021 797 1277 850 auxilium
1306 794 1509 865 ﬂagito,
1551 805 1605 851 et
1634 797 1908 852 immensis
1937 798 2184 866 precibus

599 887 926 957 adiutorium
953 901 1136 955 quaero
1168 904 1182 938 :
1215 887 1483 956 praecipue
1521 887 1565 942 si
1595 895 1766 942 status
1807 887 1926 940 vitm
1969 900 2104 941 mete
2129 888 2182 941 in

600 980 705 1034 hoc
730 978 938 1032 videtur
974 978 1212 1047 pondere
1239 979 1464 1047 positus,
1513 973 1636 1031 utsi
1665 977 1874 1046 pondus
1901 977 2046 1046 quod
2073 992 2186 1032 me-

602 1069 809 1126 moravi
832 1085 938 1124 non
965 1069 1234 1135 levavero,
1262 1070 1328 1124 ad
1351 1071 1510 1125 vitam
1533 1071 1816 1140 pervenire
1834 1085 1942 1124 non
1962 1071 2181 1140 possim.

602 1166 678 1220 De
704 1166 914 1220 duobus
942 1173 1118 1220 autem
1147 1165 1429 1234 baptizatis
1458 1172 1640 1220 natum
1694 1164 1825 1218 nihil
1873 1164 2073 1218 habere
2120 1163 2187 1217 de

601 1257 703 1312 ﬁde
741 1266 1042 1327 parentum,
1071 1257 1186 1311 huic
1215 1272 1312 1310 nos
1335 1258 1472 1310 ratio
1505 1257 1687 1310 docet.
1721 1255 1988 1321 Quoniam
2016 1254 2072 1309 hi
2092 1253 2185 1322 qui

598 1348 853 1416 baptizati
899 1356 1041 1411 sunt,
1091 1347 1224 1400 (luas
1265 1347 1463 1401 habent
1503 1347 1843 1407 nativitates;
1890 1359 2051 1408 unam
2079 1357 2185 1412 qua

597 1455 692 1494 eos
719 1439 995 1506 generavit
1020 1453 1167 1503 caro,
1201 1438 1356 1491 aliam
1385 1453 1489 1505 qua
1517 1453 1611 1490 eos
1639 1436 1918 1504 generavit
1959 1434 2188 1504 Spiritus

598 1538 816 1586 sanctus
849 1547 859 1580 :
893 1537 949 1582 et
975 1544 1042 1582 ex
1070 1528 1153 1583 his
1178 1527 1386 1580 duabus
1412 1526 1848 1594 generationibus
1887 1524 2020 1588 nati,
2053 1524 2186 1577 duas

598 1620 976 1689 generationes
1003 1619 1070 1672 ad
1098 1626 1344 1687 posteros
1385 1618 1604 1670 mittunt
1642 1635 1652 1668 :
1697 1633 1854 1670 unam
1893 1617 1960 1670 de
2001 1633 2184 1680 carne,

598 1711 833 1780 conjugii
889 1711 1220 1775 ministerio;
1271 1711 1430 1763 aliam
1479 1710 1546 1763 de
1600 1709 1820 1778 Spiritu,
1867 1709 2186 1778 baptismate

2283 539 2400 579 mus
2428 524 2552 592 quia
2577 523 2740 577 Deum
2765 524 2966 592 genuit,
2989 522 3208 576 fecimus
3224 520 3250 558 ιι
3277 529 3504 576 matrem
3525 520 3715 587 Deum,
3740 521 3875 575 sicut

2283 618 2527 687 gentiles.
2565 617 2730 670 Maria
2760 629 2906 685 ergo,
2959 615 3151 685 inquit,
3199 614 3453 685 templum
3509 613 3622 669 Deo
3670 617 3870 682 genuit,

2283 722 2390 761 non
2421 709 2594 777 ipsum
2624 707 2714 775 qui
2743 707 2796 760 in
2825 707 3025 776 templo
3058 706 3280 760 habitat.
3343 705 3570 775 Accepit
3615 706 3875 772 inducias,

2283 807 2342 854 ut
2372 808 2464 852 aut
2511 799 2794 854 damnaret
2820 799 3040 862 dictum,
3087 805 3142 851 et
3171 795 3372 850 rediret
3419 797 3484 852 ad
3514 797 3696 851 sedem
3726 812 3875 850 suam

2285 889 2599 959 episcopus;
2650 897 2742 943 aut
2770 889 2814 943 si
2855 889 3110 942 damnare
3157 887 3432 950 noluisset,
3487 894 3678 957 postea
3703 885 3878 942 redire

2284 996 2392 1036 non
2422 989 2622 1051 posset.
2647 980 2844 1045 Noluit,
2872 987 2926 1034 et
2956 980 3008 1034 in
3038 979 3229 1034 eadem
3250 977 3588 1036 confessione
3617 994 3869 1049 perman-

2286 1076 2375 1130 sit.
2409 1073 2562 1128 Hunc
2588 1073 2823 1144 synodus
2854 1071 2993 1142 apud
3022 1070 3291 1142 Ephesum
3338 1070 3613 1124 damnavit
3644 1088 3655 1122 :
3690 1070 3742 1123 in
3771 1084 3876 1140 qua

2285 1167 2630 1222 damnatione
2688 1166 2961 1220 Romanus
3009 1177 3154 1236 papa
3207 1164 3528 1220 leestinus
3556 1164 3786 1235 scripsit,
3820 1171 3877 1218 et

2287 1271 2477 1312 omnes
2506 1273 2626 1310 cum
2657 1254 2737 1311 eo'
2773 1257 2976 1326 pariter
2995 1253 3295 1312 Orientales
3323 1265 3483 1327 atque
3509 1254 3874 1313 Occidentales

2287 1337 2526 1418 episcopi
2559 1348 3014 1418 subscripserunt.

3013 1437 3123 1492 XC.

2357 1530 2713 1600 Nonagesima
2753 1531 2998 1596 haeresis,
3041 1544 3201 1598 quam
3248 1529 3300 1582 in
3335 1525 3642 1607 praefatione
3688 1536 3873 1584 nostra

2289 1622 2520 1678 diximus
2541 1623 2607 1677 de
2631 1623 2846 1677 nomine
2875 1621 3155 1690 Augustini
3181 1620 3421 1690 episc0pi
3434 1635 3550 1675 esse
3575 1619 3875 1686 mentitam,

2292 1711 2802 1768 Pmdestinatorum
2832 1726 3026 1765 nomen
3057 1710 3281 1781 accepit.
3315 1708 3378 1763 lli
3417 1709 3736 1766 electionem
3782 1711 3876 1772 bo-

600 1801 987 1864 eonsecraado.
1021 1801 1118 1856 Hic
1161 1815 1289 1870 ergo
1318 1802 1409 1869 qui
1445 1801 1512 1854 de
1553 1802 1836 1869 baptizatis
1886 1809 2041 1855 natus
2086 1811 2184 1867 est,
2221 1830 2265 1889 Β
2292 1819 2504 1866 norum,
2539 1810 2593 1858 et
2621 1802 3014 1857 recusationem
3064 1801 3327 1854 malorum
3351 1842 3365 1866 ,
3397 1797 3510 1854 Deo
3559 1799 3879 1856 decernente

599 1896 874 1963 interrogo
902 1902 1101 1962 te'qua
1128 1909 1188 1949 re
1228 1903 1384 1948 natus
1412 1896 1537 1948 est?
1585 1894 1651 1948 de
1694 1909 1872 1959 carne,
1909 1895 1961 1949 id
1988 1901 2088 1960 est,
2121 1895 2188 1950 de

599 1989 772 2059 prima
800 1990 1178 2056 generatione,
1205 2004 1274 2043 an
1303 1989 1370 2042 de
1399 1989 1607 2058 spiritu,
1641 1989 1693 2043 id
1723 1999 1824 2055 est,
1859 1989 1925 2044 de
1954 1991 2187 2046 secunda

599 2080 995 2147 generatione?
1030 2080 1083 2134 Si
1130 2081 1196 2134 de
1236 2081 1425 2149 spiritu
1456 2089 1611 2134 natus
1639 2089 1737 2146 est,
1781 2081 2041 2150 baptizari
2081 2097 2188 2135 non

599 2169 794 2224 debet:
820 2172 1023 2238 quare?
1051 2171 1175 2239 quia
1205 2170 1435 2241 Spiritus
1461 2179 1679 2227 sanctus
1701 2187 1824 2226 eum
1863 2172 1988 2226 fecit
2019 2173 2184 2237 nasci,

599 2281 708 2320 non
757 2265 923 2320 libido
966 2265 1216 2334 conjugii.
1270 2265 1363 2320 Sin
1393 2273 1574 2320 autem
1603 2267 1670 2320 de
1692 2265 1944 2334 conjugio
1964 2265 2188 2331 carnali,

599 2354 655 2409 id
682 2363 766 2409 est
793 2355 860 2409 de
889 2356 1130 2410 masculo
1159 2365 1213 2410 et
1234 2356 1452 2420 femina,
1479 2364 1647 2411 restat
1692 2365 1752 2411 ut
1781 2356 1922 2410 unde
1948 2363 2071 2410 sunt
2100 2372 2190 2410 re-

598 2445 838 2514 generati
866 2447 933 2500 de
960 2445 1175 2501 Christo
1199 2454 1252 2500 et
1273 2446 1530 2512 Ecclesia,
1557 2462 1709 2502 suam
1739 2448 1932 2502 iterum
1963 2460 2190 2514 regene-

599 2545 721 2591 rent
763 2538 989 2606 prolem.
1039 2538 1114 2593 De
1140 2539 1316 2607 primo
1364 2537 1506 2593 enim
1537 2545 1620 2593 est
1649 2537 1819 2592 Adam
1847 2539 1992 2606 quod
2019 2538 2192 2592 nasci-

599 2644 720 2682 mur
747 2647 758 2681 :
792 2628 858 2684 de
883 2630 1116 2685 secundo
1147 2639 1325 2684 autem
1351 2631 1494 2699 quod
1521 2631 1715 2685 iterum
1742 2645 2067 2696 recreantur,
2101 2630 2184 2684 di-

598 2728 756 2777 cente
783 2729 969 2775 sancto
993 2721 1254 2790 Apostolo
1280 2740 1291 2773 :
1318 2720 1515 2774 Factus
1535 2729 1612 2775 est
1629 2723 1828 2793 primus
1850 2722 2000 2776 homo
2021 2721 2190 2774 Adam

598 2813 652 2864 in
673 2812 906 2864 animam
934 2813 1200 2876 viventem,
1233 2813 1544 2865 novissimus
1564 2811 1735 2865 Adam
1764 2813 1818 2865 in
1850 2813 2095 2883 spiritum
2117 2813 2191 2865 vi—

597 2900 912 2969 viﬁcantem.
949 2898 1053 2953 Sed
1083 2918 1188 2954 non
1217 2903 1361 2970 prius
1389 2903 1526 2973 quod
1549 2902 1788 2971 spiritale
1809 2911 1904 2967 est,
1938 2903 2027 2955 sed
2055 2904 2191 2974 quod

599 2993 860 3055 animale;
883 2992 1070 3044 deinde
1088 2993 1222 3061 quod
1250 2994 1504 3061 spiritale.
1541 2993 1752 3048 Primus
1779 2995 1932 3050 homo
1959 2995 2022 3047 de
2051 3003 2191 3048 terra

601 3090 851 3145 terrenus,
878 3082 1130 3136 secundus
1148 3083 1301 3137 homo
1338 3084 1401 3137 de
1429 3084 1553 3138 caelo
1602 3085 1838 3138 caelestis.
1872 3083 2012 3156 Ergo
2060 3085 2191 3137 sicut

600 3177 916 3246 portavimus
961 3178 1239 3248 imaginem
1285 3180 1494 3243 terreni,
1528 3174 1580 3231 id
1609 3187 1691 3233 est
1722 3180 1858 3233 sicut
1887 3179 2187 3232 creavimus
2219 3211 2264 3273 Ο

566 3317 571 3322 .
602 3266 739 3323 ﬁlios
765 3269 1067 3330 carnaliter,
1099 3276 1358 3334 portemus
1379 3278 1429 3322 et
1454 3271 1735 3340 imaginem
1762 3271 1975 3323 caelestis
2001 3269 2042 3340 (Ι
2065 3268 2186 3323 Cor.

602 3371 689 3421 xv,
713 3355 835 3427 45);
869 3358 920 3411 id
943 3365 1045 3422 est,
1070 3373 1204 3427 quos
1233 3361 1532 3414 creavimus
1550 3360 1858 3426 carnaliter,
1882 3361 2193 3429 spiritaliter

601 3461 904 3503 recreemus
931 3467 942 3500 :
977 3458 1067 3502 aut
1093 3449 1194 3518 ipsi
1218 3450 1310 3518 qui
1340 3449 1630 3504 carnaliter
1652 3451 1818 3504 creati
1847 3466 2033 3504 sumus
2058 3458 2193 3504 nutu

600 3540 890 3607 Creatoris,
922 3543 1118 3596 iterum
1165 3543 1283 3610 ejus
1321 3543 1491 3610 gratia
1520 3542 1836 3613 spiritaliter
1857 3557 2188 3598 recreemur.

600 3631 716 3687 Hoc
745 3641 915 3688 autem
936 3633 1072 3699 dico,
1099 3633 1233 3687 dixit
1252 3633 1563 3704 Apostolus,
1595 3635 1716 3704 quia
1736 3650 1859 3689 caro
1887 3643 1937 3688 et
1957 3635 2190 3706 sanguis,

602 3724 656 3777 id
685 3733 786 3791 est,
825 3727 996 3794 prima
1024 3733 1230 3781 tantum
1277 3727 1625 3794 generatione
1671 3727 1916 3782 homines
1939 3728 2070 3792 nati,
2092 3727 2192 3783 nisi

600 3819 826 3884 gratiam
856 3818 1089 3871 divinam
1138 3820 1430 3875 meruerint
1477 3821 1718 3891 adipisci,
1744 3838 1958 3894 regnum
1987 3819 2082 3874 Dei
2112 3822 2194 3874 in-

599 3908 772 3961 uenire
799 3921 902 3963 non
931 3920 1166 3979 possunt.
1221 3910 1401 3982 Neque
1442 3915 1704 3982 corruptio
1748 3916 2191 3982 incorruptionem

600 3998 883 4069 possidebit
915 4000 1103 4071 (Ibid.,
1130 3999 1240 4070 50).

1252 4151 1536 4207 LXXXIX.

671 4265 1061 4331 Octogesimam
1114 4273 1168 4319 et
1217 4281 1414 4319 nonam
1456 4264 1699 4318 haeresim
1743 4262 2019 4318 Nestorius
2048 4263 2191 4319 Con-

605 4356 1040 4424 stantinopolites
1070 4357 1354 4424 epiSCOptls
1377 4355 1571 4420 legitur
1616 4355 1917 4409 incurrisse.
1951 4354 2190 4412 Consue-

601 4444 734 4498 tudo
763 4454 846 4499 est
877 4460 1104 4512 namque
1132 4453 1190 4498 ut
1218 4460 1381 4498 unum
1406 4453 1689 4499 tractatum
1720 4462 1873 4501 suum
1904 4449 2190 4520 episcopus

602 4524 993 4588 Alexandrinus
1022 4536 1200 4588 mittat
1220 4535 1286 4589 ad
1306 4533 1844 4607 ConstantinOpolim,
1876 4540 1968 4608 qui
1991 4541 2180 4596 recite-

600 4634 689 4679 tur
712 4626 763 4678 in
783 4625 1016 4694 pascha;
1041 4633 1096 4680 et
1127 4635 1408 4682 tractatum
1436 4644 1589 4683 suum
1621 4627 2187 4700 Constantinopolites,

598 4716 692 4785 qui
758 4716 1091 4773 Alexandriae
1153 4720 1425 4774 recitetur.
1494 4721 1551 4774 In
1607 4729 1840 4776 tractatu
1896 4739 1993 4776 suo
2045 4719 2191 4777 Con-

599 4810 1034 4880 stantinopolites
1060 4811 1338 4877 Nestorius
1383 4813 1594 4882 scripsit
1647 4813 1866 4868 Mariam
1915 4831 2021 4868 non
2070 4829 2189 4869 esse

600 4899 943 4968 Theotocon,
985 4903 1078 4958 sed
1132 4902 1552 4959 Christotocon:
1601 4906 1653 4960 id
1708 4915 1807 4972 est,
1863 4922 1971 4962 non
2019 4907 2184 4961 Deum

599 4996 910 5064 peperisse,
981 4995 1075 5050 sed
1141 4997 1432 5052 hominem.
1507 4995 1734 5068 Cyrillus
1791 4999 2184 5054 Alexandrinus

596 5084 700 5140 hoc
729 5087 928 5142 dictum
979 5087 1052 5142 ita
1081 5088 1444 5158 reprehendit,
1474 5103 1581 5160 quo
1608 5088 1815 5143 diceret
1843 5105 1940 5158 per
1976 5091 2180 5159 cpisto-

597 5174 724 5241 lam,
756 5187 816 5231 ut
841 5180 885 5233 si
908 5195 1030 5234 eum
1055 5179 1193 5236 forte
1213 5179 1506 5244 fefellisset,
1532 5181 1842 5234 emendaret
1862 5181 2082 5236 dictum.
2100 5180 2183 5235 Ex

597 5261 702 5316 hoc
751 5265 867 5332 ipso
921 5283 1028 5335 quo
1080 5272 1437 5340 reprehensus
1490 5278 1571 5324 est
1599 5270 1876 5324 Nestorius
1905 5287 1934 5323 a
1960 5269 2180 5341 Cyrillo,

597 5355 761 5423 coepit
787 5356 1040 5426 Cyrillum
1071 5362 1380 5418 hmreticum
1411 5363 1716 5417 inclamare.
1760 5361 1891 5415 Data
1913 5371 1996 5416 est
2016 5378 2182 5433 syno-

597 5441 696 5502 dus
717 5445 860 5514 apud
884 5455 909 5486 λ
926 5447 1192 5518 Ephesum
1216 5469 1229 5517 ;
1261 5460 1315 5506 et
1345 5468 1444 5508 nec
1471 5453 1548 5507 sic
1570 5450 1856 5506 emendare
1883 5452 2053 5507 voluit
2078 5451 2183 5507 Ne—

595 5535 814 5601 storius,
865 5545 924 5592 ut
968 5537 1173 5595 diceret
1215 5542 1437 5596 Mariam
1467 5544 1635 5598 Deum
1687 5551 1742 5598 et
1789 5542 2060 5598 hominem
2088 5556 2179 5612 ge—

667 5653 696 5716 f
733 5643 831 5716 Ms.
865 5645 1149 5716 Augiense,
1179 5647 1621 5716 Thessalonicam.

665 5711 698 5790 Ρ
732 5714 832 5773 Ms.
856 5711 1019 5786 idem,
1049 5711 1267 5774 matrem
1294 5715 1414 5780 Dei.

2292 1895 2571 1959 deﬁniunt,
2603 1913 2709 1951 non
2763 1895 2981 1950 homine
3029 1895 3114 1948 vel
3144 1893 3391 1948 studente
3420 1893 3504 1948 vel
3552 1893 3875 1964 negligente.

2284 1987 2490 2047 .Nolunt
2510 1987 2604 2042 Dei
2621 1987 2760 2056 jura,
2794 1988 2878 2042 vel
2908 2002 2938 2041 a
2968 1986 3306 2042 studentibus
3332 1985 3610 2054 custodiri,
3634 1987 3764 2042 vela
3786 2003 3880 2042 ne-

2292 2079 2614 2148 gligentibus
2653 2077 2864 2131 violari.
2899 2075 3110 2143 Dicunt,
3145 2077 3306 2131 etiam
3344 2078 3388 2131 si
3420 2075 3648 2132 voluerit
3680 2076 3880 2132 bonum

2291 2170 2470 2226 facere
2517 2171 2607 2240 qui
2640 2169 2706 2224 ad
2737 2170 2935 2224 malum
2983 2169 3390 2240 prazdestinatus
3427 2177 3531 2236 est,
3561 2168 3626 2223 ad
3679 2168 3883 2224 bonum

2292 2261 2574 2333 pervenire
2603 2277 2712 2316 non
2738 2260 2940 2331 poterit
2967 2279 2979 2312 :
3014 2275 3135 2314 nam
3168 2259 3258 2328 qui
3288 2259 3355 2314 ad
3383 2259 3582 2314 bonum
3607 2258 3883 2331 praedesti-

2292 2359 2451 2408 natus
2497 2359 2599 2416 est,
2629 2353 2789 2407 etiam
2818 2352 2862 2405 si
2913 2351 3178 2420 negligat,
3229 2351 3297 2405 ad
3331 2351 3532 2405 bonum
3558 2350 3884 2421 perducetur

2293 2443 2509 2498 invitus.
2543 2442 2736 2498 Dicunt
2760 2441 3098 2512 baptismatis
3130 2439 3326 2497 undam
3347 2457 3459 2497 non
3483 2441 3726 2497 universa
3755 2457 3885 2510 pec-

2295 2544 2414 2589 cata
2441 2533 2722 2588 mundare.
2755 2532 2981 2599 Dicunt,
3025 2533 3099 2588 ita
3146 2531 3415 2588 antecedit
3443 2531 3613 2601 gratia
3653 2530 3885 2586 liberum

2295 2628 2594 2692 arbitrium,
2626 2640 2685 2682 ut
2728 2636 2853 2682 ante
2900 2623 3126 2696 accipiat
3153 2626 3316 2680 homo
3363 2639 3524 2696 quam
3565 2630 3732 2694 petat,
3759 2631 3886 2679 ante

2293 2718 2532 2781 inveniat
2552 2733 2713 2788 quam
2742 2725 2963 2788 quaerat,
2986 2725 3111 2772 ante
3137 2717 3186 2771 ei
3209 2716 3481 2788 aperiatur
3505 2731 3664 2786 quam
3687 2715 3881 2785 pulset.

2295 2809 2489 2865 Dicunt
2531 2810 2734 2864 nullum
2783 2811 2849 2863 ad
2874 2809 3072 2864 Christi
3104 2808 3260 2863 ﬁdem
3291 2807 3568 2874 accedere,
3599 2807 3696 2862 nisi
3725 2800 3885 2862 fuerit

2295 2918 2325 2957 a
2351 2901 2511 2956 Patre
2540 2910 2739 2956 tractus
2766 2901 2963 2956 invitus
2992 2921 3002 2953 :
3039 2900 3167 2954 illud
3191 2899 3532 2954 attendentes
3560 2918 3572 2952 :
3606 2896 3775 2954 Nemo
3797 2916 3885 2954 ue-

2295 2995 2370 3048 nit
2399 2993 2470 3047 ad
2510 3010 2608 3059 me,
2643 2995 2746 3047 nisi
2774 3009 2923 3064 quem
2948 2991 3112 3046 Pater
3139 2992 3418 3045 attraxerit
3458 2989 3638 3063 (Joan.
3668 3007 3744 3056 γι,
3770 2988 3884 3059 44).

2293 3085 2487 3143 Dicunt
2516 3087 2694 3142 omnia
2734 3103 2841 3141 non
2873 3087 2926 3140 in
2967 3103 3045 3153 re,
3078 3085 3172 3141 s’ed
3195 3086 3266 3140 ita
3297 3086 3350 3139 in
3379 3101 3474 3157 spe
3497 3082 3630 3151 ﬁeri,
3658 3091 3717 3138 ut
3743 3082 3888 3152 quod

2295 3176 2426 3232 dicit
2447 3177 2735 3247 Apostolus
2758 3196 2769 3231 :
2797 3176 2929 3249 Spes
2949 3193 3066 3249 qua:
3093 3177 3312 3241 videtur,
3331 3193 3436 3231 non
3463 3185 3542 3230 est
3560 3191 3674 3246 spes
3701 3173 3881 3246 (Rom.

2296 3285 2406 3333 vni,
2435 3267 2542 3338 l4),
2575 3270 2736 3323 etiam
2767 3269 2869 3323 hoc
2893 3269 3159 3341 mysteriis
3188 3267 3458 3342 applicent
3477 3266 3691 3332 dictum,
3722 3273 3777 3320 et
3800 3263 3885 3320 di-

2297 3365 2460 3415 cant:
2495 3359 2568 3413 Ea
2595 3375 2714 3428 qua:
2762 3361 3149 3431 percipiuntur,
3181 3359 3434 3415 videntur
3477 3358 3691 3430 quidem
3729 3372 3884 3424 .esse,

2296 3449 2390 3506 sed
2411 3467 2517 3504 non
2535 3460 2678 3506 sunt.
2704 3452 2896 3506 Dicunt
2920 3471 2932 3505 :
2966 3451 3092 3508 Plus
3113 3451 3280 3507 obfuit
3301 3451 3366 3506 ad
3386 3450 3705 3515 nocendum,
3719 3449 3887 3504 Adam

2251 3552 2264 3562 °
2299 3544 2483 3610 generi
2507 3543 2762 3607 humano,
2787 3559 2947 3612 quam
2967 3541 3210 3598 Christus
3235 3543 3287 3599 in
3310 3541 3698 3597 subveniendo.
3752 3541 3885 3595 Nam

2296 3634 2486 3703 Adam,
2505 3636 2674 3702 aiunt,
2698 3635 2842 3706 quod
2858 3637 3043 3691 nocuit
3071 3637 3144 3690 ita
3170 3643 3351 3692 manet
3380 3645 3440 3690 ut
3465 3635 3569 3690 hoc
3587 3649 3685 3688 nec
3703 3633 3884 3704 pusio

2259 3723 2514 3791 ,Christi,
2540 3741 2639 3781 nec
2681 3726 3023 3795 baptismatis
3073 3722 3424 3781 sanctiﬁcatio
3453 3723 3620 3794 possit
3644 3721 3877 3775 auferre.

2373 3816 2566 3870 Verum
2597 3817 2726 3887 quid
2746 3831 2928 3871 moras
2945 3815 3058 3882 tibi,
3077 3831 3110 3870 o
3131 3815 3304 3872 lector
3322 3820 3500 3877 sancte
3527 3821 3582 3866 et
3610 3808 3875 3872 studiose,

2297 3908 2624 3962 incutimus?
2653 3906 2870 3961 Librum
2919 3922 3106 3962 eorum
3154 3906 3247 3960 tibi
3298 3905 3578 3974 integrum,
3616 3901 3754 3956 sicut
3794 3908 3882 3954 est

2297 3995 2489 4060 editus,
2519 3995 2572 4048 in
2623 3996 2725 4050 isto
2755 4010 2984 4066 corpore
3012 4002 3396 4068 praesentamus
3428 4011 3442 4046 :
3472 3991 3623 4062 cujus
3647 3990 3884 4046 lectione

2295 4100 2589 4155 cognosces
2619 4086 2962 4142 deﬁnitiones
2987 4087 3103 4156 ejus
3132 4103 3163 4140 a
3192 4084 3543 4141 metatoribus
3570 4080 3884 4137 Antichristi

2295 4175 2628 4232 adinventas.
2654 4177 3095 4250 Quotiescunque
3116 4185 3297 4233 autem
3317 4183 3505 4230 contra
3528 4189 3623 4229 eos
3646 4172 3885 4244 suscepi-

2293 4281 2431 4332 mus,
2459 4267 2710 4323 dixerunt
2739 4284 2837 4324 nos
2859 4285 2924 4323 ex
2947 4268 3322 4322 haereticorum
3350 4264 3574 4336 argutiis
3601 4269 3788 4318 contra
3815 4275 3879 4315 se

2295 4370 2472 4425 agere.
2506 4358 2762 4414 Videntes
2791 4361 2932 4414 enim
2978 4375 3036 4414 se
3082 4361 3156 4412 ita
3209 4349 3470 4427 superari,
3501 4363 3561 4410 ut
3613 4354 3880 4424 suspirare

2294 4464 2402 4503 non
2432 4459 2673 4518 possent,
2702 4452 2841 4505 hanc
2861 4450 3182 4505 calumniam
3208 4463 3423 4519 semper
3446 4445 3722 4502 catholicis
3750 4444 3881 4510 nisi-

2293 4541 2393 4597 bus
2422 4543 2742 4611 irrogarunt,
2777 4552 2834 4597 ut
2858 4543 2983 4598 dum
3009 4544 3200 4597 timent
3227 4557 3286 4597 se
3313 4541 3596 4596 haereticos
3610 4537 3877 4603 infamari,

2295 4634 2349 4687 in
2378 4634 2590 4690 silentio
2611 4637 2853 4690 veritatis
2881 4635 3150 4708 loquelam
3178 4640 3464 4690 arctarent.
3501 4631 3701 4688 Eorum
3747 4640 3874 4696 ergo

2294 4723 2366 4778 ob
2394 4739 2608 4779 causam
2629 4741 2816 4780 omnes
2831 4725 3062 4780 haereses
3085 4740 3116 4778 a
3141 4724 3364 4779 Simone
3391 4728 3752 4777 memorantes
3769 4718 3876 4776 huc

2294 4827 2464 4882 usque
2490 4814 2809 4881 deteximus,
2841 4824 2899 4869 ut
2926 4815 3216 4885 probemus
3243 4829 3344 4869 nos
3389 4811 3493 4868 soli
3533 4808 3658 4865 ﬁdei
3686 4808 3875 4864 catho-

2294 4905 2411 4961 licae
2442 4921 2559 4962 esse
2587 4907 2900 4962 concordes.
2921 4907 3192 4978 Rogamus
3219 4914 3290 4970 te,
3315 4904 3562 4969 Domine,
3577 4901 3734 4956 Pater
3751 4898 3875 4954 cmh’

2293 5003 2349 5051 et
2377 5004 2550 5063 terrae,
2575 4998 2668 5066 qui
2696 5012 2817 5052 cum
2843 4996 2979 5051 Filio
3011 5005 3122 5060 tuo,
3152 4982 3206 5050 et
3233 4994 3438 5066 Spiritu
3477 4998 3689 5058 sancto,
3716 4988 3877 5044 unius

2291 5087 2535 5141 veritatis
2565 5087 2777 5142 obtines
2805 5088 3171 5157 majestatem,
3203 5086 3364 5141 unius
3407 5081 3703 5152 maiestatis
3732 5079 3877 5135 obti-

2292 5191 2389 5232 nes
2412 5176 2707 5244 Deitatem,
2739 5178 2898 5233 unius
2943 5177 3168 5232 Deitatis
3210 5175 3424 5232 obtines
3449 5172 3747 5228 trinitatem
3771 5211 3785 5237 ,
3816 5179 3880 5224 ut

2294 5283 2393 5323 nos
2419 5268 2639 5337 adjuves
2664 5277 2850 5324 contra
2878 5269 3062 5323 hostes
3082 5276 3205 5322 tuos
3238 5278 3261 5306 ο
3284 5266 3390 5322 tela
3411 5269 3725 5320 tractantes.
3770 5259 3882 5315 Ba~

2290 5357 2455 5413 beant
2482 5359 2558 5412 illi
2605 5366 2779 5414 castra
2805 5357 2974 5414 Golia:
3016 5360 3071 5412 in
3097 5357 3505 5430 A'llophylorum
3531 5354 3648 5410 acie
3675 5352 3882 5408 consti-

2291 5457 2426 5506 tuta.
2459 5450 2567 5506 Nos
2596 5450 2824 5516 Hebraei,
2855 5450 3007 5522 pueri
3035 5448 3112 5504 tui
3141 5448 3309 5504 David
3337 5444 3691 5519 pastoforium
3719 5457 3882 5498 assu-

2290 5550 2517 5608 mentes,
2541 5543 2609 5597 de
2634 5542 2809 5612 lapide
2836 5549 2929 5596 tuo
2950 5540 3192 5610 angulari
3215 5552 3540 5611 pugnemus;
3569 5544 3628 5594 ut
3647 5534 3884 5592 ﬁdenter

2365 5661 2389 5691 ο
2420 5651 2515 5708 Ms.
2539 5651 2701 5719 idem,
2728 5650 3084 5738 Delatrtmm
