4238 6260
608 402 708 456 825

1613 381 1982 443 ANONYMUS
2021 382 2297 440 AUCTOR
2335 381 2893 445 PRIEDESTINATL'

3760 387 3868 444 624

607 506 870 555 memorat
893 498 1058 552 Deum
1091 483 1288 548 diiisse
1326 502 1422 558 per
1449 486 1838 558 priescicntiam
1861 498 2013 538 suam
2041 500 2054 535 :
2084 474 2182 533 Ia—
2205 483 2260 541 Α
2284 481 2580 540 destinatus
2619 485 2687 539 ad
2733 485 3092 554 apostolatum
3117 527 3132 551 ,
3177 485 3348 540 evasit
3395 483 3573 540 subito
3614 484 3866 542 universa

608 591 695 646 cob
719 590 893 652 dilexi,
922 586 1063 639 Esau
1083 593 1254 638 autem
1276 582 1397 636 odio
1415 580 1570 633 habui
1600 578 1776 649 (Rom.
1801 593 1875 643 ix,
1901 576 2012 646 15).
2044 573 2180 628 Cum

546 719 550 726 ι
608 679 746 733 cnim
779 675 1029 731 nondum
1077 674 1186 727 nati
1230 671 1499 734 fuissent,
1548 684 1649 723 nec
1695 665 1895 736 aliquid
1945 665 2181 734 egissent

605 778 627 803 ι·
653 766 776 820 boni
803 765 884 819 vel
904 764 1029 818 mali
1053 762 1238 832 (lbid.,
1266 761 1374 830 ll),
1402 776 1469 815 ex
1497 757 1833 829 praxscientia
1854 757 2054 811 dictum
2076 761 2176 818 est,

607 856 744 926 quod
788 871 924 911 unus
961 856 1249 911 haberetur
1289 853 1412 907 odio
1435 892 1450 917 ,
1496 852 1632 906 alius
1676 857 1964 904 amaretur.
1985 847 2123 902 Ἠτεο
2147 861 2176 900 a

605 948 757 1004 nobis
786 947 1072 1020 adiuventa
1100 962 1206 1000 non
1237 953 1362 998 sum
1395 962 1406 995 :
1433 960 1533 997 nec
1555 943 1780 996 dicimus
1809 938 2009 1008 aliquid
2037 952 2177 1008 pra:-

605 1050 686 1094 ter
713 1055 872 1110 quam
900 1036 1289 1104 evangelizavit
1317 1034 1625 1102 Apostolus.
1660 1031 1763 1085 Per
1787 1028 2178 1100 praescientiam

607 1131 697 1183 Dei
730 1127 1253 1198 prmdestinationem
1295 1125 1409 1193 ipse
1437 1121 1631 1202 factam
1661 1126 2065 1175 commemorat.
2104 1118 2179 1171 De

605 1213 715 1267 Deo
745 1213 856 1281 ipse
878 1211 1005 1264 dicit
1032 1229 1042 1262 :
1079 1208 1217 1274 Quos
1238 1208 1449 1269 vocavit,
1475 1200 1566 1259 hos
1588 1204 1974 1275 prwdestinavit
1998 1200 2174 1270 (Rom.

605 1319 714 1366 vm,
745 1301 854 1370 50).
901 1300 956 1354 Si
995 1300 1386 1369 prmscientem,
1419 1304 1473 1350 et
1519 1294 1982 1364 praedestinantcm
2010 1302 2064 1344 et
2091 1305 2182 1344 vo-

605 1402 834 1457 cantem,
867 1394 919 1447 in
951 1391 1210 1461 Apostolo
1240 1390 1435 1456 legitis,
1467 1389 1622 1443 nobis
1651 1395 1708 1440 ut
1735 1385 1860 1455 quid
1891 1383 2180 1454 impingitis

605 1485 806 1540 crimen
854 1483 923 1537 ob
969 1482 1071 1536 hoc
1115 1479 1257 1549 quod
1285 1480 1510 1533 dicimus
1556 1477 1963 1547 praedestinasse
2013 1474 2178 1528 Deum

604 1575 866 1638 homines,
897 1573 1009 1628 sive
1031 1572 1098 1626 ad
1123 1572 1403 1639 justitiam,
1437 1571 1548 1625 sive
1575 1570 1640 1624 ad
1671 1575 1970 1638 peccatum,
2002 1566 2179 1621 nervi-

605 1664 820 1718 derctur
849 1664 962 1732 ipse
992 1662 1090 1715 sibi
1126 1661 1279 1730 quasi
1311 1676 1414 1713 non
1445 1659 1670 1728 provide
1709 1657 1885 1710 facere
1914 1656 2175 1718 homines,

605 1757 693 1824 qui
719 1755 955 1809 facerent
983 1753 1126 1823 quod
1159 1753 1413 1807 nolebat?
1442 1751 1672 1804 Invictus
1699 1752 1840 1803 enim
1871 1749 1924 1801 ir.
1957 1763 2053 1802 sua
2081 1763 2179 1802 vo-

2281 577 2523 642 crimina,
2557 577 2702 632 etab
2741 575 3082 632 inferioribus
3106 575 3288 632 inferis
3319 576 3344 613 ά
3377 576 3445 632 ad
3465 577 3746 648 superiora
3775 595 3868 634 su—

2281 670 2553 739 periorum
2584 669 2844 725 ascendit.
2885 667 3083 724 Omnes
3123 669 3336 738 itaque,
3376 683 3513 738 quos
3542 668 3646 723 scit
3673 667 3864 738 dignos

2280 761 2455 817 salute
2488 761 2876 832 redemptionis
2899 776 3009 816 sua:
3037 761 3195 827 Deus,
3238 761 3338 816 hos
3367 759 3434 816 ad
3473 760 3701 815 salutem
3729 775 3866 829 pra:-

2280 852 2569 909 destinavit
2599 872 2611 906 :
2642 862 2696 909 et
2724 855 2825 910 hos
2851 862 3058 908 tantum
3084 855 3274 920 salvat,
3300 868 3437 922 quos
3460 868 3519 908 se
3547 852 3614 908 ad
3634 853 3864 908 salutem

2280 943 2691 1016 pmdestinasse
2719 944 3020 1012 cognoscit.
3052 942 3209 998 Salus
3243 944 3385 997 enim
3414 942 3511 998 Dei
3535 959 3643 998 non
3675 943 3866 998 volun-

2281 1033 2379 1086 tati
2419 1034 2651 1088 hominis
2680 1035 2875 1102 servit;
2923 1035 3038 1104 ipse
3073 1035 3214 1089 enim
3255 1035 3355 1089 scit
3397 1035 3483 1089 cui
3523 1034 3652 1104 quid
3681 1034 3860 1088 faciat.

2280 1125 2390 1180 Nec
2429 1127 2569 1180 enim
2601 1126 2870 1182 antecedit
2896 1127 3114 1181 humani
3150 1125 3356 1181 arbitrii
3383 1126 3604 1181 libertas
3635 1127 3862 1194 gratiam

2280 1214 2397 1282 Dei,
2430 1216 2524 1270 sed
2552 1217 2820 1272 antecedit
2857 1217 3028 1285 gratia
3055 1217 3150 1272 Dei
3177 1217 3392 1270 humani
3417 1216 3750 1272 voluntatem
3777 1232 3862 1270 ar-

2279 1307 2444 1361 bitrii.
2475 1308 2625 1363 Vana
2653 1319 2735 1364 est
2750 1310 2892 1364 enim
2915 1317 2968 1364 et
2991 1309 3318 1364 infructuosa
3339 1309 3588 1365 voluntas
3608 1309 3858 1377 hominis,

2279 1406 2334 1454 et
2355 1415 2549 1455 vanum
2578 1408 2660 1456 est
2686 1401 2931 1456 humana:
2953 1401 3245 1456 voluntatis
3265 1401 3565 1457 arbitrium.
3593 1400 3751 1456 Errat
3770 1401 3860 1470 qui

2278 1506 2338 1546 se
2365 1499 2519 1561 putat
2557 1507 2656 1561 per
2682 1491 2734 1546 id
2761 1492 2904 1561 quod
2942 1492 3056 1546 vult
3075 1492 3275 1546 bonum
3305 1491 3586 1562 pervenire
3609 1490 3675 1545 ad
3703 1489 3860 1544 Chri-

2279 1591 2420 1638 stum
2443 1624 2458 1648 ,
2491 1600 2612 1638 cum
2647 1585 2762 1653 ipse
2789 1582 3034 1638 Christus
3060 1583 3201 1639 dicat
3234 1601 3246 1636 :
3280 1582 3449 1639 Nemo
3481 1585 3611 1638 venit
3636 1583 3708 1637 ad
3740 1600 3854 1648 me,

2280 1677 2383 1729 nisi
2411 1693 2558 1747 quem
2587 1674 2750 1730 Pater
2778 1677 3054 1730 attraxerit
3085 1675 3260 1746 (Joan.
3291 1692 3364 1739 vr,
3395 1673 3506 1743 44).
3539 1674 3639 1740 Qui
3668 1674 3860 1728 melius

2281 1765 2468 1835 sapitis
2495 1782 2525 1819 a
2555 1765 2797 1829 Christo,
2829 1765 2991 1820 dicite
3017 1766 3063 1819 si
3092 1766 3347 1820 mentitus
3376 1773 3456 1819 est
3483 1763 3729 1820 Christus
3761 1782 3773 1818 :
3804 1773 3860 1819 et

605 1849 808 1904 Ιιιηῑῖιιθ
844 1853 1124 1915 Permanet
1153 1846 1292 1898 Deus
1317 1885 1331 1909 ν
1369 1859 1488 1897 cum
1528 1844 1690 1897 homo
1720 1841 1933 1896 ³88ίάυο
1961 1855 2181 1910 ευβθΐθ-
2210 1847 2257 1907 Β
2283 1857 2356 1910 ita
2383 1856 2595 1910 demum
2625 1856 2847 1910 asserite
2875 1871 2972 1910 nos
2998 1865 3185 1910 contra
3215 1853 3412 1910 Christi
3440 1855 3678 1923 regulam
3705 1855 3857 1910 istam

606 1949 711 1994 tur.
741 1937 796 1991 Si
827 1951 953 2003 ergo
984 1937 1236 1990 invictum
1267 1933 1593 1989 confitemini
1633 1935 1818 1997 Deum,
1848 1932 2178 1986 confitemini

605 2038 660 2084 et
692 2031 814 2093 hoc,
845 2028 970 2096 quia
1008 2026 1150 2094 quod
1181 2041 1275 2078 eos
1305 2025 1471 2079 voluit
1509 2025 1597 2077 illc
1625 2024 1715 2091 qui
1749 2023 2004 2086 condidit,
2037 2021 2180 2075 aliud

605 2138 724 2177 esse
771 2135 878 2174 non
925 2127 1166 2188 possunt.
1219 2115 1371 2170 Unde
1417 2116 1716 2182 colligimus
1761 2113 1898 2182 apud
1946 2113 2180 2166 animum

606 2214 632 2253 δ
663 2229 799 2283 quos
826 2211 965 2266 Deus
993 2210 1156 2264 semel
1194 2208 1588 2278 praedestinavit
1617 2206 1682 2259 ad
1711 2206 1909 2270 vitam,
1946 2206 2108 2259 etiam
2135 2205 2182 2260 si

606 2306 894 2372 negligant,
923 2303 1085 2356 etiam
1113 2301 1157 2353 si
1183 2307 1426 2370 peccent,
1450 2299 1611 2352 etiam
1641 2299 1684 2350 si
1708 2297 1896 2358 nolint,
1922 2295 1989 2349 ad
2016 2296 2181 2349 vitam

606 2395 964 2467 perducentur
1010 2391 1160 2445 inviti
1208 2409 1219 2442 :
1271 2405 1406 2459 quos
1453 2396 1630 2442 autem
1679 2387 2072 2456 prmtlestinavit
2117 2385 2183 2438 ad

606 2496 834 2544 mortem
858 2527 872 2552 ,
910 2484 1072 2538 etiam
1116 2482 1160 2536 si
1189 2489 1438 2545 currant,
1471 2480 1632 2534 etiam
1662 2479 1706 2531 si
1736 2476 1990 2531 festinent
2013 2517 2028 2542 ,
2069 2475 2185 2530 sine

605 2594 763 2635 causa
809 2577 1074 2631 laborant.
1122 2573 1230 2626 Nec
1277 2574 1381 2626 hoc
1427 2572 1542 2625 sine
1583 2570 1890 2637 magisterio
1936 2569 2185 2622 admittas

605 2670 866 2727 evidentis
895 2666 1143 2737 exempli.
1176 2664 1337 2720 Judas
1365 2663 1603 2736 quotidie
1630 2663 1852 2718 verbum
1886 2663 2008 2716 vitae
2042 2660 2187 2715 audi-

607 2763 717 2828 vit,
759 2759 996 2830 quotidie
1036 2757 1261 2811 adhassit
1301 2755 1529 2810 Domino
1553 2793 1567 2817 ,
1624 2753 1862 2822 quotidie
1900 2753 2186 2807 virtutibus

606 2859 934 2921 occupatus,
984 2839 1222 2917 quotidie
1270 2847 1442 2916 ipsum
1481 2845 1576 2899 Dei
1623 2844 1816 2898 Filium
1862 2844 2184 2898 monitorem

607 2943 809 2999 audivit
842 2960 854 2993 :
897 2948 951 2995 et
976 2939 1099 3009 quia
1141 2937 1548 3007 praedestinatus
1577 2945 1660 2990 est
1688 2936 1755 2989 ad
1783 2944 2012 2989 mortem
2033 2975 2047 2998 ,
2081 2950 2186 2988 uno

607 3036 716 3091 ictu
742 3033 918 3089 subito
943 3032 1162 3086 interiit.
1197 3029 1390 3085 Saulus
1413 3027 1653 3098 quotidie
1690 3036 2022 3098 persecutor,
2052 3041 2190 3096 quo-

607 3128 736 3182 tidie
773 3125 1037 3195 lapidator
1073 3121 1519 3186 Christianorum,
1550 3119 1790 3189 quotidie
1818 3126 2057 3174 vastator
2083 3114 2186 3171 Ec-

2285 1947 2461 2002 fixisse
2488 1948 2827 2002 sententiam.
2852 1946 2907 2002 Si
2933 1948 3076 2002 enim
3097 1963 3279 2002 verum
3309 1947 3441 2002 dixit
3458 1946 3720 2006 Christus.
3754 1962 3859 2002 non

2283 2037 2539 2091 mentitur
2559 2036 2703 2106 quod
2731 2036 2959 2091 dicimus
2987 2036 3396 2107 prcedestinatos
3424 2037 3564 2090 trahi
3589 2036 3656 2089 ad
3674 2035 3858 2101 vitam,

2283 2129 2409 2197 quia
2436 2129 2544 2183 vita
2574 2129 2686 2198 ipse
2705 2137 2805 2183 est.
2830 2127 2986 2194 Quod
3006 2129 3050 2183 si
3077 2136 3330 2197 aggravat
3352 2143 3445 2182 vos
3465 2128 3547 2182 vis
3572 2127 3860 2182 testimonii

2283 2221 2594 2289 evangelici,
2625 2221 2717 2289 qui
2740 2229 2928 2276 contra
2953 2229 3197 2275 nostram
3219 2220 3414 2274 venitis
3434 2219 3778 2285 sententiam,
3809 2226 3864 2274 et

2285 2329 2392 2367 non
2425 2314 2652 2383 potestis
2680 2313 2954 2382 aggravati
2983 2313 3222 2383 pondere
3241 2314 3522 2367 sententia:
3556 2312 3712 2370 nobis
3737 2311 3863 2366 dare

2284 2416 2599 2471 responsum
2619 2402 2810 2456 saltem
2836 2402 3078 2471 Apostoli
3109 2403 3263 2457 nobis
3302 2402 3668 2457 definitionem
3698 2417 3862 2472 expo-

2283 2494 2413 2560 nite,
2431 2495 2524 2562 qui
2539 2493 2685 2548 dicit.
2702 2491 2825 2548 Non
2845 2501 2920 2548 est
2939 2494 3171 2562 uolentis,
3189 2512 3350 2566 neque
3369 2495 3639 2560 currentis,
3659 2493 3748 2548 sed
3765 2494 3862 2548 mi-

2285 2587 2499 2640 sereutis
2527 2595 2604 2642 est
2624 2585 2722 2641 Dei
2745 2586 2920 2658 (Rom.
2951 2603 3024 2650 ιχ,
3060 2586 3171 2656 16).
3196 2586 3676 2656 Quantumcunque
3705 2586 3863 2654 igitur

2284 2678 2443 2733 studii
2463 2679 2546 2734 sui
2568 2680 2707 2734 vires
2723 2679 2790 2733 ad
2809 2677 3176 2734 aedificandum
3194 2686 3410 2734 moveat
3427 2679 3660 2732 humana
3675 2677 3861 2733 volun-

2286 2778 2388 2834 tas,
2407 2785 2562 2824 casso
2582 2770 2874 2824 certamine
2889 2770 3094 2824 nititur.
3110 2769 3215 2824 Aut
3233 2769 3361 2838 quid
3375 2769 3695 2838 vigilantiam
3707 2784 3858 2824 suam

2284 2869 2437 2932 putat
2454 2862 2685 2916 hominis
2710 2861 2965 2931 fragilitas
2976 2863 3190 2918 aeternis
3212 2862 3492 2917 desideriis
3505 2862 3853 2933 profuturam,

2287 2965 2410 3004 cum
2438 2951 2702 3020 propheta
2741 2950 3077 3006 evidentibus
3115 2951 3381 3006 exclamet
3405 2952 3757 3018 documentis,
3787 2952 3859 3006 di-

2286 3056 2414 3097 cens
2433 3060 2444 3094 :
2466 3040 2586 3095 Nisi
2610 3041 2860 3096 Dominus
2881 3041 3213 3113 wdiﬁcaverit
3239 3042 3466 3108 domum,
3495 3045 3551 3098 in
3572 3060 3758 3098 vanum
3777 3043 3860 3097 la-

2293 3135 2596 3188 boraverunt
2623 3135 2708 3205 qui
2737 3136 3142 3206 wdiﬁcanteam.
3164 3133 3284 3189 Nisi
3304 3135 3554 3189 Dominus
3570 3136 3864 3190 custodierit

605 3219 886 3275 clesiarum
918 3233 935 3270 :
967 3223 1022 3269 et
1058 3215 1182 3283 quia
1211 3212 1620 3283 prazdestinatus
1653 3218 1736 3265 est
1759 3209 1826 3264 ad
1864 3210 2046 3274 vitam,
2079 3223 2186 3262 uno
2213 3199 2258 3262 C

2213 3199 2258 3262 Ο
2290 3229 2562 3293 civitatem,
2604 3199 2659 3281 in
2705 3199 2889 3281 vanum
2927 3227 3265 3298 vigilaverunt
3309 3229 3395 3298 qui
3434 3227 3724 3282 custodiunt
3749 3243 3860 3280 eam

603 3312 714 3369 ictu
736 3312 912 3366 subito
936 3311 1034 3364 'vas
1062 3306 1342 3362 electionis
1374 3312 1454 3359 est
1475 3304 1661 3360 factus.
1692 3303 1829 3371 Quid
1861 3318 1990 3372 ergo
2012 3312 2070 3358 tu
2094 3304 2187 3374 qui

605 3403 658 3457 in
681 3401 917 3472 peccatis
943 3409 1227 3470 permanes
1255 3396 1600 3463 expavescis?
1629 3397 1675 3450 si
1698 3403 1750 3450 te
1777 3395 1920 3449 Deus
1939 3393 2187 3462 dignatus

605 3501 706 3556 est,
738 3501 954 3548 sanctus
981 3492 1088 3547 eris
1115 3510 1126 3545 :
1160 3501 1253 3547 aut
1280 3493 1408 3562 quid
1434 3500 1491 3546 tu
1520 3491 1611 3562 qui
1640 3491 1695 3544 in
1720 3487 2004 3543 sanctitate
2029 3486 2182 3552 vivis,

603 3583 864 3638 sollicitus
891 3579 1131 3636 redderis
1162 3582 1316 3651 quasi
1345 3589 1436 3636 tua
1465 3589 1518 3636 te
1543 3577 1849 3635 sollicitudo
1870 3576 2187 3632 conservet?

602 3675 651 3730 si
678 3673 818 3727 Deus
861 3673 1133 3738 noluerit,
1177 3685 1199 3712 ε
1241 3689 1516 3743 nunquam
1560 3685 1800 3728 corrues.
1848 3668 2083 3738 Uterque
2119 3667 2186 3723 de

603 3760 716 3816 Deo
740 3763 916 3817 securi
943 3771 1135 3818 estote.
1173 3763 1421 3833 Nunquid
1450 3772 1506 3818 tu
1533 3763 1628 3833 qui
1656 3769 1870 3817 sanctus
1892 3776 1970 3825 es,
2001 3767 2057 3814 et
2076 3758 2185 3814 sol-

603 3852 781 3908 licitus
808 3867 866 3906 es
916 3868 984 3908 ne
1022 3869 1241 3910 corruas
1264 3896 1278 3919 ,
1311 3863 1366 3910 et
1411 3855 1498 3910 die
1541 3844 2186 3921 noctuque'orationibus

603 3943 753 4008 ades,
799 3947 1078 4015 occuparis
1112 3945 1352 4014 jejuniis,
1396 3954 1452 3999 et
1478 3944 1672 3999 divinis
1710 3941 2028 3996 lectionibus
2061 3939 2185 3992 dili-

601 4044 791 4106 genter
819 4038 1051 4103 insistis,
1081 4037 1546 4092 exhortationibus
1589 4049 1748 4088 vacas
1771 4073 1785 4098 ,
1821 4041 1982 4101 atque
2011 4032 2184 4086 omni-

599 4125 702 4183 bus
739 4128 938 4182 sanctis
979 4126 1169 4182 studiis
1203 4124 1444 4196 quotidie
1481 4124 1731 4178 immines
1753 4161 1768 4186 ,
1817 4121 2181 4189 nunquidnam

599 4225 697 4271 tuo
724 4216 828 4271 hoc
863 4217 1040 4271 studio
1082 4217 1260 4270 salvus
1307 4216 1446 4270 eris?
1502 4212 1751 4281 Nunquid
1797 4211 2036 4267 sanctior
2077 4212 2183 4266 eris

599 4302 755 4372 Juda,
787 4306 880 4374 qui
923 4305 1130 4376 accepit
1149 4314 1499 4376 Ipotestatem
1533 4301 1773 4357 inﬁrmos
1800 4302 2040 4366 curandi,
2071 4301 2180 4357 dae-

597 4397 782 4451 monia
822 4395 1070 4464 fugandi,
1114 4394 1713 4460 mortuossuscitandi,
1750 4394 1990 4449 calcandi
2019 4381 2182 4464 super

597 4492 880 4551 serpentes
908 4485 1317 4553 et._scorpiones,
1343 4486 1546 4554 collega
1573 4486 1957 4556 apostolorum,
1981 4484 2177 4540 Christi

2290 3317 2406 3391 (Ps.
2432 3336 2608 3385 cxxvr,
2636 3321 2684 3385 l,
2708 3319 2784 3388 2).
2811 3318 2944 3385 Quid
2966 3327 3050 3373 est
3067 3319 3207 3387 quod
3228 3328 3416 3374 contra
3433 3319 3639 3373 divinos
3658 3318 3856 3388 apices,

2287 3417 2343 3463 et
2378 3417 2564 3463 contra
2609 3409 2993 3463 conscientiam
3040 3423 3214 3476 suam,
3263 3417 3446 3480 spera;
3491 3424 3548 3464 se
3595 3409 3859 3478 quispiam

2285 3499 2625 3554 mditicationi
2645 3498 2878 3562 studere,
2907 3507 3028 3555 cum
3051 3500 3132 3554 his
3151 3501 3318 3555 sacris
3346 3501 3587 3570 apicibus
3607 3500 3860 3556 doceatur

2287 3590 2568 3646 aediﬁcatio
2609 3590 2839 3645 hominis
2866 3606 2973 3644 non
3001 3605 3119 3645 esse
3151 3599 3316 3655 certa,
3347 3590 3441 3646 sed
3470 3593 3647 3646 vana?
3685 3589 3791 3646 Sed
3818 3591 3861 3647 si

2287 3691 2473 3738 contra
2499 3698 2597 3738 nos
2627 3683 2835 3748 venitis,
2859 3697 2967 3737 non
2993 3691 3180 3738 contra
3208 3689 3307 3737 nos
3325 3684 3534 3747 venitis,
3561 3682 3654 3737 sed
3675 3691 3861 3740 contra

2287 3789 2408 3829 eum
2437 3775 2526 3844 qui
2555 3773 2688 3827 dixit
2721 3791 2733 3825 :
2760 3771 2878 3827 Nisi
2914 3771 3164 3827 Dominus
3190 3772 3520 3842 aedificaverit
3538 3772 3770 3835 domum,
3803 3774 3858 3825 in

2285 3882 2472 3920 vanum
2501 3866 2861 3919 laboraverunt
2885 3866 2970 3937 qui
2999 3866 3257 3936 wdificant
3283 3881 3412 3918 eam.
3454 3862 3574 3918 Nisi
3604 3862 3857 3919 Dominus

2286 3957 2583 4010 custodierit
2613 3957 2888 4022 civitatem,
2928 3959 2981 4010 in
3004 3973 3189 4011 vanum
3216 3957 3547 4027 cigilaverunt
3574 3958 3661 4029 qui
3681 3966 3857 4011 custo-

2284 4048 2432 4100 diunt
2459 4063 2589 4099 eam.
2624 4045 2764 4114 Ergo
2806 4031 3165 4117 nesciitiquia
3193 4041 3302 4102 non
3349 4056 3465 4103 erat
3492 4049 3621 4102 utile
3656 4047 3860 4118 populo

2284 4137 2380 4191 Dei
2400 4139 2490 4206 qui
2520 4139 2632 4193 haec
2659 4137 2785 4193 fecit
2811 4138 2994 4205 scribi,
3018 4146 3071 4192 et
3103 4154 3198 4208 per
3223 4147 3470 4208 posteros
3499 4154 3668 4208 usque
3697 4137 3766 4192 ad
3793 4136 3859 4191 il-

2283 4240 2408 4280 nem
2436 4226 2748 4281 saeculdrnm
2771 4226 2959 4295 dirigi?
2979 4226 3087 4282 Vos
3111 4227 3291 4295 itaque
3309 4229 3400 4296 qui
3441 4230 3540 4282 ista
3571 4228 3859 4297 reprehen-

2282 4315 2426 4379 ditis,
2459 4316 2664 4372 auferte
2689 4318 2803 4372 hzec
2829 4316 2895 4371 de
2922 4318 3057 4372 libro
3089 4315 3441 4385 Psalmorum,
3468 4320 3591 4388 quia
3621 4320 3857 4387 legentes

2282 4412 2337 4461 et
2367 4407 2656 4477 psallentes
2683 4408 2782 4462 hos
2817 4408 3130 4474 versiculos,
3159 4416 3217 4462 ut
3249 4408 3441 4474 dicitis,
3471 4407 3720 4464 aedificari
3749 4425 3857 4464 non

2284 4507 2522 4567 possunt.
2572 4497 2678 4553 Sed
2718 4498 2846 4568 quid
2887 4507 3075 4568 putant
3104 4500 3190 4553 isti
3227 4514 3286 4553 se
3325 4501 3606 4556 voluntate
3651 4515 3745 4554 sua
3791 4499 3858 4554 ad

598 4571 919 4641 ὀίεοίριιιιιες
951 4580 1007 4628 el
1031 4574 1207 4628 tamen
1230 4576 1354 4642 quia
1393 4576 1799 4646 pmdeslinatus
1837 4588 1920 4634 est
1946 4578 2012 4633 ad
2042 4593 2180 4634 mor-
2205 4565 2256 4625 Ῑ)
2281 4565 2508 4643 fructum
2545 4604 2704 4658 posse
2735 4565 3104 4646 ludificationis
3123 4590 3424 4660 .attingere,
3467 4607 3586 4646 cum
3615 4605 3716 4646 nec
3743 4591 3856 4659 ipse

597 4672 730 4730 tem,
763 4672 990 4720 mortem
1010 4675 1266 4722 aeternam
1296 4669 1537 4724 invenit?
1563 4668 1725 4726 Cessa
1753 4672 1820 4726 de
1840 4681 1914 4737 te,
1937 4687 1969 4727 ο
1992 4672 2174 4739 homo,

598 4770 769 4823 cessa,
802 4757 1040 4826 inquam,
1084 4757 1152 4814 de
1192 4759 1390 4814 virtute
1437 4769 1526 4816 tua
1567 4777 1686 4818 esse
1713 4764 1989 4826 sollicitus,
2023 4773 2077 4820 et
2112 4765 2179 4820 de

595 4843 696 4900 Dei
718 4853 928 4901 tantum
947 4846 1156 4904 confide
1176 4849 1451 4906 voluntate
1466 4867 1703 4909 securus.
1727 4854 1869 4910 Nihil
1890 4856 2030 4910 enim
2051 4836 2178 4912 boni

598 4947 658 4994 tn
682 4939 794 4996 Deo
824 4941 1092 4997 obtinebis
1121 4943 1317 5006 invito;
1350 4944 1445 4998 sed
1473 4946 1518 5000 si
1546 4954 1600 5000 te
1628 4945 1934 5015 dignabitur
1955 4946 2096 5003 Deus
2119 4957 2179 5003 ut

594 5031 653 5086 in
691 5030 836 5087 bono
872 5047 1222 5102 permaneas,
1266 5034 1446 5090 salvus
1482 5036 1605 5091 eris.
1641 5036 1721 5092 Tu
1753 5053 1969 5109 quoque
2002 5041 2094 5109 qui
2121 5041 2175 5095 in

592 5130 819 5190 peccato
847 5123 1224 5196 desperatione
1249 5140 1387 5180 vana
1415 5128 1739 5193 concuteris,
1771 5129 1914 5184 disce
1945 5146 1976 5184 a
2006 5129 2175 5187 Paulo

596 5215 864 5280 apostolo,
897 5217 1018 5283 quis
1051 5231 1287 5286 unquam
1314 5232 1414 5288 par
1439 5217 1556 5286 ejus
1581 5220 1758 5289 potuit
1781 5221 2073 5279 sceleribus
2093 5224 2176 5279 in-

594 5300 802 5355 veniri?
817 5303 1063 5373 Nunquid
1084 5315 1140 5362 tu
1155 5308 1444 5378 aliquando
1465 5309 1649 5380 pejora
1670 5312 1893 5380 potuisti
1913 5327 2072 5382 quam
2087 5317 2175 5373 ille

596 5393 865 5446 commisit
907 5404 1221 5466 perpetrare
1247 5402 1508 5471 peccata?
1539 5400 1607 5456 Et
1643 5409 1823 5458 tamen
1847 5443 1864 5470 ,
1890 5405 2015 5474 quia
2042 5422 2175 5478 pra:-

668 5590 814 5663 fhfs.
837 5593 1124 5663 Augiense,
1155 5596 1276 5652 boni
1301 5608 1352 5654 et
1377 5603 1552 5656 mati.‘

666 5661 695 5703 ι)
716 5661 814 5738 ξιξ.
844 5661 1005 5738 idem,
1032 5666 1152 5737 quia
1171 5684 1294 5738 quos
1325 5668 1482 5736 Deus,
1501 5682 1604 5729 etc.

669 5743 692 5773 ο
722 5731 818 5788 Ms.
848 5733 1008 5803 idem,
1033 5731 1292 5808 nunquam
1319 5731 1490 5810 utique
1518 5760 1741 5800 corrues.
1770 5743 1953 5820 Utique
1972 5746 2036 5803 de
2058 5745 2172 5804 Deo

2280 4695 2376 4735 vas
2403 4680 2682 4736 electionis
2719 4696 2868 4735 suam
2907 4696 2966 4736 se
3002 4689 3207 4736 asserat
3245 4683 3488 4752 potuisse
3527 4682 3851 4736 voluntatem

2283 4770 2537 4841 implere?
2568 4771 2702 4827 Dicit
2722 4773 2863 4827 enim
2893 4773 2961 4827 de
2980 4788 3038 4827 se
3059 4773 3176 4844 ipso
3204 4773 3495 4842 Apostolus
3525 4793 3537 4826 :
3576 4771 3697 4826 Non
3718 4772 3854 4845 quod

2279 4861 2393 4916 volo
2417 4859 2601 4916 bonum
2639 4863 2734 4916 hoc
2762 4880 2881 4935 ago,
2909 4863 2999 4916 sed
3022 4863 3156 4934 quod
3185 4863 3305 4918 nolo
3338 4864 3530 4918 malum
3567 4863 3700 4918 illud
3720 4865 3856 4936 facio

2282 4952 2458 5025 (Rom.
2490 4969 2580 5017 vn,
2611 4953 2721 5024 l9).
2763 4954 2820 5008 Si
2847 4969 2976 5023 ergo
3015 4955 3303 5025 Apostolus
3331 4956 3478 5025 quod
3501 4957 3615 5011 vult
3656 4957 3854 5011 bonum

2276 5043 2499 5113 implere
2529 5059 2633 5098 non
2664 5045 2932 5114 praevalet,
2974 5046 3244 5113 quomodo
3285 5047 3370 5102 isti
3417 5046 3601 5102 dicunt
3639 5062 3737 5117 per
3763 5062 3859 5102 vo-

2276 5134 2534 5189 luntatem
2582 5148 2735 5188 suam
2782 5134 2849 5189 ad
2894 5133 3124 5190 fructum
3172 5152 3231 5192 se
3262 5146 3285 5176 ο
3327 5138 3513 5205 gratia:
3540 5139 3858 5208 pervenire?

2276 5225 2520 5296 Apostoli
2548 5227 2710 5281 verba
2745 5234 2888 5292 sunt,
2918 5236 3160 5283 nostrum
3189 5229 3322 5284 nihil
3349 5229 3708 5298 adjungimns.
3740 5229 3861 5299 Ipse

2275 5316 2342 5372 de
2363 5332 2421 5372 se
2445 5315 2573 5372 dicit
2605 5335 2618 5370 :
2651 5315 2775 5372 Non
2802 5318 2939 5390 quod
2964 5319 3078 5374 volo
3109 5319 3297 5374 bonum
3325 5320 3421 5374 hoc
3449 5337 3568 5390 ago,
3605 5321 3696 5374 sed
3725 5321 3860 5391 quod

2273 5408 2394 5464 nolo
2418 5407 2608 5462 malum
2637 5409 2769 5462 illud
2790 5412 2944 5481 facio.
2972 5409 3037 5463 Et
3061 5427 3159 5467 nos
3179 5403 3429 5482 culpatis,
3454 5412 3579 5481 quia
3609 5412 3860 5480 dicimus,

2276 5612 2442 5666 securi
2469 5618 2655 5667 estote.-

2348 5679 2372 5717 ἀ
2405 5679 2500 5752 _M_s.
2534 5681 2693 5752 idem,
2724 5681 2794 5734 ad
2819 5698 3043 5752 superna
3063 5684 3402 5752 superiorum.

2352 5760 2376 5789 ε
2405 5749 2502 5806 Ms.
2533 5751 2691 5817 idem,
2731 5749 2890 5824 posse
2905 5753 3093 5824 gratim
3116 5749 3400 5826 pervenire.
