4238 6260
393 357 498 445 sas

862 384 1449 459 PREDESTINATUS
1485 385 1635 442 SIVE
1672 383 2368 442 PRZEDESTINATORUM
2407 387 2755 456 HIERESIS,
2797 389 2952 447 ETC.
2995 390 3122 448 LIB.
3163 389 3232 447 Il.

3574 395 3677 449 626

396 475 514 560 Non
558 509 823 557 vocantur
861 499 961 554 nisi
1001 498 1402 568 praedestinati?
1433 507 1458 535 α
1503 496 1786 552 Antecedit
1841 496 1984 550 enim
2013 503 2060 556 A
2090 513 2291 569 ponere
2319 477 2478 568 posse
2514 499 2769 569 peccatis.
2816 499 3111 556 Excluditis
3139 499 3282 556 enim
3320 501 3547 568 gratiam
3581 514 3681 570 per

396 595 571 666 gratia
598 593 696 648 Dei
723 592 1052 647 voluntatem
1081 589 1332 643 hominis.
1365 588 1520 643 Prior
1548 596 1630 642 est
1657 587 1800 641 enim
1841 585 1980 640 Dens

398 685 453 740 in
474 685 621 739 bono
649 680 910 745 hominis;
941 679 1103 733 homo
1132 686 1332 743 autem,
1366 679 1530 732 etiam
1559 677 1604 731 si
1627 677 1862 746 optimus
1890 677 1978 742 sit,

398 773 454 829 in
477 773 624 829 omni
662 772 803 827 bono
830 769 921 823 vix
947 768 1266 823 novissimus
1300 769 1587 823 invenitur.
1622 768 1754 824 Date
1782 768 1984 838 primas

381 872 583 936 'partes
604 862 736 925 Deo,
778 867 834 915 ut
854 859 1154 929 superbiam
1185 859 1457 913 evacuetis
1485 858 1796 920 humanam.
1827 857 1983 925 Quod

397 957 444 1012 si
477 954 752 1011 volueritis
797 952 1102 1022 superbiam
1146 951 1352 1023 nutrire
1389 950 1712 1015 hominibus,
1762 958 1986 1020 apparet

396 1064 497 1103 vos
525 1046 732 1100 ruinam
771 1042 982 1112 generis
1009 1042 1230 1097 humani
1258 1042 1592 1112 perquirere,
1624 1041 1748 1110 quia
1779 1041 1985 1096 docetis

396 1138 451 1192 in
480 1137 622 1192 bono
651 1149 814 1206 ope}'e
859 1149 966 1188 non
997 1133 1165 1188 Deum
1210 1133 1551 1198 antecedere,
1583 1133 1677 1187 sed
1707 1133 1984 1188 hominum

396 1229 726 1285 voluntatem
749 1244 762 1292 ;
787 1235 846 1281 ut
868 1226 969 1296 ipsi
990 1226 1276 1280 videantur
1295 1225 1465 1294 magis
1489 1225 1676 1291 Deum,
1701 1234 1761 1281 ut
1782 1227 1986 1283 bonum

393 1319 573 1384 faciat,
603 1318 715 1373 suis
742 1317 1176 1386 suggestionibus
1219 1316 1535 1381 admouere,
1577 1320 1730 1386 quasi
1761 1319 1853 1389 qui
1877 1336 1985 1375 non

391 1410 594 1466 faceret
620 1409 824 1483 bonum
853 1408 955 1462 nisi
987 1408 1088 1478 ipsi
1118 1407 1399 1471 dixissent,
1432 1423 1553 1462 cum
1575 1416 1786 1463 constet
1814 1409 1984 1464 Deum

394 1503 539 1557 nullo
565 1508 906 1571 suggerente,
952 1501 1097 1555 nullo
1126 1509 1372 1570 rogante,
1405 1503 1545 1556 bona
1574 1495 1824 1557 omnibus
1851 1518 1984 1558 con-

393 1595 613 1649 donare.
647 1591 763 1647 Non
793 1593 936 1646 enim
965 1591 1094 1647 dicit
1132 1591 1442 1662 Apostolus,
1475 1608 1595 1648 cum
1635 1607 1980 1662 rogaremus;

396 1686 488 1742 sed
533 1702 647 1739 cum
693 1666 908 1750 inimici,
962 1684 1150 1753 inquit,
1181 1701 1424 1748 essemus,
1456 1683 1780 1738 reconciliati
1807 1701 1981 1738 sumus

393 1777 523 1840 Deo,
557 1793 662 1831 non
694 1792 792 1846 per
817 1775 1154 1830 voluntatem
1193 1783 1452 1838 nostram,
1486 1773 1582 1828 sed
1629 1791 1720 1844 per
1765 1784 1982 1828 mortem

2085 591 2388 645 libertatem
2418 590 2645 645 arbitrii.
2692 591 2797 646 Aut
2839 593 3005 650 enim.
3027 593 3197 647 libero
3225 591 3450 646 arbitrio
3479 591 3680 646 libera-

2085 699 2222 747 mur,
2257 688 2349 736 aut
2380 682 2552 750 gratia
2583 681 2678 735 Dei
2704 683 2979 752 eripimur.
3011 682 3202 751 Eligite
3227 683 3356 752 quid
3384 683 3594 738 dicatis.
3621 682 3682 738 Si

2085 773 2270 842 gratiae
2311 780 2487 826 totum
2516 771 2792 836 dederitis,
2827 789 2990 827 unum
3012 774 3282 842 sapimus;
3317 773 3364 828 si
3391 774 3564 829 libero
3592 789 3681 828 ar-

2085 865 2266 928 bitrio,
2305 865 2488 919 sciatis
2517 881 2615 920 nos
2655 865 2808 920 vobis
2846 867 3155 920 consentire
3182 882 3289 921 non
3310 881 3490 936 posse.
3525 865 3682 923 Unde

2087 965 2268 1012 autem
2297 957 2372 1011 illi
2402 957 2576 1026 major
2604 957 2826 1012 libertas
2862 958 3068 1012 arbitrii
3110 958 3162 1012 in
3193 957 3356 1025 bono,
3399 959 3545 1014 unde
3590 960 3681 1014 isti

2087 1048 2265 1102 minor
2292 1055 2394 1110 est,
2417 1047 2516 1101 nisi
2545 1048 2670 1116 quia
2700 1049 2793 1102 Dei
2815 1047 3218 1118 dispensatione
3236 1050 3598 1105 °ceusentur?
3618 1049 3679 1105 In

2087 1137 2195 1192 alio
2219 1139 2362 1192 enim
2391 1145 2607 1192 tenuem
2628 1154 2688 1192 se
2715 1123 2934 1194 exhibet
2961 1140 3152 1208 gratia,
3185 1139 3238 1194 in
3269 1140 3375 1195 alio
3405 1141 3679 1196 abundan-

2089 1237 2196 1283 tem
2226 1238 2279 1284 et
2307 1230 2528 1298 largam,
2546 1217 2722 1301 'prout
2751 1232 2865 1302 ipsa
2892 1233 3007 1287 vult
3033 1234 3225 1301 gratia,
3260 1250 3367 1288 non
3395 1243 3557 1304 prout
3577 1251 3678 1292 nos

2086 1324 2350 1387 volumus,
2376 1324 2467 1394 qui
2501 1339 2532 1377 a
2562 1323 2781 1380 facturae
2810 1334 3006 1381 nostrae
3032 1327 3220 1382 ordine
3248 1327 3591 1383 recessimus.
3616 1326 3677 1384 In

2088 1422 2294 1470 tantum
2335 1415 2566 1486 denique
2604 1417 2846 1472 vitiatam
2887 1433 2985 1488 per
3019 1419 3518 1488 praevaricationem
3548 1419 3677 1476 Adae

2086 1508 2320 1563 hominis
2345 1518 2592 1564 naturam
2614 1511 2946 1588 agnovimus,
2972 1518 3029 1566 ut
3052 1513 3496 1584 instaurationem
3525 1529 3677 1570 suam

2086 1616 2186 1677 per
2212 1599 2483 1656 Christum
2516 1618 2622 1656 non
2652 1604 2706 1657 in
2736 1618 2813 1668 re,
2847 1604 2942 1658 sed
2974 1603 3026 1658 in
3050 1619 3145 1674 spe
3177 1605 3339 1660 fuerit
3366 1613 3677 1673 consecuta,

2087 1694 2299 1749 dicente
2330 1695 2590 1765 Apostolo
2619 1714 2631 1748 :
2667 1695 2773 1764 Spe
2808 1697 2940 1751 salvi
2968 1698 3097 1768 facti
3118 1715 3326 1764 sumus;
3361 1715 3478 1770 spes
3506 1705 3680 1754 autem

2086 1802 2200 1856 qua:
2227 1782 2445 1851 videtur,
2471 1803 2573 1840 non
2601 1794 2677 1840 est
2714 1802 2831 1857 spes
2855 1785 3030 1858 (Rom.
3058 1805 3165 1854 Vill,
3197 1787 3308 1855 24).
3342 1788 3399 1845 Si
3427 1805 3557 1859 ergo
3583 1806 3679 1861 spe

392 1868 490 1938 ﬁlii
517 1868 628 1938 ejus
659 1865 836 1939 (Rom.
871 1851 1064 1937 v,-10).
1113 1863 1214 1920 Ubi
1252 1873 1334 1919 est
1359 1879 1490 1934 ergo
1530 1865 1779 1919 voluntas
1807 1866 1982 1920 homi-
2013 1874 2058 1934 Β
2086 1851 2276 1929 salvati
2307 1892 2508 1941 sumus,
2533 1876 2708 1931 adhuc
2739 1851 2929 1931 rem'in
2958 1851 3208 1947 praesenti
3238 1851 3434 1935 saeculo
3457 1851 3564 1936 non
3587 1851 3677 1936 ac-

397 1961 520 2014 nis?
549 1960 766 2014 exclusa
788 1965 900 2014 est.
946 1958 1156 2026 Quare?
1176 1957 1204 1996 ι’
1227 1959 1354 2026 quia
1385 1973 1492 2012 non
1537 1958 1713 2014 omnis
1739 1958 1831 2027 qui
1871 1957 1986 2012 vult

395 2051 511 2120 ipse
555 2051 828 2114 solvatur;
878 2049 1003 2117 quia
1032 2049 1078 2103 si
1119 2049 1296 2103 omnis
1324 2049 1415 2116 qui
1462 2049 1622 2102 vellet
1661 2045 2011 2114 salvaretur,

397 2141 575 2195 nullus
619 2156 649 2194 a
689 2140 860 2194 salute
889 2145 1099 2209 poterat
1127 2138 1268 2194 efﬁci
1309 2139 1534 2194 alienus.
1565 2137 1752 2193 Omnis
1782 2140 1981 2193 etenim

397 2233 561 2287 homo
591 2231 787 2287 salvari
815 2231 946 2295 vult,
991 2231 1085 2286 sed
1131 2247 1238 2286 non
1279 2231 1452 2286 omnis
1492 2232 1730 2285 salvatur
1767 2230 1930 2287 homo
1963 2251 1976 2284 :

395 2323 632 2379 salvatur
646 2331 825 2378 autem
846 2323 891 2378 is
911 2338 1072 2392 quem
1091 2321 1316 2377 voluerit
1330 2323 1470 2378 Deus
1487 2339 1500 2387 ;
1520 2326 1723 2391 utique,
1741 2323 1978 2391 inquam,

394 2414 441 2470 is
463 2430 621 2484 quem
642 2415 872 2470 voluerit
899 2414 1060 2479 Deus,
1087 2423 1146 2468 ut
1170 2414 1388 2468 exclusa
1417 2413 1650 2468 hominis
1677 2414 1975 2479 voluntate,

392 2522 542 2562 suam
574 2517 596 2545 ο
633 2506 846 2576 plenam
875 2520 943 2560 ex
972 2505 1182 2573 integro
1209 2505 1436 2574 gratiam
1465 2505 1788 2560 manifestet.
1822 2505 1979 2572 Quod

390 2597 433 2652 si
477 2597 707 2664 aliquem
733 2596 846 2650 vult
874 2595 1015 2650 Deus
1041 2596 1244 2651 bonum
1265 2611 1405 2661 esse,
1447 2605 1501 2650 et
1530 2597 1705 2652 bonus
1743 2589 1848 2651 non
1871 2605 1974 2661 est,

393 2703 520 2758 ergo
549 2690 709 2744 homo
733 2689 898 2744 vincit
928 2688 1120 2744 Deum.
1151 2688 1331 2743 Vincit
1360 2689 1504 2743 enim
1533 2689 1720 2756 Deum,
1763 2690 1808 2743 si
1838 2689 1979 2744 Deus

388 2795 511 2836 eum
540 2781 652 2835 vult
680 2795 800 2835 esse
827 2781 1028 2835 bonum
1058 2787 1115 2833 et
1141 2779 1317 2835 bonus
1339 2796 1448 2834 non
1469 2787 1570 2833 est.
1602 2779 1697 2834 Dei
1727 2793 1856 2848 ergo
1883 2796 1979 2835 vo-

388 2873 566 2927 luntas
593 2879 648 2925 et
666 2870 889 2926 eii'ectus
917 2878 1001 2926 est
1025 2871 1078 2924 in
1099 2871 1245 2926 bono
1264 2871 1516 2925 hominis.
1541 2869 1658 2925 Non
1684 2871 1825 2925 enim
1854 2888 1975 2926 cum

389 2979 720 3033 rogaremus,
754 2979 931 3034 neque
963 2978 1084 3018 cum
1121 2971 1448 3034 peteremus,
1477 2963 1572 3018 sed
1604 2962 1732 3018 Cum
1758 2965 1975 3030 inimici,

390 3057 582 3125 inquit,
612 3072 855 3120 essemus,
904 3054 1225 3110 reconciliati
1269 3071 1443 3109 sumus
1491 3054 1601 3109 Deo
1631 3072 1722 3124 per
1758 3063 1975 3110 mortem

389 3145 489 3217 ﬁlii
516 3144 646 3215 ejus.
679 3143 812 3198 Cum
839 3151 1020 3199 autem
1051 3159 1150 3214 pro
1187 3144 1436 3199 omnibus
1472 3141 1699 3200 mortem
1737 3145 1829 3200 ﬁlii
1859 3145 1975 3216 ejus

387 3235 582 3305 legitis,
615 3235 783 3289 miror
809 3234 1081 3304 quomodo
1109 3249 1296 3290 omnes
1325 3235 1654 3304 intelligatis,
1691 3253 1810 3292 cum
1840 3254 1974 3308 pau-

387 3342 478 3381 cos
499 3326 585 3379 vix
607 3325 674 3379 ad
699 3325 926 3380 salutem
954 3326 1188 3382 cernatis
1215 3327 1500 3396 attingere.
1532 3327 1845 3400 Ubicunque
1876 3347 1973 3384 au-

389 3425 495 3474 tem
521 3433 710 3472 omnes
744 3417 937 3486 legitis,
969 3419 1293 3486 generaliter
1319 3435 1507 3475 omnes
1535 3421 1696 3475 vultis
1724 3421 1751 3458 ά
1774 3421 1972 3476 intelli-

389 3509 458 3578 gi,
491 3525 612 3565 cum
633 3525 822 3564 omnes
861 3525 1006 3579 saepe
1032 3526 1133 3579 pro
1160 3519 1313 3579 parte
1341 3511 1655 3566 doceantur.
1689 3512 1820 3565 Nam
1849 3527 1971 3566 cum

390 3601 580 3656 dicitur
609 3617 622 3653 :
657 3599 851 3653 Omnes
882 3598 1271 3653 declinaverunt
1296 3597 1412 3670 (Ps.
1441 3615 1531 3664 xu,
1553 3599 1632 3667 Ξ),
1657 3616 1764 3654 non
1791 3609 1972 3655 tamen

391 3706 576 3746 omnes
616 3689 1040 3754 declinaverunt,
1071 3697 1126 3743 et
1171 3681 1356 3742 Omnis
1399 3689 1548 3744 homo
1589 3689 1816 3743 mendax
1851 3688 1966 3759 (Ps.

390 3799 508 3848 cxv,
551 3782 661 3855 il),
693 3799 798 3836 non
837 3790 1018 3837 tamen
1055 3781 1232 3836 omnis
1277 3781 1443 3836 homo
1472 3781 1723 3846 mendax,
1753 3781 1876 3850 quia
1906 3782 1974 3836 de

292 3865 300 3872 ’
390 3874 622 3944 Quodam
669 3873 892 3940 legimus
935 3891 948 3926 :
994 3871 1127 3926 Erat
1155 3872 1308 3926 homo
1339 3889 1514 3926 verax.
1548 3871 1616 3926 Et
1643 3871 1819 3926 illud:
1863 3871 1974 3925 Viri

390 3964 683 4027 mendaces,
711 3979 813 4017 non
840 3972 988 4017 erunt
1018 3963 1159 4017 illius
1186 3978 1476 4030 memores;
1503 3965 1600 4018 viri
1628 3975 1797 4018 autem
1825 3980 1973 4018 vera-

391 4071 473 4109 ces
501 4057 827 4109 inveniuntur
851 4057 907 4109 in
935 4072 995 4110 ea
1026 4055 1212 4128 (Eccli.
1249 4072 1336 4122 xv,
1374 4055 1450 4128 8).
1484 4057 1614 4134 Pars
1643 4075 1772 4132 ergo
1801 4062 1972 4116 maxi-

392 4150 478 4201 ma
499 4160 687 4201 omnes
704 4145 911 4200 videtur
932 4147 1248 4216 signiﬁcare,
1275 4163 1399 4203 cum
1420 4150 1605 4219 utique
1630 4140 1841 4207 constet
1861 4169 1969 4208 non

313 4266 328 4275 ~
389 4239 589 4294 debere
617 4249 804 4293 omnes
841 4235 1083 4307 intelligi.
1116 4237 1183 4292 Et
1218 4240 1322 4294 hoc
1369 4240 1555 4306 miror,
1587 4243 1731 4310 quod
1775 4245 1972 4298 clausis

390 4332 558 4388 oculis
588 4332 828 4386 transitis
853 4331 1023 4387 hostis
1048 4331 1296 4401 insidias,
1322 4347 1419 4388 vos
1458 4336 1550 4403 qui
1579 4336 1754 4390 dicitis
1781 4337 1972 4390 volun-

388 4425 554 4479 tatem
569 4423 817 4478 hominis
844 4422 1046 4492 aliquid
1083 4424 1362 4493 acquirere
1384 4439 1542 4494 posse
1574 4412 1785 4479 virtutis
1817 4444 1829 4477 :
1864 4441 1972 4480 non

389 4509 736 4590 attendentes
775 4500 987 4582 quantae
1032 4513 1200 4568 ruinae
1247 4515 1511 4570 castitatis
1557 4529 1653 4584 per
1698 4514 1971 4570 diabolum

2085 1967 2346 2036 cepimus.
2397 1965 2524 2020 Ideo
2565 1967 2798 2038 denique
2846 1968 3101 2038 baptizati
3146 1971 3338 2025 iterum
3390 1973 3677 2028 carnaliter

2083 2057 2490 2126 concupiscunt,
2519 2065 2574 2112 et
2603 2057 2724 2113 illos
2744 2066 2922 2113 motus
2941 2061 3185 2130 corporis
3213 2063 3518 2131 patiuntur;
3549 2065 3675 2134 quia

2082 2167 2198 2223 spe,
2224 2168 2330 2208 non
2352 2167 2412 2206 re
2435 2153 2713 2208 consecuti
2738 2160 2863 2208 sunt
2883 2153 3288 2209 instaurationis
3315 2156 3592 2212 auxilium.
3619 2159 3677 2214 Si

2082 2245 2226 2300 enim
2255 2260 2314 2299 re
2345 2245 2620 2300 consecuti
2646 2245 2890 2312 fuissent,
2926 2255 3048 2318 post
3085 2247 3420 2317 baptismatis
3445 2251 3674 2319 gratiam

2080 2354 2188 2394 non
2229 2346 2372 2394 esset
2410 2339 2618 2409 peccati
2657 2340 2985 2409 possibilitas
3028 2355 3127 2396 nec
3174 2341 3442 2397 voluntas.
3476 2341 3674 2399 Verum

2079 2430 2205 2498 quia
2236 2429 2404 2485 virtus
2422 2430 2760 2500 baptismatis
2789 2437 2939 2485 tanta
2967 2439 3068 2496 est,
3099 2439 3158 2487 ut
3184 2434 3431 2488 universa
3452 2442 3672 2504 peccata

2079 2519 2277 2584 deleat,
2309 2520 2594 2594 pullulatio
2626 2528 2804 2575 tamen
2833 2528 3180 2591 peccatorum
3203 2522 3544 2592 baptismatis
3568 2541 3671 2579 un-

2079 2611 2146 2666 da
2179 2627 2284 2667 non
2315 2613 2580 2679 abluitur;
2615 2613 2790 2668 inesse
2811 2613 2972 2691 (enim
3013 2629 3112 2684 per
3143 2613 3323 2685 (Adam
3360 2615 3671 2671 naturaliter

2080 2704 2420 2774 perducetur.
2440 2704 2574 2758 Nam
2597 2703 2689 2757 illa
2709 2705 2950 2759 membra
2970 2719 3094 2773 quae
3111 2705 3164 2758 in
3180 2705 3518 2775 baptismatis
3538 2706 3671 2762 hora

2078 2794 2396 2849 confusione
2417 2785 2622 2858 carent,
2646 2801 2834 2862 postea
2855 2792 3229 2850 confusionem
3247 2795 3533 2864 recipiunt,
3562 2811 3672 2864 qua

2078 2884 2285 2938 evitant
2310 2885 2507 2953 ubique
2545 2892 2914 2955 conSpeetum,
2934 2892 2990 2938 et
3016 2893 3266 2954 quaerunt
3293 2885 3544 2956 pudendo
3583 2901 3672 2942 se-

2077 2983 2305 3030 cretum.
2337 2975 2466 3042 Quae
2495 2975 2639 3030 enim
2664 2975 2803 3030 Deus
2831 2976 3072 3031 membra
3101 2975 3318 3044 fecerat,
3349 2978 3671 3049 praevarica-

2077 3067 2154 3123 tio
2184 3069 2236 3123 in
2281 3069 2529 3139 pudenda
2575 3070 2862 3136 convertit,
2888 3078 2944 3125 et
2969 3087 3080 3126 non
3106 3071 3359 3128 dicuntur
3403 3075 3690 3140 membra,"

2077 3160 2172 3216 sed
2193 3160 2459 3230 pudenda.
2483 3161 2611 3227 Quae
2634 3160 2880 3230 pudenda
2898 3162 2957 3216 in
2986 3171 3184 3233 puncto
3207 3163 3299 3219 illo
3327 3163 3667 3235 baptismatis

1999 3240 2044 3301 C
2076 3255 2316 3309 membra
2342 3252 2494 3321 ﬁunt,
2518 3255 2613 3310 sed
2636 3271 2764 3311 mox
2792 3256 2986 3311 iterum
3008 3257 3258 3327 pudenda
3276 3257 3580 3314 elliciuntur
3598 3275 3665 3314 ex

2074 3345 2359 3412 membris;
2392 3363 2500 3402 non
2521 3346 2664 3402 enim
2693 3363 2774 3414 re,
2801 3348 2895 3404 sed
2921 3364 3016 3419 spe
3046 3348 3327 3404 instaurati
3355 3357 3499 3405 sunt.
3523 3349 3663 3406 Con-

2074 3438 2403 3508 cupiscentia
2442 3438 2584 3493 enim
2623 3441 2821 3506 carnis,
2859 3456 2980 3510 quae
3025 3456 3123 3510 per
3161 3424 3664 3510 praevaricationem

2074 3525 2203 3582 Adae
2231 3537 2419 3597 regnat
2459 3531 2514 3584 in
2541 3545 2772 3600 corpore
2811 3538 3064 3598 tanquam
3093 3530 3180 3584 lex
3206 3531 3432 3600 peccati,
3467 3531 3663 3584 iterum

2074 3621 2175 3675 sibi
2199 3621 2435 3676 vindicat
2472 3623 2826 3692 baptizatum,
2851 3630 3132 3689 totumque
3159 3621 3394 3674 animum
3421 3620 3537 3688 ejus
3563 3635 3652 3675 co-

2075 3720 2234 3766 natur
2261 3720 2526 3768 evertere.
2551 3711 2676 3768 Hacc
2694 3713 2834 3766 enim
2857 3713 3010 3767 radix
3030 3712 3168 3766 illius
3188 3712 3357 3781 plagae
3375 3719 3476 3776 est,
3498 3727 3661 3780 quam

2075 3800 2318 3858 Christus
2347 3804 2592 3858 salvavit.
2617 3803 2854 3858 Salvavit
2881 3811 3060 3858 autem
3087 3803 3182 3868 sic,
3207 3804 3344 3857 sicut
3371 3804 3662 3874 Apostolus

2073 3892 2202 3972 dicit
2226 3912 2237 3946 :
2264 3894 2371 3966 Spe
2399 3895 2527 3949 salvi
2557 3896 2685 3967 [acti
2711 3911 2906 3949 sumus.
2936 3894 3003 3948 Et
3026 3894 3178 3963 jubet
3204 3910 3304 3950 nos
3332 3896 3565 3950 animum
3592 3895 3662 3952 ad

2076 3987 2357 4042 invisibilia
2388 3987 2799 4058 contemplanda
2833 3986 3143 4051 transferre,
3178 3995 3277 4041 nec
3314 3986 3382 4042 de
3421 3988 3502 4042 his
3541 4002 3663 4057 quae

2074 4077 2325 4133 videntur
2354 4079 2725 4148 praesumendo
2753 4094 3006 4134 corruere
3037 4097 3050 4132 :
3091 4086 3146 4133 et
3173 4077 3294 4133 ideo
3323 4078 3452 4134 dicit
3483 4095 3496 4131 :
3526 4077 3662 4149 Spes

2074 4178 2246 4239 autem
2273 4186 2388 4238 quae
2415 4170 2630 4235 videtur,
2660 4179 2776 4237 spes
2799 4186 2904 4224 non
2930 4177 3026 4224 est.
3055 4168 3132 4223 Ne
3164 4167 3303 4222 forte
3330 4168 3663 4224 aestimaren-

2075 4265 2164 4312 tur
2187 4269 2285 4328 per
2305 4260 2627 4328 baptismum
2659 4261 2730 4314 ita
2760 4260 2877 4314 tolli
2906 4267 3145 4330 peccata,
3179 4267 3236 4314 ut
3264 4259 3426 4313 etiam
3455 4259 3664 4316 radices

2076 4349 2204 4419 ipsae
2233 4359 2577 4419 peccatorum
2601 4353 2804 4422 pariter
2832 4352 3150 4408 evellantur.
3186 4352 3363 4409 Motus
3403 4352 3547 4408 enim
3574 4352 3666 4409 ille

2074 4441 2408 4510 pollutionis,
2431 4445 2523 4511 qui
2547 4459 2646 4514 per
2665 4434 3160 4513 praevaricationem
3180 4452 3427 4498 naturam
3447 4443 3662 4510 invasit,

2074 4532 2149 4586 ita
2179 4541 2422 4586 remanet
2451 4535 2511 4588 in
2523 4533 2815 4604 baptizato,
2840 4536 2978 4591 sicut
3005 4535 3159 4590 radix
3183 4534 3381 4605 capilli,
3407 4551 3530 4591 cum
3550 4534 3668 4591 fue-
3706 4567 3716 4572 -

391 4603 539 4696 (nam,
566 4622 579 4656 ³
612 4611 917 4696 (Ιυθηῑίξφιθ
956 4605 1181 4664 crimina
1210 4606 1676 4676 οοηουρίδοθηῑίὶἓν
1709 4607 1966 4674 avaritia.
1997 4616 2048 4675 D
2073 4624 2144 4679 rit
2177 4626 2440 4680 novacula
2469 4627 2523 4682 in
2553 4603 2834 4696 superﬁcie
2863 4629 3184 4684 emundatus
3203 4603 3265 4684 et
3286 4645 3458 4686 rasus.
3492 4630 3668 4687 Rasus

389 4695 572 4750 livoris
594 4706 660 4750 ac
678 4693 928 4765 perﬁdiae,
953 4696 1194 4764 quotidie
1214 4701 1606 4766 perpetrentur.
1635 4697 1764 4764 Quae
1788 4700 1974 4768 utique

387 4785 433 4840 si
463 4785 733 4852 videretis,
761 4801 866 4840 non
896 4785 1261 4841 laboraremus
1284 4786 1442 4842 vobis
1469 4787 1752 4842 ostendere
1776 4788 1972 4846 damna

390 4876 665 4940 virtutum,
692 4883 747 4931 et
767 4876 1019 4932 victorias
1037 4877 1312 4932 vitiorum.
1335 4877 1392 4932 Si
1421 4879 1628 4950 integra
1657 4881 1800 4935 enim
1830 4891 1974 4937 esset

387 4968 604 5024 libertas
624 4971 848 5037 arbitrii,
869 4973 970 5025 ista
991 4987 1099 5027 non
1121 4971 1329 5029 ﬁerent.
1356 4972 1460 5028 Per
1477 4975 1972 5045 praevaricationem

390 5061 572 5129 itaque
592 5063 750 5132 primi
776 5064 1008 5120 hominis
1031 5068 1193 5136 periit
1212 5068 1282 5122 ab
1312 5067 1616 5122 hominibus
1645 5069 1866 5125 libertas
1886 5085 1972 5124 ar-

389 5147 554 5206 bitrii.
585 5151 690 5208 Sed
713 5155 810 5211 vo‘s
837 5157 1099 5212 haeresem
1129 5150 1472 5228 Pelagianam
1513 5161 1706 5215 iterum
1738 5178 1970 5218 renova-

388 5246 475 5314 tis,
507 5263 627 5304 cum
649 5247 823 5307 dicitis
848 5267 949 5322 per
977 5252 1281 5308 libertatem
1309 5255 1515 5310 arbitrii
1536 5255 1782 5312 homines
1810 5256 1971 5313 ﬁnem

458 5438 484 5508 ξ
634 5433 932 5508 Augiense,
957 5435 1215 5490 antecedit
1238 5438 1411 5508 gratia
1442 5435 1555 5492 Dei.

456 5499 671 5583 hAbest
705 5499 1024 5583 totumhoc
1051 5499 1262 5583 comma
1304 5507 1360 5561 in
1396 5523 1498 5563 ms.
1543 5508 1817 5578 Augiensi,
1850 5514 1972 5583 quia

386 5589 488 5628 non
514 5575 794 5646 omnisqui
827 5574 932 5646 vult
970 5575 1082 5644 ipse
1111 5577 1361 5632 solvatur.

457 5655 483 5725 f
522 5643 620 5699 Ms.
654 5643 818 5710 idem,
849 5643 1070 5715 plenam
1094 5655 1146 5699 et
1185 5648 1442 5720 integram
1477 5652 1704 5723 gratiam
1745 5654 1968 5725 manife-

383 5723 503 5770 stet.

456 5785 482 5823 ⁸
510 5784 610 5841 Ms.
656 5774 830 5852 idem,
878 5786 1128 5858 intelligi;
1167 5796 1228 5847 ut
1269 5797 1327 5847 et
1368 5792 1625 5862 irrogaret
1665 5810 1764 5863 pro
1816 5797 1980 5851 inrom

2081 4715 2224 4770 enim
2255 4723 2356 4782 est,
2382 4723 2440 4770 ut
2468 4716 2850 4773 emundaretur
2878 4719 3028 4773 locus
3054 4737 3066 4770 :
3100 4727 3207 4774 non
3231 4729 3314 4774 est
3342 4721 3664 4786 eradicatus,

2081 4822 2150 4860 ne
2178 4807 2400 4861 ulterius
2423 4816 2750 4862 nasceretur.
2775 4807 2831 4863 Si
2857 4809 2996 4862 enim
3023 4825 3090 4864 ex
3111 4809 3321 4879 integro
3346 4826 3443 4881 per
3466 4812 3668 4880 baptis-

2081 4914 2224 4952 mum
2256 4899 2431 4952 omnis
2456 4901 2908 4968 praevaricationis
2937 4887 3064 4956 Adae
3084 4903 3340 4970 fragilitas
3363 4904 3663 4963 tolleretur,

2081 4989 2337 5060 baptizati
2382 5005 2570 5045 omnes
2613 4993 2762 5048 nullo
2797 4995 2992 5050 caloris
3028 5003 3179 5049 motu
3227 4994 3566 5046 traherentur
3594 4990 3666 5044 ad

2081 5080 2327 5144 erimina,
2351 5080 2526 5135 nullus
2545 5081 2793 5138 sordibus
2814 5084 3180 5152 inquinaretur
3199 5079 3464 5141 humanis,
3489 5078 3668 5134 nullus

2079 5169 2527 5240 concupiscentiae
2547 5174 2766 5229 stimulo
2786 5167 3129 5250 pungeretur.
3153 5167 3257 5222 Sed
3286 5168 3410 5235 quia
3439 5183 3536 5239 spe
3560 5172 3668 5225 sal-

2080 5261 2134 5316 vi
2163 5260 2289 5317 facti
2315 5279 2516 5332 sumus,
2541 5266 2684 5335 quod
2705 5264 2880 5319 adhuc
2907 5277 3015 5316 non
3045 5259 3308 5324 videmus,
3332 5273 3434 5329 per
3456 5261 3668 5332 patieni

2078 5454 2252 5515 garet;
2279 5450 2503 5505 illiciens
2541 5464 2640 5518 pro
2676 5448 2945 5521 inliciens;
2971 5447 3245 5521 (subjicere
3273 5466 3372 5520 pro
3400 5450 3663 5518 subicere;

2078 5532 2321 5573 corruere
2346 5536 2446 5589 pro
2476 5517 2755 5582 conruere;
2789 5517 3008 5589 illustris
3050 5517 3149 5588 pro
3194 5517 3463 5586 inlustris;
3506 5521 3668 5576 colla-

2081 5595 2188 5642 tum
2234 5587 2821 5662 projconlatuntuelc.
2874 5587 2952 5662 Ac
2996 5587 3082 5646 vel
3120 5591 3225 5647 hoc
3252 5592 3462 5662 ipsose'
3487 5591 3667 5661 prodit

2076 5666 2207 5782 daetas
2234 5656 2408 5727 major
2445 5656 2644 5711 codicis
2676 5656 2958 5716 Reincnsis
2987 5677 3097 5731 quo
3138 5656 3384 5717 usus'est'
3415 5656 3660 5723 Sirmon-

2115 5744 2194 5782 us.
2769 5757 2772 5760 -
3261 5779 3265 5782 _

2115 5744 2194 5783 us.
2769 5757 2772 5760 -

2149 5807 2172 5832 ο
2204 5796 2258 5849 in
2288 5812 2388 5852 ms.
2413 5796 2603 5850 eodem
2636 5808 2888 5854 censetur.
