4282 6264
2196 252 2227 260 μ.

576 323 679 385 es?
1577 332 1952 393 ANONYMUS
1987 333 2269 392 AUCTOR
2304 331 2847 390 PREDESTINATI.
3748 334 3856 395 ϐπ

577 444 710 499 tiam
753 453 1143 516 exspectamus.
1170 453 1193 482 ἰ
1215 442 1377 503 Venit
1403 451 1614 517 tempus
1642 446 1697 502 in
1722 462 1837 518 quo
1858 462 2033 519 neque
2058 464 2161 504 nu-
2189 457 2241 512 Α
2266 464 2407 503 mors
2429 445 2456 484 δ
2480 448 2535 500 in
2563 448 2849 502 victoriam.
2880 444 2978 502 Ubi
2999 427 3095 512 est,
3126 460 3289 512 mors,
3319 446 3581 502 contentio
3609 446 3741 501 tua?
3766 448 3858 508 ubi

578 537 729 601 bant,
759 552 934 610 neque
972 552 1165 592 uxores
1200 526 1419 604 du'cant,
1448 538 1543 593 sed
1582 539 1692 594 sint
1726 539 1865 595 sicut
1902 540 2075 609 angeli
2102 541 2158 597 in
2263 547 2359 603 est,
2388 555 2548 604 mors,
2571 537 2811 593 stimulus
2844 538 3002 593 tuus!
3028 536 3287 594 Stimulus
3320 544 3497 591 autem
3525 540 3706 594 mortis
3733 555 3855 608 pa:-

578 627 727 683 cmlis
747 627 961 698 (Matth.
987 644 1117 694 χιιι,
1148 628 1257 699 50).
1281 626 1410 684 Cum
1434 631 1573 691 enim
1600 632 1929 702 corruptibite
1957 632 2053 688 hoc
2081 634 2156 687 in-
2266 641 2469 698 catum;
2490 632 2648 685 uirtus
2665 647 2782 685 vero
2811 629 3009 702 peccati
3029 628 3114 684 (ea:
3137 628 3181 701 (ι
3208 626 3330 683 Cor.
3363 643 3453 694 xv,
3481 624 3683 700 Sir-56).
3707 624 3858 689 Tunc

577 717 745 773 ditarit
764 718 1220 790 insumptionem,
1246 728 1297 775 et
1324 721 1543 777 mortale
1568 722 1665 779 hoc
1692 723 1916 779 induerit
1938 725 2152 779 immor-

1007 813 1097 884 βα
1122 830 1290 870 σοι-ιω
1308 815 1397 887 qui
1413 816 1633 885 scriptus
1652 825 1730 871 est
1747 834 1765 872 :
1785 816 2044 888 Absorpta
2074 826 2152 872 cst

647 950 674 981 ι
702 941 799 1000 Is.
831 941 1118 1015 Augiense,
1158 946 1325 1001 veniet
1363 955 1578 1020 tempta.

2264 724 2503 806 dicemus
2539 743 2552 778 :
2590 722 2701 779 Deo
2730 723 2930 796 gratias
2965 722 3056 795 qui
3090 721 3234 776 dedit
3271 718 3421 777 nobis
3458 722 3733 779 victoriam
3765 742 3859 796 per

2263 817 2552 873 Dominum
2577 826 2813 873 nostrum
2846 815 3033 872 Iesum
3050 815 3317 871 Christum
3340 813 3527 888 (Ibid.,
3562 812 3677 889 57).

2333 947 2363 990 δ
2384 948 2485 1007 Ms.
2509 950 2795 1021 Augiense,
2818 952 2876 1006 in
2894 950 3132 1008 uictoria.

1380 1192 1409 1223 ⁸
1458 1201 1989 1283 PROLOGUS
2040 1204 2310 1284 LIBRI
2364 1202 2959 1299 SEQUENTIS.
3516 1166 3539 1186 “

639 1324 846 1393 Finitus
874 1338 956 1391 est
980 1330 1117 1391 liber
1135 1332 1164 1373 ι’
1189 1332 1433 1390 inimicus
1456 1335 1755 1401 hominum,
1781 1344 1968 1392 contra
1990 1336 2150 1393 fidem
2254 1338 2492 1409 iudicem
2517 1336 2703 1409 judicii
2731 1341 2897 1396 vestri
2927 1347 3054 1397 ante
3081 1338 3269 1398 oculos
3296 1341 3578 1408 habentes,
3619 1358 3689 1399 ex
3718 1318 3856 1399 inte-

571 1428 890 1485 catholicam
918 1412 1210 1497 coniictus;
1242 1427 1380 1484 liber
1405 1429 1641 1496 dolosus,
1665 1430 2027 1487 circumdatus
2052 1432 2155 1491 ω-

570 1520 737 1587 laciis,
770 1520 981 1576 adulter
1008 1522 1228 1592 integrae
1256 1520 1611 1588 definitionis;
1663 1522 1885 1592 quique,
1931 1531 1988 1577 ut
2026 1539 2153 1578 san-

544 1616 686 1673 _ctus
714 1613 1015 1687 Cyprianus
1044 1612 1150 1682 ait,
1178 1612 1311 1673 falsa
1353 1620 1591 1669 ostentat
1618 1620 1675 1668 ut
1711 1629 1841 1669 vera
1869 1614 2149 1685 subripiat.

2259 1443 2358 1499 gro
2385 1429 2719 1487 defendenda
2746 1431 3035 1501 defendite,
3062 1449 3131 1489 ex
3156 1433 3367 1505 integro
3389 1433 3688 1491 damnanda
3710 1435 3857 1491 dam-

2260 1528 2405 1577 nate.
2436 1518 2547 1576 Cur
2573 1529 2773 1589 autem,
2804 1521 3124 1579 intermissis
3160 1523 3283 1595 aliis,
3307 1524 3677 1596 pravitatibus,
3702 1525 3848 1581 hunc

2260 1615 2455 1671 librum
2486 1616 2540 1671 in
2587 1616 2823 1671 medium
2860 1615 3135 1672 attulimus
3186 1617 3380 1684 solum,
3412 1617 3533 1674 haec
3564 1617 3704 1673 ratio
3743 1625 3847 1682 est,

569 1702 670 1771 Qui
698 1705 796 1759 sub
826 1705 1004 1775 specie
1043 1704 1259 1777 pietatis
1294 1704 1486 1772 editus,
1529 1705 1639 1774 agit
1681 1713 1868 1762 contra
1906 1707 2149 1761 omnium
2184 1775 2228 1782 _
2261 1708 2390 1780 quia
2419 1708 2472 1764 in
2502 1708 2724 1765 modum
2741 1709 2983 1782 symboli
3013 1710 3091 1766 eis
3113 1722 3250 1781 quos
3269 1709 3582 1781 deceperint
3609 1709 3849 1766 tradunt.

570 1796 810 1851 instituta
837 1775 1162 1852 sanctorum.
1190 1794 1358 1866 Hujus
1379 1796 1499 1852 libri
1528 1813 1708 1863 causa,
1740 1805 1802 1852 ut
1827 1799 2152 1855 memoravi-
2184 1775 2233 1835 Β
2258 1775 2413 1856 Iiunc
2458 1815 2585 1872 ergo
2617 1775 2798 1857 totum“
2829 1803 2929 1873 per
2956 1775 3200 1859 ordinem
3246 1775 3573 1859 credidimus
3606 1802 3848 1860 scriben-

570 1904 689 1943 mus
717 1889 771 1944 in
795 1888 1214 1959 praefatiuncula,
1241 1892 1477 1946 omnium
1500 1891 1873 1948 haereticorum
1901 1892 1955 1946 in
1984 1909 2152 1948 unum
2190 1920 2201 1929 -

442 2019 457 2029 ο
570 1980 765 2040 librum
804 1982 1120 2054 collegimus
1164 1993 1358 2053 sectas,
1404 1994 1463 2040 ut
1490 1986 1660 2041 sciant
1698 1983 2007 2042 defensores
2033 1986 2151 2056 ejus

568 2076 776 2131 cunctis
815 2090 916 2132 nos
956 2075 1249 2135 haeresibus
1277 2077 1581 2145 adversari;
1614 2085 1669 2132 et
1715 2076 1911 2133 nullius
1957 2086 2148 2134 contra

570 2182 666 2223 eos
692 2164 771 2224 uti
808 2183 1095 2227 consensu.
1143 2167 1348 2239 Itaque,
1379 2186 1412 2223 o
1449 2178 1635 2226 sancta
1679 2178 1853 2225 mater
1888 2168 2145 2237 Ecclesia,

568 2273 717 2329 puras
744 2256 867 2315 fidei
888 2261 1137 2330 genitrix,
1167 2269 1356 2315 contra
1384 2258 1625 2316 occultos
1644 2260 1827 2315 hostes
1857 2267 1997 2326 tuos,
2021 2277 2150 2317 con-

568 2357 652 2405 tra
696 2365 864 2405 novos
890 2348 1150 2406 barbaros
1190 2346 1471 2421 paciﬁcum
1516 2352 1755 2405 habitum
1804 2351 2147 2419 mentientes,

568 2447 758 2497 contra
786 2454 881 2496 eos
908 2441 1000 2511 qui
1030 2456 1124 2514 per
1153 2447 1203 2495 te
1232 2449 1417 2496 contra
1442 2446 1495 2496 te
1524 2457 1669 2496 arma
1700 2442 2018 2514 corripiunt,
2050 2461 2150 2501 no-

566 2541 706 2590 stras
733 2533 875 2590 vires
900 2534 1096 2602 exalia,
1120 2541 1176 2589 et
1195 2532 1435 2589 volentes
1462 2532 1597 2589 inire
1617 2541 1889 2591 certamen
1911 2536 2106 2605 adjuva
2132 2558 2147 2591 :

568 2636 757 2684 contra
785 2626 885 2683 bos
914 2627 1183 2699 praecipue
1212 2635 1401 2682 contra
1430 2644 1566 2699 quos
1595 2626 1769 2683 adhuc
1806 2627 1982 2683 nullus
2010 2630 2147 2684 scri-

568 2717 743 2777 bendo
772 2712 1049 2791 pugnavit,
1078 2733 1199 2773 cum
1232 2717 1305 2774 illi
1326 2717 1537 2789 scriptis
1566 2718 1693 2783 suis,
1722 2718 1823 2775 sub
1851 2718 2150 2775 sacerdotis

568 2810 849 2883 Augustini
898 2811 1133 2879 nomine,
1190 2817 1361 2869 totum
1408 2827 1546 2883 pene
1589 2811 1701 2881 jam
1747 2812 2149 2868 vulneraverint

568 2901 843 2971 mundum,
870 2900 1087 2959 vitiatos
1116 2898 1281 2958 libros
1308 2898 1648 2974 proferendo,
1675 2912 1730 2959 et
1749 2905 1926 2963 varias
1945 2906 2149 2976 episto-

568 2989 647 3047 las
673 2982 853 3046 dando
879 3000 1011 3062 quas
1040 2992 1323 3048 memorati
1366 2990 1728 3065 Hipponensis
1757 2994 1997 3067 episcopi
2028 3011 2148 3051 esse

569 3079 895 3152 conﬁngunt.
919 3078 987 3137 Et
1004 3100 1119 3153 vos,
1147 3100 1336 3140 omnes
1352 3082 1631 3141 catholicae
1660 3084 1783 3143 fidei
1811 3086 2142 3155 defensores,

2256 1893 2402 1959 dum,
2434 1908 2503 1948 ne
2529 1892 2814 1948 videantur
2851 1908 2915 1949 ea
2944 1908 3065 1962 qua:
3092 1891 3249 1948 facile
3288 1893 3429 1949 vinci
3460 1898 3733 1978 poterant,
3778 1909 3846 1951 ex

2257 1997 2445 2038 eorum
2474 1982 2611 2039 libro
2654 1981 2816 2038 fuisse
2864 1981 3152 2055 discerpta,
3186 1990 3242 2038 et
3283 1978 3371 2037 illa
3401 1981 3595 2039 callide
3623 1990 3846 2055 praeter-

2255 2077 2439 2144 missa,
2482 2091 2600 2147 quae
2628 2077 2802 2149 ipsum
2845 2075 3039 2131 librum
3077 2083 3334 2148 poterant
3379 2075 3446 2130 ab
3488 2075 3849 2131 accusationis

2257 2176 2455 2225 nostra:
2483 2167 2677 2237 injuria
2706 2167 2999 2223 vindicare.
3029 2165 3170 2221 Nihil
3199 2181 3328 2237 ergo
3366 2166 3805 2238 prmtermisimus
3831 2184 3844 2219 :

2254 2260 2352 2316 sed
2376 2275 2755 2335 omnecorpus
2775 2258 2892 2325 ejus
2911 2257 2994 2314 his
3014 2257 3327 2327 detegentes
3355 2256 3587 2327 scriptis,
3610 2255 3847 2326 gladium

2255 2358 2442 2407 contra
2465 2366 2587 2407 eum
2608 2350 2758 2405 verbi
2779 2349 2875 2405 Dei
2894 2347 3236 2421 proferimus,
3264 2354 3424 2418 atque
3446 2346 3500 2401 in
3522 2353 3705 2419 partes
3723 2361 3847 2401 eum

2254 2444 2621 2511 c’oncidentes,
2655 2443 2863 2515 singula
2890 2456 3117 2512 quaeque
3145 2440 3384 2495 membra
3416 2438 3532 2510 ejus
3551 2439 3846 2495 catholico-

2253 2554 2374 2593 rum
2402 2537 2572 2593 oculis
2600 2534 2933 2592 denudamus
2964 2553 2976 2587 :
3010 2533 3358 2617 ostendentes
3385 2548 3504 2603 qua:
3551 2542 3759 2587 venena
3788 2532 3845 2591 in

2254 2630 2432 2702 capite
2467 2630 2682 2695 habeat,
2713 2622 2915 2699 quaabin
2945 2642 3040 2682 ore
3068 2633 3447 2696 contorqueat,
3478 2640 3613 2694 quas
3642 2641 3711 2681 ex
3742 2640 3841 2697 pe~

2254 2730 2406 2780 ctore
2450 2721 2672 2791 sagittas
2713 2723 2963 2786 emittat;
3006 2736 3069 2775 ac
3095 2734 3194 2793 per
3237 2715 3447 2788 singula
3476 2718 3840 2774 membrorum

2218 2814 2235 2823 ’
2254 2814 2430 2871 cilicia
2460 2814 2897 2870 adversarietatis
2915 2813 3043 2883 ejus
3072 2818 3357 2880 arguentes
3386 2810 3632 2877 astutias,
3665 2816 3719 2863 ct
3745 2824 3837 2864 ca-

2252 2908 2458 2979 ptivum
2486 2923 2609 2963 eum
2639 2905 2894 2963 Ecclesia:
2922 2903 3202 2961 catholica:
3238 2902 3464 2976 pedibus
3491 2908 3838 2973 prosternen-

2253 3005 2356 3066 tes,
2386 2999 2635 3056 omnibus
2663 3014 2786 3055 eum
2816 2992 3043 3053 facimus
3090 2992 3433 3051 manifestum
3479 3012 3492 3047 :
3544 3001 3602 3049 ut
3641 3008 3705 3047 ex
3728 2988 3841 3049 hoc

2252 3092 2368 3163 ipse
2397 3093 2481 3148 sui
2507 3092 2795 3149 damnator
2823 3090 3041 3157 existat,
3072 3084 3166 3159 qui
3188 3084 3510 3147 catholicam
3537 3086 3842 3143 doctrinam

565 3178 816 3251 precibus
852 3193 1158 3248 exoramus,
1208 3188 1267 3234 ut
1320 3180 1535 3239 exclusa
1575 3181 1720 3237 omni
1769 3180 2143 3254 occupatione,
2181 3161 2228 3225 (ἶ
2257 3161 2533 3251 deserens,
2575 3198 2901 3240 consensum
2928 3197 3084 3240 suum
3110 3180 3272 3255 hujus
3302 3176 3422 3236 libri
3453 3179 3682 3235 voluerit
3710 3195 3841 3235 con-

565 3269 823 3333 intentius
868 3277 1112 3328 nostrum
1152 3273 1397 3344 prrelium
1438 3271 1727 3328 attendatis
1761 3292 1772 3326 :
1806 3281 1861 3328 et
1904 3270 2142 3330 futurum

635 3442 663 3473 ι
690 3430 751 3489 In
791 3444 894 3489 ms.
942 3429 1212 3499 Aegiensi,
1244 3436 1381 3500 post,
1413 3428 1592 3483 Iesum
1629 3427 1911 3492 Christum,
1960 3428 2143 3483 statim

737 3518 771 3560 ε
797 3504 973 3566 titulo,
1002 3501 1182 3573 ﬁnitus
1207 3499 1286 3556 est
1324 3499 1470 3573 iiber,
1500 3508 1607 3555 etc.

632 3571 753 3633 na
788 3588 890 3631 ms.
922 3571 1193 3641 Αυκεωεί.

640 3658 662 3686 ο
690 3646 753 3706 In
772 3661 872 3705 ms.
900 3636 1155 3715 Augiensi
1178 3636 1197 3697 ξ
1225 3641 1373 3699 Finit
1401 3636 1530 3699 liber
1558 3641 1920 3698 hwreticorum
1946 3637 2037 3694 sub
2060 3658 2148 3695 no-

2253 3277 2467 3348 tagione
2493 3277 2696 3333 violare
2721 3288 2767 3331 ο.

2254 3431 2392 3484 mine
2417 3429 2695 3501 Augustini
2732 3428 2984 3501 conﬁctas
3019 3429 3084 3483 de
3114 3422 3529 3483 Prcdestinatis.
3560 3425 3716 3491 Tum,
3743 3424 3838 3501 ἕης

2254 3571 2445 3627 librum
2466 3571 2848 3634 hareticonun,
2866 3571 2990 3643 defit

2256 3640 2532 3715 refutando
2557 3657 2758 3698 errores
2786 3656 2990 3697 eorum.

1497 3813 2026 3976 nam
2098 3804 2873 3987 TERTIUS.

912 4061 1369 4140 Reﬁitationern
1396 4054 1723 4117 continens
1750 4050 1903 4114 libri
1927 4053 2277 4130 superioris
2305 4053 2439 4114 sub.
2473 4054 2541 4116 S.
2574 4054 2925 4134 Augustini
2946 4056 3200 4119 nomine
3224 4052 3496 4134 conﬁcti.

630 4214 903 4274 Hactenus
922 4209 1302 4269 hereticorum
1322 4203 1565 4263 omnium
1585 4201 1816 4255 incensa:
1834 4207 1960 4255 sunt
1984 4199 2149 4276 silvae,
2257 4202 2552 4257 humanum
2577 4215 2748 4272 genus
2786 4202 2861 4258 ita
2908 4202 3104 4261 divinis
3128 4202 3690 4274 prmdestinationibus
3716 4204 3844 4261 sub-

562 4309 621 4366 in
644 4308 842 4378 quibus
879 4301 1236 4363 latroninante
1271 4294 1494 4366 perﬁdia
1533 4290 1733 4347 divitia:
1759 4290 1882 4346 ﬁdei
1911 4306 2151 4362 pervasa:
2247 4293 2464 4363 jacere,
2498 4299 2557 4348 ut
2590 4292 2733 4349 mala
2760 4292 2941 4351 omnia
2970 4307 3091 4364 quae
3116 4301 3376 4364 geruntur
3403 4295 3458 4349 in
3484 4294 3713 4361 seculo,
3742 4293 3838 4355 Dei

562 4405 707 4462 ωηι,
732 4393 969 4467 mam
986 4405 1146 4460 passa
1168 4385 1431 4452 Ecclesia,
1448 4384 1746 4440 animarum
1769 4383 1985 4452 sanguis
2012 4381 2148 4439 eli‘u-
2252 4384 2500 4441 dicantur
2526 4385 2805 4440 voluntate
2832 4385 3115 4442 committi.
3162 4385 3240 4443 Ne
3265 4400 3399 4457 ergo
3426 4386 3713 4458 participes
3738 4403 3838 4444 nos

528 4500 673 4543 ,σαι
714 4483 916 4543 vomu
950 4479 1076 4547 quia
1109 4476 1329 4533 solitum
1366 4481 1449 4529 est
1486 4474 1657 4546 spinis
1690 4481 1816 4547 post
1842 4472 2148 4529 incendium
2251 4491 2438 4532 eorum
2475 4478 2638 4532 timor
2675 4477 2940 4543 humanus
2974 4486 3072 4535 aut
3110 4478 3433 4535 verecundia
3460 4477 3690 4542 iaceret,
3721 4492 3838 4533 om-

561 4575 759 4633 im
796 4568 1099 4643 pullulare,
1129 4565 1323 4623 falcem
1351 4564 1517 4621 divini
1536 4546 2031 4635 judiciiteneamus
2049 4605 2063 4628 ,
2088 4571 2148 4620 ut
2172 4610 2224 4670 Β
2250 4572 2399 4625 nium
2424 4570 2801 4631 bzereticorum
2828 4570 3034 4640 egimus
3062 4586 3237 4639 curas,
3264 4577 3321 4631 et
3337 4571 3641 4628 invenimus
3668 4570 3838 4641 nemi-

561 4662 798 4729 redivivn
847 4668 905 4719 et
944 4668 1139 4719 contra
1184 4656 1377 4713 omium
1425 4657 1604 4711 euntis
1648 4657 1920 4728 spinarum
1966 4657 2143 4727 capita
2172 4656 2219 4670 “’
2251 4678 2375 4717 nem
2404 4662 2554 4733 pejus
2579 4663 2820 4737 potuisse
2845 4677 3046 4727 errare,
3078 4676 3243 4732 quam
3263 4660 3832 4732 hosquidicuntmala

562 4762 917 4826 amputemus.
948 4750 1070 4815 Non
1086 4750 1335 4819 deerunt,
1358 4756 1683 4820 procurante
1704 4749 1835 4815 Deo,
1866 4749 1992 4805 huic
2015 4763 2144 4819 agro
2251 4753 2431 4809 omnia
2458 4761 2516 4807 et
2552 4753 2778 4811 crimina
2804 4751 2901 4811 Dei
2928 4752 3399 4823 pmdestinatione
3424 4750 3701 4809 conmitti.
3722 4748 3833 4804 lla-

560 4851 816 4917 alltores.
846 4856 909 4909 ut
934 4846 1143 4927 possint
1171 4845 1306 4901 beati
1328 4844 1647 4901 ἐπιπαιαιίαᾶ
1676 4843 1703 4882 ι)
1723 4845 1779 4898 in
1816 4845 1918 4910 via,
1949 4844 2143 4898 imma-
2240 4847 2414 4919 obeant
2439 4859 2569 4914 ergo
2592 4860 2785 4927 omnes
2806 4845 3044 4902 hau-stici
3070 4859 3236 4901 unum
3260 4844 3456 4900 librum
3473 4884 3489 4909 ,
3522 4843 3712 4914 inquo
3737 4856 3836 4897 eos
3912 4902 3925 4908 ,

560 4945 723 5004 anan
750 4944 807 5001 in
834 4942 977 5008 ﬁde,
1025 4942 1113 5013 qua
1158 4939 1429 4995 ambulant
1473 4941 1530 4995 in
1558 4939 1667 5010 lege
1703 4938 1917 4993 υοιηεηε
1965 4936 2138 5011 (Paul.

562 5050 754 5101 eam,
787 5033 862 5105 1),
910 5033 1115 5104 absque
1154 5031 1540 5102 impedimento
1586 5030 1818 5089 sentium
1859 5030 2141 5101 pervenire

559 5140 667 5195 quo
712 5133 960 5197 per-gnat.
1021 5125 1432 5195 Nonagesimam
1476 5126 1723 5180 hairesim
1767 5123 2139 5179 Praedestinati

560 5214 843 5283 fessum.
875 5218 1227 5281 Madst
1261 5217 1427 5274 libros
1464 5212 1629 5271 falsos
1669 5229 1810 5284 ςιιρε
1852 5213 2140 5283 Augustini

560 5305 901 5373 conﬁngunt,
930 5308 1082 5375 cujus
1108 5309 1251 5363 dicta
1293 5308 1348 5361 in
1377 5307 1560 5362 multis
1585 5306 1719 5360 locis
1748 5306 1995 5374 leguntur
2024 5305 2140 5359 istis

565 5394 712 5451 libris
737 5394 894 5453 valde
914 5399 1206 5457 contraria.
1248 5398 1421 5455 Datur
1438 5410 1569 5467 ago
1598 5397 1876 5457 catholicis
1901 5412 2031 5455 vera
2057 5411 2142 5453 su-

556 5485 731 5557 spicio
757 5487 900 5556 quod
929 5495 1038 5541 tam
1065 5489 1328 5544 scaterata
1358 5501 1383 5529 ο
1412 5487 1553 5546 dicta
1578 5490 1678 5544 viri
1706 5487 1993 5544 orthodoxi
2016 5502 2140 5543 esse

564 5593 668 5635 non
682 5577 923 5679 possint,
953 5590 1074 5649 quae
1099 5579 1287 5636 dantes
1302 5592 1494 5638 manus
1512 5581 1923 5647 Mathematicis,
1955 5579 2139 5634 dicunt

631 5728 659 5757 ι
692 5718 756 5773 In
781 5732 882 5772 ms.
913 5715 1167 5785 Augiensi
1192 5734 1206 5771 :
1245 5716 1403 5772 Liber
1443 5717 1543 5774 III
1570 5720 1821 5776 Primasii
1849 5720 1918 5774 ad
1946 5718 2155 5775 Fortu-'

562 5794 743 5842 malm
761 5788 825 5841 de
851 5784 1166 5842 Π

2250 4953 2359 4993 non
2385 4937 2459 4993 de
2481 4922 2776 5007 potestate,
2809 4935 2906 4992 sed
2940 4935 3015 4992 de
3040 4936 3254 4997 ratione
3279 4950 3409 5009 vera
3437 4932 3829 4997 damnavimus,

2249 5038 2308 5084 ut
2334 5029 2508 5085 sciant
2536 5026 2907 5085 Priedestiuati
2931 5028 3063 5083 nulli
3089 5042 3190 5084 nos
3216 5027 3527 5093 consentire
3548 5024 3829 5082 Ιιειιθιὶοο.

2247 5119 2493 5177 Habeant
2536 5126 2592 5175 et
2634 5117 3001 5177 Pmdestinati
3040 5132 3205 5175 unum
3231 5117 3459 5183 librum,
3504 5116 3558 5171 in
3599 5129 3708 5187 quo
3735 5127 3835 5169 eos

2247 5214 2389 5271 Deus
2416 5214 2532 5283 ipse
2558 5213 2848 5279 convincit,
2876 5213 2970 5283 qui
2996 5213 3098 5268 scit
3114 5226 3174 5287 se
3195 5210 3399 5269 nullum
3416 5208 3834 5281 tradestinasse

2246 5305 2313 5359 ad
2341 5305 2538 5358 malum
2557 5302 2802 5367 ,'omnes
2841 5310 3020 5358 autem
3048 5302 3457 5373 pranlestinasse
3484 5298 3554 5353 ad
3581 5297 3785 5353 bonum
3813 5313 3827 5347 :

2245 5405 2304 5452 ut
2348 5397 2493 5466 quod
2539 5396 2736 5453 bonum
2780 5405 2896 5465 est,
2940 5396 3112 5469 ipsius
3155 5394 3588 5465 comprobemus.
3636 5388 3833 5445 Omnia

2246 5488 2386 5544 enim
2430 5487 2575 5541 bona
2618 5498 2743 5555 quae
2776 5486 2983 5542 faciunt
3026 5501 3169 5541 nunc
3199 5484 3463 5548 homines,
3494 5488 3588 5539 aut
3608 5492 3733 5551 qua
3756 5477 3834 5533 ab

2247 5582 2398 5638 initio
2427 5572 2686 5648 fecerunt,
2718 5583 2805 5637 vel
2835 5581 3026 5637 facturi
3052 5589 3197 5655 sunt,
3227 5576 3325 5637 Dei
3351 5579 3525 5650 gratia
3543 5618 3561 5644 ,
3586 5576 3686 5639 Dei
3710 5574 3833 5631 cle-

2310 5717 2335 5756 b
2376 5717 2472 5770 Ms.
2509 5717 2665 5783 idem,
2700 5720 2752 5772 in
2777 5718 2951 5783 via,id
2975 5726 3071 5782 est,
3100 5713 3441 5787 immaculati.

2326 5799 2350 5828 ε
2388 5787 2485 5843 Ms.
2518 5789 2678 5849 idem.
2710 5790 2833 5844 dicti
2856 5791 2957 5843 uiri
2984 5788 3279 5844 orthodoxi.
