4238 6260
379 340 478 399 829

818 330 1406 391 pmommarus
1442 329 1594 391 sm:
1632 322 2332 385 PRASDESTINATORUM
2372 321 2721 390 umnasns,
2760 322 2910 380 src.
2952 323 3079 380 LIB.
3104 286 3206 381 ἰιι.

3548 326 3657 384 630

378 450 611 518 mentia,
642 448 741 505 Dei
765 448 990 507 dicimus
1017 447 1214 500 auxilio
1237 483 1252 509 ,
1296 443 1388 500 Dei
1421 442 1583 497 etiam
1613 437 1964 510 przedestina-
1994 441 2046 498 Α
2073 436 2226 491 lium.
2288 432 2424 489 Nam
2470 445 2531 489 ut
2575 437 2704 506 quid
2754 438 3033 494 interfecta
3070 447 3155 495 est
3192 441 3576 510 prophetarum:
3603 447 3661 495 et

381 543 529 599 tione
576 539 864 612 completa.
916 533 1393 592 Praedestinatione
1439 539 1617 586 autem
1641 571 1656 592 ,
1707 540 1818 582 non
1858 534 1965 596 qua

387 635 494 691 vim
522 631 686 689 faciat
712 630 854 686 Deus
871 628 1073 684 bonum
1096 624 1421 689 nolentibus,
1454 619 1673 692 sed-qua
1698 620 1814 692 ipse
1835 632 1971 675 nuu-

384 740 549 794 quam
577 728 749 777 mutet
774 717 1091 787 sententiam
1132 716 1419 780 bonitatis,
1460 720 1514 770 et
1542 714 1873 769 incessanter
1899 711 1971 766 sit

320 806 329 813 ’
385 816 586 873 bonum
613 810 917 868 volentibus
942 815 1222 881 promptus
1239 849 1253 875 ,
1298 806 1497 861 malum
1527 806 1705 859 autem
1731 799 1969 858 volenti-

382 904 484 962 bus
530 907 840 976 imparatus.
914 900 1187 971 Siquidem
1232 896 1570 953 vcnientibus
1619 894 1687 949 ad
1742 893 1965 958 bonum,

385 997 508 1053 ﬁdei
541 1010 726 1052 eorum
754 992 933 1050 statim
962 990 1451 1048 remunerationem
1480 987 1750 1059 exhibeat,
1781 983 1968 1041 conib-

384 1090 553 1148 rendo
582 1086 963 1156 indulgentiam
992 1090 1362 1156 peccatorum,
1392 1087 1448 1137 et
1474 1078 1571 1135 Dei
1598 1076 1738 1133 ﬁlios
1767 1076 1969 1132 facien-

387 1185 497 1249 do;
546 1180 794 1239 euntibus
841 1185 1022 1234 autem
1066 1176 1135 1232 ad
1171 1175 1373 1230 malum
1410 1187 1519 1228 non
1546 1170 1728 1227 statim
1756 1183 1971 1240 prunam

386 1278 573 1334 inferat
621 1290 781 1347 quam
820 1278 1120 1337 merentur,
1150 1262 1243 1325 sed
1280 1265 1693 1339 exspectationis
1720 1278 1830 1319 sum
1858 1262 1973 1332 pias

384 1369 641 1439 largiatur
667 1365 931 1422 inducias.
995 1362 1111 1419 Hoc
1139 1358 1475 1436 propositum
1503 1357 1599 1412 Dei
1626 1353 1974 1425 prmdcstina-

383 1470 496 1516 tum
524 1458 848 1516 conﬁtemur
876 1464 931 1511 et
960 1454 1142 1509 ﬁxum.
1174 1450 1317 1521 Ergo
1344 1449 1472 1507 dum
1498 1448 1637 1503 mala
1668 1445 1830 1511 ﬁunt,
1863 1454 1973 1500 non

378 1552 527 1609 Deus
571 1550 729 1607 suuin
777 1546 1117 1619 propositum
1163 1541 1444 1604 subduxit,
1487 1538 1582 1594 sed
1622 1536 1789 1592 homo
1814 1547 1971 1590 suum

387 1651 753 1715 contemptum
804 1638 1040 1705 induxit;
1092 1651 1193 1692 nec
1235 1634 1349 1691 Deo
1394 1634 1609 1689 volente
1652 1626 1850 1685 factum
1891 1632 1975 1684 est

389 1735 672 1807 aliquando
698 1740 999 1806 peccatum,
1028 1728 1125 1785 sed
1151 1728 1371 1783 homine
1392 1732 1475 1781 est
1491 1720 1796 1792 negligente
1820 1732 1972 1774 eom-

2072 528 2441 599 apostolorum
2458 574 2473 597 ,
2505 535 2561 584 et
2600 528 2837 584 omnium
2864 530 3024 587 turba
3047 538 3359 588 sanctorum
3380 572 3396 599 ,
3426 530 3531 587 nisi
3556 528 3660 587 hac

2071 621 2141 677 de
2168 633 2348 687 causa,
2379 621 2503 691 quia
2534 620 2706 689 legem
2734 619 2831 676 Dei
2857 620 3107 678 humanis
3131 621 3378 678 sensibus
3404 623 3660 691 ingeren-

2071 721 2155 770 tes
2178 753 2193 777 ,
2233 713 2531 782 arguebant
2563 712 2619 768 in
2654 712 3028 782 peccatoribus
3056 714 3220 771 vitia?
3255 715 3357 783 Qui
3393 716 3439 772 si
3465 716 3662 772 voluis-

2072 812 2194 860 sent
2221 803 2543 860 adulationis
2569 816 2705 860 voce
2740 817 2964 873 regnum
2992 806 3479 876 praedestinationis
3504 807 3661 863 indu-

2073 906 2227 960 cere,
2272 882 2487 951 exclusa
2535 894 2654 964 lege
2689 892 2908 964 inmitia:
2926 936 2941 960 ,
2985 894 3163 950 nullus
3202 895 3393 951 fuisset
3428 897 3659 954 occisus.

2074 982 2333 1039 Dicebant
2361 984 2503 1038 enim
2534 985 2638 1039 illis
2659 1026 2674 1051 ,
2712 984 2850 1039 sicut
2876 985 3139 1055 scriptum
3167 992 3287 1041 est:
3322 984 3502 1041 Nolite
3524 1002 3662 1056 prc-

2075 1075 2251 1130 dicare
2296 1074 2443 1130 nobis
2490 1076 2623 1130 dura
2664 1074 2799 1148 (Isa.
2831 1093 2959 1143 xxx,
2992 1075 3102 1147 10).
3157 1074 3296 1145 Quid
3330 1086 3443 1144 est,
3497 1079 3664 1135 nolite

2074 1164 2370 1235 przcdicare
2419 1167 2574 1221 nobis
2617 1166 2789 1221 dura?
2834 1165 2950 1222 Hoc
2995 1178 3077 1223 est
3122 1168 3239 1224 sine
3264 1148 3465 1235 dubio,
3494 1170 3663 1226 nolite

2075 1255 2233 1311 nobis
2260 1269 2358 1326 per
2386 1256 2559 1325 legem
2586 1256 3006 1313 comminantem
3045 1259 3335 1328 pradicare
3375 1259 3655 1331 supplicia.

2072 1344 2155 1400 illi
2183 1345 2252 1400 ad
2276 1345 2390 1400 haec
2420 1363 2433 1398 ε
2467 1344 2525 1401 Si
2552 1361 2649 1402 vos
2683 1348 2853 1403 nostri
2878 1349 3138 1418 temporis
3160 1350 3455 1405 monitores
3484 1350 3663 1407 audio-

2072 1446 2223 1504 sent,
2250 1438 2549 1493 habuerant
2577 1438 2682 1494 illis
2720 1440 2773 1493 in
2810 1440 2894 1496 bis
2936 1442 3113 1496 verbis
3141 1441 3407 1497 adulando
3435 1443 3659 1508 servire,

2074 1537 2149 1597 et,
2180 1529 2319 1585 sicut
2345 1534 2451 1585 vos
2488 1527 2663 1585 facitis
2686 1573 2700 1596 ,
2753 1545 2853 1601 per
2888 1531 3020 1599 legis
3066 1546 3162 1588 eos
3190 1532 3494 1588 testimonia
3523 1535 3664 1592 male

2075 1623 2426 1694 interpretata
2450 1624 2698 1695 decipere
2724 1622 2774 1677 α.

2150 1715 2230 1769 οἰ.
2255 1714 2435 1770 Estote
2456 1718 2620 1771 securi
2652 1717 2715 1771 de
2742 1718 3068 1774 ordinatione
3092 1718 3377 1793 Dei,quam
3398 1723 3664 1793 prcedere!-

388 1804 629 1883 missum.
669 1804 727 1880 in
767 1830 979 1878 tantum
1018 1820 1130 1876 Deo
1166 1816 1386 1874 nolente
1418 1815 1712 1870 humanum
1750 1807 1976 1878 deliquit
2005 1804 2052 1864 Β
2080 1805 2257 1859 nando
2287 1806 2570 1860 constituit.
2623 1805 2716 1862 Cui
2763 1808 2867 1862 vult
2906 1808 3045 1864 Deus
3085 1811 3374 1878 miseretur,
3417 1823 3472 1867 ἐι
3518 1824 3665 1885 quem

389 1937 584 1992 genus,
632 1927 693 1973 ut
732 1932 946 1988 semper
968 1923 1192 1986 peccata
1223 1909 1601 1968 exercentibus
1627 1906 1971 1969 irasceretur,

393 2023 446 2069 et
466 2012 727 2082 justitiam
757 2009 1034 2079 agentibus
1061 2006 1389 2062 subveniret.
1422 2000 1659 2069 Denique
1680 1997 1807 2053 dum
1830 2004 1976 2051 totus

396 2105 629 2160 mundus
655 2117 687 2157 a
708 2100 915 2171 justilia
941 2098 1292 2161 declinasset,
1322 2100 1377 2149 et
1403 2090 1593 2161 dignus
1621 2096 1763 2145 esset
1791 2086 1977 2143 diluvii

395 2198 574 2269 perire
620 2192 931 2261 naufragio,
976 2189 1199 2245 docetur
1241 2186 1385 2241 Deus
1431 2184 1664 2238 voluisse
1706 2195 1830 2235 eum
1880 2192 1979 2249 per

396 2303 549 2343 suam
576 2283 971 2355 correptionem
1002 2279 1215 2335 salvari.
1246 2275 1379 2331 Nam
1409 2273 1538 2345 quid
1564 2279 1648 2328 est
1674 2269 1819 2341 quod
1847 2283 1979 2340 apo-

395 2380 568 2434 stolus
594 2374 785 2431 Petrus
813 2373 979 2433 dicit?
1006 2370 1340 2443 [inspectavit
1368 2364 1465 2421 Dei
1498 2364 1750 2436 patientia
1779 2378 1866 2417 eos
1894 2361 1979 2433 qui

395 2468 646 2525 increduli
693 2468 902 2539 fuerunt
944 2464 1000 2519 in
1044 2461 1224 2539 diebus
1266 2458 1595 2523 Non-cum
1638 2455 1980 2527 fabricantur

396 2576 516 2615 arca
548 2559 591 2629 (Ι
610 2538 728 2612 Pet.
763 2571 840 2623 ιιι,
867 2550 981 2627 20).
1038 2538 1210 2607 Dicite
1248 2550 1435 2617 nobis,
1475 2547 1603 2617 quid
1631 2544 1981 2617 exspectabat

394 2647 488 2706 Dei
518 2647 811 2721 patientia?
855 2643 1106 2715 Nunquid
1135 2641 1573 2714 praedestinatam
1599 2637 1976 2709 perditionem,

398 2756 465 2795 an
492 2746 845 2810 provocatam
870 2734 1320 2801 conversionem?
1347 2730 1652 2810 Fabricatio
1680 2729 1863 2797 itaque
1891 2740 1981 2782 ar-

352 2864 361 2869 ς
397 2845 472 2887 cae
495 2795 682 2885 ἓιίιιινιι
721 2798 928 2884 exstitit
954 2824 1310 2898 praedicatrix.
1367 2795 1647 2878 Clamabat
1688 2795 1865 2887 ascia,
1892 2834 1984 2877 so-

398 2922 562 2977 nabat
588 2916 834 2985 maileus,
865 2918 1271 2975 contestabatur
1312 2916 1459 2978 serra
1484 2957 1499 2983 ,
1529 2914 1643 2985 ipsa
1682 2911 1985 2969 inﬁdelibus

334 3050 343 3058 ι
399 3012 765 3093 praedicabant
792 3012 1117 3067 ferramenta
1145 3008 1422 3065 diluvium.
1471 3006 1621 3062 Datis
1657 3007 1839 3076 itaque
1866 3018 1987 3061 cen-

401 3114 514 3161 tum
544 3118 810 3160 annorum
839 3102 1085 3168 induciis,
1118 3101 1391 3172 przecessit
1413 3101 1530 3168 lex,
1568 3112 1688 3170 quas
1714 3098 1984 3170 perituros

399 3198 604 3253 diceret
637 3209 798 3268 posse
840 3192 1151 3265 pernitendo
1188 3192 1454 3248 evadere:
1495 3206 1656 3263 quam
1694 3206 1804 3248 non
1841 3205 1982 3263 pne-
2008 3172 2056 3237 ο

397 3288 688 3344 destinatio
738 3285 1017 3357 impediit,
1067 3299 1185 3355 quae
1231 3293 1451 3354 negaret
1474 3298 1635 3355 posse
1662 3282 1983 3354 corrigendo

401 3381 628 3438 salvari?
654 3380 713 3436 Si
736 3378 878 3436 enim
904 3378 1304 3450 prtedestinatio
1330 3375 1526 3432 ﬁnibus
1553 3377 1664 3432 suis
1691 3378 1983 3432 terminum

378 3474 532 3541 ‘iixit,
565 3474 761 3544 injusta
785 3478 869 3529 est
886 3472 995 3538 lex,
1024 3484 1146 3541 quae
1165 3468 1298 3526 ﬁnes
1316 3472 1462 3541 cupit
1483 3470 1737 3525 invadere
1757 3468 1981 3525 alienos.

403 3564 543 3634 Ergo
572 3572 632 3620 ut
656 3563 1185 3635 prtedestinntionem
1211 3562 1529 3625 constituas,
1561 3567 1827 3631 praecepta
1856 3575 1986 3616 con-

403 3658 554 3713 viuce
579 3674 592 3711 :
624 3657 692 3711 da
718 3656 823 3725 legi
849 3653 1155 3726 repudium,
1188 3659 1249 3707 ut
1275 3664 1499 3721 regnum
1526 3652 1987 3723 praedestinationi

402 3750 655 3816 inducas;
685 3750 773 3805 lex
800 3748 946 3804 enim
976 3747 1243 3817 imperare
1272 3745 1519 3801 omnibus
1557 3758 1772 3816 semper
1798 3744 1984 3810 voluit,

404 3851 457 3899 et
482 3857 756 3915 nunquam
783 3851 811 3880 ι
840 3842 934 3896 ulli
960 3841 1181 3897 servire.
1221 3837 1281 3895 Si
1302 3850 1434 3907 ergo
1458 3837 1860 3909 prtedestinatio
1889 3837 1988 3891 im-

404 3935 611 4007 perium
654 3932 788 4003 legis
832 3940 1090 3997 evacuat,
1136 3939 1193 3987 et
1242 3931 1327 3986 lex
1356 3927 1842 4000 praedestinationis
1866 3925 1987 3995 jura

373 4041 377 4045 '
407 4025 691 4082 conturbat
717 4067 732 4091 ,
756 4023 786 4063 δ
816 4039 922 4079 una
965 4038 997 4079 e
1042 4022 1249 4079 duabus
1275 4021 1612 4094 tyrannidem
1640 4022 1842 4090 gestat.
1862 4018 1987 4073 'Eli—

408 4116 515 4184 me
562 4130 739 4181 nunc,
788 4114 1071 4181 catholici,
1125 4114 1213 4171 cui
1257 4112 1395 4168 colla
1420 4111 1733 4167 subdamus.
1774 4109 1832 4163 Si
1860 4108 1984 4176 legi,

406 4221 662 4276 negemus
706 4205 1229 4277 praedestinationem
1288 4205 1355 4260 ab
1402 4204 1628 4275 imperio
1668 4218 1770 4258 suo
1811 4203 1987 4271 legem

404 4297 709 4364 excludere,
739 4297 865 4367 quia
893 4299 980 4353 lex
1006 4296 1135 4354 dicit
1164 4316 1179 4351 :
1208 4295 1429 4353 Custodi
1455 4302 1724 4368 praecepta
1751 4309 1900 4359 mea,
1934 4300 2005 4348 et'

394 4393 577 4458 .vives;
601 4390 1001 4463 praedestinatio
1013 4399 1193 4447 autem
1213 4390 1342 4447 dicit
1360 4410 1374 4444 :
1392 4388 1531 4445 Vasa
1550 4388 1645 4443 irae
1665 4386 1780 4456 jam
1803 4391 1986 4455 aptata

405 4485 473 4539 ad
500 4484 773 4540 interitum
792 4524 806 4549 ,
839 4490 895 4540 et
923 4482 1458 4539 vasa-misericordia:
1483 4495 1603 4551 qua:
1629 4485 1893 4535 vocantur
1920 4475 1989 4530 ad

2078 1899 2186 1952 vult
2206 1897 2440 1952 indurat.
2484 1895 2607 1953 Non
2647 1907 2722 1953 est
2760 1901 2896 1955 enim
2918 1901 3138 1955 uolentis
3160 1944 3175 1969 ,
3204 1919 3366 1975 neque
3390 1906 3665 1972 currentis,

2078 1990 2170 2045 sed
2208 1991 2504 2044 miserentis
2541 1999 2618 2044 est
2656 1988 2774 2044 Dei.
2829 1989 3144 2047 Potestatem
3177 1994 3328 2048 habet
3354 1995 3543 2066 ﬁgulus
3574 1997 3667 2053 lati

2076 2095 2144 2134 ea:
2181 2080 2360 2135 eadem
2400 2094 2573 2134 massa
2616 2081 2787 2151 facere
2812 2094 2969 2133 unum
2990 2097 3079 2136 vas
3107 2082 3178 2136 ad
3205 2084 3477 2149 honorem,
3508 2086 3666 2142 aliam

2079 2171 2150 2225 ad
2186 2171 2568 2226 contumeliam.
2630 2169 2768 2226 Caro
2813 2171 3115 2227 aduersatur
3161 2176 3365 2246 spiritui
3386 2217 3401 2242 ,
3458 2179 3667 2245 spiritus

2079 2263 2248 2316 carni.
2280 2260 2424 2315 Haec
2450 2262 2666 2315 invicem
2693 2259 2791 2315 sibi
2813 2260 3167 2328 adversantur,
3198 2271 3256 2315 ut
3282 2280 3384 2318 non
3417 2278 3532 2336 qua
3554 2266 3666 2319 rul-

2062 2354 2147 2407 ‘tis
2168 2356 2286 2424 ipsa
2325 2355 2550 2425 faciatis.
2600 2352 2725 2407 lam
2762 2353 3144 2425 praedestinavit
3180 2354 3323 2409 Deus
3363 2370 3489 2428 quos
3534 2368 3665 2428 pra!-

2080 2444 2228 2508 sciit;
2253 2450 2303 2496 et
2328 2456 2455 2515 quos
2474 2442 2884 2513 pradestinatit,
2930 2442 3021 2498 hos
3045 2446 3281 2509 uocauit;
3299 2461 3425 2515 quos
3454 2449 3666 2513 vocavit,

2082 2536 2175 2590 hos
2188 2536 2524 2607 justiﬁcavit;
2553 2550 2681 2606 quos
2713 2542 2880 2589 autem
2920 2535 3256 2607 iustiﬁcam,
3305 2538 3396 2590 hos
3433 2528 3667 2608 magni}

2062 2630 2233 2682 cavit.
2280 2626 2403 2680 Non
2439 2635 2519 2680 est
2553 2627 2609 2680 in
2636 2627 2841 2680 homine
2872 2628 2954 2681 cia
2979 2627 3110 2696 ejus.
3155 2623 3308 2689 Quod
3346 2628 3540 2697 putatis
3580 2642 3667 2682 eos

2081 2725 2137 2778 in
2156 2737 2219 2777 eo
2246 2720 2384 2793 quod
2412 2718 2538 2774 bene
2575 2723 2736 2791 agitis
2766 2734 2877 2776 esse
2915 2720 3239 2785 laudandos,
3291 2734 3405 2774 cum
3444 2720 3562 2775 ideo
3582 2721 3667 2775 lea:

2082 2813 2323 2884 loquantr
2341 2852 2353 2876 ,
2382 2821 2439 2864 ut
2461 2812 2693 2865 timorem
2720 2812 2977 2866 incutiat?
3003 2810 3258 2867 (laterum
3280 2810 3410 2865 nihil
3438 2813 3534 2877 sit,
3565 2813 3667 2868 nisi

2084 2901 2841 2976 quodooluen'tDeus:qsem
2878 2902 3494 2968 oolueritessesanctus,
3538 2918 3667 2957 san-

2083 3005 2192 3051 ctus
2218 3003 2329 3060 est;
2359 2995 2506 3049 aliud
2533 3006 2637 3049 non
2662 2996 2790 3049 erit:
2811 3010 2959 3067 quem
2974 2996 3260 3065 "(accierit
3279 3010 3389 3049 esse
3412 2989 3663 3064 iniquum,

2082 3089 2288 3159 iniquus
2316 3096 2422 3152 est;
2465 3100 2569 3141 non
2606 3088 2705 3141 cn't
2750 3085 2911 3140 aliud.
2961 3085 3360 3141 Pratdestinatio
3406 3084 3541 3140 enim
3568 3083 3669 3158 Dei

2077 3180 2191 3251 jam
2210 3188 2262 3233 et
2279 3194 2548 3233 numerum
2569 3180 2826 3249 juotorum
2843 3216 2856 3242 ,
2880 3184 2929 3231 et
2956 3192 3223 3232 numerant
3261 3178 3525 3231 constituit
3550 3190 3671 3248 peo-

2083 3282 2354 3326 catorum:
2385 3280 2432 3324 et
2448 3284 2656 3325 necesse
2680 3272 2779 3324 erit
2800 3271 3133 3325 constitutum
3158 3271 3429 3323 terminum
3455 3276 3670 3340 prmer-

2082 3365 2151 3417 iri
2195 3378 2299 3418 non
2346 3376 2513 3434 posse.
2550 3360 2568 3400 ί
2604 3361 2729 3417 Haec
2771 3375 2888 3432 qua:
2926 3360 3103 3417 dicitis
3134 3361 3180 3415 si
3206 3361 3491 3427 dixissent,
3522 3370 3547 3408 8
3572 3361 3669 3416 bo-
3768 3386 3776 3395 -

2083 3454 2289 3508 minum
2313 3453 2531 3523 quidem
2572 3453 2899 3525 temporales
2925 3462 3208 3508 evaserant
3234 3454 3372 3519 iras,
3403 3453 3499 3508 sed
3526 3453 3671 3509 inva-

2084 3550 2280 3599 nerant
2305 3543 2401 3598 Dei
2427 3552 2630 3599 aeterna
2656 3543 2932 3613 supplicia.
2966 3541 3083 3596 Non
3110 3556 3239 3611 ergo
3264 3543 3369 3596 hoc
3393 3541 3664 3606 dixerunt,

2087 3636 2184 3691 sed
2212 3636 2468 3690 dixerunt
2512 3653 2523 3687 :
2575 3634 2705 3689 Hac
2750 3634 2877 3687 dicit
2903 3631 3157 3687 Dominus
3182 3649 3201 3685 :
3248 3632 3310 3687 Si
3334 3633 3670 3688 noluerim“

2086 3727 2356 3782 audieritis
2403 3741 2484 3780 me
2506 3764 2521 3789 ,
2552 3740 2666 3796 qua
2698 3724 2831 3778 bona
2871 3733 2991 3778 sunt
3026 3733 3178 3779 terra:
3201 3723 3361 3778 edetis
3378 3739 3397 3788 ;
3423 3724 3467 3777 si
3497 3733 3669 3777 atem

2087 3819 2356 3875 nolueritis
2380 3860 2394 3885 ,
2440 3833 2604 3890 neque
2646 3817 2913 3870 audieritis
2938 3832 3037 3891 me,
3069 3814 3272 3886 gladius
3310 3830 3398 3869 vos
3419 3815 3664 3869 concedet.

2089 3911 2163 3965 Us
2192 3913 2331 3965 enim
2363 3910 2577 3965 Domini
2607 3908 2832 3962 locutum
2858 3915 2935 3960 est
2963 3906 3073 3960 haec
3102 3904 3234 3976 (Isa.
3267 3921 3305 3970 ι,
3338 3901 3549 3974 19-21).
3600 3903 3670 3958 Bt

2066 4004 2282 4058 iterum
2317 4022 2328 4055 :
2370 4003 2499 4057 Haec
2538 4001 2664 4055 dicit
2706 3998 2957 4054 Dominus
2979 4016 2997 4053 :
3040 3997 3175 4062 Quia
3211 4014 3299 4052 vos
3328 3998 3608 4051 recessistis
3634 4013 3671 4050 a

2086 4110 2185 4163 me,
2209 4108 2258 4150 et
2280 4113 2373 4166 ego
2402 4095 2638 4150 recedant
2663 4110 2695 4147 α
2722 4092 2883 4158 vobis,
2912 4100 2961 4146 et
2985 4091 3184 4145 tradam
3202 4105 3288 4144 uos
3313 4089 3539 4160 Assyriis
3560 4090 3594 4126 ι
3610 4088 3668 4145 αι

2089 4187 2472 4261 doprmdatione
2492 4203 2510 4240 :
2549 4187 2689 4257 ﬁlios
2726 4193 2918 4239 uestros
2952 4186 3008 4237 in
3044 4189 3314 4253 conspectu
3341 4188 3508 4235 vestro
3531 4183 3664 4236 occi-

2089 4280 2211 4337 dent
2235 4281 2428 4351 gladio,
2461 4288 2513 4333 et
2532 4293 2724 4334 uxores
2752 4285 2946 4331 uestras
2975 4275 3247 4339 abducent,
3271 4276 3515 4346 quoniam
3539 4288 3639 4328 con
3665 4308 3668 4312 λ

2090 4377 2364 4446 tempsistis
2393 4376 2552 4445 legem
2576 4389 2768 4436 meam,
2801 4380 2850 4427 et
2876 4386 2990 4444 quae
3016 4386 3111 4442 ego
3139 4370 3281 4424 nolui
3309 4369 3552 4439 elegistis.
3602 4365 3667 4421 Et

2088 4466 2284 4521 iterum
2316 4484 2327 4518 :
2363 4464 2493 4520 Haec
2539 4466 2664 4519 dicit
2708 4464 2960 4519 Dominus
2995 4479 3013 4516 :
3045 4458 3292 4534 Nunquid
3339 4458 3673 4531 opprobrium

308 4611 312 4615 -
404 4573 588 4629 vitam.
628 4571 926 4644 Utrumque
943 4572 1201 4644 scriptum
1223 4580 1305 4629 est
1331 4590 1344 4626 :
1376 4550 1515 4642 quid
1531 4584 1675 4625 nunc
1704 4566 1979 4633 faciamus,
2014 4551 2068 4611 Ῐ)
2091 4560 2257 4630 Iactus
2294 4570 2408 4611 tum
2452 4557 2627 4611 domui
2673 4553 2871 4621 16ml,
2904 4554 3141 4621 quoniam
3161 4566 3243 4605 me
3270 4550 3668 4622 meum”.

400 4663 600 4734 eligite.
661 4663 721 4720 Si
762 4665 874 4735 jam
908 4672 1034 4720 sunt
1073 4679 1200 4719 vasa
1240 4663 1334 4718 iras
1360 4669 1541 4733 aptata
1569 4676 1602 4716 a
1628 4658 1743 4716 Deo
1772 4667 1831 4714 ut
1855 4672 1983 4729 pec-

402 4763 525 4813 cent
546 4798 561 4822 ,
614 4765 670 4812 et
709 4764 835 4813 sunt
870 4772 997 4813 vasa
1026 4753 1404 4812 misericordia!
1429 4760 1611 4825 aptata
1639 4750 1706 4807 ad
1730 4751 1895 4806 vitam
1923 4759 1984 4806 ut

370 4848 619 4915 vivant,
670 4848 955 4903 fundamus
1003 4862 1103 4904 nos
1149 4862 1339 4903 omnes
1371 4843 1857 4916 praedestinationis
1884 4844 1985 4897 im-

403 4941 576 5011 perio,
604 4947 660 4996 et
684 4940 858 5008 legem
884 4950 1008 4994 cum
1040 4939 1150 4994 suis
1177 4935 1613 5009 prmdicatoribus
1632 4932 1982 5005 expellamus.

404 5028 469 5083 Et
508 5044 576 5084 ne
602 5031 741 5086 ferte
766 5031 873 5086 hoc
903 5028 1038 5085 ausu
1068 5028 1320 5084 facinoris
1353 5038 1376 5067 α
1407 5041 1606 5082 novum
1634 5025 1833 5097 putetis
1867 5040 1987 5080 esse

404 5126 683 5188 peccatiun
702 5161 718 5186 ,
751 5119 875 5177 fecit
922 5120 1029 5176 hoc
1072 5120 1141 5175 ab
1187 5121 1340 5176 initio
1367 5120 1545 5175 omnis
1573 5119 1728 5174 turba
1750 5132 1985 5193 peccan-

475 5310 501 5372 F
538 5300 638 5372 lis.
670 5301 956 5372 Augiense,
987 5302 1118 5357 nulli
1141 5304 1348 5356 seruire.

471 5369 500 5410 ι»
539 5371 638 5439 Ms.
672 5369 832 5439 idem,
862 5388 1024 5429 unam
1045 5389 1074 5429 c
1097 5374 1314 5433 duabus.

477 5450 501 5515 ε
540 5436 640 5515 _Ms.
672 5436 833 5515 idem,
866 5460 1054 5515 novum
1075 5452 1216 5515 putet
1243 5460 1368 5497 esse.
1479 5510 1489 5515 Α
1677 5479 1704 5515 _-

463 5508 507 5579 .⁸
537 5511 597 5586 ΙΙΙ
625 5528 727 5586 gis.
760 5513 1015 5586 Augiensi
1044 5508 1358 5586 {Incipiunt
1385 5510 1532 5586 verba
1569 5512 1685 5586 libri
1712 5509 1982 5586 .htzretico-

411 5575 597 5647 rumde
614 5575 1100 5657 Prtedestinatione.
1127 5575 1227 5649 Qui
1255 5584 1425 5657 ipsum
1451 5579 1636 5635 librum
1662 5576 1802 5651 legit,
1823 5592 1984 5655 usque

418 5658 541 5713 dum
568 5654 880 5710 catholicum
918 5656 1168 5724 incipiat,
1211 5652 1357 5708 caute
1395 5652 1530 5725 legat
1556 5654 1982 5725 proptercencna

736 5725 793 5779 lu
829 5717 1120 5799 Mabillonii
1157 5717 1335 5799 autem
1361 5717 1669 5799 apdgra'pho
1693 5720 1846 5799 cuius
1869 5717 1982 5799 jam

408 5791 752 5850 Minimus
770 5837 787 5863 ,
817 5798 982 5852 verba
1011 5796 1130 5866 illa,
1162 5798 1245 5871 qui
1270 5791 1437 5869 ipsum
1471 5791 1660 5867 librum
1685 5791 1824 5862 legit,
1850 5795 1977 5851 etc»

2088 4661 2138 4707 et
2169 4658 2423 4723 praecepta
2468 4666 2584 4704 mea
2629 4656 2681 4701 et
2722 4647 2953 4719 legitima
2981 4662 3093 4699 mea
3130 4649 3553 4717 comparaverant
3576 4652 3673 4713 pro

2092 4743 2293 4798 nihilo!
2318 4740 2385 4794 Et
2406 4740 2638 4795 iterum:
2672 4737 2931 4803 Quoniam
2968 4736 3239 4790 vocantet
3270 4733 3669 4804 contempsieﬂ,

2092 4854 2191 4910 ego
2214 4850 2411 4908 quoque
2445 4833 2501 4886 in
2537 4841 2706 4886 vestra
2744 4828 3034 4902 perditione
3058 4824 3265 4891 ridebo,
3292 4835 3342 4879 et
3369 4823 3673 4897 gratulabor

2100 4930 2112 4969 ⁸
2143 4931 2265 4985 dum
2283 4929 2475 4983 venerit
2501 4942 2655 4997 super
2678 4934 2766 4979 vos
2796 4923 3065 4994 repentina
3104 4920 3373 4974 calamitas
3397 4910 3667 4985 (Ρηυθή.

2094 5041 2130 5089 ι,
2160 5020 2274 5091 26).
2316 5018 2444 5074 Haec
2473 5024 2530 5072 et
2555 5017 2638 5073 his
2663 5015 2860 5071 similia
2887 5013 3155 5075 dicentes,
3185 5007 3408 5064 diversis
3436 5001 3671 5091 suntin-

2096 5088 2306 5172 terfecti
2350 5108 2640 5182 suppliciis.
2702 5104 2857 5161 Unde
2902 5111 2959 5159 et
3002 5094 3365 5157 Dominnsqnd
3410 5088 3670 5162 populum

2085 5311 2194 5351 non
2222 5297 2349 5360 hic,
2400 5294 2495 5351 sed
2538 5289 2700 5362 paulo
2745 5290 2905 5347 ante,
2951 5277 3248 5335 adealoem
3284 5274 3503 5346 Prologi
3547 5274 3670 5333 libri

2090 5366 2235 5424 tertii
2261 5368 2529 5436 leguntur.
2553 5433 2566 5436 _
2623 5429 2668 5436 __
2954 5421 2994 5436 ,η
3033 5430 3043 5436 _
3086 5429 3097 5436 _
3155 5418 3165 5425 .

2164 5421 2346 5491 (bis:
2357 5421 2518 5497 idem,
2550 5433 2590 5495 ι,
2623 5421 3283 5497 Hsnn'rtct._Estote,'etc.

2162 5503 2184 5543 τ
2224 5506 2320 5560 Ms.
2354 5493 2513 5567 idem,
2541 5493 2852 5556 Cunontct.
2883 5493 3012 5567 Hcce
3032 5508 3146 5566 quw
3171 5508 3276 5555 vos,
3310 5498 3416 5567 etc.

2160 5585 2186 5623 ε
2224 5574 2324 5629 Ms.
2353 5561 2511 5635 idem,
2544 5569 2811 5624 hominum
2833 5561 3054 5638 quidam
3076 5561 3399 5617 temoorales.

2158 5643 2186 5683 δ
2225 5642 2322 5698 Ms.
2357 5643 2516 5704 idem,
2547 5642 2603 5691 in
2624 5637 3087 5707 ’deprazdationem.

2163 5715 2179 5753 ί
2224 5713 2320 5769 Ms.
2354 5710 2515 5775 idem,
2541 5724 2656 5762 cum
2682 5708 2892 5761 venerit.
