4238 6260
554 369 652 426 631

1547 358 1919 418 ANONYMUS
1956 354 2232 412 AUCTOR
2269 347 2811 407 PRAEDESTINATI.

3720 343 3831 402 632

553 491 789 548 civitatis
838 497 889 548 in
927 507 1031 562 qua
1072 487 1348 559 propheta:
1384 482 1597 537 fuerant
1621 476 1907 539 interfecti,
1937 475 2133 530 clamat
2162 477 2206 532 Α
2237 466 2672 562 liecedant-ergo
2702 479 2839 519 vana
2867 463 3518 562 argumenta‘verborum.
3561 460 3714 562 Nihil
3729 463 3830 519 ha-

548 595 662 640 tam
692 585 748 639 in
795 581 1071 654 prophetis
1115 593 1273 649 quam
1329 576 1383 630 in
1423 571 1724 639 Evangeliis
1769 570 1880 623 suis
1907 567 2130 620 dicens:

551 677 861 740 Jerusalem,
884 670 1203 733 Jerusalem,
1235 682 1349 740 qua:
1371 664 1561 720 occidis
1590 661 1862 733 prophetas
1881 700 1895 723 ,
1928 667 1976 711 et
2003 656 2136 726 lapi-

555 773 650 827 das
675 786 760 825 eos
787 768 873 840 qui
902 764 972 818 ad
1014 774 1059 818 te
1088 763 1232 816 missi
1260 767 1413 821 sunt,
1445 756 1639 829 quoties
1667 753 1802 807 volui
1829 763 2139 840 congregare

553 864 692 935 ﬁlios
714 837 827 914 tuos
845 899 859 923 ,
900 857 1030 910 sicut
1053 853 1252 926 gallina
1278 856 1553 920 congregat
1581 846 1745 935 pullos
1774 858 1890 935 suos
1921 837 2012 935 sub
2042 837 2138 935 aiis

553 929 695 1017 suis,
721 959 770 1006 et
802 948 1014 1004 noluisti
1053 943 1266 1015 (Matth.
1293 956 1479 1005 xxxnl,
1511 937 1639 1008 57)?
1667 932 1914 993 Noluisti,
1945 929 2135 999 inquit,

555 1043 701 1118 quod
729 1041 904 1106 volui;
935 1036 1150 1094 voluisti
1182 1034 1325 1103 quod
1346 1030 1524 1088 .nolui.
1559 1026 1615 1082 Si
1645 1040 1772 1093 ergo
1801 1023 1973 1118 noluit
2002 1021 2140 1118 Deus

557 1113 703 1205 quod
730 1133 807 1187 illi
834 1131 1161 1192 voluerunt,
1213 1132 1305 1179 aut
1355 1129 1573 1177 coactus
1620 1135 1650 1172 a
1689 1115 1996 1188 potentiore
2034 1113 2140 1205 alio

557 1204 1086 1299 pmdestinationeni
1122 1215 1427 1279 constituit;
1477 1219 1569 1265 aut
1606 1211 1650 1264 si
1693 1209 1807 1278 ipse
1842 1204 2137 1299 constituit,

559 1298 879 1378 calumniam
919 1314 1061 1370 fecit.
1124 1311 1194 1366 Ut
1221 1308 1348 1380 quid
1389 1307 1531 1362 enim
1579 1304 1708 1359 dicit
1752 1299 1994 1355 homini:
2028 1298 2144 1352 Hoc

557 1412 706 1468 volui
732 1410 873 1480 quod
902 1405 1152 1468 noluisti,
1199 1405 1245 1457 si
1273 1401 1374 1456 scit
1401 1414 1459 1454 se
1487 1413 1609 1452 eum
1641 1391 2046 1465 prmdestinasse
2075 1405 2144 1444 ne

560 1505 755 1561 vellet?
797 1500 1101 1556 Secundum
1142 1503 1372 1552 vestram
1410 1487 1796 1559 blasphemiam
1838 1481 2144 1539 excluditur

552 1605 744 1662 ,reatus
769 1593 1031 1655 hominis,
1067 1599 1121 1644 et
1162 1593 1386 1658 apparet
1415 1581 1680 1640 calumnia
1709 1579 1803 1645 Dei
1830 1596 1841 1629 :
1875 1586 1928 1631 et
1955 1576 2147 1647 proba-

560 1694 650 1742 tur
696 1687 953 1742 innocens
1001 1681 1093 1752 qui
1141 1678 1436 1746 delinquit,
1486 1681 1542 1729 et
1587 1671 1812 1741 injustus
1852 1669 1944 1737 qui
1971 1668 2141 1737 punit.

557 1779 858 1836 Dolendum
905 1776 1047 1831 enim
1096 1781 1178 1828 est
1223 1768 1466 1841 peccanti
1511 1765 1691 1836 potius
1715 1777 1874 1832 quam
1906 1761 2147 1814 irascen-

2230 560 2367 628 Ibe‘nt
2395 558 2615 613 omnino
2654 572 2939 614 commune
2978 558 3349 628 praevaricatio
3386 557 3746 626 delinquentis
3773 563 3832 612 et

2238 648 2640 722 praedestinatio
2678 649 2996 704 vindicantis
3023 667 3034 702 :
3085 650 3210 718 quia
3236 657 3518 720 peccatum
3546 649 3603 703 in
3632 648 3828 703 volun-

2238 749 2349 796 tate
2397 741 2807 810 transgressoris
2849 749 2963 807 est,
3007 741 3407 811 prmdestinatio
3447 748 3628 795 autem
3658 740 3713 795 in
3740 755 3828 796 re-

2239 834 2534 905 demptoris
2563 841 2644 889 est
2672 833 2920 890 ordinata
2948 823 3165 890 virtute.
3195 834 3314 890 Non
3343 834 3488 889 enim
3516 833 3664 890 aliud
3691 851 3830 905 pra:-

2241 927 2531 982 destinavit
2575 927 2675 982 iste
2716 926 2808 995 qui
2856 926 3120 991 condidit,
3161 927 3262 982 nisi
3305 934 3364 980 ut
3391 924 3685 982 secundum
3711 925 3829 995 ejus

2240 1018 2403 1074 homo
2432 1019 2603 1090 possit
2632 1019 2812 1074 vivere
2837 1019 3190 1074 voluntatem.
3243 1018 3402 1074 Nefas
3444 1026 3529 1073 est
3569 1018 3743 1085 enim,
3773 1026 3830 1074 et

2243 1111 2402 1164 nimis
2422 1119 2504 1165 est
2533 1111 2902 1178 criminosum,
2936 1119 2995 1166 ut
3023 1111 3368 1182 praesumptio
3389 1111 3624 1180 hominis
3644 1127 3712 1166 ex
3733 1111 3829 1167 Dei

2243 1201 2494 1256 credatur
2528 1203 2997 1271 pnedestinatione
3019 1201 3368 1269 descendere,
3394 1213 3449 1258 et
3467 1203 3828 1274 delinquentis

2243 1293 2430 1348 vitium
2478 1294 2858 1365 pmordinatio
2895 1295 3058 1350 futuri
3098 1293 3294 1364 judicis
3335 1294 3651 1351 testimetur.
3681 1307 3702 1334 ε
3725 1293 3832 1351 Oc-

2245 1397 2468 1443 currunt
2494 1389 2597 1444 hoc
2625 1389 2766 1456 loco,
2799 1398 2853 1444 et
2880 1388 3062 1443 dicunt
3093 1405 3104 1440 :
3139 1386 3243 1444 Per
3267 1388 3660 1458 pnescientiam
3686 1388 3833 1444 Deus

2246 1482 2773 1554 praedestinationem
2817 1497 2968 1536 suam
3011 1481 3307 1537 constituit.
3357 1480 3488 1536 Nam
3521 1497 3658 1551 quos
3685 1497 3831 1552 prte-

2247 1573 2368 1627 sciit
2389 1573 2536 1628 nullo
2562 1571 2724 1628 modo
2753 1573 3012 1638 converti,
3044 1573 3145 1628 hos
3170 1572 3562 1643 praedestinavit
3587 1572 3654 1627 ad
3681 1589 3832 1628 mor-

2249 1674 2387 1731 tem;
2420 1674 2475 1720 et
2502 1680 2638 1734 quos
2666 1665 2900 1736 prmsciit
2927 1664 3236 1720 omnimodo
3268 1665 3537 1730 converti,
3575 1664 3678 1719 hos
3701 1679 3834 1735 pra3~

2251 1759 2544 1814 destinavit
2571 1758 2639 1814 ad
2662 1759 2848 1813 vitam.
2882 1755 2907 1794 ἀ
2941 1758 3228 1813 Videamus
3257 1773 3398 1813 nunc
3427 1757 3473 1811 si
3501 1772 3609 1812 non
3640 1757 3832 1826 iniquis

560 1867 717 1936 dum,
765 1869 891 1937 quia
918 1867 1026 1920 vim
1055 1878 1246 1934 passus
1278 1869 1359 1915 est
1387 1875 1417 1912 a
1446 1853 1916 1928 praedestinatione
1936 1850 2156 1937 divina,
2180 1850 2222 1908 Β
2251 1853 2563 1920 ambagibus
2625 1851 2885 1920 judicium
2939 1850 3036 1904 Dei
3099 1850 3166 1905 ad
3199 1849 3575 1922 prmjudicium
3613 1847 3833 1930 iustitia:

558 1977 684 2017 cum
705 1934 893 2014 rueret
921 1958 988 2012 ad
1008 1955 1300 2027 praecipitia
1329 1952 1632 2006 criminum.
1669 1947 1784 2001 Hoc
1813 1945 1956 2000 enim
1981 1934 2156 1998 voluit

561 2055 654 2126 qui
699 2053 932 2118 creavit;
981 2051 1071 2119 qui
1125 2049 1267 2103 enim
1313 2045 1545 2107 creavit,
1582 2043 1697 2111 ipse
1725 2037 2143 2110 praedestinavit.

562 2145 717 2213 Quod
746 2145 792 2199 si
829 2144 904 2198 ita
934 2150 1047 2208 est,
1097 2145 1308 2196 constat
1350 2152 1456 2191 non
1487 2148 1641 2190 suum
1667 2145 1786 2187 esse
1814 2129 2002 2183 vitium
2032 2142 2148 2182 om-

561 2238 691 2293 nino
740 2236 830 2307 qui
879 2240 1086 2304 peccat.
1147 2229 1204 2285 Si
1254 2243 1382 2296 ergo
1431 2241 1536 2281 non
1573 2239 1730 2278 suum
1773 2220 1936 2275 habet
1961 2218 2149 2272 vitium

561 2328 784 2384 omnino
812 2332 1032 2396 peccat,
1059 2330 1115 2378 et
1142 2328 1356 2377 constat
1383 2334 1413 2373 a
1432 2317 1580 2388 justo
1610 2316 1722 2370 Deo
1748 2322 2003 2369 extranea
2030 2326 2150 2366 esse

561 2418 813 2474 universa
839 2430 959 2486 quzc
987 2414 1237 2478 damnat,
1269 2410 1418 2479 cujus
1447 2407 1713 2463 invenitur
1740 2405 1957 2468 factum,
1991 2401 2148 2470 hujus

562 2509 866 2564 invenietur
912 2523 1031 2562 esse
1078 2512 1380 2575 peccatum.
1435 2500 1590 2556 Nulla
1610 2499 1753 2555 enim
1778 2498 1916 2556 ratio
1947 2496 2151 2566 patitur

561 2609 624 2658 ut
648 2601 737 2656 ubi
765 2601 901 2654 alter
929 2597 1342 2669 prtedestinator
1370 2603 1471 2660 est,
1505 2594 1579 2649 ibi
1608 2593 1746 2646 alter
1769 2590 2151 2660 praevaricator

561 2709 682 2750 esse
708 2692 946 2757 dicatur;
980 2706 1080 2746 nec
1100 2689 1291 2760 recipit
1313 2689 1417 2743 hoc
1429 2686 1557 2742 boui
1581 2693 1636 2740 et
1658 2685 1788 2754 justi
1818 2684 2061 2752 aequitas,
2093 2689 2152 2736 ut

561 2784 1091 2856 praedestinatidnem
1114 2797 1266 2838 suam
1287 2781 1491 2836 crimen
1513 2778 1672 2834 faciat
1701 2777 1954 2832 alienum.
2005 2774 2148 2844 Ergo

563 2885 627 2934 ut
641 2885 953 2948 peccantem
972 2875 1164 2946 punias
1193 2872 1418 2930 ostende
1439 2871 1940 2942 praedestinantem;
1971 2867 2037 2922 da
2055 2883 2150 2922 au-

561 2978 767 3026 ctorem
783 2967 1290 3038 prredestinationis,
1316 2974 1375 3020 ut
1400 2957 1576 3034 possis
1589 2961 1826 3032 judicem
1845 2967 2151 3016 monstrare

548 3060 790 3136 peccati,
823 3059 949 3126 quia
977 3071 1140 3112 unum
1170 3057 1524 3124 eumdemque
1543 3053 1828 3110 ostendere
1858 3067 1967 3107 non
1994 3060 2151 3122 potes

561 3151 1034 3222 praidestinantem
1063 3159 1089 3186 ο
1119 3157 1282 3218 atque
1312 3148 1677 3203 damnantem.
1735 3145 1793 3200 Si
1830 3146 1973 3200 enim
2007 3144 2151 3200 Deus

2252 1943 2482 1998 trahitis.
2543 1942 2684 2012 Ergo
2731 1942 2906 1997 adhuc
2947 1959 3054 1996 non
3102 1950 3227 1996 sunt
3271 1940 3443 1996 creati
3484 1925 3746 2003 homines,
3777 1945 3833 1994 et

2244 2035 2358 2104 jam
2409 2052 2438 2088 a
2481 2034 2629 2104 justo
2674 2035 2787 2090 Deo
2841 2033 3208 2105 prmjudicium
3254 2033 3565 2104 patiuntur?
3613 2030 3836 2086 Videtur

2250 2126 2381 2180 mihi
2431 2126 2576 2194 quod
2623 2126 2853 2181 alterum
2890 2125 3044 2181 vobis
3069 2135 3092 2162 ε
3125 2123 3464 2179 invenissetis
3492 2122 3661 2177 Deum
3683 2163 3698 2186 ,
3745 2120 3838 2192 qui

2252 2227 2360 2273 tam
2388 2219 2585 2288 impius
2612 2219 2700 2284 sit,
2726 2226 2786 2272 ut
2813 2234 2844 2272 a
2873 2216 3184 2288 praeiudicio
3212 2214 3596 2271 circumveniat
3619 2212 3839 2269 humani

2254 2309 2467 2379 generis
2490 2324 2742 2374 massam,
2777 2317 2831 2363 et
2852 2307 3088 2364 nondum
3117 2307 3227 2362 nati
3252 2305 3485 2362 hominis
3511 2305 3703 2360 merita
3730 2303 3839 2359 dis-

2249 2400 2534 2472 pungendo
2578 2401 2907 2466 constituat,
2959 2415 3023 2455 ac
3061 2398 3549 2469 praedestinationis
3589 2413 3698 2452 suae
3722 2397 3839 2452 vin-

2251 2495 2371 2550 culo
2401 2495 2469 2548 ad
2504 2494 2836 2564 peccandum
2859 2494 3159 2564 astringat;
3191 2501 3247 2548 et
3284 2494 3372 2548 cui
3411 2491 3586 2548 adhuc
3637 2507 3839 2548 conce-

2251 2586 2364 2656 ptio
2393 2601 2500 2639 non
2523 2593 2606 2639 est
2627 2624 2642 2650 ,
2667 2584 2781 2654 jam
2809 2586 2885 2639 illi
2912 2593 3178 2656 praeparet
3203 2573 3409 2640 acterna
3437 2583 3727 2654 supplicia;
3784 2590 3840 2638 et

2250 2678 2336 2733 cui
2363 2677 2538 2733 adhuc
2584 2694 2693 2733 non
2740 2678 2887 2733 dedit
2913 2679 3048 2734 lucis
3077 2677 3232 2747 hujus
3260 2678 3490 2755 labentis
3532 2678 3838 2733 transitoria

2251 2787 2475 2827 munera
2504 2813 2518 2838 ,
2565 2767 2680 2841 jadi
2732 2771 2809 2826 illi
2857 2779 3146 2842 perpetuas
3184 2771 3528 2826 tenebrarum
3575 2777 3860 2841 prtcparet,

2251 2882 2458 2937 pmnas.
2519 2864 2754 2932 Qurerite
2796 2865 2983 2931 vobis,
3037 2873 3094 2919 ut
3139 2864 3281 2929 dixi,
3316 2865 3545 2920 alterum
3573 2864 3739 2919 Deum
3767 2864 3838 2919 de

2231 2973 2365 3026 .quo
2412 2957 2514 3012 ista
2561 2943 2798 3028 dicatis."
2832 2957 2966 3011 Nam
3012 2957 3156 3012 hunc
3200 2956 3348 3026 pium
3411 2966 3467 3011 et
3521 2955 3840 3011 clementem

2257 3049 2277 3090 ί
2308 3059 2553 3107 nostrum
2574 3065 2847 3119 nunquam
2878 3049 2946 3104 ad
2974 3050 3080 3105 hoc
3106 3049 3498 3120 provocabitis,
3532 3057 3590 3104 ut
3616 3057 3640 3097 ε
3664 3049 3840 3104 saltim

2252 3145 2602 3215 blasphemiis
2622 3144 2818 3199 vestris
2837 3152 3158 3208 commotus,
3185 3143 3350 3197 etiam
3367 3143 3516 3197 vobis
3537 3143 3638 3198 hoc
3658 3142 3837 3198 faciat.

561 3249 751 3297 auctor
781 3249 862 3295 est
890 3241 1032 3294 enim
1063 3237 1564 3308 prmdestinationis,
1597 3244 1653 3292 et
1680 3251 1903 3306 operum
1929 3243 2148 3291 nostro-
2175 3228 2222 3289 C
2249 3239 2386 3303 Nam
2409 3239 2502 3307 qui
2525 3254 2620 3293 vos
2642 3238 2910 3308 patienter
2931 3237 3144 3302 tolerat,
3161 3237 3344 3292 nescio
3359 3235 3470 3305 jam
3484 3236 3568 3291 cui
3591 3237 3840 3306 peccanti

563 3348 682 3389 rum
712 3335 827 3405 ipse
855 3341 939 3388 cst
960 3331 1300 3395 constitutor,
1347 3329 1613 3384 ostendite
1652 3329 1815 3384 alium
1845 3330 1936 3398 qui
1965 3330 2154 3399 puniat

563 3426 940 3498 pnedestinata
969 3431 1220 3495 peccata;
1252 3430 1344 3477 aut
1371 3422 1415 3477 si
1443 3423 1597 3492 quasi
1621 3422 1799 3491 justus
1829 3422 2026 3491 injusta
2055 3423 2152 3476 hu-

562 3518 710 3573 mani
742 3518 923 3587 operis
945 3516 1084 3572 facta
1113 3515 1467 3579 condemnat,
1500 3515 1658 3584 hujus
1688 3514 1960 3584 injustitiaz
1986 3514 2153 3568 alium

563 3608 1059 3680 pnedestinatorem
1110 3606 1395 3661 ostendite.
1454 3604 1550 3660 Cui
1596 3606 1738 3660 enim
1784 3606 2030 3676 displicet
2071 3605 2153 3660 fa-

561 3706 740 3765 ctum,
772 3713 1044 3768 nunquam
1084 3699 1258 3768 potuit
1286 3699 1354 3752 ab
1383 3714 1450 3752 eo
1479 3705 1538 3752 ut
1560 3698 1712 3752 lieret
1734 3696 1760 3735 δ
1783 3699 2152 3753 constitutum.

551 3789 834 3862 .Perquam
875 3792 1017 3847 enim
1058 3792 1279 3870 stultum
1309 3799 1417 3858 est,
1469 3793 1512 3846 si
1542 3793 1716 3863 ipsum
1744 3793 2155 3862 praedestinatu-

567 3895 685 3935 rem
714 3881 961 3935 eumdem
990 3880 1362 3936 damnatorem
1392 3897 1617 3952 operum
1646 3882 1940 3937 conﬁteris.
1973 3883 2156 3936 Nullus

563 3971 711 4026 enim
752 3979 862 4025 tam
892 3971 1085 4041 impius
1125 3988 1285 4041 quam
1313 3973 1358 4026 is
1386 3973 1477 4040 qui
1508 3988 1620 4025 rem
1655 3988 1685 4025 a
1715 3988 1772 4025 se
1821 3973 2154 4041 praeordina-

565 4066 680 4115 tam
708 4061 1029 4124 exhorreat,
1063 4069 1117 4116 et
1147 4061 1197 4115 id
1226 4061 1414 4130 puniat
1442 4061 1637 4116 factum
1655 4103 1670 4126 ,
1701 4061 1847 4130 quod
1877 4063 1992 4132 ipse
2020 4078 2156 4132 pra:-

568 4148 838 4205 ordinavit
883 4158 944 4204 ut
992 4150 1162 4205 ﬁeret.
1205 4150 1314 4206 Nisi
1357 4151 1402 4204 si
1432 4150 1588 4215 forte,
1623 4153 1804 4205 animo
1833 4152 1904 4206 ad
1933 4154 2157 4208 meliora

568 4255 861 4306 converso,
895 4240 1252 4296 mutabilitate
1279 4241 1518 4306 consilii,
1569 4241 1713 4308 quod
1754 4241 1901 4310 prius
1930 4243 2056 4297 fecit
2077 4243 2159 4312 ju-

565 4329 713 4384 dicat
740 4345 860 4385 esse
901 4329 1259 4384 damnandum
1279 4369 1294 4393 ,
1325 4331 1473 4398 quod
1510 4331 1601 4398 qui
1633 4333 1742 4399 agit
1770 4333 2014 4388 doctrina
2045 4352 2158 4392 me-

563 4419 718 4476 lioris
759 4420 1070 4490 impellitur.
1113 4420 1214 4486 Qui
1265 4436 1391 4475 vero
1422 4421 1476 4475 in
1515 4423 1914 4493 omnipotentiae
1962 4427 2157 4482 virtute

566 4511 843 4576 consistit,
895 4519 952 4565 et
985 4525 1086 4565 nec
1128 4526 1312 4580 parem
1341 4513 1521 4578 novit,
1554 4529 1655 4569 nec
1681 4517 2014 4586 superiorem
2045 4534 2157 4574 me—

2256 3347 2365 3386 non
2389 3337 2591 3400 parcat.
2652 3330 2904 3396 Quotidie
2938 3329 3093 3384 nobis
3125 3329 3324 3398 injuste
3346 3330 3621 3399 agentibus
3639 3331 3838 3384 subve-

2237 3425 2354 3491 nit,
2380 3431 2434 3480 et
2459 3425 2849 3480 recentioribus
2869 3424 3078 3480 delictis
3100 3425 3325 3480 subinde
3347 3426 3644 3481 recentiora
3666 3425 3842 3479 indul—

2256 3515 2450 3585 gentim
2491 3531 2601 3570 sua:
2633 3515 2776 3570 dona
2821 3515 3073 3584 largitur;
3116 3525 3171 3571 et
3211 3532 3310 3571 vos
3331 3517 3506 3572 dicitis
3541 3518 3696 3572 :Jam
3718 3525 3843 3572 ante

2257 3605 2442 3660 mundi
2458 3606 2898 3663 constitutionem
2921 3607 3224 3675 indignatus
3235 3608 3387 3663 nobis
3401 3625 3499 3678 pro
3520 3608 3711 3664 futuris
3727 3625 3845 3679 pec-

2258 3698 2395 3752 catis
2427 3697 2830 3767 prmdestinavit
2868 3699 3210 3752 sententiam.
3258 3698 3316 3752 in
3343 3701 3592 3768 praesenti
3617 3716 3676 3755 se
3697 3701 3842 3756 blas-

2259 3789 2638 3858 phemantibus
2658 3791 2868 3843 veniam
2896 3790 3112 3856 tribuit;
3143 3797 3196 3843 et
3219 3804 3313 3843 vos
3333 3789 3507 3844 dicitis
3535 3809 3547 3842 :
3571 3788 3690 3844 Jam
3716 3798 3843 3847 tunc

2259 3882 2565 3950 indignatus
2603 3888 2686 3936 est
2709 3880 2736 3917 ιι
2759 3891 2948 3936 contra
2985 3891 3319 3952 peccaturos,
3354 3890 3408 3937 et
3441 3882 3844 3952 przedestinavit

2259 3990 2355 4029 eos
2376 3975 2445 4027 ad
2465 3981 2729 4038 mortem,
2762 3974 2979 4043 quando
3014 3976 3184 4046 prima
3213 3976 3519 4030 liniamenta
3536 3976 3845 4044 generatio-

2259 4066 2344 4118 nis
2389 4065 2639 4131 humanae
2679 4063 2950 4120 formavit.
3000 4065 3115 4120 Jam
3146 4081 3274 4134 ergo
3311 4075 3438 4120 tunc
3458 4066 3568 4133 egit
3588 4063 3849 4134 judicium

2259 4156 2462 4221 mundi,
2488 4164 2776 4225 antequam
2809 4157 2983 4226 ipsum
3024 4157 3281 4212 mundum
3321 4163 3602 4223 statueret,
3644 4165 3700 4211 ut
3735 4156 3848 4225 jam

2260 4256 2383 4318 post
2407 4246 2563 4301 finem
2580 4249 2760 4303 saeculi
2783 4264 2891 4303 non
2916 4249 3156 4302 inveniat
3188 4248 3202 4285 ί
3240 4263 3400 4317 quem
3421 4249 3628 4319 punire.
3673 4246 3848 4301 Labo-

2259 4355 2376 4394 rem
2415 4339 2516 4393 sibi
2555 4338 2690 4394 forte
2719 4340 2889 4394 voluit
2912 4340 3120 4402 tollere,
3158 4347 3212 4394 et
3244 4355 3312 4394 ne
3335 4355 3448 4396 non
3465 4346 3707 4395 occurret
3724 4345 3849 4412 post

2259 4431 2403 4487 facta
2428 4448 2520 4486 sua
2568 4432 2814 4488 homines
2853 4431 3127 4501 judicare,
3179 4440 3305 4486 ante
3329 4447 3425 4486 eos
3452 4428 3850 4501 pnedestinavit

2261 4521 2329 4576 ad
2359 4531 2607 4586 mortem,
2655 4538 2815 4593 quam
2870 4532 3182 4578 crearentur
3209 4523 3276 4578 ad
3326 4524 3507 4576 vitam.
3540 4521 3608 4574 Et
3639 4530 3846 4593 tamen,

568 4599 707 4666 tuit,
737 4600 899 4656 dicite
934 4601 1090 4655 nobis
1132 4603 1662 4672 praedestinationem
1687 4597 1840 4662 suam
1867 4624 1975 4677 quo
2003 4627 2155 4665 com-
2184 4596 2237 4656 D
2261 4613 2306 4667 si
2329 4613 2443 4682 ipse
2471 4615 2672 4668 creavit
2699 4630 2835 4682 quos
2863 4614 3263 4684 praedestinavit
3303 4614 3374 4669 ad
3402 4629 3618 4685 poenas,
3643 4627 3850 4684 prave-

565 4690 802 4762 pellente
847 4690 1156 4748 damnavit?
1203 4695 1329 4763 quia
1375 4696 1422 4751 si
1468 4697 1836 4765 praedestinati
1873 4715 2037 4769 opera
2065 4717 2158 4756 rea

547 4791 676 4850 est,
701 4783 871 4838 multo
899 4785 1070 4853 magis
1099 4785 1530 4854 praedestinantis
1558 4788 1826 4844 ordinatio
1848 4790 2153 4846 criminosa.

565 4875 629 4931 Si
655 4875 799 4931 enim
830 4877 874 4931 is
902 4877 994 4946 qui
1023 4878 1433 4947 praedestinatus
1461 4886 1568 4946 est,
1610 4896 1709 4949 per
1735 4881 2160 4950 prtedestinatio-

565 4982 695 5023 nem
721 4967 893 5038 ipsam
919 4983 1043 5024 reus
1073 4976 1182 5034 est;
1225 4977 1429 5038 quanto
1464 4971 1636 5038 magis
1665 4971 1754 5026 ille
1785 4971 1936 5040 cujus
1962 4973 2162 5042 prmde-

567 5058 790 5115 stinatio
818 5058 958 5136 facg
987 5067 1088 5123 est,
1121 5067 1345 5114 vocatur
1365 5060 1422 5115 in
1449 5061 1702 5139 culpam?
1736 5059 1938 5118 Cavete
1956 5103 1969 5127 ,
2002 5064 2160 5118 obse-

571 5162 687 5215 cro,
721 5166 789 5204 ne
816 5152 930 5207 haec
953 5152 1239 5206 adulterini
1264 5153 1484 5208 seminis
1504 5155 1706 5207 zizania
1736 5164 1888 5209 casto
1909 5154 2160 5210 Ecclesiae

553 5239 811 5310 dogmati
852 5254 1205 5315 aspergantur
1230 5265 1242 5298 :
1286 5247 1411 5316 quia
1438 5255 1721 5317 peccatum
1750 5265 1859 5304 non
1889 5267 1918 5303 a
1949 5252 2158 5320 prde-

569 5333 808 5390 stinante
851 5337 1113 5407 dirigitur,
1162 5339 1257 5394 sed
1295 5336 1336 5395 ‘a
1389 5339 1733 5409 delinquente
1782 5343 2152 5398 committitur.

645 5525 674 5587 ξι
711 5512 810 5587 his.
844 5513 1128 5587 Angiense,
1161 5523 1316 5587 atque
1345 5524 1661 5586 peccantem.

641 5584 670 5624 δ
718 5583 816 5638 Ms.
850 5584 1008 5650 idem,
1041 5583 1299 5639 constitui.

646 5667 669 5695 ο
709 5657 808 5711 Ms.
843 5654 984 5709 idem
1031 5675 1043 5709 :
1086 5655 1147 5708 ll.
1194 5654 1490 5711 HERETICI.
1546 5656 1833 5711 Occurrunt
1881 5659 1976 5715 hoc
2023 5660 2156 5728 loco,

573 5734 660 5782 etc

643 5766 680 5835 δ’
709 5797 807 5854 Ms.
839 5796 998 5863 idem,
1029 5798 1357 5855 Carnoucr,
1385 5797 1663 5853 Videamus
1691 5815 1845 5855 nunc.

2264 4705 2343 4759 nit
2371 4705 2620 4759 meritum
2641 4705 2948 4769 occidendi;
2979 4715 3032 4760 et
3047 4708 3137 4776 qui
3160 4707 3339 4762 adhuc
3363 4722 3474 4761 non
3491 4704 3846 4775 ccepitvivere

2235 4797 2582 4853 sententiam
2603 4797 2717 4865 jam
2743 4805 2958 4866 (eterna:
2985 4799 3174 4854 mortis
3202 4799 3426 4869 accepit.
3445 4799 3560 4855 Hoc
3586 4799 3726 4855 Deus
3753 4814 3853 4854 no-

2261 4896 2372 4943 ster
2398 4904 2672 4958 nunquam
2705 4887 2828 4944 fecit
2861 4908 2872 4942 :
2903 4890 2946 4944 si
2981 4898 3156 4944 vester
3195 4898 3280 4945 est
3323 4890 3720 4962 aliquisalius,
3748 4890 3850 4960 ipsi

2264 4982 2394 5036 istas
2436 4984 2676 5050 irrogare
2711 4983 3091 5052 blasphemias.
3117 4985 3193 5040 De
3215 4985 3326 5040 Deo
3347 4994 3529 5040 autem
3558 4995 3741 5040 nostro
3769 4984 3854 5040 di-

2263 5073 2337 5125 cit
2385 5073 2686 5143 propheta:
2742 5073 2866 5128 Vivo
2905 5091 3018 5145 ego,
3068 5077 3194 5129 dicit
3239 5075 3524 5143 Dominus;
3571 5079 3693 5148 quia
3739 5094 3854 5130 cum

2262 5166 2442 5218 dixero
2460 5168 2716 5236 peccqtori
2742 5183 2758 5220 :
2786 5165 2957 5221 Morte
2982 5171 3234 5234 morieris,
3266 5181 3314 5224 et
3337 5181 3574 5241 peccator
3593 5188 3648 5224 se
3675 5169 3853 5225 abstu-

2261 5257 2377 5335 lerit
2415 5275 2447 5310 a
2493 5260 2576 5312 via
2605 5275 2698 5312 sua
2728 5261 2908 5325 mala,
2932 5271 2984 5314 et
3010 5251 3051 5315 α’
3071 5263 3259 5318 studiis
3284 5266 3392 5318 suis
3433 5265 3696 5335 pessimis,
3748 5265 3854 5318 vivo

2259 5334 2374 5420 eqo,
2391 5350 2516 5404 dicit
2535 5349 2810 5418 Dominus,
2833 5353 2937 5406 vita
2963 5355 3111 5421 vivet,
3137 5364 3186 5411 et
3206 5373 3311 5412 non
3329 5359 3574 5411 morietur
3595 5359 3649 5412 in
3672 5357 3858 5412 delicto

2351 5533 2373 5560 θ
2413 5523 2513 5579 Ms;
2546 5524 2708 5591 idem,
2736 5530 3108 5587 invenissemus
3135 5531 3323 5586 Deum.

2346 5591 2366 5675 ξ
2537 5595 2696 5675 idem,
2728 5608 2962 5675 nostrum
2991 5612 3161 5658 tamen
3183 5621 3462 5675 nunquam.

2339 5673 2364 5711 ε
2404 5663 2501 5719 Ms.
2537 5665 2699 5732 idem,
2731 5672 2933 5727 saltem.

2337 5733 2364 5810 ξι
2404 5733 2500 5814 Ms.
2533 5736 2697 5814 idem,
2731 5750 2914 5796 contra
2935 5754 3246 5814 peccatores.

2341 5805 2355 5841 ί
2400 5803 2498 5862 Ms.
2530 5807 2691 5875 idem,
2723 5828 2869 5882 quem
2895 5803 3112 5885 puniret.
