  <div class='ocr_page' id='page_1' title='image "/cluster/home/n/w/nwhite01/storage/ocr_20150623/53/hvd.32044073505232/322.png"; bbox 0 0 4238 6260; ppageno 0'>
   <div class='ocr_carea' id='block_1_1' title="bbox 429 325 535 380">
    <p class='ocr_par' dir='ltr' id='par_1_1' title="bbox 429 325 535 380">
     <span class='ocr_line' id='line_1_1' title="bbox 429 325 535 380; baseline -0.009 0"><span class='ocrx_word' id='word_1_1' title='bbox 429 325 535 380; x_wconf 74' lang='grc'><strong><em>655</em></strong></span> 
     </span>
    </p>
   </div>
   <div class='ocr_carea' id='block_1_2' title="bbox 428 512 2019 600">
    <p class='ocr_par' dir='ltr' id='par_1_2' title="bbox 428 512 2019 600">
     <span class='ocr_line' id='line_1_2' title="bbox 428 512 2019 600; baseline -0.01 -16"><span class='ocrx_word' id='word_1_2' title='bbox 428 532 556 584; x_wconf 87' lang='lat' dir='ltr'><strong><em>serit</em></strong></span> <span class='ocrx_word' id='word_1_3' title='bbox 593 536 709 600; x_wconf 86' lang='lat' dir='ltr'><strong><em>post</em></strong></span> <span class='ocrx_word' id='word_1_4' title='bbox 741 529 848 583; x_wconf 71' lang='lat' dir='ltr'><strong><em>hazc</em></strong></span> <span class='ocrx_word' id='word_1_5' title='bbox 877 544 908 580; x_wconf 93' lang='lat' dir='ltr'><strong><em>a</em></strong></span> <span class='ocrx_word' id='word_1_6' title='bbox 933 525 1137 596; x_wconf 84' lang='lat' dir='ltr'><strong><em>justitia</em></strong></span> <span class='ocrx_word' id='word_1_7' title='bbox 1161 539 1273 586; x_wconf 88' lang='lat' dir='ltr'><strong><em>sua,</em></strong></span> <span class='ocrx_word' id='word_1_8' title='bbox 1307 522 1414 573; x_wconf 82' lang='lat' dir='ltr'><strong><em>vivo</em></strong></span> <span class='ocrx_word' id='word_1_9' title='bbox 1453 512 1567 590; x_wconf 84' lang='lat' dir='ltr'><strong><em>ego,</em></strong></span> <span class='ocrx_word' id='word_1_10' title='bbox 1595 517 1718 570; x_wconf 90' lang='lat' dir='ltr'><strong><em>dicit</em></strong></span> <span class='ocrx_word' id='word_1_11' title='bbox 1749 515 2019 579; x_wconf 76' lang='lat' dir='ltr'><strong><em>Dominus,</em></strong></span> 
     </span>
    </p>
   </div>
   <div class='ocr_carea' id='block_1_3' title="bbox 429 605 2024 692">
    <p class='ocr_par' dir='ltr' id='par_1_3' title="bbox 429 605 2024 692">
     <span class='ocr_line' id='line_1_3' title="bbox 429 605 2024 692; baseline -0.012 -15"><span class='ocrx_word' id='word_1_12' title='bbox 429 623 554 692; x_wconf 97' lang='lat' dir='ltr'><strong><em>quia</em></strong></span> <span class='ocrx_word' id='word_1_13' title='bbox 582 629 747 676; x_wconf 89' lang='lat' dir='ltr'><strong><em>morte</em></strong></span> <span class='ocrx_word' id='word_1_14' title='bbox 790 619 1079 674; x_wconf 89' lang='lat' dir='ltr'><strong><em>morietur:</em></strong></span> <span class='ocrx_word' id='word_1_15' title='bbox 1131 626 1155 651; x_wconf 71' lang='grc'><strong>⁸</strong></span> <span class='ocrx_word' id='word_1_16' title='bbox 1180 614 1400 684; x_wconf 79' lang='lat' dir='ltr'><strong><em>justitia:</em></strong></span> <span class='ocrx_word' id='word_1_17' title='bbox 1444 613 1555 682; x_wconf 88' lang='lat' dir='ltr'><strong><em>ejus</em></strong></span> <span class='ocrx_word' id='word_1_18' title='bbox 1604 626 1709 662; x_wconf 91' lang='lat' dir='ltr'><strong><em>non</em></strong></span> <span class='ocrx_word' id='word_1_19' title='bbox 1736 605 2024 662; x_wconf 80' lang='lat' dir='ltr'><strong><em>liberabant</em></strong></span> 
     </span>
    </p>
   </div>
   <div class='ocr_carea' id='block_1_4' title="bbox 426 700 2065 782">
    <p class='ocr_par' dir='ltr' id='par_1_4' title="bbox 426 700 2065 782">
     <span class='ocr_line' id='line_1_4' title="bbox 426 700 2065 782; baseline -0.012 -13"><span class='ocrx_word' id='word_1_20' title='bbox 426 730 546 768; x_wconf 86' lang='lat' dir='ltr'><strong><em>eum</em></strong></span> <span class='ocrx_word' id='word_1_21' title='bbox 559 715 617 767; x_wconf 90' lang='lat' dir='ltr'><strong><em>in</em></strong></span> <span class='ocrx_word' id='word_1_22' title='bbox 638 711 718 766; x_wconf 82' lang='lat' dir='ltr'><strong><em>dis</em></strong></span> <span class='ocrx_word' id='word_1_23' title='bbox 738 728 837 782; x_wconf 89' lang='lat' dir='ltr'><strong><em>qua</em></strong></span> <span class='ocrx_word' id='word_1_24' title='bbox 848 708 1111 764; x_wconf 88' lang='lat' dir='ltr'><strong><em>recesserit</em></strong></span> <span class='ocrx_word' id='word_1_25' title='bbox 1131 705 1377 776; x_wconf 87' lang='lat' dir='ltr'><strong><em>ajustitia</em></strong></span> <span class='ocrx_word' id='word_1_26' title='bbox 1401 711 1450 756; x_wconf 90' lang='lat' dir='ltr'><strong><em>et</em></strong></span> <span class='ocrx_word' id='word_1_27' title='bbox 1472 701 1649 774; x_wconf 75' lang='lat' dir='ltr'><strong><em>fecerit</em></strong></span> <span class='ocrx_word' id='word_1_28' title='bbox 1669 700 2020 767; x_wconf 76' lang='lat' dir='ltr'><strong><em>iniquitatem;</em></strong></span> <span class='ocrx_word' id='word_1_29' title='bbox 2064 745 2065 748; x_wconf 45' lang='grc' dir='ltr'><strong>η</strong></span> 
     </span>
    </p>
   </div>
   <div class='ocr_carea' id='block_1_5' title="bbox 426 789 2019 878">
    <p class='ocr_par' dir='ltr' id='par_1_5' title="bbox 426 789 2019 878">
     <span class='ocr_line' id='line_1_5' title="bbox 426 789 2019 878; baseline -0.012 -17"><span class='ocrx_word' id='word_1_30' title='bbox 426 806 487 860; x_wconf 85' lang='lat' dir='ltr'><strong><em>in</em></strong></span> <span class='ocrx_word' id='word_1_31' title='bbox 529 804 804 878; x_wconf 77' lang='lat' dir='ltr'><strong><em>iniquitate</em></strong></span> <span class='ocrx_word' id='word_1_32' title='bbox 840 819 934 857; x_wconf 86' lang='lat' dir='ltr'><strong><em>sua</em></strong></span> <span class='ocrx_word' id='word_1_33' title='bbox 977 801 1225 854; x_wconf 87' lang='lat' dir='ltr'><strong><em>morietur</em></strong></span> <span class='ocrx_word' id='word_1_34' title='bbox 1275 795 1500 868; x_wconf 78' lang='lat' dir='ltr'><strong><em>(Ezech.</em></strong></span> <span class='ocrx_word' id='word_1_35' title='bbox 1532 809 1714 856; x_wconf 70' lang='grc' dir='ltr'><strong>χχχιιι,</strong></span> <span class='ocrx_word' id='word_1_36' title='bbox 1769 791 1836 844; x_wconf 76' lang='grc'><strong><em>15</em></strong></span> <span class='ocrx_word' id='word_1_37' title='bbox 1864 789 2019 859; x_wconf 92' lang='lat' dir='ltr'><strong><em>seq.).</em></strong></span> 
     </span>
    </p>
   </div>
   <div class='ocr_carea' id='block_1_6' title="bbox 430 883 2025 958">
    <p class='ocr_par' dir='ltr' id='par_1_6' title="bbox 430 883 2025 958">
     <span class='ocr_line' id='line_1_6' title="bbox 430 883 2025 958; baseline -0.011 -4"><span class='ocrx_word' id='word_1_38' title='bbox 430 900 596 956; x_wconf 82' lang='lat' dir='ltr'><strong><em>Vides</em></strong></span> <span class='ocrx_word' id='word_1_39' title='bbox 617 904 856 954; x_wconf 90' lang='lat' dir='ltr'><strong><em>nostrum</em></strong></span> <span class='ocrx_word' id='word_1_40' title='bbox 886 894 1053 949; x_wconf 89' lang='lat' dir='ltr'><strong><em>Deum</em></strong></span> <span class='ocrx_word' id='word_1_41' title='bbox 1083 907 1152 946; x_wconf 88' lang='lat' dir='ltr'><strong><em>ex</em></strong></span> <span class='ocrx_word' id='word_1_42' title='bbox 1171 899 1404 958; x_wconf 89' lang='lat' dir='ltr'><strong><em>utroque</em></strong></span> <span class='ocrx_word' id='word_1_43' title='bbox 1424 888 1594 941; x_wconf 82' lang='lat' dir='ltr'><strong><em>latere</em></strong></span> <span class='ocrx_word' id='word_1_44' title='bbox 1623 893 1678 939; x_wconf 91' lang='lat' dir='ltr'><strong><em>et</em></strong></span> <span class='ocrx_word' id='word_1_45' title='bbox 1693 883 1892 952; x_wconf 86' lang='lat' dir='ltr'><strong><em>justqu</em></strong></span> <span class='ocrx_word' id='word_1_46' title='bbox 1915 897 2025 936; x_wconf 85' lang='lat' dir='ltr'><strong><em>mo-</em></strong></span> 
     </span>
    </p>
   </div>
   <div class='ocr_carea' id='block_1_7' title="bbox 427 972 2024 1060">
    <p class='ocr_par' dir='ltr' id='par_1_7' title="bbox 427 972 2024 1060">
     <span class='ocr_line' id='line_1_7' title="bbox 427 972 2024 1060; baseline -0.013 -14"><span class='ocrx_word' id='word_1_47' title='bbox 427 1007 581 1056; x_wconf 89' lang='lat' dir='ltr'><strong><em>nere,</em></strong></span> <span class='ocrx_word' id='word_1_48' title='bbox 612 1005 681 1044; x_wconf 91' lang='lat' dir='ltr'><strong><em>ne</em></strong></span> <span class='ocrx_word' id='word_1_49' title='bbox 703 1003 801 1060; x_wconf 92' lang='lat' dir='ltr'><strong><em>per</em></strong></span> <span class='ocrx_word' id='word_1_50' title='bbox 819 985 1163 1042; x_wconf 76' lang='lat' dir='ltr'><strong><em>securitatem</em></strong></span> <span class='ocrx_word' id='word_1_51' title='bbox 1189 987 1428 1043; x_wconf 77' lang='lat' dir='ltr'><strong><em>corruat,</em></strong></span> <span class='ocrx_word' id='word_1_52' title='bbox 1453 985 1507 1033; x_wconf 92' lang='lat' dir='ltr'><strong><em>et</em></strong></span> <span class='ocrx_word' id='word_1_53' title='bbox 1534 983 1874 1047; x_wconf 89' lang='lat' dir='ltr'><strong><em>peccatorem</em></strong></span> <span class='ocrx_word' id='word_1_54' title='bbox 1898 972 2024 1027; x_wconf 87' lang='lat' dir='ltr'><strong><em>allo-</em></strong></span> 
     </span>
    </p>
   </div>
   <div class='ocr_carea' id='block_1_8' title="bbox 429 1067 2023 1153">
    <p class='ocr_par' dir='ltr' id='par_1_8' title="bbox 429 1067 2023 1153">
     <span class='ocr_line' id='line_1_8' title="bbox 429 1067 2023 1153; baseline -0.013 -12"><span class='ocrx_word' id='word_1_55' title='bbox 429 1083 540 1153; x_wconf 89' lang='lat' dir='ltr'><strong><em>qui,</em></strong></span> <span class='ocrx_word' id='word_1_56' title='bbox 570 1097 637 1137; x_wconf 91' lang='lat' dir='ltr'><strong><em>ne</em></strong></span> <span class='ocrx_word' id='word_1_57' title='bbox 657 1080 684 1119; x_wconf 71' lang='grc' dir='ltr'>δ</span> <span class='ocrx_word' id='word_1_58' title='bbox 706 1095 806 1150; x_wconf 93' lang='lat' dir='ltr'><strong><em>pro</em></strong></span> <span class='ocrx_word' id='word_1_59' title='bbox 830 1077 1208 1150; x_wconf 76' lang='lat' dir='ltr'><strong><em>desperatione</em></strong></span> <span class='ocrx_word' id='word_1_60' title='bbox 1253 1089 1361 1128; x_wconf 91' lang='lat' dir='ltr'><strong><em>nou</em></strong></span> <span class='ocrx_word' id='word_1_61' title='bbox 1402 1079 1602 1138; x_wconf 78' lang='lat' dir='ltr'><strong><em>surgat.</em></strong></span> <span class='ocrx_word' id='word_1_62' title='bbox 1629 1068 1684 1123; x_wconf 89' lang='lat' dir='ltr'><strong><em>Si</em></strong></span> <span class='ocrx_word' id='word_1_63' title='bbox 1715 1067 1905 1122; x_wconf 83' lang='lat' dir='ltr'><strong><em>alicubi</em></strong></span> <span class='ocrx_word' id='word_1_64' title='bbox 1926 1082 2023 1121; x_wconf 92' lang='lat' dir='ltr'><strong><em>vos</em></strong></span> 
     </span>
    </p>
   </div>
   <div class='ocr_carea' id='block_1_9' title="bbox 428 1161 2022 1245">
    <p class='ocr_par' dir='ltr' id='par_1_9' title="bbox 428 1161 2022 1245">
     <span class='ocr_line' id='line_1_9' title="bbox 428 1161 2022 1245; baseline -0.013 -14"><span class='ocrx_word' id='word_1_65' title='bbox 428 1175 631 1245; x_wconf 77' lang='lat' dir='ltr'><strong><em>legistis</em></strong></span> <span class='ocrx_word' id='word_1_66' title='bbox 655 1172 721 1228; x_wconf 90' lang='lat' dir='ltr'><strong><em>de</em></strong></span> <span class='ocrx_word' id='word_1_67' title='bbox 742 1172 854 1227; x_wconf 92' lang='lat' dir='ltr'><strong><em>Deo</em></strong></span> <span class='ocrx_word' id='word_1_68' title='bbox 887 1189 900 1224; x_wconf 91' lang='lat'><strong>:</strong></span> <span class='ocrx_word' id='word_1_69' title='bbox 931 1170 1061 1225; x_wconf 86' lang='lat' dir='ltr'><strong><em>Vivo</em></strong></span> <span class='ocrx_word' id='word_1_70' title='bbox 1086 1183 1208 1237; x_wconf 88' lang='lat' dir='ltr'><strong><em>ego,</em></strong></span> <span class='ocrx_word' id='word_1_71' title='bbox 1240 1166 1370 1220; x_wconf 86' lang='lat' dir='ltr'><strong><em>dicit</em></strong></span> <span class='ocrx_word' id='word_1_72' title='bbox 1398 1163 1681 1226; x_wconf 88' lang='lat' dir='ltr'><strong><em>Dominus,</em></strong></span> <span class='ocrx_word' id='word_1_73' title='bbox 1709 1161 1830 1230; x_wconf 89' lang='lat' dir='ltr'><strong><em>quia</em></strong></span> <span class='ocrx_word' id='word_1_74' title='bbox 1861 1174 2022 1228; x_wconf 88' lang='lat' dir='ltr'><strong><em>quem</em></strong></span> 
     </span>
    </p>
   </div>
   <div class='ocr_carea' id='block_1_10' title="bbox 430 1253 2021 1336">
    <p class='ocr_par' dir='ltr' id='par_1_10' title="bbox 430 1253 2021 1336">
     <span class='ocr_line' id='line_1_10' title="bbox 430 1253 2021 1336; baseline -0.011 -16"><span class='ocrx_word' id='word_1_75' title='bbox 430 1262 808 1336; x_wconf 59' lang='lat' dir='ltr'><strong><em>prxdestinavi</em></strong></span> <span class='ocrx_word' id='word_1_76' title='bbox 837 1261 905 1315; x_wconf 88' lang='lat' dir='ltr'><strong><em>ad</em></strong></span> <span class='ocrx_word' id='word_1_77' title='bbox 937 1261 1102 1315; x_wconf 91' lang='lat' dir='ltr'><strong><em>vitam</em></strong></span> <span class='ocrx_word' id='word_1_78' title='bbox 1132 1257 1276 1312; x_wconf 88' lang='lat' dir='ltr'><strong><em>aliud</em></strong></span> <span class='ocrx_word' id='word_1_79' title='bbox 1302 1272 1412 1310; x_wconf 91' lang='lat' dir='ltr'><strong><em>non</em></strong></span> <span class='ocrx_word' id='word_1_80' title='bbox 1442 1253 1576 1319; x_wconf 92' lang='lat' dir='ltr'><strong><em>erit,</em></strong></span> <span class='ocrx_word' id='word_1_81' title='bbox 1611 1261 1665 1306; x_wconf 91' lang='lat' dir='ltr'><strong><em>et</em></strong></span> <span class='ocrx_word' id='word_1_82' title='bbox 1692 1267 1850 1321; x_wconf 90' lang='lat' dir='ltr'><strong><em>quem</em></strong></span> <span class='ocrx_word' id='word_1_83' title='bbox 1883 1265 2021 1320; x_wconf 71' lang='lat' dir='ltr'><strong><em>prm-</em></strong></span> 
     </span>
    </p>
   </div>
   <div class='ocr_carea' id='block_1_11' title="bbox 357 1341 2024 1414">
    <p class='ocr_par' dir='ltr' id='par_1_11' title="bbox 357 1341 2024 1414">
     <span class='ocr_line' id='line_1_11' title="bbox 357 1341 2024 1414; baseline -0.011 -2"><span class='ocrx_word' id='word_1_84' title='bbox 357 1359 362 1369; x_wconf 82' lang='lat'><strong>&#39;</strong></span> <span class='ocrx_word' id='word_1_85' title='bbox 427 1354 695 1411; x_wconf 85' lang='lat' dir='ltr'><strong><em>destinavi</em></strong></span> <span class='ocrx_word' id='word_1_86' title='bbox 727 1352 797 1408; x_wconf 88' lang='lat' dir='ltr'><strong><em>ad</em></strong></span> <span class='ocrx_word' id='word_1_87' title='bbox 827 1359 1076 1414; x_wconf 90' lang='lat' dir='ltr'><strong><em>mortem,</em></strong></span> <span class='ocrx_word' id='word_1_88' title='bbox 1109 1349 1228 1404; x_wconf 90' lang='lat' dir='ltr'><strong><em>sine</em></strong></span> <span class='ocrx_word' id='word_1_89' title='bbox 1254 1347 1416 1402; x_wconf 92' lang='lat' dir='ltr'><strong><em>dubio</em></strong></span> <span class='ocrx_word' id='word_1_90' title='bbox 1460 1344 1746 1408; x_wconf 90' lang='lat' dir='ltr'><strong><em>morietur;</em></strong></span> <span class='ocrx_word' id='word_1_91' title='bbox 1778 1341 1897 1409; x_wconf 90' lang='lat' dir='ltr'><strong><em>quis</em></strong></span> <span class='ocrx_word' id='word_1_92' title='bbox 1926 1356 2024 1395; x_wconf 90' lang='lat' dir='ltr'><strong><em>vos</em></strong></span> 
     </span>
    </p>
   </div>
   <div class='ocr_carea' id='block_1_12' title="bbox 426 1434 2021 1503">
    <p class='ocr_par' dir='ltr' id='par_1_12' title="bbox 426 1434 2021 1503">
     <span class='ocr_line' id='line_1_12' title="bbox 426 1434 2021 1503; baseline -0.009 -2"><span class='ocrx_word' id='word_1_93' title='bbox 426 1445 590 1501; x_wconf 77' lang='lat' dir='ltr'><strong><em>ferret</em></strong></span> <span class='ocrx_word' id='word_1_94' title='bbox 620 1446 723 1500; x_wconf 88' lang='lat' dir='ltr'><strong><em>ista</em></strong></span> <span class='ocrx_word' id='word_1_95' title='bbox 747 1443 1046 1503; x_wconf 86' lang='lat' dir='ltr'><strong><em>docentes?</em></strong></span> <span class='ocrx_word' id='word_1_96' title='bbox 1076 1439 1216 1496; x_wconf 87' lang='lat' dir='ltr'><strong><em>Ecce</em></strong></span> <span class='ocrx_word' id='word_1_97' title='bbox 1235 1446 1421 1495; x_wconf 91' lang='lat' dir='ltr'><strong><em>contra</em></strong></span> <span class='ocrx_word' id='word_1_98' title='bbox 1443 1434 1766 1491; x_wconf 86' lang='lat' dir='ltr'><strong><em>sententiam</em></strong></span> <span class='ocrx_word' id='word_1_99' title='bbox 1788 1440 2021 1487; x_wconf 84' lang='lat' dir='ltr'><strong><em>vestram</em></strong></span> 
     </span>
    </p>
   </div>
   <div class='ocr_carea' id='block_1_13' title="bbox 427 1515 2020 1605">
    <p class='ocr_par' dir='ltr' id='par_1_13' title="bbox 427 1515 2020 1605">
     <span class='ocr_line' id='line_1_13' title="bbox 427 1515 2020 1605; baseline -0.01 -13"><span class='ocrx_word' id='word_1_100' title='bbox 427 1536 571 1592; x_wconf 86' lang='lat' dir='ltr'><strong><em>Deus</em></strong></span> <span class='ocrx_word' id='word_1_101' title='bbox 599 1516 858 1605; x_wconf 86' lang='lat' dir='ltr'><strong><em>loquitur,</em></strong></span> <span class='ocrx_word' id='word_1_102' title='bbox 893 1541 947 1588; x_wconf 93' lang='lat' dir='ltr'><strong><em>et</em></strong></span> <span class='ocrx_word' id='word_1_103' title='bbox 977 1531 1079 1602; x_wconf 89' lang='lat' dir='ltr'><strong><em>ipsi</em></strong></span> <span class='ocrx_word' id='word_1_104' title='bbox 1108 1515 1222 1584; x_wconf 75' lang='lat' dir='ltr'><strong><em>Deo</em></strong></span> <span class='ocrx_word' id='word_1_105' title='bbox 1263 1530 1331 1585; x_wconf 90' lang='lat' dir='ltr'><strong><em>de</em></strong></span> <span class='ocrx_word' id='word_1_106' title='bbox 1355 1543 1415 1583; x_wconf 91' lang='lat' dir='ltr'><strong><em>se</em></strong></span> <span class='ocrx_word' id='word_1_107' title='bbox 1463 1525 1824 1582; x_wconf 85' lang='lat' dir='ltr'><strong><em>testimonium</em></strong></span> <span class='ocrx_word' id='word_1_108' title='bbox 1872 1522 2020 1577; x_wconf 86' lang='lat' dir='ltr'><strong><em>danti</em></strong></span> 
     </span>
    </p>
   </div>
   <div class='ocr_carea' id='block_1_14' title="bbox 433 1617 2021 1694">
    <p class='ocr_par' dir='ltr' id='par_1_14' title="bbox 433 1617 2021 1694">
     <span class='ocr_line' id='line_1_14' title="bbox 433 1617 2021 1694; baseline -0.007 -11"><span class='ocrx_word' id='word_1_109' title='bbox 433 1644 538 1686; x_wconf 88' lang='lat' dir='ltr'><strong><em>non</em></strong></span> <span class='ocrx_word' id='word_1_110' title='bbox 568 1626 804 1684; x_wconf 88' lang='lat' dir='ltr'><strong><em>creditis.</em></strong></span> <span class='ocrx_word' id='word_1_111' title='bbox 844 1625 954 1680; x_wconf 87' lang='lat' dir='ltr'><strong><em>Nec</em></strong></span> <span class='ocrx_word' id='word_1_112' title='bbox 972 1625 1152 1694; x_wconf 92' lang='lat' dir='ltr'><strong><em>justus</em></strong></span> <span class='ocrx_word' id='word_1_113' title='bbox 1179 1638 1400 1678; x_wconf 89' lang='lat' dir='ltr'><strong><em>securus</em></strong></span> <span class='ocrx_word' id='word_1_114' title='bbox 1427 1621 1513 1686; x_wconf 89' lang='lat' dir='ltr'><strong><em>sit,</em></strong></span> <span class='ocrx_word' id='word_1_115' title='bbox 1539 1620 1728 1688; x_wconf 86' lang='lat' dir='ltr'><strong><em>inquit,</em></strong></span> <span class='ocrx_word' id='word_1_116' title='bbox 1761 1617 1806 1671; x_wconf 89' lang='lat' dir='ltr'><strong><em>si</em></strong></span> <span class='ocrx_word' id='word_1_117' title='bbox 1833 1617 2021 1672; x_wconf 84' lang='lat' dir='ltr'><strong><em>dixero</em></strong></span> 
     </span>
    </p>
   </div>
   <div class='ocr_carea' id='block_1_15' title="bbox 432 1708 2020 1784">
    <p class='ocr_par' dir='ltr' id='par_1_15' title="bbox 432 1708 2020 1784">
     <span class='ocr_line' id='line_1_15' title="bbox 432 1708 2020 1784; baseline -0.008 -11"><span class='ocrx_word' id='word_1_118' title='bbox 432 1719 510 1774; x_wconf 92' lang='lat' dir='ltr'><strong><em>ei:</em></strong></span> <span class='ocrx_word' id='word_1_119' title='bbox 540 1717 656 1772; x_wconf 85' lang='lat' dir='ltr'><strong><em>Vita</em></strong></span> <span class='ocrx_word' id='word_1_120' title='bbox 678 1717 847 1780; x_wconf 90' lang='lat' dir='ltr'><strong><em>vives,</em></strong></span> <span class='ocrx_word' id='word_1_121' title='bbox 859 1715 984 1784; x_wconf 89' lang='lat' dir='ltr'><strong><em>quia</em></strong></span> <span class='ocrx_word' id='word_1_122' title='bbox 1005 1715 1048 1769; x_wconf 89' lang='lat' dir='ltr'><strong><em>si</em></strong></span> <span class='ocrx_word' id='word_1_123' title='bbox 1072 1713 1356 1769; x_wconf 89' lang='lat' dir='ltr'><strong><em>recesserit</em></strong></span> <span class='ocrx_word' id='word_1_124' title='bbox 1376 1728 1405 1765; x_wconf 90' lang='lat' dir='ltr'><strong><em>a</em></strong></span> <span class='ocrx_word' id='word_1_125' title='bbox 1416 1710 1643 1780; x_wconf 89' lang='lat' dir='ltr'><strong><em>justitia,</em></strong></span> <span class='ocrx_word' id='word_1_126' title='bbox 1666 1709 1718 1763; x_wconf 89' lang='lat' dir='ltr'><strong><em>in</em></strong></span> <span class='ocrx_word' id='word_1_127' title='bbox 1741 1708 2020 1776; x_wconf 84' lang='lat' dir='ltr'><strong><em>iniquitate</em></strong></span> 
     </span>
    </p>
   </div>
   <div class='ocr_carea' id='block_1_16' title="bbox 853 309 3250 378">
    <p class='ocr_par' dir='ltr' id='par_1_16' title="bbox 853 309 3250 378">
     <span class='ocr_line' id='line_1_16' title="bbox 853 309 3250 378; baseline -0.006 1"><span class='ocrx_word' id='word_1_128' title='bbox 853 314 1445 378; x_wconf 62' lang='lat' dir='ltr'><strong><em>PREDESTINATUS</em></strong></span> <span class='ocrx_word' id='word_1_129' title='bbox 1482 314 1633 370; x_wconf 87' lang='lat' dir='ltr'><strong><em>SlVE</em></strong></span> <span class='ocrx_word' id='word_1_130' title='bbox 1673 310 2370 368; x_wconf 70' lang='lat' dir='ltr'><strong><em>PRIEDESTINATORUM</em></strong></span> <span class='ocrx_word' id='word_1_131' title='bbox 2410 311 2763 378; x_wconf 55' lang='lat' dir='ltr'><strong><em>llAERESIS,</em></strong></span> <span class='ocrx_word' id='word_1_132' title='bbox 2805 311 2952 367; x_wconf 84' lang='lat' dir='ltr'><strong><em>ETC.</em></strong></span> <span class='ocrx_word' id='word_1_133' title='bbox 2996 311 3120 367; x_wconf 86' lang='lat' dir='ltr'><strong><em>LIB.</em></strong></span> <span class='ocrx_word' id='word_1_134' title='bbox 3162 309 3250 366; x_wconf 83' lang='lat' dir='ltr'><strong><em>Ill.</em></strong></span> 
     </span>
    </p>
   </div>
   <div class='ocr_carea' id='block_1_17' title="bbox 426 401 3784 511">
    <p class='ocr_par' dir='ltr' id='par_1_17' title="bbox 426 401 3784 511">
     <span class='ocr_line' id='line_1_17' title="bbox 426 401 3784 511; baseline -0.005 -15"><span class='ocrx_word' id='word_1_135' title='bbox 426 457 522 496; x_wconf 88' lang='lat' dir='ltr'><strong><em>suo</em></strong></span> <span class='ocrx_word' id='word_1_136' title='bbox 549 438 687 510; x_wconf 88' lang='lat' dir='ltr'><strong><em>quod</em></strong></span> <span class='ocrx_word' id='word_1_137' title='bbox 711 440 847 511; x_wconf 73' lang='lat' dir='ltr'><strong><em>fecit.</em></strong></span> <span class='ocrx_word' id='word_1_138' title='bbox 873 435 940 490; x_wconf 87' lang='lat' dir='ltr'><strong><em>Et</em></strong></span> <span class='ocrx_word' id='word_1_139' title='bbox 969 436 1012 488; x_wconf 88' lang='lat' dir='ltr'><strong><em>si</em></strong></span> <span class='ocrx_word' id='word_1_140' title='bbox 1034 434 1208 487; x_wconf 69' lang='lat' dir='ltr'><strong><em>dixero</em></strong></span> <span class='ocrx_word' id='word_1_141' title='bbox 1234 401 1414 502; x_wconf 85' lang='lat' dir='ltr'><strong><em>justo:</em></strong></span> <span class='ocrx_word' id='word_1_142' title='bbox 1443 427 1579 480; x_wconf 82' lang='lat' dir='ltr'><strong><em>‘Vita</em></strong></span> <span class='ocrx_word' id='word_1_143' title='bbox 1599 427 1752 490; x_wconf 80' lang='lat' dir='ltr'><strong><em>vives,</em></strong></span> <span class='ocrx_word' id='word_1_144' title='bbox 1775 435 1823 478; x_wconf 91' lang='lat' dir='ltr'><strong><em>et</em></strong></span> <span class='ocrx_word' id='word_1_145' title='bbox 1851 441 2018 478; x_wconf 89' lang='lat' dir='ltr'><strong><em>reces-</em></strong></span> <span class='ocrx_word' id='word_1_146' title='bbox 2045 427 2096 486; x_wconf 81' lang='grc' dir='ltr'>Α</span> <span class='ocrx_word' id='word_1_147' title='bbox 2121 423 2226 476; x_wconf 90' lang='lat' dir='ltr'><strong><em>nisi</em></strong></span> <span class='ocrx_word' id='word_1_148' title='bbox 2255 430 2314 476; x_wconf 92' lang='lat' dir='ltr'><strong><em>ut</em></strong></span> <span class='ocrx_word' id='word_1_149' title='bbox 2341 422 2658 492; x_wconf 87' lang='lat' dir='ltr'><strong><em>simpliciter</em></strong></span> <span class='ocrx_word' id='word_1_150' title='bbox 2695 422 3031 478; x_wconf 88' lang='lat' dir='ltr'><strong><em>ambulantes</em></strong></span> <span class='ocrx_word' id='word_1_151' title='bbox 3072 421 3381 492; x_wconf 89' lang='lat' dir='ltr'><strong><em>exspolietis</em></strong></span> <span class='ocrx_word' id='word_1_152' title='bbox 3421 424 3716 484; x_wconf 82' lang='lat' dir='ltr'><strong><em>catholicos</em></strong></span> <span class='ocrx_word' id='word_1_153' title='bbox 3779 455 3784 461; x_wconf 88' lang='lat'><strong><em>-</em></strong></span> 
     </span>
    </p>
   </div>
   <div class='ocr_carea' id='block_1_18' title="bbox 3609 316 3715 373">
    <p class='ocr_par' dir='ltr' id='par_1_18' title="bbox 3609 316 3715 373">
     <span class='ocr_line' id='line_1_18' title="bbox 3609 316 3715 373; baseline 0 0"><span class='ocrx_word' id='word_1_154' title='bbox 3609 316 3715 373; x_wconf 74' lang='grc'><strong><em>654</em></strong></span> 
     </span>
    </p>
   </div>
   <div class='ocr_carea' id='block_1_19' title="bbox 2129 515 3716 586">
    <p class='ocr_par' dir='ltr' id='par_1_19' title="bbox 2129 515 3716 586">
     <span class='ocr_line' id='line_1_19' title="bbox 2129 515 3716 586; baseline 0.003 -16"><span class='ocrx_word' id='word_1_155' title='bbox 2129 517 2325 571; x_wconf 90' lang='lat' dir='ltr'><strong><em>vestitu</em></strong></span> <span class='ocrx_word' id='word_1_156' title='bbox 2346 516 2629 581; x_wconf 85' lang='lat' dir='ltr'><strong><em>deaurato,</em></strong></span> <span class='ocrx_word' id='word_1_157' title='bbox 2661 524 2716 571; x_wconf 90' lang='lat' dir='ltr'><strong><em>et</em></strong></span> <span class='ocrx_word' id='word_1_158' title='bbox 2744 515 2977 572; x_wconf 88' lang='lat' dir='ltr'><strong><em>induatis</em></strong></span> <span class='ocrx_word' id='word_1_159' title='bbox 3003 532 3097 572; x_wconf 88' lang='lat' dir='ltr'><strong><em>eos</em></strong></span> <span class='ocrx_word' id='word_1_160' title='bbox 3124 517 3317 586; x_wconf 87' lang='lat' dir='ltr'><strong><em>pannis</em></strong></span> <span class='ocrx_word' id='word_1_161' title='bbox 3342 516 3716 576; x_wconf 62' lang='lat' dir='ltr'><strong><em>hatreticorum</em></strong></span> 
     </span>
    </p>
   </div>
   <div class='ocr_carea' id='block_1_20' title="bbox 2125 605 3716 683">
    <p class='ocr_par' dir='ltr' id='par_1_20' title="bbox 2125 605 3716 683">
     <span class='ocr_line' id='line_1_20' title="bbox 2125 605 3716 683; baseline 0.004 -23"><span class='ocrx_word' id='word_1_162' title='bbox 2125 607 2373 664; x_wconf 88' lang='lat' dir='ltr'><strong><em>sordibus</em></strong></span> <span class='ocrx_word' id='word_1_163' title='bbox 2392 608 2585 678; x_wconf 90' lang='lat' dir='ltr'><strong><em>plenis.</em></strong></span> <span class='ocrx_word' id='word_1_164' title='bbox 2615 607 2672 662; x_wconf 89' lang='lat' dir='ltr'><strong><em>ln</em></strong></span> <span class='ocrx_word' id='word_1_165' title='bbox 2696 605 2970 683; x_wconf 78' lang='lat' dir='ltr'><strong><em>Geneseos</em></strong></span> <span class='ocrx_word' id='word_1_166' title='bbox 2997 609 3135 664; x_wconf 89' lang='lat' dir='ltr'><strong><em>libro</em></strong></span> <span class='ocrx_word' id='word_1_167' title='bbox 3162 608 3230 664; x_wconf 90' lang='lat' dir='ltr'><strong><em>de</em></strong></span> <span class='ocrx_word' id='word_1_168' title='bbox 3251 609 3495 666; x_wconf 83' lang='lat' dir='ltr'><strong><em>Rebecca</em></strong></span> <span class='ocrx_word' id='word_1_169' title='bbox 3514 609 3716 666; x_wconf 89' lang='lat' dir='ltr'><strong><em>dictum</em></strong></span> 
     </span>
    </p>
   </div>
   <div class='ocr_carea' id='block_1_21' title="bbox 2125 700 3713 776">
    <p class='ocr_par' dir='ltr' id='par_1_21' title="bbox 2125 700 3713 776">
     <span class='ocr_line' id='line_1_21' title="bbox 2125 700 3713 776; baseline 0.002 -21"><span class='ocrx_word' id='word_1_170' title='bbox 2125 709 2207 756; x_wconf 87' lang='lat' dir='ltr'><strong><em>est</em></strong></span> <span class='ocrx_word' id='word_1_171' title='bbox 2240 720 2251 752; x_wconf 93' lang='lat'>:</span> <span class='ocrx_word' id='word_1_172' title='bbox 2295 700 2428 756; x_wconf 75' lang='lat' dir='ltr'><strong><em>Dua:</em></strong></span> <span class='ocrx_word' id='word_1_173' title='bbox 2453 711 2630 774; x_wconf 85' lang='lat' dir='ltr'><strong><em>gentes</em></strong></span> <span class='ocrx_word' id='word_1_174' title='bbox 2654 709 2704 755; x_wconf 90' lang='lat' dir='ltr'><strong><em>et</em></strong></span> <span class='ocrx_word' id='word_1_175' title='bbox 2725 700 2828 756; x_wconf 89' lang='lat' dir='ltr'><strong><em>duo</em></strong></span> <span class='ocrx_word' id='word_1_176' title='bbox 2857 701 3032 772; x_wconf 81' lang='lat' dir='ltr'><strong><em>populi</em></strong></span> <span class='ocrx_word' id='word_1_177' title='bbox 3057 702 3122 755; x_wconf 90' lang='lat' dir='ltr'><strong><em>de</em></strong></span> <span class='ocrx_word' id='word_1_178' title='bbox 3165 712 3248 758; x_wconf 86' lang='lat' dir='ltr'><strong><em>tuo</em></strong></span> <span class='ocrx_word' id='word_1_179' title='bbox 3275 713 3419 759; x_wconf 84' lang='lat' dir='ltr'><strong><em>utero</em></strong></span> <span class='ocrx_word' id='word_1_180' title='bbox 3456 704 3713 776; x_wconf 86' lang='lat' dir='ltr'><strong><em>prodient,</em></strong></span> 
     </span>
    </p>
   </div>
   <div class='ocr_carea' id='block_1_22' title="bbox 2124 791 3716 865">
    <p class='ocr_par' dir='ltr' id='par_1_22' title="bbox 2124 791 3716 865">
     <span class='ocr_line' id='line_1_22' title="bbox 2124 791 3716 865; baseline 0.004 -18"><span class='ocrx_word' id='word_1_181' title='bbox 2124 801 2172 847; x_wconf 90' lang='lat' dir='ltr'><strong><em>et</em></strong></span> <span class='ocrx_word' id='word_1_182' title='bbox 2193 795 2412 863; x_wconf 89' lang='lat' dir='ltr'><strong><em>populus</em></strong></span> <span class='ocrx_word' id='word_1_183' title='bbox 2459 794 2702 865; x_wconf 83' lang='lat' dir='ltr'><strong><em>populum</em></strong></span> <span class='ocrx_word' id='word_1_184' title='bbox 2731 791 3011 864; x_wconf 85' lang='lat' dir='ltr'><strong><em>superabit,</em></strong></span> <span class='ocrx_word' id='word_1_185' title='bbox 3055 805 3106 847; x_wconf 91' lang='lat' dir='ltr'><strong><em>et</em></strong></span> <span class='ocrx_word' id='word_1_186' title='bbox 3131 797 3302 865; x_wconf 84' lang='lat' dir='ltr'><strong><em>major</em></strong></span> <span class='ocrx_word' id='word_1_187' title='bbox 3329 799 3511 852; x_wconf 81' lang='lat' dir='ltr'><strong><em>serviet</em></strong></span> <span class='ocrx_word' id='word_1_188' title='bbox 3529 798 3716 853; x_wconf 73' lang='lat' dir='ltr'><strong><em>minori</em></strong></span> 
     </span>
    </p>
   </div>
   <div class='ocr_carea' id='block_1_23' title="bbox 2126 883 3718 958">
    <p class='ocr_par' dir='ltr' id='par_1_23' title="bbox 2126 883 3718 958">
     <span class='ocr_line' id='line_1_23' title="bbox 2126 883 3718 958; baseline 0.004 -20"><span class='ocrx_word' id='word_1_189' title='bbox 2126 883 2279 955; x_wconf 83' lang='lat' dir='ltr'><strong><em>(Cen.</em></strong></span> <span class='ocrx_word' id='word_1_190' title='bbox 2323 901 2448 951; x_wconf 85' lang='lat' dir='ltr'><strong><em>xxv,</em></strong></span> <span class='ocrx_word' id='word_1_191' title='bbox 2480 884 2605 955; x_wconf 75' lang='grc'><strong>25).</strong></span> <span class='ocrx_word' id='word_1_192' title='bbox 2639 883 2928 955; x_wconf 83' lang='lat' dir='ltr'><strong><em>Prophetia</em></strong></span> <span class='ocrx_word' id='word_1_193' title='bbox 2958 898 3086 954; x_wconf 90' lang='lat' dir='ltr'><strong><em>ergo</em></strong></span> <span class='ocrx_word' id='word_1_194' title='bbox 3139 901 3247 941; x_wconf 90' lang='lat' dir='ltr'><strong><em>non</em></strong></span> <span class='ocrx_word' id='word_1_195' title='bbox 3292 885 3360 942; x_wconf 86' lang='lat' dir='ltr'><strong><em>de</em></strong></span> <span class='ocrx_word' id='word_1_196' title='bbox 3406 888 3489 942; x_wconf 88' lang='lat' dir='ltr'><strong><em>his</em></strong></span> <span class='ocrx_word' id='word_1_197' title='bbox 3517 891 3718 958; x_wconf 77' lang='lat' dir='ltr'><strong><em>estqui</em></strong></span> 
     </span>
    </p>
   </div>
   <div class='ocr_carea' id='block_1_24' title="bbox 2123 975 3716 1048">
    <p class='ocr_par' dir='ltr' id='par_1_24' title="bbox 2123 975 3716 1048">
     <span class='ocr_line' id='line_1_24' title="bbox 2123 975 3716 1048; baseline 0.002 -18"><span class='ocrx_word' id='word_1_198' title='bbox 2123 976 2416 1031; x_wconf 79' lang='lat' dir='ltr'><strong><em>secundum</em></strong></span> <span class='ocrx_word' id='word_1_199' title='bbox 2445 991 2662 1032; x_wconf 90' lang='lat' dir='ltr'><strong><em>carnem</em></strong></span> <span class='ocrx_word' id='word_1_200' title='bbox 2685 976 3064 1042; x_wconf 90' lang='lat' dir='ltr'><strong><em>nascebantur,</em></strong></span> <span class='ocrx_word' id='word_1_201' title='bbox 3095 976 3188 1032; x_wconf 87' lang='lat' dir='ltr'><strong><em>sed</em></strong></span> <span class='ocrx_word' id='word_1_202' title='bbox 3216 975 3284 1032; x_wconf 89' lang='lat' dir='ltr'><strong><em>de</em></strong></span> <span class='ocrx_word' id='word_1_203' title='bbox 3305 977 3515 1033; x_wconf 90' lang='lat' dir='ltr'><strong><em>duobus</em></strong></span> <span class='ocrx_word' id='word_1_204' title='bbox 3541 993 3716 1048; x_wconf 87' lang='lat' dir='ltr'><strong><em>popu-</em></strong></span> 
     </span>
    </p>
   </div>
   <div class='ocr_carea' id='block_1_25' title="bbox 2124 1069 3716 1140">
    <p class='ocr_par' dir='ltr' id='par_1_25' title="bbox 2124 1069 3716 1140">
     <span class='ocr_line' id='line_1_25' title="bbox 2124 1069 3716 1140; baseline 0.001 -16"><span class='ocrx_word' id='word_1_205' title='bbox 2124 1069 2189 1124; x_wconf 91' lang='lat' dir='ltr'><strong><em>lis</em></strong></span> <span class='ocrx_word' id='word_1_206' title='bbox 2212 1069 2518 1134; x_wconf 66' lang='lat' dir='ltr'><strong><em>Judscorum</em></strong></span> <span class='ocrx_word' id='word_1_207' title='bbox 2539 1078 2595 1124; x_wconf 90' lang='lat' dir='ltr'><strong><em>et</em></strong></span> <span class='ocrx_word' id='word_1_208' title='bbox 2614 1071 2854 1138; x_wconf 91' lang='lat' dir='ltr'><strong><em>gentium</em></strong></span> <span class='ocrx_word' id='word_1_209' title='bbox 2886 1085 2901 1124; x_wconf 87' lang='lat'><strong>:</strong></span> <span class='ocrx_word' id='word_1_210' title='bbox 2945 1070 2999 1124; x_wconf 92' lang='lat' dir='ltr'><strong><em>in</em></strong></span> <span class='ocrx_word' id='word_1_211' title='bbox 3027 1085 3136 1139; x_wconf 92' lang='lat' dir='ltr'><strong><em>quo</em></strong></span> <span class='ocrx_word' id='word_1_212' title='bbox 3171 1069 3345 1140; x_wconf 87' lang='lat' dir='ltr'><strong><em>major</em></strong></span> <span class='ocrx_word' id='word_1_213' title='bbox 3371 1070 3601 1140; x_wconf 89' lang='lat' dir='ltr'><strong><em>populus</em></strong></span> <span class='ocrx_word' id='word_1_214' title='bbox 3619 1069 3716 1125; x_wconf 85' lang='lat' dir='ltr'><strong><em>Ju-</em></strong></span> 
     </span>
    </p>
   </div>
   <div class='ocr_carea' id='block_1_26' title="bbox 2123 1162 3718 1232">
    <p class='ocr_par' dir='ltr' id='par_1_26' title="bbox 2123 1162 3718 1232">
     <span class='ocr_line' id='line_1_26' title="bbox 2123 1162 3718 1232; baseline 0.002 -15"><span class='ocrx_word' id='word_1_215' title='bbox 2123 1163 2361 1218; x_wconf 83' lang='lat' dir='ltr'><strong><em>daeorum</em></strong></span> <span class='ocrx_word' id='word_1_216' title='bbox 2389 1164 2587 1219; x_wconf 89' lang='lat' dir='ltr'><strong><em>serviet</em></strong></span> <span class='ocrx_word' id='word_1_217' title='bbox 2623 1165 2840 1230; x_wconf 86' lang='lat' dir='ltr'><strong><em>minori,</em></strong></span> <span class='ocrx_word' id='word_1_218' title='bbox 2872 1164 2926 1220; x_wconf 89' lang='lat' dir='ltr'><strong><em>id</em></strong></span> <span class='ocrx_word' id='word_1_219' title='bbox 2953 1171 3055 1231; x_wconf 91' lang='lat' dir='ltr'><strong><em>est,</em></strong></span> <span class='ocrx_word' id='word_1_220' title='bbox 3086 1164 3344 1232; x_wconf 81' lang='lat' dir='ltr'><strong><em>gentium.</em></strong></span> <span class='ocrx_word' id='word_1_221' title='bbox 3378 1162 3468 1220; x_wconf 89' lang='lat' dir='ltr'><strong><em>Sic</em></strong></span> <span class='ocrx_word' id='word_1_222' title='bbox 3493 1165 3636 1220; x_wconf 88' lang='lat' dir='ltr'><strong><em>enim</em></strong></span> <span class='ocrx_word' id='word_1_223' title='bbox 3661 1171 3718 1220; x_wconf 86' lang='lat' dir='ltr'><strong><em>et</em></strong></span> 
     </span>
    </p>
   </div>
   <div class='ocr_carea' id='block_1_27' title="bbox 2123 1243 3740 1327">
    <p class='ocr_par' dir='ltr' id='par_1_27' title="bbox 2123 1243 3740 1327">
     <span class='ocr_line' id='line_1_27' title="bbox 2123 1243 3740 1327; baseline 0 -17"><span class='ocrx_word' id='word_1_224' title='bbox 2123 1255 2365 1323; x_wconf 88' lang='lat' dir='ltr'><strong><em>sequitur</em></strong></span> <span class='ocrx_word' id='word_1_225' title='bbox 2390 1255 2682 1326; x_wconf 82' lang='lat' dir='ltr'><strong><em>Apostolus</em></strong></span> <span class='ocrx_word' id='word_1_226' title='bbox 2707 1273 2718 1308; x_wconf 93' lang='lat'>:</span> <span class='ocrx_word' id='word_1_227' title='bbox 2751 1257 2791 1308; x_wconf 80' lang='grc' dir='ltr'><em>Α</em></span> <span class='ocrx_word' id='word_1_228' title='bbox 2822 1257 3142 1327; x_wconf 72' lang='lat' dir='ltr'><strong><em>prwsciente,</em></strong></span> <span class='ocrx_word' id='word_1_229' title='bbox 3176 1255 3376 1326; x_wconf 90' lang='lat' dir='ltr'><strong><em>inquit,</em></strong></span> <span class='ocrx_word' id='word_1_230' title='bbox 3399 1255 3589 1309; x_wconf 88' lang='lat' dir='ltr'><strong><em>dictum</em></strong></span> <span class='ocrx_word' id='word_1_231' title='bbox 3618 1265 3712 1322; x_wconf 88' lang='lat' dir='ltr'><strong><em>est,</em></strong></span> <span class='ocrx_word' id='word_1_232' title='bbox 3737 1243 3740 1246; x_wconf 14' lang='lat'><strong><em>1</em></strong></span> 
     </span>
    </p>
   </div>
   <div class='ocr_carea' id='block_1_28' title="bbox 2123 1345 3718 1418">
    <p class='ocr_par' dir='ltr' id='par_1_28' title="bbox 2123 1345 3718 1418">
     <span class='ocr_line' id='line_1_28' title="bbox 2123 1345 3718 1418; baseline 0.004 -20"><span class='ocrx_word' id='word_1_233' title='bbox 2123 1347 2242 1417; x_wconf 82' lang='lat' dir='ltr'><strong><em>quia</em></strong></span> <span class='ocrx_word' id='word_1_234' title='bbox 2265 1347 2436 1417; x_wconf 87' lang='lat' dir='ltr'><strong><em>major</em></strong></span> <span class='ocrx_word' id='word_1_235' title='bbox 2464 1348 2646 1400; x_wconf 82' lang='lat' dir='ltr'><strong><em>serviet</em></strong></span> <span class='ocrx_word' id='word_1_236' title='bbox 2666 1348 2855 1401; x_wconf 90' lang='lat' dir='ltr'><strong><em>minori</em></strong></span> <span class='ocrx_word' id='word_1_237' title='bbox 2887 1347 3062 1418; x_wconf 86' lang='lat' dir='ltr'><strong><em>(Rom.</em></strong></span> <span class='ocrx_word' id='word_1_238' title='bbox 3093 1363 3167 1412; x_wconf 78' lang='lat' dir='ltr'><strong><em>rx,</em></strong></span> <span class='ocrx_word' id='word_1_239' title='bbox 3201 1347 3309 1418; x_wconf 76' lang='lat' dir='ltr'><strong><em>i2).</em></strong></span> <span class='ocrx_word' id='word_1_240' title='bbox 3341 1345 3413 1402; x_wconf 88' lang='lat' dir='ltr'><strong><em>Ut</em></strong></span> <span class='ocrx_word' id='word_1_241' title='bbox 3448 1347 3574 1418; x_wconf 88' lang='lat' dir='ltr'><strong><em>quid</em></strong></span> <span class='ocrx_word' id='word_1_242' title='bbox 3613 1348 3718 1404; x_wconf 86' lang='lat' dir='ltr'><strong><em>hoc</em></strong></span> 
     </span>
    </p>
   </div>
   <div class='ocr_carea' id='block_1_29' title="bbox 2123 1436 3712 1510">
    <p class='ocr_par' dir='ltr' id='par_1_29' title="bbox 2123 1436 3712 1510">
     <span class='ocr_line' id='line_1_29' title="bbox 2123 1436 3712 1510; baseline 0.002 -20"><span class='ocrx_word' id='word_1_243' title='bbox 2123 1436 2322 1503; x_wconf 84' lang='lat' dir='ltr'><strong><em>dixisti,</em></strong></span> <span class='ocrx_word' id='word_1_244' title='bbox 2355 1454 2388 1493; x_wconf 90' lang='grc' dir='ltr'>ο</span> <span class='ocrx_word' id='word_1_245' title='bbox 2416 1438 2574 1492; x_wconf 89' lang='lat' dir='ltr'><strong><em>beate</em></strong></span> <span class='ocrx_word' id='word_1_246' title='bbox 2603 1437 2768 1493; x_wconf 86' lang='lat' dir='ltr'><strong><em>Paule</em></strong></span> <span class='ocrx_word' id='word_1_247' title='bbox 2797 1439 3080 1510; x_wconf 88' lang='lat' dir='ltr'><strong><em>apostole?</em></strong></span> <span class='ocrx_word' id='word_1_248' title='bbox 3121 1446 3248 1508; x_wconf 91' lang='lat' dir='ltr'><strong><em>peto</em></strong></span> <span class='ocrx_word' id='word_1_249' title='bbox 3277 1446 3338 1493; x_wconf 90' lang='lat' dir='ltr'><strong><em>ut</em></strong></span> <span class='ocrx_word' id='word_1_250' title='bbox 3363 1437 3712 1508; x_wconf 90' lang='lat' dir='ltr'><strong><em>respondeas.</em></strong></span> 
     </span>
    </p>
   </div>
   <div class='ocr_carea' id='block_1_30' title="bbox 2122 1527 3719 1600">
    <p class='ocr_par' dir='ltr' id='par_1_30' title="bbox 2122 1527 3719 1600">
     <span class='ocr_line' id='line_1_30' title="bbox 2122 1527 3719 1600; baseline 0.002 -18"><span class='ocrx_word' id='word_1_251' title='bbox 2122 1527 2498 1598; x_wconf 81' lang='lat' dir='ltr'><strong><em>Nunquidnam</em></strong></span> <span class='ocrx_word' id='word_1_252' title='bbox 2528 1538 2815 1600; x_wconf 88' lang='lat' dir='ltr'><strong><em>pr0pterea</em></strong></span> <span class='ocrx_word' id='word_1_253' title='bbox 2865 1530 2968 1584; x_wconf 92' lang='lat' dir='ltr'><strong><em>hoc</em></strong></span> <span class='ocrx_word' id='word_1_254' title='bbox 3005 1529 3206 1595; x_wconf 84' lang='lat' dir='ltr'><strong><em>dixisti,</em></strong></span> <span class='ocrx_word' id='word_1_255' title='bbox 3240 1537 3297 1583; x_wconf 88' lang='lat' dir='ltr'><strong><em>ut</em></strong></span> <span class='ocrx_word' id='word_1_256' title='bbox 3317 1529 3719 1599; x_wconf 83' lang='lat' dir='ltr'><strong><em>praedestinatio</em></strong></span> 
     </span>
    </p>
   </div>
   <div class='ocr_carea' id='block_1_31' title="bbox 2123 1620 3721 1693">
    <p class='ocr_par' dir='ltr' id='par_1_31' title="bbox 2123 1620 3721 1693">
     <span class='ocr_line' id='line_1_31' title="bbox 2123 1620 3721 1693; baseline 0.003 -19"><span class='ocrx_word' id='word_1_257' title='bbox 2123 1620 2490 1689; x_wconf 82' lang='lat' dir='ltr'><strong><em>pracjudicium</em></strong></span> <span class='ocrx_word' id='word_1_258' title='bbox 2519 1620 2806 1676; x_wconf 91' lang='lat' dir='ltr'><strong><em>nascituris</em></strong></span> <span class='ocrx_word' id='word_1_259' title='bbox 2828 1621 3078 1677; x_wconf 81' lang='lat' dir='ltr'><strong><em>aﬂ&#39;erret?</em></strong></span> <span class='ocrx_word' id='word_1_260' title='bbox 3110 1621 3423 1692; x_wconf 82' lang='lat' dir='ltr'><strong><em>Respondet</em></strong></span> <span class='ocrx_word' id='word_1_261' title='bbox 3462 1621 3536 1676; x_wconf 91' lang='lat' dir='ltr'><strong><em>ita</em></strong></span> <span class='ocrx_word' id='word_1_262' title='bbox 3576 1621 3721 1693; x_wconf 79' lang='lat' dir='ltr'><strong><em>Apo-</em></strong></span> 
     </span>
    </p>
   </div>
   <div class='ocr_carea' id='block_1_32' title="bbox 2122 1714 3718 1786">
    <p class='ocr_par' dir='ltr' id='par_1_32' title="bbox 2122 1714 3718 1786">
     <span class='ocr_line' id='line_1_32' title="bbox 2122 1714 3718 1786; baseline 0.003 -18"><span class='ocrx_word' id='word_1_263' title='bbox 2122 1714 2292 1769; x_wconf 91' lang='lat' dir='ltr'><strong><em>stolus</em></strong></span> <span class='ocrx_word' id='word_1_264' title='bbox 2324 1733 2336 1767; x_wconf 89' lang='lat'><strong>:</strong></span> <span class='ocrx_word' id='word_1_265' title='bbox 2388 1714 2501 1783; x_wconf 85' lang='lat' dir='ltr'><strong><em>Ego</em></strong></span> <span class='ocrx_word' id='word_1_266' title='bbox 2529 1723 2754 1786; x_wconf 83' lang='lat' dir='ltr'><strong><em>propter</em></strong></span> <span class='ocrx_word' id='word_1_267' title='bbox 2780 1716 2885 1770; x_wconf 91' lang='lat' dir='ltr'><strong><em>hoc</em></strong></span> <span class='ocrx_word' id='word_1_268' title='bbox 2921 1716 3054 1781; x_wconf 82' lang='lat' dir='ltr'><strong><em>dixi,</em></strong></span> <span class='ocrx_word' id='word_1_269' title='bbox 3081 1716 3252 1786; x_wconf 87' lang='lat' dir='ltr'><strong><em>Major</em></strong></span> <span class='ocrx_word' id='word_1_270' title='bbox 3278 1717 3475 1773; x_wconf 88' lang='lat' dir='ltr'><strong><em>serviet</em></strong></span> <span class='ocrx_word' id='word_1_271' title='bbox 3503 1719 3718 1786; x_wconf 88' lang='lat' dir='ltr'><strong><em>minori,</em></strong></span> 
     </span>
    </p>
   </div>
   <div class='ocr_carea' id='block_1_33' title="bbox 431 1799 3721 1881">
    <p class='ocr_par' dir='ltr' id='par_1_33' title="bbox 431 1799 3721 1881">
     <span class='ocr_line' id='line_1_33' title="bbox 431 1799 3721 1881; baseline 0 -14"><span class='ocrx_word' id='word_1_272' title='bbox 431 1810 720 1874; x_wconf 86' lang='lat' dir='ltr'><strong><em>morietur;</em></strong></span> <span class='ocrx_word' id='word_1_273' title='bbox 751 1815 940 1862; x_wconf 85' lang='lat' dir='ltr'><strong><em>eLcum</em></strong></span> <span class='ocrx_word' id='word_1_274' title='bbox 967 1805 1194 1861; x_wconf 82' lang='lat' dir='ltr'><strong><em>dixerim</em></strong></span> <span class='ocrx_word' id='word_1_275' title='bbox 1217 1802 1488 1874; x_wconf 90' lang='lat' dir='ltr'><strong><em>peccatori</em></strong></span> <span class='ocrx_word' id='word_1_276' title='bbox 1513 1819 1524 1853; x_wconf 78' lang='grc' dir='ltr'>ε</span> <span class='ocrx_word' id='word_1_277' title='bbox 1554 1800 1723 1855; x_wconf 87' lang='lat' dir='ltr'><strong><em>Morte</em></strong></span> <span class='ocrx_word' id='word_1_278' title='bbox 1750 1799 2015 1865; x_wconf 89' lang='lat' dir='ltr'><strong><em>morieris,</em></strong></span> <span class='ocrx_word' id='word_1_279' title='bbox 2049 1812 2097 1872; x_wconf 85' lang='grc' dir='ltr'><strong>Β</strong></span> <span class='ocrx_word' id='word_1_280' title='bbox 2123 1816 2181 1860; x_wconf 87' lang='grc' dir='ltr'><strong><em>ιιι</em></strong></span> <span class='ocrx_word' id='word_1_281' title='bbox 2210 1807 2403 1861; x_wconf 88' lang='lat' dir='ltr'><strong><em>electio</em></strong></span> <span class='ocrx_word' id='word_1_282' title='bbox 2433 1803 2500 1862; x_wconf 87' lang='lat' dir='ltr'><strong><em>ex</em></strong></span> <span class='ocrx_word' id='word_1_283' title='bbox 2520 1808 2767 1876; x_wconf 89' lang='lat' dir='ltr'><strong><em>gentibus</em></strong></span> <span class='ocrx_word' id='word_1_284' title='bbox 2797 1807 2966 1864; x_wconf 86' lang='lat' dir='ltr'><strong><em>ﬁeret.</em></strong></span> <span class='ocrx_word' id='word_1_285' title='bbox 2997 1807 3138 1878; x_wconf 89' lang='lat' dir='ltr'><strong><em>Ergo</em></strong></span> <span class='ocrx_word' id='word_1_286' title='bbox 3167 1810 3212 1864; x_wconf 90' lang='lat' dir='ltr'><strong><em>si</em></strong></span> <span class='ocrx_word' id='word_1_287' title='bbox 3239 1811 3534 1881; x_wconf 64' lang='lat' dir='ltr'><strong><em>prophetiae</em></strong></span> <span class='ocrx_word' id='word_1_288' title='bbox 3562 1810 3721 1880; x_wconf 89' lang='lat' dir='ltr'><strong><em>hujus</em></strong></span> 
     </span>
    </p>
   </div>
   <div class='ocr_carea' id='block_1_34' title="bbox 433 1894 2024 1967">
    <p class='ocr_par' dir='ltr' id='par_1_34' title="bbox 433 1894 2024 1967">
     <span class='ocr_line' id='line_1_34' title="bbox 433 1894 2024 1967; baseline -0.008 -8"><span class='ocrx_word' id='word_1_289' title='bbox 433 1912 487 1959; x_wconf 89' lang='lat' dir='ltr'><strong><em>et</em></strong></span> <span class='ocrx_word' id='word_1_290' title='bbox 514 1918 811 1959; x_wconf 89' lang='lat' dir='ltr'><strong><em>conversus</em></strong></span> <span class='ocrx_word' id='word_1_291' title='bbox 855 1900 1032 1967; x_wconf 78' lang='lat' dir='ltr'><strong><em>fuerit,</em></strong></span> <span class='ocrx_word' id='word_1_292' title='bbox 1060 1899 1184 1954; x_wconf 90' lang='lat' dir='ltr'><strong><em>vivo</em></strong></span> <span class='ocrx_word' id='word_1_293' title='bbox 1213 1913 1334 1967; x_wconf 87' lang='lat' dir='ltr'><strong><em>ego,</em></strong></span> <span class='ocrx_word' id='word_1_294' title='bbox 1365 1897 1497 1952; x_wconf 91' lang='lat' dir='ltr'><strong><em>dicit</em></strong></span> <span class='ocrx_word' id='word_1_295' title='bbox 1523 1895 1797 1959; x_wconf 88' lang='lat' dir='ltr'><strong><em>Dominus,</em></strong></span> <span class='ocrx_word' id='word_1_296' title='bbox 1829 1894 2024 1964; x_wconf 88' lang='lat' dir='ltr'><strong><em>iniqui-</em></strong></span> 
     </span>
    </p>
   </div>
   <div class='ocr_carea' id='block_1_35' title="bbox 434 1985 2024 2062">
    <p class='ocr_par' dir='ltr' id='par_1_35' title="bbox 434 1985 2024 2062">
     <span class='ocr_line' id='line_1_35' title="bbox 434 1985 2024 2062; baseline -0.008 -12"><span class='ocrx_word' id='word_1_297' title='bbox 434 2003 605 2050; x_wconf 85' lang='lat' dir='ltr'><strong><em>tatum</em></strong></span> <span class='ocrx_word' id='word_1_298' title='bbox 653 1993 770 2062; x_wconf 87' lang='lat' dir='ltr'><strong><em>ejus</em></strong></span> <span class='ocrx_word' id='word_1_299' title='bbox 816 2008 924 2047; x_wconf 91' lang='lat' dir='ltr'><strong><em>non</em></strong></span> <span class='ocrx_word' id='word_1_300' title='bbox 972 1989 1318 2054; x_wconf 83' lang='lat' dir='ltr'><strong><em>recordabor,</em></strong></span> <span class='ocrx_word' id='word_1_301' title='bbox 1353 1989 1464 2042; x_wconf 89' lang='lat' dir='ltr'><strong><em>vita</em></strong></span> <span class='ocrx_word' id='word_1_302' title='bbox 1507 1987 1668 2041; x_wconf 88' lang='lat' dir='ltr'><strong><em>vivet.</em></strong></span> <span class='ocrx_word' id='word_1_303' title='bbox 1701 1985 1836 2040; x_wconf 88' lang='lat' dir='ltr'><strong><em>Nolo</em></strong></span> <span class='ocrx_word' id='word_1_304' title='bbox 1880 1985 2024 2040; x_wconf 91' lang='lat' dir='ltr'><strong><em>enim</em></strong></span> 
     </span>
    </p>
   </div>
   <div class='ocr_carea' id='block_1_36' title="bbox 435 2077 2020 2148">
    <p class='ocr_par' dir='ltr' id='par_1_36' title="bbox 435 2077 2020 2148">
     <span class='ocr_line' id='line_1_36' title="bbox 435 2077 2020 2148; baseline -0.008 -7"><span class='ocrx_word' id='word_1_305' title='bbox 435 2093 668 2143; x_wconf 88' lang='lat' dir='ltr'><strong><em>mortem</em></strong></span> <span class='ocrx_word' id='word_1_306' title='bbox 696 2082 995 2148; x_wconf 90' lang='lat' dir='ltr'><strong><em>morientis,</em></strong></span> <span class='ocrx_word' id='word_1_307' title='bbox 1046 2089 1252 2135; x_wconf 89' lang='lat' dir='ltr'><strong><em>tantum</em></strong></span> <span class='ocrx_word' id='word_1_308' title='bbox 1285 2087 1341 2134; x_wconf 91' lang='lat' dir='ltr'><strong><em>ut</em></strong></span> <span class='ocrx_word' id='word_1_309' title='bbox 1388 2086 1731 2134; x_wconf 87' lang='lat' dir='ltr'><strong><em>convertatur</em></strong></span> <span class='ocrx_word' id='word_1_310' title='bbox 1776 2085 1831 2130; x_wconf 91' lang='lat' dir='ltr'><strong><em>et</em></strong></span> <span class='ocrx_word' id='word_1_311' title='bbox 1858 2077 2020 2131; x_wconf 88' lang='lat' dir='ltr'><strong><em>vivat.</em></strong></span> 
     </span>
    </p>
   </div>
   <div class='ocr_carea' id='block_1_37' title="bbox 434 2159 2026 2232">
    <p class='ocr_par' dir='ltr' id='par_1_37' title="bbox 434 2159 2026 2232">
     <span class='ocr_line' id='line_1_37' title="bbox 434 2159 2026 2232; baseline -0.005 -2"><span class='ocrx_word' id='word_1_312' title='bbox 434 2159 463 2216; x_wconf 45' lang='grc' dir='ltr'><strong><em>ὀ</em></strong></span> <span class='ocrx_word' id='word_1_313' title='bbox 495 2174 799 2232; x_wconf 89' lang='lat' dir='ltr'><strong><em>Occurrunt</em></strong></span> <span class='ocrx_word' id='word_1_314' title='bbox 837 2173 990 2228; x_wconf 90' lang='lat' dir='ltr'><strong><em>nobis</em></strong></span> <span class='ocrx_word' id='word_1_315' title='bbox 1019 2173 1214 2227; x_wconf 87' lang='lat' dir='ltr'><strong><em>iterum</em></strong></span> <span class='ocrx_word' id='word_1_316' title='bbox 1244 2172 1539 2226; x_wconf 86' lang='lat' dir='ltr'><strong><em>clamantes</em></strong></span> <span class='ocrx_word' id='word_1_317' title='bbox 1577 2188 1589 2220; x_wconf 92' lang='lat'><strong>:</strong></span> <span class='ocrx_word' id='word_1_318' title='bbox 1629 2168 1744 2223; x_wconf 86' lang='lat' dir='ltr'><strong><em>Hoc</em></strong></span> <span class='ocrx_word' id='word_1_319' title='bbox 1774 2169 1828 2222; x_wconf 91' lang='lat' dir='ltr'><strong><em>in</em></strong></span> <span class='ocrx_word' id='word_1_320' title='bbox 1857 2168 2026 2222; x_wconf 86' lang='lat' dir='ltr'><strong><em>veteri</em></strong></span> 
     </span>
    </p>
   </div>
   <div class='ocr_carea' id='block_1_38' title="bbox 436 2261 2024 2336">
    <p class='ocr_par' dir='ltr' id='par_1_38' title="bbox 436 2261 2024 2336">
     <span class='ocr_line' id='line_1_38' title="bbox 436 2261 2024 2336; baseline -0.006 -13"><span class='ocrx_word' id='word_1_321' title='bbox 436 2267 554 2336; x_wconf 84' lang='lat' dir='ltr'><strong><em>lege</em></strong></span> <span class='ocrx_word' id='word_1_322' title='bbox 575 2266 833 2336; x_wconf 89' lang='lat' dir='ltr'><strong><em>scriptum</em></strong></span> <span class='ocrx_word' id='word_1_323' title='bbox 875 2273 978 2330; x_wconf 92' lang='lat' dir='ltr'><strong><em>est,</em></strong></span> <span class='ocrx_word' id='word_1_324' title='bbox 1016 2265 1069 2319; x_wconf 91' lang='lat' dir='ltr'><strong><em>in</em></strong></span> <span class='ocrx_word' id='word_1_325' title='bbox 1101 2280 1242 2319; x_wconf 92' lang='lat' dir='ltr'><strong><em>novo</em></strong></span> <span class='ocrx_word' id='word_1_326' title='bbox 1269 2271 1450 2317; x_wconf 90' lang='lat' dir='ltr'><strong><em>autem</em></strong></span> <span class='ocrx_word' id='word_1_327' title='bbox 1471 2261 1762 2332; x_wconf 75' lang='lat' dir='ltr'><strong><em>Apostolus</em></strong></span> <span class='ocrx_word' id='word_1_328' title='bbox 1787 2261 1986 2317; x_wconf 86' lang='lat' dir='ltr'><strong><em>clamat</em></strong></span> <span class='ocrx_word' id='word_1_329' title='bbox 2011 2280 2024 2314; x_wconf 92' lang='lat'>:</span> 
     </span>
    </p>
   </div>
   <div class='ocr_carea' id='block_1_39' title="bbox 443 2349 2028 2429">
    <p class='ocr_par' dir='ltr' id='par_1_39' title="bbox 443 2349 2028 2429">
     <span class='ocr_line' id='line_1_39' title="bbox 443 2349 2028 2429; baseline -0.003 -16"><span class='ocrx_word' id='word_1_330' title='bbox 443 2359 586 2413; x_wconf 83' lang='lat' dir='ltr'><strong><em>Vasa</em></strong></span> <span class='ocrx_word' id='word_1_331' title='bbox 613 2360 708 2413; x_wconf 74' lang='lat' dir='ltr'><strong><em>ira:</em></strong></span> <span class='ocrx_word' id='word_1_332' title='bbox 735 2365 915 2429; x_wconf 88' lang='lat' dir='ltr'><strong><em>aptata</em></strong></span> <span class='ocrx_word' id='word_1_333' title='bbox 962 2359 1018 2411; x_wconf 90' lang='lat' dir='ltr'><strong><em>in</em></strong></span> <span class='ocrx_word' id='word_1_334' title='bbox 1047 2357 1312 2410; x_wconf 88' lang='lat' dir='ltr'><strong><em>interitum</em></strong></span> <span class='ocrx_word' id='word_1_335' title='bbox 1336 2355 1521 2425; x_wconf 85' lang='lat' dir='ltr'><strong><em>(Rom.</em></strong></span> <span class='ocrx_word' id='word_1_336' title='bbox 1554 2371 1635 2420; x_wconf 77' lang='lat' dir='ltr'><strong><em>Ix,</em></strong></span> <span class='ocrx_word' id='word_1_337' title='bbox 1667 2352 1789 2424; x_wconf 73' lang='grc'><strong><em>22).</em></strong></span> <span class='ocrx_word' id='word_1_338' title='bbox 1817 2349 1843 2389; x_wconf 74' lang='grc' dir='ltr'>ἀ</span> <span class='ocrx_word' id='word_1_339' title='bbox 1887 2351 2028 2421; x_wconf 85' lang='lat' dir='ltr'><strong><em>Ergo</em></strong></span> 
     </span>
    </p>
   </div>
   <div class='ocr_carea' id='block_1_40' title="bbox 433 2443 2027 2517">
    <p class='ocr_par' dir='ltr' id='par_1_40' title="bbox 433 2443 2027 2517">
     <span class='ocr_line' id='line_1_40' title="bbox 433 2443 2027 2517; baseline -0.007 -11"><span class='ocrx_word' id='word_1_340' title='bbox 433 2450 478 2506; x_wconf 85' lang='lat' dir='ltr'><strong><em>si</em></strong></span> <span class='ocrx_word' id='word_1_341' title='bbox 531 2457 660 2503; x_wconf 90' lang='lat' dir='ltr'><strong><em>ante</em></strong></span> <span class='ocrx_word' id='word_1_342' title='bbox 705 2449 995 2504; x_wconf 89' lang='lat' dir='ltr'><strong><em>adventum</em></strong></span> <span class='ocrx_word' id='word_1_343' title='bbox 1036 2447 1255 2517; x_wconf 89' lang='lat' dir='ltr'><strong><em>pietatis</em></strong></span> <span class='ocrx_word' id='word_1_344' title='bbox 1293 2447 1467 2516; x_wconf 88' lang='lat' dir='ltr'><strong><em>pietas</em></strong></span> <span class='ocrx_word' id='word_1_345' title='bbox 1502 2444 1614 2514; x_wconf 89' lang='lat' dir='ltr'><strong><em>jam</em></strong></span> <span class='ocrx_word' id='word_1_346' title='bbox 1668 2443 2027 2508; x_wconf 80' lang='lat' dir='ltr'><strong><em>exuberabat;</em></strong></span> 
     </span>
    </p>
   </div>
   <div class='ocr_carea' id='block_1_41' title="bbox 433 2537 2033 2612">
    <p class='ocr_par' dir='ltr' id='par_1_41' title="bbox 433 2537 2033 2612">
     <span class='ocr_line' id='line_1_41' title="bbox 433 2537 2033 2612; baseline -0.004 -16"><span class='ocrx_word' id='word_1_347' title='bbox 433 2549 635 2612; x_wconf 86' lang='lat' dir='ltr'><strong><em>quanto</em></strong></span> <span class='ocrx_word' id='word_1_348' title='bbox 683 2540 856 2610; x_wconf 83' lang='lat' dir='ltr'><strong><em>magis</em></strong></span> <span class='ocrx_word' id='word_1_349' title='bbox 885 2556 1046 2605; x_wconf 88' lang='lat' dir='ltr'><strong><em>nunc,</em></strong></span> <span class='ocrx_word' id='word_1_350' title='bbox 1094 2539 1186 2595; x_wconf 90' lang='lat' dir='ltr'><strong><em>ubi</em></strong></span> <span class='ocrx_word' id='word_1_351' title='bbox 1214 2539 1388 2610; x_wconf 91' lang='lat' dir='ltr'><strong><em>pietas</em></strong></span> <span class='ocrx_word' id='word_1_352' title='bbox 1416 2538 1532 2608; x_wconf 89' lang='lat' dir='ltr'><strong><em>ipsa</em></strong></span> <span class='ocrx_word' id='word_1_353' title='bbox 1559 2554 1659 2608; x_wconf 90' lang='lat' dir='ltr'><strong><em>pro</em></strong></span> <span class='ocrx_word' id='word_1_354' title='bbox 1687 2537 1863 2606; x_wconf 91' lang='lat' dir='ltr'><strong><em>impiis</em></strong></span> <span class='ocrx_word' id='word_1_355' title='bbox 1909 2552 2033 2591; x_wconf 85' lang='lat' dir='ltr'><strong><em>sen-</em></strong></span> 
     </span>
    </p>
   </div>
   <div class='ocr_carea' id='block_1_42' title="bbox 436 2630 2032 2703">
    <p class='ocr_par' dir='ltr' id='par_1_42' title="bbox 436 2630 2032 2703">
     <span class='ocr_line' id='line_1_42' title="bbox 436 2630 2032 2703; baseline -0.006 -13"><span class='ocrx_word' id='word_1_356' title='bbox 436 2635 658 2690; x_wconf 87' lang='lat' dir='ltr'><strong><em>tentiam</em></strong></span> <span class='ocrx_word' id='word_1_357' title='bbox 690 2633 980 2703; x_wconf 85' lang='lat' dir='ltr'><strong><em>impietatis</em></strong></span> <span class='ocrx_word' id='word_1_358' title='bbox 1019 2632 1257 2702; x_wconf 66' lang='lat' dir='ltr'><strong><em>amepit,</em></strong></span> <span class='ocrx_word' id='word_1_359' title='bbox 1291 2639 1349 2685; x_wconf 91' lang='lat' dir='ltr'><strong><em>ut</em></strong></span> <span class='ocrx_word' id='word_1_360' title='bbox 1403 2630 1599 2700; x_wconf 87' lang='lat' dir='ltr'><strong><em>impios</em></strong></span> <span class='ocrx_word' id='word_1_361' title='bbox 1647 2644 1678 2682; x_wconf 89' lang='lat' dir='ltr'><strong><em>a</em></strong></span> <span class='ocrx_word' id='word_1_362' title='bbox 1731 2637 1887 2683; x_wconf 89' lang='lat' dir='ltr'><strong><em>reatu</em></strong></span> <span class='ocrx_word' id='word_1_363' title='bbox 1933 2643 2032 2682; x_wconf 90' lang='lat' dir='ltr'><strong><em>suo</em></strong></span> 
     </span>
    </p>
   </div>
   <div class='ocr_carea' id='block_1_43' title="bbox 437 2720 2034 2793">
    <p class='ocr_par' dir='ltr' id='par_1_43' title="bbox 437 2720 2034 2793">
     <span class='ocr_line' id='line_1_43' title="bbox 437 2720 2034 2793; baseline -0.006 -11"><span class='ocrx_word' id='word_1_364' title='bbox 437 2728 762 2793; x_wconf 81' lang='lat' dir='ltr'><strong><em>absolveret,</em></strong></span> <span class='ocrx_word' id='word_1_365' title='bbox 797 2735 853 2781; x_wconf 90' lang='lat' dir='ltr'><strong><em>et</em></strong></span> <span class='ocrx_word' id='word_1_366' title='bbox 879 2742 974 2782; x_wconf 91' lang='lat' dir='ltr'><strong><em>eos</em></strong></span> <span class='ocrx_word' id='word_1_367' title='bbox 997 2725 1065 2779; x_wconf 91' lang='lat' dir='ltr'><strong><em>ad</em></strong></span> <span class='ocrx_word' id='word_1_368' title='bbox 1094 2725 1439 2792; x_wconf 60' lang='lat' dir='ltr'><strong><em>indulgentiae</em></strong></span> <span class='ocrx_word' id='word_1_369' title='bbox 1460 2722 1686 2792; x_wconf 86' lang='lat' dir='ltr'><strong><em>gratiam</em></strong></span> <span class='ocrx_word' id='word_1_370' title='bbox 1715 2720 2034 2776; x_wconf 87' lang='lat' dir='ltr'><strong><em>revocaret?</em></strong></span> 
     </span>
    </p>
   </div>
   <div class='ocr_carea' id='block_1_44' title="bbox 438 2816 2035 2890">
    <p class='ocr_par' dir='ltr' id='par_1_44' title="bbox 438 2816 2035 2890">
     <span class='ocr_line' id='line_1_44' title="bbox 438 2816 2035 2890; baseline -0.004 -14"><span class='ocrx_word' id='word_1_371' title='bbox 438 2822 729 2878; x_wconf 88' lang='lat' dir='ltr'><strong><em>Videamus</em></strong></span> <span class='ocrx_word' id='word_1_372' title='bbox 769 2836 899 2890; x_wconf 89' lang='lat' dir='ltr'><strong><em>ergo</em></strong></span> <span class='ocrx_word' id='word_1_373' title='bbox 943 2835 1072 2874; x_wconf 86' lang='lat' dir='ltr'><strong><em>vasa</em></strong></span> <span class='ocrx_word' id='word_1_374' title='bbox 1104 2819 1199 2874; x_wconf 65' lang='lat' dir='ltr'><strong><em>ira:</em></strong></span> <span class='ocrx_word' id='word_1_375' title='bbox 1225 2833 1335 2887; x_wconf 91' lang='lat' dir='ltr'><strong><em>quo</em></strong></span> <span class='ocrx_word' id='word_1_376' title='bbox 1361 2817 1550 2873; x_wconf 89' lang='lat' dir='ltr'><strong><em>ordine</em></strong></span> <span class='ocrx_word' id='word_1_377' title='bbox 1588 2825 1841 2887; x_wconf 88' lang='lat' dir='ltr'><strong><em>aptentur</em></strong></span> <span class='ocrx_word' id='word_1_378' title='bbox 1872 2816 1924 2870; x_wconf 90' lang='lat' dir='ltr'><strong><em>in</em></strong></span> <span class='ocrx_word' id='word_1_379' title='bbox 1952 2817 2035 2870; x_wconf 86' lang='lat' dir='ltr'><strong><em>in—</em></strong></span> 
     </span>
    </p>
   </div>
   <div class='ocr_carea' id='block_1_45' title="bbox 443 2907 2037 2981">
    <p class='ocr_par' dir='ltr' id='par_1_45' title="bbox 443 2907 2037 2981">
     <span class='ocr_line' id='line_1_45' title="bbox 443 2907 2037 2981; baseline -0.004 -12"><span class='ocrx_word' id='word_1_380' title='bbox 443 2915 678 2970; x_wconf 86' lang='lat' dir='ltr'><strong><em>teritum.</em></strong></span> <span class='ocrx_word' id='word_1_381' title='bbox 717 2911 854 2966; x_wconf 80' lang='lat' dir='ltr'><strong><em>Audi</em></strong></span> <span class='ocrx_word' id='word_1_382' title='bbox 906 2911 1242 2981; x_wconf 88' lang='lat' dir='ltr'><strong><em>Apostolum,</em></strong></span> <span class='ocrx_word' id='word_1_383' title='bbox 1300 2924 1404 2964; x_wconf 88' lang='lat' dir='ltr'><strong><em>non</em></strong></span> <span class='ocrx_word' id='word_1_384' title='bbox 1460 2908 1555 2963; x_wconf 89' lang='lat' dir='ltr'><strong><em>Dei</em></strong></span> <span class='ocrx_word' id='word_1_385' title='bbox 1602 2907 2037 2978; x_wconf 62' lang='lat' dir='ltr'><strong><em>praeordinationi</em></strong></span> 
     </span>
    </p>
   </div>
   <div class='ocr_carea' id='block_1_46' title="bbox 443 2999 2036 3069">
    <p class='ocr_par' dir='ltr' id='par_1_46' title="bbox 443 2999 2036 3069">
     <span class='ocr_line' id='line_1_46' title="bbox 443 2999 2036 3069; baseline -0.003 -12"><span class='ocrx_word' id='word_1_386' title='bbox 443 3003 568 3068; x_wconf 91' lang='lat' dir='ltr'><strong><em>hoc,</em></strong></span> <span class='ocrx_word' id='word_1_387' title='bbox 599 3001 691 3056; x_wconf 84' lang='lat' dir='ltr'><strong><em>sed</em></strong></span> <span class='ocrx_word' id='word_1_388' title='bbox 713 3002 946 3056; x_wconf 81' lang='lat' dir='ltr'><strong><em>hominis</em></strong></span> <span class='ocrx_word' id='word_1_389' title='bbox 973 2999 1311 3069; x_wconf 67' lang='lat' dir='ltr'><strong><em>negligentiae</em></strong></span> <span class='ocrx_word' id='word_1_390' title='bbox 1341 3000 1423 3054; x_wconf 87' lang='lat' dir='ltr'><strong><em>vel</em></strong></span> <span class='ocrx_word' id='word_1_391' title='bbox 1451 2999 1741 3068; x_wconf 77' lang='lat' dir='ltr'><strong><em>diligentia:</em></strong></span> <span class='ocrx_word' id='word_1_392' title='bbox 1761 2999 2036 3068; x_wconf 85' lang='lat' dir='ltr'><strong><em>applican-</em></strong></span> 
     </span>
    </p>
   </div>
   <div class='ocr_carea' id='block_1_47' title="bbox 443 3092 2038 3164">
    <p class='ocr_par' dir='ltr' id='par_1_47' title="bbox 443 3092 2038 3164">
     <span class='ocr_line' id='line_1_47' title="bbox 443 3092 2038 3164; baseline -0.003 -15"><span class='ocrx_word' id='word_1_393' title='bbox 443 3102 571 3149; x_wconf 87' lang='lat' dir='ltr'><strong><em>tem.</em></strong></span> <span class='ocrx_word' id='word_1_394' title='bbox 600 3092 666 3146; x_wconf 86' lang='lat' dir='ltr'><strong><em>In</em></strong></span> <span class='ocrx_word' id='word_1_395' title='bbox 697 3109 904 3164; x_wconf 89' lang='lat' dir='ltr'><strong><em>magna,</em></strong></span> <span class='ocrx_word' id='word_1_396' title='bbox 955 3093 1146 3162; x_wconf 87' lang='lat' dir='ltr'><strong><em>inquit,</em></strong></span> <span class='ocrx_word' id='word_1_397' title='bbox 1187 3092 1340 3146; x_wconf 90' lang='lat' dir='ltr'><strong><em>domo</em></strong></span> <span class='ocrx_word' id='word_1_398' title='bbox 1387 3109 1491 3145; x_wconf 88' lang='lat' dir='ltr'><strong><em>non</em></strong></span> <span class='ocrx_word' id='word_1_399' title='bbox 1529 3099 1651 3145; x_wconf 87' lang='lat' dir='ltr'><strong><em>sunt</em></strong></span> <span class='ocrx_word' id='word_1_400' title='bbox 1679 3100 1876 3145; x_wconf 88' lang='lat' dir='ltr'><strong><em>tantum</em></strong></span> <span class='ocrx_word' id='word_1_401' title='bbox 1915 3108 2038 3145; x_wconf 83' lang='lat' dir='ltr'><strong><em>vasa</em></strong></span> 
     </span>
    </p>
   </div>
   <div class='ocr_carea' id='block_1_48' title="bbox 2126 1899 3721 1972">
    <p class='ocr_par' dir='ltr' id='par_1_48' title="bbox 2126 1899 3721 1972">
     <span class='ocr_line' id='line_1_48' title="bbox 2126 1899 3721 1972; baseline 0.004 -20"><span class='ocrx_word' id='word_1_402' title='bbox 2126 1900 2442 1970; x_wconf 83' lang='lat' dir='ltr'><strong><em>mysterium</em></strong></span> <span class='ocrx_word' id='word_1_403' title='bbox 2470 1900 2626 1954; x_wconf 89' lang='lat' dir='ltr'><strong><em>nobis</em></strong></span> <span class='ocrx_word' id='word_1_404' title='bbox 2671 1899 3056 1970; x_wconf 89' lang='lat' dir='ltr'><strong><em>interpretatur</em></strong></span> <span class='ocrx_word' id='word_1_405' title='bbox 3094 1902 3404 1972; x_wconf 88' lang='lat' dir='ltr'><strong><em>Apostolus,</em></strong></span> <span class='ocrx_word' id='word_1_406' title='bbox 3436 1910 3493 1957; x_wconf 90' lang='lat' dir='ltr'><strong><em>tu</em></strong></span> <span class='ocrx_word' id='word_1_407' title='bbox 3519 1903 3638 1972; x_wconf 91' lang='lat' dir='ltr'><strong><em>quis</em></strong></span> <span class='ocrx_word' id='word_1_408' title='bbox 3663 1917 3721 1958; x_wconf 84' lang='lat' dir='ltr'><strong><em>es</em></strong></span> 
     </span>
    </p>
   </div>
   <div class='ocr_carea' id='block_1_49' title="bbox 2125 1990 3721 2063">
    <p class='ocr_par' dir='ltr' id='par_1_49' title="bbox 2125 1990 3721 2063">
     <span class='ocr_line' id='line_1_49' title="bbox 2125 1990 3721 2063; baseline 0.004 -20"><span class='ocrx_word' id='word_1_409' title='bbox 2125 1990 2218 2060; x_wconf 90' lang='lat' dir='ltr'><strong><em>qui</em></strong></span> <span class='ocrx_word' id='word_1_410' title='bbox 2246 1990 2406 2045; x_wconf 91' lang='lat' dir='ltr'><strong><em>aliter</em></strong></span> <span class='ocrx_word' id='word_1_411' title='bbox 2419 2005 2581 2059; x_wconf 90' lang='lat' dir='ltr'><strong><em>quam</em></strong></span> <span class='ocrx_word' id='word_1_412' title='bbox 2611 1992 2921 2062; x_wconf 82' lang='lat' dir='ltr'><strong><em>explanavit</em></strong></span> <span class='ocrx_word' id='word_1_413' title='bbox 2937 1993 3091 2048; x_wconf 91' lang='lat' dir='ltr'><strong><em>nobis</em></strong></span> <span class='ocrx_word' id='word_1_414' title='bbox 3105 1995 3362 2063; x_wconf 87' lang='lat' dir='ltr'><strong><em>magister</em></strong></span> <span class='ocrx_word' id='word_1_415' title='bbox 3374 2010 3534 2050; x_wconf 87' lang='lat' dir='ltr'><strong><em>verus</em></strong></span> <span class='ocrx_word' id='word_1_416' title='bbox 3561 1994 3721 2050; x_wconf 86' lang='lat' dir='ltr'><strong><em>istum</em></strong></span> 
     </span>
    </p>
   </div>
   <div class='ocr_carea' id='block_1_50' title="bbox 2111 2083 3722 2160">
    <p class='ocr_par' dir='ltr' id='par_1_50' title="bbox 2111 2083 3722 2160">
     <span class='ocr_line' id='line_1_50' title="bbox 2111 2083 3722 2160; baseline 0.002 -24"><span class='ocrx_word' id='word_1_417' title='bbox 2111 2097 2343 2160; x_wconf 75' lang='lat' dir='ltr'><strong><em>sensum</em></strong></span> <span class='ocrx_word' id='word_1_418' title='bbox 2389 2096 2649 2152; x_wconf 81' lang='lat' dir='ltr'><strong><em>exponas,</em></strong></span> <span class='ocrx_word' id='word_1_419' title='bbox 2672 2098 2802 2142; x_wconf 86' lang='lat' dir='ltr'><strong><em>cum</em></strong></span> <span class='ocrx_word' id='word_1_420' title='bbox 2831 2083 3029 2138; x_wconf 91' lang='lat' dir='ltr'><strong><em>dictum</em></strong></span> <span class='ocrx_word' id='word_1_421' title='bbox 3060 2083 3127 2138; x_wconf 88' lang='lat' dir='ltr'><strong><em>ab</em></strong></span> <span class='ocrx_word' id='word_1_422' title='bbox 3151 2098 3218 2138; x_wconf 94' lang='lat' dir='ltr'><strong><em>eo</em></strong></span> <span class='ocrx_word' id='word_1_423' title='bbox 3261 2085 3406 2152; x_wconf 86' lang='lat' dir='ltr'><strong><em>quod</em></strong></span> <span class='ocrx_word' id='word_1_424' title='bbox 3433 2086 3478 2139; x_wconf 89' lang='lat' dir='ltr'><strong><em>si</em></strong></span> <span class='ocrx_word' id='word_1_425' title='bbox 3508 2085 3722 2156; x_wconf 79' lang='lat' dir='ltr'><strong><em>angelus</em></strong></span> 
     </span>
    </p>
   </div>
   <div class='ocr_carea' id='block_1_51' title="bbox 2129 2172 3721 2247">
    <p class='ocr_par' dir='ltr' id='par_1_51' title="bbox 2129 2172 3721 2247">
     <span class='ocr_line' id='line_1_51' title="bbox 2129 2172 3721 2247; baseline 0.003 -22"><span class='ocrx_word' id='word_1_426' title='bbox 2129 2172 2192 2226; x_wconf 90' lang='lat' dir='ltr'><strong><em>de</em></strong></span> <span class='ocrx_word' id='word_1_427' title='bbox 2215 2172 2339 2227; x_wconf 75' lang='lat' dir='ltr'><strong><em>ccelo</em></strong></span> <span class='ocrx_word' id='word_1_428' title='bbox 2360 2173 2787 2244; x_wconf 81' lang='lat' dir='ltr'><strong><em>evangelizaverit</em></strong></span> <span class='ocrx_word' id='word_1_429' title='bbox 2823 2172 2962 2228; x_wconf 83' lang='lat' dir='ltr'><strong><em>vobis</em></strong></span> <span class='ocrx_word' id='word_1_430' title='bbox 2988 2181 3177 2244; x_wconf 74' lang='lat' dir='ltr'><strong><em>praeter</em></strong></span> <span class='ocrx_word' id='word_1_431' title='bbox 3205 2191 3356 2245; x_wconf 87' lang='lat' dir='ltr'><strong><em>quam</em></strong></span> <span class='ocrx_word' id='word_1_432' title='bbox 3397 2175 3721 2247; x_wconf 75' lang='lat' dir='ltr'><strong><em>euangeliza-</em></strong></span> 
     </span>
    </p>
   </div>
   <div class='ocr_carea' id='block_1_52' title="bbox 2131 2262 3557 2335">
    <p class='ocr_par' dir='ltr' id='par_1_52' title="bbox 2131 2262 3557 2335">
     <span class='ocr_line' id='line_1_52' title="bbox 2131 2262 3557 2335; baseline 0.003 -18"><span class='ocrx_word' id='word_1_433' title='bbox 2131 2265 2294 2317; x_wconf 88' lang='lat' dir='ltr'><strong><em>vimus</em></strong></span> <span class='ocrx_word' id='word_1_434' title='bbox 2322 2262 2481 2329; x_wconf 82' lang='lat' dir='ltr'><strong><em>vobis,</em></strong></span> <span class='ocrx_word' id='word_1_435' title='bbox 2501 2265 2777 2318; x_wconf 84' lang='lat' dir='ltr'><strong><em>anathema</em></strong></span> <span class='ocrx_word' id='word_1_436' title='bbox 2807 2266 2874 2318; x_wconf 91' lang='lat' dir='ltr'><strong><em>sit</em></strong></span> <span class='ocrx_word' id='word_1_437' title='bbox 2898 2263 3039 2334; x_wconf 82' lang='lat' dir='ltr'><strong><em>(Gal.</em></strong></span> <span class='ocrx_word' id='word_1_438' title='bbox 3070 2282 3107 2331; x_wconf 89' lang='grc' dir='ltr'><strong><em>ι,</em></strong></span> <span class='ocrx_word' id='word_1_439' title='bbox 3132 2264 3228 2335; x_wconf 90' lang='lat'><strong><em>8)?</em></strong></span> <span class='ocrx_word' id='word_1_440' title='bbox 3550 2324 3557 2330; x_wconf 67' lang='grc'><strong><em>,</em></strong></span> 
     </span>
    </p>
   </div>
   <div class='ocr_carea' id='block_1_53' title="bbox 2202 2352 3722 2412">
    <p class='ocr_par' dir='ltr' id='par_1_53' title="bbox 2202 2352 3722 2412">
     <span class='ocr_line' id='line_1_53' title="bbox 2202 2352 3722 2412; baseline 0.003 -5"><span class='ocrx_word' id='word_1_441' title='bbox 2202 2353 2288 2407; x_wconf 85' lang='grc' dir='ltr'><strong><em>ΙΙΙ.</em></strong></span> <span class='ocrx_word' id='word_1_442' title='bbox 2354 2353 2370 2391; x_wconf 87' lang='grc' dir='ltr'><strong>ί</strong></span> <span class='ocrx_word' id='word_1_443' title='bbox 2421 2352 2722 2410; x_wconf 91' lang='lat' dir='ltr'><strong><em>Occurrunt</em></strong></span> <span class='ocrx_word' id='word_1_444' title='bbox 2773 2355 2876 2410; x_wconf 89' lang='lat' dir='ltr'><strong><em>hoc</em></strong></span> <span class='ocrx_word' id='word_1_445' title='bbox 2937 2356 3057 2412; x_wconf 89' lang='lat' dir='ltr'><strong><em>loco</em></strong></span> <span class='ocrx_word' id='word_1_446' title='bbox 3112 2364 3373 2412; x_wconf 90' lang='lat' dir='ltr'><strong><em>renovato</em></strong></span> <span class='ocrx_word' id='word_1_447' title='bbox 3430 2355 3722 2412; x_wconf 86' lang='lat' dir='ltr'><strong><em>certamine</em></strong></span> 
     </span>
    </p>
   </div>
   <div class='ocr_carea' id='block_1_54' title="bbox 2135 2444 3722 2520">
    <p class='ocr_par' dir='ltr' id='par_1_54' title="bbox 2135 2444 3722 2520">
     <span class='ocr_line' id='line_1_54' title="bbox 2135 2444 3722 2520; baseline 0.003 -22"><span class='ocrx_word' id='word_1_448' title='bbox 2135 2444 2380 2501; x_wconf 86' lang='lat' dir='ltr'><strong><em>dicentes</em></strong></span> <span class='ocrx_word' id='word_1_449' title='bbox 2425 2463 2436 2496; x_wconf 94' lang='lat'>:</span> <span class='ocrx_word' id='word_1_450' title='bbox 2481 2444 2597 2500; x_wconf 86' lang='lat' dir='ltr'><strong><em>Nos</em></strong></span> <span class='ocrx_word' id='word_1_451' title='bbox 2653 2463 2758 2500; x_wconf 89' lang='lat' dir='ltr'><strong><em>non</em></strong></span> <span class='ocrx_word' id='word_1_452' title='bbox 2804 2448 3023 2501; x_wconf 84' lang='lat' dir='ltr'><strong><em>dicimus</em></strong></span> <span class='ocrx_word' id='word_1_453' title='bbox 3063 2455 3254 2518; x_wconf 69' lang='lat' dir='ltr'><strong><em>praeter</em></strong></span> <span class='ocrx_word' id='word_1_454' title='bbox 3299 2465 3453 2520; x_wconf 87' lang='lat' dir='ltr'><strong><em>quam</em></strong></span> <span class='ocrx_word' id='word_1_455' title='bbox 3499 2465 3722 2520; x_wconf 87' lang='lat' dir='ltr'><strong><em>evange-</em></strong></span> 
     </span>
    </p>
   </div>
   <div class='ocr_carea' id='block_1_55' title="bbox 2133 2523 3723 2610">
    <p class='ocr_par' dir='ltr' id='par_1_55' title="bbox 2133 2523 3723 2610">
     <span class='ocr_line' id='line_1_55' title="bbox 2133 2523 3723 2610; baseline 0.001 -21"><span class='ocrx_word' id='word_1_456' title='bbox 2133 2537 2308 2591; x_wconf 73' lang='lat' dir='ltr'><strong><em>limvit</em></strong></span> <span class='ocrx_word' id='word_1_457' title='bbox 2344 2537 2639 2606; x_wconf 82' lang='lat' dir='ltr'><strong><em>Apostolus.</em></strong></span> <span class='ocrx_word' id='word_1_458' title='bbox 2685 2536 2790 2604; x_wconf 78' lang='lat' dir='ltr'><strong><em>Per</em></strong></span> <span class='ocrx_word' id='word_1_459' title='bbox 2835 2539 3214 2608; x_wconf 69' lang='lat' dir='ltr'><strong><em>prwscientiam</em></strong></span> <span class='ocrx_word' id='word_1_460' title='bbox 3252 2538 3350 2593; x_wconf 88' lang='lat' dir='ltr'><strong><em>Dei</em></strong></span> <span class='ocrx_word' id='word_1_461' title='bbox 3379 2523 3723 2610; x_wconf 69' lang='lat' dir='ltr'><strong><em>praedestina-</em></strong></span> 
     </span>
    </p>
   </div>
   <div class='ocr_carea' id='block_1_56' title="bbox 2137 2629 3802 2702">
    <p class='ocr_par' dir='ltr' id='par_1_56' title="bbox 2137 2629 3802 2702">
     <span class='ocr_line' id='line_1_56' title="bbox 2137 2629 3802 2702; baseline 0 -19"><span class='ocrx_word' id='word_1_462' title='bbox 2137 2632 2324 2685; x_wconf 85' lang='lat' dir='ltr'><strong><em>tionem</em></strong></span> <span class='ocrx_word' id='word_1_463' title='bbox 2355 2632 2548 2702; x_wconf 77' lang='lat' dir='ltr'><strong><em>factam</em></strong></span> <span class='ocrx_word' id='word_1_464' title='bbox 2587 2631 2699 2701; x_wconf 88' lang='lat' dir='ltr'><strong><em>ipse</em></strong></span> <span class='ocrx_word' id='word_1_465' title='bbox 2727 2640 3125 2695; x_wconf 86' lang='lat' dir='ltr'><strong><em>commemorat;</em></strong></span> <span class='ocrx_word' id='word_1_466' title='bbox 3173 2631 3238 2685; x_wconf 92' lang='lat' dir='ltr'><strong><em>de</em></strong></span> <span class='ocrx_word' id='word_1_467' title='bbox 3275 2629 3386 2684; x_wconf 90' lang='lat' dir='ltr'><strong><em>Deo</em></strong></span> <span class='ocrx_word' id='word_1_468' title='bbox 3413 2631 3523 2700; x_wconf 88' lang='lat' dir='ltr'><strong><em>ipse</em></strong></span> <span class='ocrx_word' id='word_1_469' title='bbox 3552 2629 3677 2684; x_wconf 84' lang='lat' dir='ltr'><strong><em>dicit</em></strong></span> <span class='ocrx_word' id='word_1_470' title='bbox 3709 2647 3724 2683; x_wconf 92' lang='lat'><strong>:</strong></span> <span class='ocrx_word' id='word_1_471' title='bbox 3793 2632 3802 2639; x_wconf 75' lang='grc'><strong><em>’</em></strong></span> 
     </span>
    </p>
   </div>
   <div class='ocr_carea' id='block_1_57' title="bbox 2139 2720 3724 2794">
    <p class='ocr_par' dir='ltr' id='par_1_57' title="bbox 2139 2720 3724 2794">
     <span class='ocr_line' id='line_1_57' title="bbox 2139 2720 3724 2794; baseline 0.001 -20"><span class='ocrx_word' id='word_1_472' title='bbox 2139 2720 2280 2786; x_wconf 85' lang='lat' dir='ltr'><strong><em>Quos</em></strong></span> <span class='ocrx_word' id='word_1_473' title='bbox 2332 2723 2549 2787; x_wconf 88' lang='lat' dir='ltr'><strong><em>vocavit,</em></strong></span> <span class='ocrx_word' id='word_1_474' title='bbox 2601 2722 2694 2775; x_wconf 89' lang='lat' dir='ltr'><strong><em>hos</em></strong></span> <span class='ocrx_word' id='word_1_475' title='bbox 2746 2723 3130 2791; x_wconf 78' lang='lat' dir='ltr'><strong><em>prcedestinavit</em></strong></span> <span class='ocrx_word' id='word_1_476' title='bbox 3184 2720 3361 2793; x_wconf 87' lang='lat' dir='ltr'><strong><em>(Rom.</em></strong></span> <span class='ocrx_word' id='word_1_477' title='bbox 3423 2737 3548 2787; x_wconf 81' lang='lat' dir='ltr'><strong><em>vru,</em></strong></span> <span class='ocrx_word' id='word_1_478' title='bbox 3600 2721 3724 2794; x_wconf 77' lang='lat'><strong><em>&#39;50).</em></strong></span> 
     </span>
    </p>
   </div>
   <div class='ocr_carea' id='block_1_58' title="bbox 2138 2812 3726 2884">
    <p class='ocr_par' dir='ltr' id='par_1_58' title="bbox 2138 2812 3726 2884">
     <span class='ocr_line' id='line_1_58' title="bbox 2138 2812 3726 2884; baseline 0 -16"><span class='ocrx_word' id='word_1_479' title='bbox 2138 2812 2198 2868; x_wconf 90' lang='lat' dir='ltr'><strong><em>Si</em></strong></span> <span class='ocrx_word' id='word_1_480' title='bbox 2239 2814 2593 2884; x_wconf 79' lang='lat' dir='ltr'><strong><em>prwscientem</em></strong></span> <span class='ocrx_word' id='word_1_481' title='bbox 2637 2822 2687 2867; x_wconf 91' lang='lat' dir='ltr'><strong><em>et</em></strong></span> <span class='ocrx_word' id='word_1_482' title='bbox 2730 2813 3212 2882; x_wconf 75' lang='lat' dir='ltr'><strong><em>prtedestinantem,</em></strong></span> <span class='ocrx_word' id='word_1_483' title='bbox 3257 2823 3307 2867; x_wconf 83' lang='lat' dir='ltr'><strong><em>et</em></strong></span> <span class='ocrx_word' id='word_1_484' title='bbox 3359 2822 3624 2869; x_wconf 79' lang='lat' dir='ltr'><strong><em>vocantem</em></strong></span> <span class='ocrx_word' id='word_1_485' title='bbox 3673 2814 3726 2868; x_wconf 78' lang='lat' dir='ltr'><strong><em>in</em></strong></span> 
     </span>
    </p>
   </div>
   <div class='ocr_carea' id='block_1_59' title="bbox 2138 2903 3726 2976">
    <p class='ocr_par' dir='ltr' id='par_1_59' title="bbox 2138 2903 3726 2976">
     <span class='ocr_line' id='line_1_59' title="bbox 2138 2903 3726 2976; baseline 0 -20"><span class='ocrx_word' id='word_1_486' title='bbox 2138 2903 2384 2975; x_wconf 77' lang='lat' dir='ltr'><strong><em>Apostolo</em></strong></span> <span class='ocrx_word' id='word_1_487' title='bbox 2439 2905 2641 2975; x_wconf 87' lang='lat' dir='ltr'><strong><em>legitis,</em></strong></span> <span class='ocrx_word' id='word_1_488' title='bbox 2693 2904 2841 2958; x_wconf 87' lang='lat' dir='ltr'><strong><em>nobis</em></strong></span> <span class='ocrx_word' id='word_1_489' title='bbox 2882 2913 2938 2956; x_wconf 90' lang='lat' dir='ltr'><strong><em>ut</em></strong></span> <span class='ocrx_word' id='word_1_490' title='bbox 2992 2906 3114 2975; x_wconf 89' lang='lat' dir='ltr'><strong><em>quid</em></strong></span> <span class='ocrx_word' id='word_1_491' title='bbox 3160 2906 3445 2976; x_wconf 87' lang='lat' dir='ltr'><strong><em>impingitis</em></strong></span> <span class='ocrx_word' id='word_1_492' title='bbox 3496 2903 3726 2958; x_wconf 73' lang='lat' dir='ltr'><strong><em>crimen?</em></strong></span> 
     </span>
    </p>
   </div>
   <div class='ocr_carea' id='block_1_60' title="bbox 2144 2994 3731 3066">
    <p class='ocr_par' dir='ltr' id='par_1_60' title="bbox 2144 2994 3731 3066">
     <span class='ocr_line' id='line_1_60' title="bbox 2144 2994 3731 3066; baseline 0.004 -21"><span class='ocrx_word' id='word_1_493' title='bbox 2144 2994 2158 3045; x_wconf 87' lang='lat' dir='ltr'><strong><em>i</em></strong></span> <span class='ocrx_word' id='word_1_494' title='bbox 2200 2996 2306 3051; x_wconf 86' lang='lat' dir='ltr'><strong><em>Nos</em></strong></span> <span class='ocrx_word' id='word_1_495' title='bbox 2356 2997 2506 3051; x_wconf 84' lang='lat' dir='ltr'><strong><em>vobis</em></strong></span> <span class='ocrx_word' id='word_1_496' title='bbox 2552 2996 2755 3050; x_wconf 84' lang='lat' dir='ltr'><strong><em>crimen</em></strong></span> <span class='ocrx_word' id='word_1_497' title='bbox 2814 3012 2920 3050; x_wconf 90' lang='lat' dir='ltr'><strong><em>non</em></strong></span> <span class='ocrx_word' id='word_1_498' title='bbox 2971 2996 3332 3066; x_wconf 88' lang='lat' dir='ltr'><strong><em>impingimus,</em></strong></span> <span class='ocrx_word' id='word_1_499' title='bbox 3388 2995 3483 3051; x_wconf 91' lang='lat' dir='ltr'><strong><em>sed</em></strong></span> <span class='ocrx_word' id='word_1_500' title='bbox 3533 2996 3731 3066; x_wconf 88' lang='lat' dir='ltr'><strong><em>proba-</em></strong></span> 
     </span>
    </p>
   </div>
   <div class='ocr_carea' id='block_1_61' title="bbox 2140 3089 3732 3162">
    <p class='ocr_par' dir='ltr' id='par_1_61' title="bbox 2140 3089 3732 3162">
     <span class='ocr_line' id='line_1_61' title="bbox 2140 3089 3732 3162; baseline 0.002 -20"><span class='ocrx_word' id='word_1_501' title='bbox 2140 3105 2276 3144; x_wconf 88' lang='lat' dir='ltr'><strong><em>mus.</em></strong></span> <span class='ocrx_word' id='word_1_502' title='bbox 2328 3089 2452 3143; x_wconf 87' lang='lat' dir='ltr'><strong><em>Sive</em></strong></span> <span class='ocrx_word' id='word_1_503' title='bbox 2493 3089 2636 3144; x_wconf 91' lang='lat' dir='ltr'><strong><em>cnim</em></strong></span> <span class='ocrx_word' id='word_1_504' title='bbox 2687 3105 2783 3144; x_wconf 90' lang='lat' dir='ltr'><strong><em>vos</em></strong></span> <span class='ocrx_word' id='word_1_505' title='bbox 2811 3090 3012 3162; x_wconf 90' lang='lat' dir='ltr'><strong><em>peritos</em></strong></span> <span class='ocrx_word' id='word_1_506' title='bbox 3049 3089 3259 3156; x_wconf 89' lang='lat' dir='ltr'><strong><em>dicatis,</em></strong></span> <span class='ocrx_word' id='word_1_507' title='bbox 3309 3090 3580 3158; x_wconf 85' lang='lat' dir='ltr'><strong><em>arguimus</em></strong></span> <span class='ocrx_word' id='word_1_508' title='bbox 3624 3107 3732 3146; x_wconf 91' lang='lat' dir='ltr'><strong><em>non</em></strong></span> 
     </span>
    </p>
   </div>
   <div class='ocr_carea' id='block_1_62' title="bbox 395 3183 3731 3259">
    <p class='ocr_par' dir='ltr' id='par_1_62' title="bbox 395 3183 3731 3259">
     <span class='ocr_line' id='line_1_62' title="bbox 395 3183 3731 3259; baseline 0 -19"><span class='ocrx_word' id='word_1_509' title='bbox 395 3191 402 3194; x_wconf 81' lang='grc'><strong><em>“</em></strong></span> <span class='ocrx_word' id='word_1_510' title='bbox 440 3203 602 3240; x_wconf 88' lang='lat' dir='ltr'><strong><em>aurea</em></strong></span> <span class='ocrx_word' id='word_1_511' title='bbox 623 3195 672 3239; x_wconf 83' lang='lat' dir='ltr'><strong><em>et</em></strong></span> <span class='ocrx_word' id='word_1_512' title='bbox 701 3194 966 3256; x_wconf 87' lang='lat' dir='ltr'><strong><em>argentea,</em></strong></span> <span class='ocrx_word' id='word_1_513' title='bbox 998 3185 1092 3240; x_wconf 90' lang='lat' dir='ltr'><strong><em>sed</em></strong></span> <span class='ocrx_word' id='word_1_514' title='bbox 1119 3195 1170 3238; x_wconf 90' lang='lat' dir='ltr'><strong><em>et</em></strong></span> <span class='ocrx_word' id='word_1_515' title='bbox 1203 3185 1373 3257; x_wconf 89' lang='lat' dir='ltr'><strong><em>lignea</em></strong></span> <span class='ocrx_word' id='word_1_516' title='bbox 1399 3194 1450 3240; x_wconf 90' lang='lat' dir='ltr'><strong><em>et</em></strong></span> <span class='ocrx_word' id='word_1_517' title='bbox 1486 3186 1700 3256; x_wconf 82' lang='lat' dir='ltr'><strong><em>ﬁctilia;</em></strong></span> <span class='ocrx_word' id='word_1_518' title='bbox 1730 3195 1780 3240; x_wconf 91' lang='lat' dir='ltr'><strong><em>et</em></strong></span> <span class='ocrx_word' id='word_1_519' title='bbox 1799 3186 2038 3259; x_wconf 72' lang='lat' dir='ltr'><strong><em>quaedam</em></strong></span> <span class='ocrx_word' id='word_1_520' title='bbox 2065 3189 2112 3253; x_wconf 75' lang='grc' dir='ltr'>ο</span> <span class='ocrx_word' id='word_1_521' title='bbox 2141 3183 2218 3237; x_wconf 88' lang='lat' dir='ltr'><strong><em>sic</em></strong></span> <span class='ocrx_word' id='word_1_522' title='bbox 2245 3198 2433 3238; x_wconf 87' lang='lat' dir='ltr'><strong><em>sensus</em></strong></span> <span class='ocrx_word' id='word_1_523' title='bbox 2462 3184 2789 3254; x_wconf 89' lang='lat' dir='ltr'><strong><em>apostolicos</em></strong></span> <span class='ocrx_word' id='word_1_524' title='bbox 2820 3199 2915 3238; x_wconf 88' lang='lat' dir='ltr'><strong><em>vos</em></strong></span> <span class='ocrx_word' id='word_1_525' title='bbox 2934 3183 3132 3238; x_wconf 86' lang='lat' dir='ltr'><strong><em>debere</em></strong></span> <span class='ocrx_word' id='word_1_526' title='bbox 3160 3183 3473 3250; x_wconf 89' lang='lat' dir='ltr'><strong><em>concidere;</em></strong></span> <span class='ocrx_word' id='word_1_527' title='bbox 3496 3184 3609 3239; x_wconf 87' lang='lat' dir='ltr'><strong><em>sive</em></strong></span> <span class='ocrx_word' id='word_1_528' title='bbox 3637 3190 3731 3240; x_wconf 75' lang='lat' dir='ltr'><strong><em>vos</em></strong></span> 
     </span>
    </p>
   </div>
   <div class='ocr_carea' id='block_1_63' title="bbox 439 3276 2036 3348">
    <p class='ocr_par' dir='ltr' id='par_1_63' title="bbox 439 3276 2036 3348">
     <span class='ocr_line' id='line_1_63' title="bbox 439 3276 2036 3348; baseline 0.001 -17"><span class='ocrx_word' id='word_1_529' title='bbox 439 3276 642 3348; x_wconf 86' lang='lat' dir='ltr'><strong><em>quidem</em></strong></span> <span class='ocrx_word' id='word_1_530' title='bbox 683 3278 892 3330; x_wconf 81' lang='lat' dir='ltr'><strong><em>suntin</em></strong></span> <span class='ocrx_word' id='word_1_531' title='bbox 930 3276 1194 3342; x_wconf 81' lang='lat' dir='ltr'><strong><em>honorem,</em></strong></span> <span class='ocrx_word' id='word_1_532' title='bbox 1218 3276 1454 3348; x_wconf 64' lang='lat' dir='ltr'><strong><em>quedam</em></strong></span> <span class='ocrx_word' id='word_1_533' title='bbox 1483 3287 1654 3331; x_wconf 92' lang='lat' dir='ltr'><strong><em>autem</em></strong></span> <span class='ocrx_word' id='word_1_534' title='bbox 1692 3278 1744 3330; x_wconf 92' lang='lat' dir='ltr'><strong><em>in</em></strong></span> <span class='ocrx_word' id='word_1_535' title='bbox 1772 3285 2036 3333; x_wconf 89' lang='lat' dir='ltr'><strong><em>contume-</em></strong></span> 
     </span>
    </p>
   </div>
   <div class='ocr_carea' id='block_1_64' title="bbox 441 3368 2041 3440">
    <p class='ocr_par' dir='ltr' id='par_1_64' title="bbox 441 3368 2041 3440">
     <span class='ocr_line' id='line_1_64' title="bbox 441 3368 2041 3440; baseline 0.001 -18"><span class='ocrx_word' id='word_1_536' title='bbox 441 3369 583 3423; x_wconf 86' lang='lat' dir='ltr'><strong><em>liam.</em></strong></span> <span class='ocrx_word' id='word_1_537' title='bbox 619 3368 679 3423; x_wconf 89' lang='lat' dir='ltr'><strong><em>Si</em></strong></span> <span class='ocrx_word' id='word_1_538' title='bbox 720 3371 832 3440; x_wconf 85' lang='lat' dir='ltr'><strong><em>quis</em></strong></span> <span class='ocrx_word' id='word_1_539' title='bbox 860 3386 982 3440; x_wconf 90' lang='lat' dir='ltr'><strong><em>ergo</em></strong></span> <span class='ocrx_word' id='word_1_540' title='bbox 1009 3369 1332 3423; x_wconf 78' lang='lat' dir='ltr'><strong><em>mandaverit</em></strong></span> <span class='ocrx_word' id='word_1_541' title='bbox 1359 3371 1684 3439; x_wconf 84' lang='lat' dir='ltr'><strong><em>semetipsum</em></strong></span> <span class='ocrx_word' id='word_1_542' title='bbox 1713 3368 1776 3423; x_wconf 92' lang='lat' dir='ltr'><strong><em>ab</em></strong></span> <span class='ocrx_word' id='word_1_543' title='bbox 1815 3371 1915 3436; x_wconf 87' lang='lat' dir='ltr'><strong><em>his,</em></strong></span> <span class='ocrx_word' id='word_1_544' title='bbox 1943 3371 2041 3424; x_wconf 89' lang='lat' dir='ltr'><strong><em>erit</em></strong></span> 
     </span>
    </p>
   </div>
   <div class='ocr_carea' id='block_1_65' title="bbox 443 3459 2041 3532">
    <p class='ocr_par' dir='ltr' id='par_1_65' title="bbox 443 3459 2041 3532">
     <span class='ocr_line' id='line_1_65' title="bbox 443 3459 2041 3532; baseline 0 -18"><span class='ocrx_word' id='word_1_545' title='bbox 443 3477 531 3514; x_wconf 87' lang='lat' dir='ltr'><strong><em>vas</em></strong></span> <span class='ocrx_word' id='word_1_546' title='bbox 556 3470 578 3497; x_wconf 76' lang='grc' dir='ltr'>θ</span> <span class='ocrx_word' id='word_1_547' title='bbox 602 3462 655 3514; x_wconf 92' lang='lat' dir='ltr'><strong><em>in</em></strong></span> <span class='ocrx_word' id='word_1_548' title='bbox 684 3461 878 3514; x_wconf 88' lang='lat' dir='ltr'><strong><em>honore</em></strong></span> <span class='ocrx_word' id='word_1_549' title='bbox 901 3461 1298 3529; x_wconf 81' lang='lat' dir='ltr'><strong><em>sanctiﬁcatum,</em></strong></span> <span class='ocrx_word' id='word_1_550' title='bbox 1338 3461 1463 3513; x_wconf 87' lang='lat' dir='ltr'><strong><em>utile</em></strong></span> <span class='ocrx_word' id='word_1_551' title='bbox 1491 3459 1602 3514; x_wconf 89' lang='lat' dir='ltr'><strong><em>Deo</em></strong></span> <span class='ocrx_word' id='word_1_552' title='bbox 1625 3461 1694 3513; x_wconf 89' lang='lat' dir='ltr'><strong><em>ad</em></strong></span> <span class='ocrx_word' id='word_1_553' title='bbox 1721 3479 1871 3515; x_wconf 91' lang='lat' dir='ltr'><strong><em>omne</em></strong></span> <span class='ocrx_word' id='word_1_554' title='bbox 1911 3479 2041 3532; x_wconf 89' lang='lat' dir='ltr'><strong><em>opus</em></strong></span> 
     </span>
    </p>
   </div>
   <div class='ocr_carea' id='block_1_66' title="bbox 443 3550 2041 3623">
    <p class='ocr_par' dir='ltr' id='par_1_66' title="bbox 443 3550 2041 3623">
     <span class='ocr_line' id='line_1_66' title="bbox 443 3550 2041 3623; baseline 0.001 -18"><span class='ocrx_word' id='word_1_555' title='bbox 443 3551 627 3607; x_wconf 89' lang='lat' dir='ltr'><strong><em>bonum</em></strong></span> <span class='ocrx_word' id='word_1_556' title='bbox 653 3563 892 3623; x_wconf 90' lang='lat' dir='ltr'><strong><em>paratum</em></strong></span> <span class='ocrx_word' id='word_1_557' title='bbox 919 3553 935 3622; x_wconf 95' lang='lat'><strong><em>(</em></strong></span> <span class='ocrx_word' id='word_1_558' title='bbox 960 3551 1002 3605; x_wconf 88' lang='lat' dir='ltr'><strong><em>ll</em></strong></span> <span class='ocrx_word' id='word_1_559' title='bbox 1035 3551 1167 3604; x_wconf 89' lang='lat' dir='ltr'><strong><em>Tim.</em></strong></span> <span class='ocrx_word' id='word_1_560' title='bbox 1203 3568 1258 3615; x_wconf 91' lang='grc' dir='ltr'><strong><em>ιι,</em></strong></span> <span class='ocrx_word' id='word_1_561' title='bbox 1290 3550 1506 3621; x_wconf 68' lang='grc'><strong><em>20-22).</em></strong></span> <span class='ocrx_word' id='word_1_562' title='bbox 1540 3551 1682 3620; x_wconf 83' lang='lat' dir='ltr'><strong><em>Ergo</em></strong></span> <span class='ocrx_word' id='word_1_563' title='bbox 1702 3568 1826 3606; x_wconf 89' lang='lat' dir='ltr'><strong><em>vasa</em></strong></span> <span class='ocrx_word' id='word_1_564' title='bbox 1857 3559 2041 3622; x_wconf 88' lang='lat' dir='ltr'><strong><em>aptata</em></strong></span> 
     </span>
    </p>
   </div>
   <div class='ocr_carea' id='block_1_67' title="bbox 447 3641 2042 3714">
    <p class='ocr_par' dir='ltr' id='par_1_67' title="bbox 447 3641 2042 3714">
     <span class='ocr_line' id='line_1_67' title="bbox 447 3641 2042 3714; baseline 0.001 -18"><span class='ocrx_word' id='word_1_565' title='bbox 447 3643 537 3697; x_wconf 71' lang='lat' dir='ltr'><strong><em>ira:</em></strong></span> <span class='ocrx_word' id='word_1_566' title='bbox 558 3644 610 3698; x_wconf 89' lang='lat' dir='ltr'><strong><em>in</em></strong></span> <span class='ocrx_word' id='word_1_567' title='bbox 641 3644 948 3709; x_wconf 90' lang='lat' dir='ltr'><strong><em>interitum,</em></strong></span> <span class='ocrx_word' id='word_1_568' title='bbox 978 3644 1024 3696; x_wconf 90' lang='lat' dir='ltr'><strong><em>si</em></strong></span> <span class='ocrx_word' id='word_1_569' title='bbox 1071 3658 1129 3697; x_wconf 91' lang='lat' dir='ltr'><strong><em>se</em></strong></span> <span class='ocrx_word' id='word_1_570' title='bbox 1157 3641 1566 3697; x_wconf 90' lang='lat' dir='ltr'><strong><em>emundaverint</em></strong></span> <span class='ocrx_word' id='word_1_571' title='bbox 1594 3645 1662 3697; x_wconf 89' lang='lat' dir='ltr'><strong><em>ab</em></strong></span> <span class='ocrx_word' id='word_1_572' title='bbox 1691 3644 1773 3698; x_wconf 92' lang='lat' dir='ltr'><strong><em>his</em></strong></span> <span class='ocrx_word' id='word_1_573' title='bbox 1801 3660 1900 3714; x_wconf 91' lang='lat' dir='ltr'><strong><em>pro</em></strong></span> <span class='ocrx_word' id='word_1_574' title='bbox 1923 3645 2042 3712; x_wconf 91' lang='lat' dir='ltr'><strong><em>qui-</em></strong></span> 
     </span>
    </p>
   </div>
   <div class='ocr_carea' id='block_1_68' title="bbox 444 3733 2042 3803">
    <p class='ocr_par' dir='ltr' id='par_1_68' title="bbox 444 3733 2042 3803">
     <span class='ocr_line' id='line_1_68' title="bbox 444 3733 2042 3803; baseline 0.002 -16"><span class='ocrx_word' id='word_1_575' title='bbox 444 3733 542 3788; x_wconf 90' lang='lat' dir='ltr'><strong><em>bus</em></strong></span> <span class='ocrx_word' id='word_1_576' title='bbox 583 3741 765 3803; x_wconf 85' lang='lat' dir='ltr'><strong><em>aptata</em></strong></span> <span class='ocrx_word' id='word_1_577' title='bbox 793 3742 924 3800; x_wconf 24' lang='lat' dir='ltr'><strong><em>sunt,</em></strong></span> <span class='ocrx_word' id='word_1_578' title='bbox 966 3733 1020 3786; x_wconf 92' lang='lat' dir='ltr'><strong><em>in</em></strong></span> <span class='ocrx_word' id='word_1_579' title='bbox 1066 3733 1342 3788; x_wconf 89' lang='lat' dir='ltr'><strong><em>interitum</em></strong></span> <span class='ocrx_word' id='word_1_580' title='bbox 1362 3773 1376 3797; x_wconf 97' lang='lat'><strong><em>,</em></strong></span> <span class='ocrx_word' id='word_1_581' title='bbox 1409 3742 1565 3788; x_wconf 89' lang='lat' dir='ltr'><strong><em>erunt</em></strong></span> <span class='ocrx_word' id='word_1_582' title='bbox 1598 3749 1721 3789; x_wconf 88' lang='lat' dir='ltr'><strong><em>vasa</em></strong></span> <span class='ocrx_word' id='word_1_583' title='bbox 1752 3734 1804 3788; x_wconf 92' lang='lat' dir='ltr'><strong><em>in</em></strong></span> <span class='ocrx_word' id='word_1_584' title='bbox 1833 3734 2042 3790; x_wconf 89' lang='lat' dir='ltr'><strong><em>honore</em></strong></span> 
     </span>
    </p>
   </div>
   <div class='ocr_carea' id='block_1_69' title="bbox 445 3825 2042 3898">
    <p class='ocr_par' dir='ltr' id='par_1_69' title="bbox 445 3825 2042 3898">
     <span class='ocr_line' id='line_1_69' title="bbox 445 3825 2042 3898; baseline 0.002 -18"><span class='ocrx_word' id='word_1_585' title='bbox 445 3825 796 3891; x_wconf 87' lang='lat' dir='ltr'><strong><em>sanctilicata,</em></strong></span> <span class='ocrx_word' id='word_1_586' title='bbox 841 3835 904 3880; x_wconf 67' lang='lat' dir='ltr'><strong><em>et“</em></strong></span> <span class='ocrx_word' id='word_1_587' title='bbox 924 3826 1034 3880; x_wconf 90' lang='lat' dir='ltr'><strong><em>Deo</em></strong></span> <span class='ocrx_word' id='word_1_588' title='bbox 1063 3825 1215 3880; x_wconf 91' lang='lat' dir='ltr'><strong><em>utilia</em></strong></span> <span class='ocrx_word' id='word_1_589' title='bbox 1245 3825 1312 3879; x_wconf 91' lang='lat' dir='ltr'><strong><em>ad</em></strong></span> <span class='ocrx_word' id='word_1_590' title='bbox 1342 3841 1503 3881; x_wconf 89' lang='lat' dir='ltr'><strong><em>omne</em></strong></span> <span class='ocrx_word' id='word_1_591' title='bbox 1552 3841 1688 3896; x_wconf 88' lang='lat' dir='ltr'><strong><em>opus</em></strong></span> <span class='ocrx_word' id='word_1_592' title='bbox 1715 3826 1916 3881; x_wconf 90' lang='lat' dir='ltr'><strong><em>bonum</em></strong></span> <span class='ocrx_word' id='word_1_593' title='bbox 1945 3843 2042 3898; x_wconf 89' lang='lat' dir='ltr'><strong><em>pa-</em></strong></span> 
     </span>
    </p>
   </div>
   <div class='ocr_carea' id='block_1_70' title="bbox 445 3917 2040 3989">
    <p class='ocr_par' dir='ltr' id='par_1_70' title="bbox 445 3917 2040 3989">
     <span class='ocr_line' id='line_1_70' title="bbox 445 3917 2040 3989; baseline 0.003 -20"><span class='ocrx_word' id='word_1_594' title='bbox 445 3923 588 3980; x_wconf 86' lang='lat' dir='ltr'><strong><em>rata;</em></strong></span> <span class='ocrx_word' id='word_1_595' title='bbox 619 3917 914 3971; x_wconf 89' lang='lat' dir='ltr'><strong><em>secundum</em></strong></span> <span class='ocrx_word' id='word_1_596' title='bbox 935 3917 1077 3987; x_wconf 91' lang='lat' dir='ltr'><strong><em>quod</em></strong></span> <span class='ocrx_word' id='word_1_597' title='bbox 1099 3932 1260 3987; x_wconf 89' lang='lat' dir='ltr'><strong><em>supra</em></strong></span> <span class='ocrx_word' id='word_1_598' title='bbox 1283 3917 1420 3971; x_wconf 84' lang='lat' dir='ltr'><strong><em>dixit</em></strong></span> <span class='ocrx_word' id='word_1_599' title='bbox 1439 3918 1504 3972; x_wconf 81' lang='lat' dir='ltr'><strong><em>ad</em></strong></span> <span class='ocrx_word' id='word_1_600' title='bbox 1525 3919 1846 3989; x_wconf 90' lang='lat' dir='ltr'><strong><em>prophetam</em></strong></span> <span class='ocrx_word' id='word_1_601' title='bbox 1876 3939 1886 3973; x_wconf 94' lang='lat'><strong>:</strong></span> <span class='ocrx_word' id='word_1_602' title='bbox 1913 3921 2040 3975; x_wconf 80' lang='lat' dir='ltr'><strong><em>Cum</em></strong></span> 
     </span>
    </p>
   </div>
   <div class='ocr_carea' id='block_1_71' title="bbox 447 4008 2034 4084">
    <p class='ocr_par' dir='ltr' id='par_1_71' title="bbox 447 4008 2034 4084">
     <span class='ocr_line' id='line_1_71' title="bbox 447 4008 2034 4084; baseline 0.004 -23"><span class='ocrx_word' id='word_1_603' title='bbox 447 4008 666 4068; x_wconf 75' lang='lat' dir='ltr'><strong><em>dixerim</em></strong></span> <span class='ocrx_word' id='word_1_604' title='bbox 695 4012 952 4079; x_wconf 87' lang='lat' dir='ltr'><strong><em>peccatori</em></strong></span> <span class='ocrx_word' id='word_1_605' title='bbox 973 4026 992 4064; x_wconf 92' lang='lat'><strong><em>:</em></strong></span> <span class='ocrx_word' id='word_1_606' title='bbox 1020 4010 1190 4066; x_wconf 83' lang='lat' dir='ltr'><strong><em>Morte</em></strong></span> <span class='ocrx_word' id='word_1_607' title='bbox 1218 4013 1453 4066; x_wconf 87' lang='lat' dir='ltr'><strong><em>morieris</em></strong></span> <span class='ocrx_word' id='word_1_608' title='bbox 1472 4012 1684 4084; x_wconf 78' lang='lat' dir='ltr'><strong><em>(Ezech.</em></strong></span> <span class='ocrx_word' id='word_1_609' title='bbox 1706 4030 1890 4077; x_wconf 70' lang='grc' dir='ltr'><strong>χχχιιι,</strong></span> <span class='ocrx_word' id='word_1_610' title='bbox 1924 4013 2034 4084; x_wconf 74' lang='grc'><strong><em>54),</em></strong></span> 
     </span>
    </p>
   </div>
   <div class='ocr_carea' id='block_1_72' title="bbox 447 4098 2034 4172">
    <p class='ocr_par' dir='ltr' id='par_1_72' title="bbox 447 4098 2034 4172">
     <span class='ocr_line' id='line_1_72' title="bbox 447 4098 2034 4172; baseline 0.003 -19"><span class='ocrx_word' id='word_1_611' title='bbox 447 4098 552 4154; x_wconf 90' lang='lat' dir='ltr'><strong><em>hoc</em></strong></span> <span class='ocrx_word' id='word_1_612' title='bbox 579 4107 680 4166; x_wconf 91' lang='lat' dir='ltr'><strong><em>est,</em></strong></span> <span class='ocrx_word' id='word_1_613' title='bbox 707 4115 828 4154; x_wconf 90' lang='lat' dir='ltr'><strong><em>cum</em></strong></span> <span class='ocrx_word' id='word_1_614' title='bbox 849 4100 1075 4155; x_wconf 84' lang='lat' dir='ltr'><strong><em>dixerim</em></strong></span> <span class='ocrx_word' id='word_1_615' title='bbox 1093 4119 1105 4154; x_wconf 88' lang='lat'><strong>:</strong></span> <span class='ocrx_word' id='word_1_616' title='bbox 1122 4101 1241 4156; x_wconf 86' lang='lat' dir='ltr'><strong><em>Eris</em></strong></span> <span class='ocrx_word' id='word_1_617' title='bbox 1262 4118 1356 4157; x_wconf 89' lang='lat' dir='ltr'><strong><em>vas</em></strong></span> <span class='ocrx_word' id='word_1_618' title='bbox 1386 4111 1624 4172; x_wconf 86' lang='lat' dir='ltr'><strong><em>aptatum</em></strong></span> <span class='ocrx_word' id='word_1_619' title='bbox 1642 4105 1711 4160; x_wconf 90' lang='lat' dir='ltr'><strong><em>ad</em></strong></span> <span class='ocrx_word' id='word_1_620' title='bbox 1740 4106 2034 4167; x_wconf 89' lang='lat' dir='ltr'><strong><em>interitum,</em></strong></span> 
     </span>
    </p>
   </div>
   <div class='ocr_carea' id='block_1_73' title="bbox 446 4188 2040 4263">
    <p class='ocr_par' dir='ltr' id='par_1_73' title="bbox 446 4188 2040 4263">
     <span class='ocr_line' id='line_1_73' title="bbox 446 4188 2040 4263; baseline 0.004 -20"><span class='ocrx_word' id='word_1_621' title='bbox 446 4196 500 4243; x_wconf 92' lang='lat' dir='ltr'><strong><em>et</em></strong></span> <span class='ocrx_word' id='word_1_622' title='bbox 520 4188 608 4242; x_wconf 89' lang='lat' dir='ltr'><strong><em>hic</em></strong></span> <span class='ocrx_word' id='word_1_623' title='bbox 646 4197 900 4258; x_wconf 87' lang='lat' dir='ltr'><strong><em>peccator</em></strong></span> <span class='ocrx_word' id='word_1_624' title='bbox 929 4193 1256 4246; x_wconf 89' lang='lat' dir='ltr'><strong><em>converterit</em></strong></span> <span class='ocrx_word' id='word_1_625' title='bbox 1293 4208 1351 4248; x_wconf 89' lang='lat' dir='ltr'><strong><em>se</em></strong></span> <span class='ocrx_word' id='word_1_626' title='bbox 1380 4194 1446 4248; x_wconf 90' lang='lat' dir='ltr'><strong><em>ab</em></strong></span> <span class='ocrx_word' id='word_1_627' title='bbox 1477 4194 1760 4263; x_wconf 89' lang='lat' dir='ltr'><strong><em>iniquitate</em></strong></span> <span class='ocrx_word' id='word_1_628' title='bbox 1788 4212 1901 4260; x_wconf 88' lang='lat' dir='ltr'><strong><em>sua,</em></strong></span> <span class='ocrx_word' id='word_1_629' title='bbox 1935 4196 2040 4250; x_wconf 91' lang='lat' dir='ltr'><strong><em>hoc</em></strong></span> 
     </span>
    </p>
   </div>
   <div class='ocr_carea' id='block_1_74' title="bbox 444 4283 2040 4354">
    <p class='ocr_par' dir='ltr' id='par_1_74' title="bbox 444 4283 2040 4354">
     <span class='ocr_line' id='line_1_74' title="bbox 444 4283 2040 4354; baseline 0.001 -17"><span class='ocrx_word' id='word_1_630' title='bbox 444 4290 545 4349; x_wconf 88' lang='lat' dir='ltr'><strong><em>est,</em></strong></span> <span class='ocrx_word' id='word_1_631' title='bbox 575 4298 694 4338; x_wconf 90' lang='lat' dir='ltr'><strong><em>cum</em></strong></span> <span class='ocrx_word' id='word_1_632' title='bbox 725 4283 794 4337; x_wconf 90' lang='lat' dir='ltr'><strong><em>sit</em></strong></span> <span class='ocrx_word' id='word_1_633' title='bbox 821 4299 913 4339; x_wconf 90' lang='lat' dir='ltr'><strong><em>vas</em></strong></span> <span class='ocrx_word' id='word_1_634' title='bbox 963 4292 1204 4354; x_wconf 89' lang='lat' dir='ltr'><strong><em>aptatum</em></strong></span> <span class='ocrx_word' id='word_1_635' title='bbox 1248 4285 1315 4339; x_wconf 92' lang='lat' dir='ltr'><strong><em>ad</em></strong></span> <span class='ocrx_word' id='word_1_636' title='bbox 1361 4286 1632 4341; x_wconf 88' lang='lat' dir='ltr'><strong><em>interitum</em></strong></span> <span class='ocrx_word' id='word_1_637' title='bbox 1653 4329 1667 4354; x_wconf 93' lang='lat'><strong><em>,</em></strong></span> <span class='ocrx_word' id='word_1_638' title='bbox 1700 4288 2040 4342; x_wconf 88' lang='lat' dir='ltr'><strong><em>mundaverit</em></strong></span> 
     </span>
    </p>
   </div>
   <div class='ocr_carea' id='block_1_75' title="bbox 443 4375 2031 4446">
    <p class='ocr_par' dir='ltr' id='par_1_75' title="bbox 443 4375 2031 4446">
     <span class='ocr_line' id='line_1_75' title="bbox 443 4375 2031 4446; baseline 0.001 -15"><span class='ocrx_word' id='word_1_639' title='bbox 443 4376 789 4446; x_wconf 88' lang='lat' dir='ltr'><strong><em>semetipsum</em></strong></span> <span class='ocrx_word' id='word_1_640' title='bbox 820 4375 888 4430; x_wconf 91' lang='lat' dir='ltr'><strong><em>ab</em></strong></span> <span class='ocrx_word' id='word_1_641' title='bbox 917 4375 1020 4441; x_wconf 89' lang='lat' dir='ltr'><strong><em>his,</em></strong></span> <span class='ocrx_word' id='word_1_642' title='bbox 1049 4377 1159 4436; x_wconf 86' lang='lat' dir='ltr'><strong><em>erit</em></strong></span> <span class='ocrx_word' id='word_1_643' title='bbox 1185 4392 1289 4432; x_wconf 82' lang='lat' dir='ltr'><strong><em>vas-</em></strong></span> <span class='ocrx_word' id='word_1_644' title='bbox 1308 4377 1360 4430; x_wconf 91' lang='lat' dir='ltr'><strong><em>in</em></strong></span> <span class='ocrx_word' id='word_1_645' title='bbox 1389 4378 1596 4434; x_wconf 88' lang='lat' dir='ltr'><strong><em>honore</em></strong></span> <span class='ocrx_word' id='word_1_646' title='bbox 1623 4379 2031 4432; x_wconf 87' lang='lat' dir='ltr'><strong><em>sanctilicatum.</em></strong></span> 
     </span>
    </p>
   </div>
   <div class='ocr_carea' id='block_1_76' title="bbox 446 4463 2036 4538">
    <p class='ocr_par' dir='ltr' id='par_1_76' title="bbox 446 4463 2036 4538">
     <span class='ocr_line' id='line_1_76' title="bbox 446 4463 2036 4538; baseline 0.004 -20"><span class='ocrx_word' id='word_1_647' title='bbox 446 4463 638 4520; x_wconf 87' lang='lat' dir='ltr'><strong><em>Postea</em></strong></span> <span class='ocrx_word' id='word_1_648' title='bbox 666 4482 828 4535; x_wconf 90' lang='lat' dir='ltr'><strong><em>quam</em></strong></span> <span class='ocrx_word' id='word_1_649' title='bbox 849 4464 974 4521; x_wconf 88' lang='lat' dir='ltr'><strong><em>hinc</em></strong></span> <span class='ocrx_word' id='word_1_650' title='bbox 995 4482 1090 4522; x_wconf 85' lang='lat' dir='ltr'><strong><em>eos</em></strong></span> <span class='ocrx_word' id='word_1_651' title='bbox 1117 4469 1476 4538; x_wconf 88' lang='lat' dir='ltr'><strong><em>superaveris,</em></strong></span> <span class='ocrx_word' id='word_1_652' title='bbox 1503 4467 1570 4522; x_wconf 84' lang='lat' dir='ltr'><strong><em>ad</em></strong></span> <span class='ocrx_word' id='word_1_653' title='bbox 1589 4469 1899 4524; x_wconf 87' lang='lat' dir='ltr'><strong><em>obscuriora</em></strong></span> <span class='ocrx_word' id='word_1_654' title='bbox 1917 4470 2036 4525; x_wconf 88' lang='lat' dir='ltr'><strong><em>loca</em></strong></span> 
     </span>
    </p>
   </div>
   <div class='ocr_carea' id='block_1_77' title="bbox 2145 3276 3732 3348">
    <p class='ocr_par' dir='ltr' id='par_1_77' title="bbox 2145 3276 3732 3348">
     <span class='ocr_line' id='line_1_77' title="bbox 2145 3276 3732 3348; baseline 0.003 -18"><span class='ocrx_word' id='word_1_655' title='bbox 2145 3276 2384 3346; x_wconf 89' lang='lat' dir='ltr'><strong><em>probetis</em></strong></span> <span class='ocrx_word' id='word_1_656' title='bbox 2414 3277 2710 3346; x_wconf 89' lang='lat' dir='ltr'><strong><em>imperitos,</em></strong></span> <span class='ocrx_word' id='word_1_657' title='bbox 2744 3278 3082 3347; x_wconf 90' lang='lat' dir='ltr'><strong><em>increpamus</em></strong></span> <span class='ocrx_word' id='word_1_658' title='bbox 3122 3294 3229 3333; x_wconf 91' lang='lat' dir='ltr'><strong><em>non</em></strong></span> <span class='ocrx_word' id='word_1_659' title='bbox 3257 3279 3488 3334; x_wconf 89' lang='lat' dir='ltr'><strong><em>scientes</em></strong></span> <span class='ocrx_word' id='word_1_660' title='bbox 3533 3294 3732 3348; x_wconf 57' lang='lat' dir='ltr'><strong><em>praesu-</em></strong></span> 
     </span>
    </p>
   </div>
   <div class='ocr_carea' id='block_1_78' title="bbox 2143 3373 3729 3448">
    <p class='ocr_par' dir='ltr' id='par_1_78' title="bbox 2143 3373 3729 3448">
     <span class='ocr_line' id='line_1_78' title="bbox 2143 3373 3729 3448; baseline 0.004 -25"><span class='ocrx_word' id='word_1_661' title='bbox 2143 3385 2291 3426; x_wconf 89' lang='lat' dir='ltr'><strong><em>mere</em></strong></span> <span class='ocrx_word' id='word_1_662' title='bbox 2320 3389 2428 3427; x_wconf 90' lang='lat' dir='ltr'><strong><em>non</em></strong></span> <span class='ocrx_word' id='word_1_663' title='bbox 2473 3373 2689 3439; x_wconf 87' lang='lat' dir='ltr'><strong><em>debere,</em></strong></span> <span class='ocrx_word' id='word_1_664' title='bbox 2736 3384 2791 3430; x_wconf 91' lang='lat' dir='ltr'><strong><em>et</em></strong></span> <span class='ocrx_word' id='word_1_665' title='bbox 2831 3375 2947 3445; x_wconf 89' lang='lat' dir='ltr'><strong><em>ejus</em></strong></span> <span class='ocrx_word' id='word_1_666' title='bbox 2969 3378 3048 3431; x_wconf 89' lang='lat' dir='ltr'><strong><em>rei</em></strong></span> <span class='ocrx_word' id='word_1_667' title='bbox 3083 3379 3446 3447; x_wconf 85' lang='lat' dir='ltr'><strong><em>magisterium</em></strong></span> <span class='ocrx_word' id='word_1_668' title='bbox 3468 3373 3729 3448; x_wconf 53' lang='lat' dir='ltr'><strong><em>poiliceri,</em></strong></span> 
     </span>
    </p>
   </div>
   <div class='ocr_carea' id='block_1_79' title="bbox 2143 3465 3732 3538">
    <p class='ocr_par' dir='ltr' id='par_1_79' title="bbox 2143 3465 3732 3538">
     <span class='ocr_line' id='line_1_79' title="bbox 2143 3465 3732 3538; baseline 0.002 -18"><span class='ocrx_word' id='word_1_669' title='bbox 2143 3465 2296 3533; x_wconf 89' lang='lat' dir='ltr'><strong><em>cujus</em></strong></span> <span class='ocrx_word' id='word_1_670' title='bbox 2325 3481 2600 3535; x_wconf 90' lang='lat' dir='ltr'><strong><em>nunquam</em></strong></span> <span class='ocrx_word' id='word_1_671' title='bbox 2639 3468 2883 3526; x_wconf 88' lang='lat' dir='ltr'><strong><em>voluistis</em></strong></span> <span class='ocrx_word' id='word_1_672' title='bbox 2924 3484 3041 3524; x_wconf 88' lang='lat' dir='ltr'><strong><em>esse</em></strong></span> <span class='ocrx_word' id='word_1_673' title='bbox 3069 3469 3332 3538; x_wconf 88' lang='lat' dir='ltr'><strong><em>discipuli.</em></strong></span> <span class='ocrx_word' id='word_1_674' title='bbox 3360 3469 3469 3523; x_wconf 89' lang='lat' dir='ltr'><strong><em>Vos</em></strong></span> <span class='ocrx_word' id='word_1_675' title='bbox 3497 3469 3660 3534; x_wconf 88' lang='lat' dir='ltr'><strong><em>enim,</em></strong></span> <span class='ocrx_word' id='word_1_676' title='bbox 3687 3468 3732 3523; x_wconf 88' lang='lat' dir='ltr'><strong><em>si</em></strong></span> 
     </span>
    </p>
   </div>
   <div class='ocr_carea' id='block_1_80' title="bbox 2143 3557 3733 3629">
    <p class='ocr_par' dir='ltr' id='par_1_80' title="bbox 2143 3557 3733 3629">
     <span class='ocr_line' id='line_1_80' title="bbox 2143 3557 3733 3629; baseline 0.001 -17"><span class='ocrx_word' id='word_1_677' title='bbox 2143 3557 2449 3613; x_wconf 87' lang='lat' dir='ltr'><strong><em>voluissetis</em></strong></span> <span class='ocrx_word' id='word_1_678' title='bbox 2479 3559 2684 3614; x_wconf 74' lang='lat' dir='ltr'><strong><em>distere</em></strong></span> <span class='ocrx_word' id='word_1_679' title='bbox 2710 3560 2877 3629; x_wconf 88' lang='lat' dir='ltr'><strong><em>prius,</em></strong></span> <span class='ocrx_word' id='word_1_680' title='bbox 2910 3567 2964 3614; x_wconf 91' lang='lat' dir='ltr'><strong><em>et</em></strong></span> <span class='ocrx_word' id='word_1_681' title='bbox 2985 3560 3062 3614; x_wconf 91' lang='lat' dir='ltr'><strong><em>sic</em></strong></span> <span class='ocrx_word' id='word_1_682' title='bbox 3081 3560 3296 3622; x_wconf 85' lang='lat' dir='ltr'><strong><em>docere,</em></strong></span> <span class='ocrx_word' id='word_1_683' title='bbox 3329 3561 3396 3613; x_wconf 91' lang='lat' dir='ltr'><strong><em>ab</em></strong></span> <span class='ocrx_word' id='word_1_684' title='bbox 3425 3559 3541 3613; x_wconf 90' lang='lat' dir='ltr'><strong><em>istis</em></strong></span> <span class='ocrx_word' id='word_1_685' title='bbox 3567 3560 3733 3613; x_wconf 82' lang='lat' dir='ltr'><strong><em>inter-</em></strong></span> 
     </span>
    </p>
   </div>
   <div class='ocr_carea' id='block_1_81' title="bbox 2142 3648 3732 3718">
    <p class='ocr_par' dir='ltr' id='par_1_81' title="bbox 2142 3648 3732 3718">
     <span class='ocr_line' id='line_1_81' title="bbox 2142 3648 3732 3718; baseline 0.002 -17"><span class='ocrx_word' id='word_1_686' title='bbox 2142 3648 2534 3716; x_wconf 88' lang='lat' dir='ltr'><strong><em>pretationibus</em></strong></span> <span class='ocrx_word' id='word_1_687' title='bbox 2589 3648 2880 3716; x_wconf 78' lang='lat' dir='ltr'><strong><em>fugientes,</em></strong></span> <span class='ocrx_word' id='word_1_688' title='bbox 2931 3664 2961 3702; x_wconf 88' lang='lat' dir='ltr'><strong><em>a</em></strong></span> <span class='ocrx_word' id='word_1_689' title='bbox 3011 3649 3104 3703; x_wconf 91' lang='lat' dir='ltr'><strong><em>Dei</em></strong></span> <span class='ocrx_word' id='word_1_690' title='bbox 3159 3649 3408 3718; x_wconf 63' lang='lat' dir='ltr'><strong><em>aequitate</em></strong></span> <span class='ocrx_word' id='word_1_691' title='bbox 3460 3663 3732 3717; x_wconf 90' lang='lat' dir='ltr'><strong><em>nunquam</em></strong></span> 
     </span>
    </p>
   </div>
   <div class='ocr_carea' id='block_1_82' title="bbox 2145 3736 3733 3809">
    <p class='ocr_par' dir='ltr' id='par_1_82' title="bbox 2145 3736 3733 3809">
     <span class='ocr_line' id='line_1_82' title="bbox 2145 3736 3733 3809; baseline 0.003 -17"><span class='ocrx_word' id='word_1_692' title='bbox 2145 3736 2172 3776; x_wconf 78' lang='grc' dir='ltr'><strong><em>¹ί</em></strong></span> <span class='ocrx_word' id='word_1_693' title='bbox 2200 3740 2558 3803; x_wconf 86' lang='lat' dir='ltr'><strong><em>recesseratis,</em></strong></span> <span class='ocrx_word' id='word_1_694' title='bbox 2591 3755 2691 3794; x_wconf 90' lang='lat' dir='ltr'><strong><em>nec</em></strong></span> <span class='ocrx_word' id='word_1_695' title='bbox 2715 3740 2964 3794; x_wconf 87' lang='lat' dir='ltr'><strong><em>diceretis</em></strong></span> <span class='ocrx_word' id='word_1_696' title='bbox 2986 3739 3111 3809; x_wconf 91' lang='lat' dir='ltr'><strong><em>quia</em></strong></span> <span class='ocrx_word' id='word_1_697' title='bbox 3139 3755 3244 3793; x_wconf 89' lang='lat' dir='ltr'><strong><em>non</em></strong></span> <span class='ocrx_word' id='word_1_698' title='bbox 3273 3754 3461 3794; x_wconf 89' lang='lat' dir='ltr'><strong><em>omnes</em></strong></span> <span class='ocrx_word' id='word_1_699' title='bbox 3487 3739 3733 3796; x_wconf 90' lang='lat' dir='ltr'><strong><em>homines</em></strong></span> 
     </span>
    </p>
   </div>
   <div class='ocr_carea' id='block_1_83' title="bbox 2142 3829 3727 3909">
    <p class='ocr_par' dir='ltr' id='par_1_83' title="bbox 2142 3829 3727 3909">
     <span class='ocr_line' id='line_1_83' title="bbox 2142 3829 3727 3909; baseline 0.002 -26"><span class='ocrx_word' id='word_1_700' title='bbox 2142 3831 2256 3885; x_wconf 91' lang='lat' dir='ltr'><strong><em>vult</em></strong></span> <span class='ocrx_word' id='word_1_701' title='bbox 2278 3832 2456 3887; x_wconf 87' lang='lat' dir='ltr'><strong><em>salvos</em></strong></span> <span class='ocrx_word' id='word_1_702' title='bbox 2483 3829 2615 3885; x_wconf 79' lang='lat' dir='ltr'><strong><em>ﬁeri.</em></strong></span> <span class='ocrx_word' id='word_1_703' title='bbox 2644 3829 2932 3900; x_wconf 86' lang='lat' dir='ltr'><strong><em>Apostolus</em></strong></span> <span class='ocrx_word' id='word_1_704' title='bbox 2953 3838 3131 3909; x_wconf 89' lang='lat' dir='ltr'><strong><em>autem</em></strong></span> <span class='ocrx_word' id='word_1_705' title='bbox 3157 3830 3288 3899; x_wconf 88' lang='lat' dir='ltr'><strong><em>legis</em></strong></span> <span class='ocrx_word' id='word_1_706' title='bbox 3301 3830 3505 3900; x_wconf 91' lang='lat' dir='ltr'><strong><em>peritus</em></strong></span> <span class='ocrx_word' id='word_1_707' title='bbox 3525 3839 3727 3898; x_wconf 90' lang='lat' dir='ltr'><strong><em>noster,</em></strong></span> 
     </span>
    </p>
   </div>
   <div class='ocr_carea' id='block_1_84' title="bbox 2143 3923 3733 3990">
    <p class='ocr_par' dir='ltr' id='par_1_84' title="bbox 2143 3923 3733 3990">
     <span class='ocr_line' id='line_1_84' title="bbox 2143 3923 3733 3990; baseline 0.002 -12"><span class='ocrx_word' id='word_1_708' title='bbox 2143 3925 2394 3980; x_wconf 91' lang='lat' dir='ltr'><strong><em>omnibus</em></strong></span> <span class='ocrx_word' id='word_1_709' title='bbox 2412 3939 2471 3979; x_wconf 91' lang='lat' dir='ltr'><strong><em>se</em></strong></span> <span class='ocrx_word' id='word_1_710' title='bbox 2500 3925 2680 3979; x_wconf 88' lang='lat' dir='ltr'><strong><em>omnia</em></strong></span> <span class='ocrx_word' id='word_1_711' title='bbox 2703 3923 2898 3978; x_wconf 83' lang='lat' dir='ltr'><strong><em>factum</em></strong></span> <span class='ocrx_word' id='word_1_712' title='bbox 2926 3924 3072 3990; x_wconf 90' lang='lat' dir='ltr'><strong><em>dicit,</em></strong></span> <span class='ocrx_word' id='word_1_713' title='bbox 3099 3931 3158 3978; x_wconf 89' lang='lat' dir='ltr'><strong><em>ut</em></strong></span> <span class='ocrx_word' id='word_1_714' title='bbox 3186 3938 3374 3978; x_wconf 91' lang='lat' dir='ltr'><strong><em>omnes</em></strong></span> <span class='ocrx_word' id='word_1_715' title='bbox 3395 3924 3733 3981; x_wconf 78' lang='lat' dir='ltr'><strong><em>lucrifaceret</em></strong></span> 
     </span>
    </p>
   </div>
   <div class='ocr_carea' id='block_1_85' title="bbox 2141 4001 3731 4086">
    <p class='ocr_par' dir='ltr' id='par_1_85' title="bbox 2141 4001 3731 4086">
     <span class='ocr_line' id='line_1_85' title="bbox 2141 4001 3731 4086; baseline -0.001 -15"><span class='ocrx_word' id='word_1_716' title='bbox 2141 4024 2457 4086; x_wconf 89' lang='lat' dir='ltr'><strong><em>peccatores</em></strong></span> <span class='ocrx_word' id='word_1_717' title='bbox 2483 4016 2536 4085; x_wconf 93' lang='lat' dir='ltr'><strong><em>(l</em></strong></span> <span class='ocrx_word' id='word_1_718' title='bbox 2561 4013 2680 4070; x_wconf 85' lang='lat' dir='ltr'><strong><em>Cor.</em></strong></span> <span class='ocrx_word' id='word_1_719' title='bbox 2715 4033 2787 4080; x_wconf 68' lang='grc' dir='ltr'><strong>ιχ,</strong></span> <span class='ocrx_word' id='word_1_720' title='bbox 2812 4015 2923 4084; x_wconf 66' lang='lat'><strong><em>22).</em></strong></span> <span class='ocrx_word' id='word_1_721' title='bbox 2948 4001 3066 4070; x_wconf 84' lang='lat' dir='ltr'><strong><em>Jam</em></strong></span> <span class='ocrx_word' id='word_1_722' title='bbox 3113 4015 3256 4070; x_wconf 89' lang='lat' dir='ltr'><strong><em>enim</em></strong></span> <span class='ocrx_word' id='word_1_723' title='bbox 3302 4015 3578 4081; x_wconf 86' lang='lat' dir='ltr'><strong><em>didicerat,</em></strong></span> <span class='ocrx_word' id='word_1_724' title='bbox 3604 4016 3731 4085; x_wconf 89' lang='lat' dir='ltr'><strong><em>quia</em></strong></span> 
     </span>
    </p>
   </div>
   <div class='ocr_carea' id='block_1_86' title="bbox 2141 4106 3729 4170">
    <p class='ocr_par' dir='ltr' id='par_1_86' title="bbox 2141 4106 3729 4170">
     <span class='ocr_line' id='line_1_86' title="bbox 2141 4106 3729 4170; baseline -0.001 -9"><span class='ocrx_word' id='word_1_725' title='bbox 2141 4108 2406 4162; x_wconf 90' lang='lat' dir='ltr'><strong><em>conclusit</em></strong></span> <span class='ocrx_word' id='word_1_726' title='bbox 2433 4107 2574 4161; x_wconf 91' lang='lat' dir='ltr'><strong><em>Deus</em></strong></span> <span class='ocrx_word' id='word_1_727' title='bbox 2597 4107 2778 4162; x_wconf 89' lang='lat' dir='ltr'><strong><em>omnia</em></strong></span> <span class='ocrx_word' id='word_1_728' title='bbox 2807 4107 2860 4161; x_wconf 87' lang='lat' dir='ltr'><strong><em>in</em></strong></span> <span class='ocrx_word' id='word_1_729' title='bbox 2894 4106 3283 4170; x_wconf 90' lang='lat' dir='ltr'><strong><em>incredulitate,</em></strong></span> <span class='ocrx_word' id='word_1_730' title='bbox 3315 4114 3370 4160; x_wconf 91' lang='lat' dir='ltr'><strong><em>et</em></strong></span> <span class='ocrx_word' id='word_1_731' title='bbox 3392 4106 3505 4160; x_wconf 90' lang='lat' dir='ltr'><strong><em>vult</em></strong></span> <span class='ocrx_word' id='word_1_732' title='bbox 3526 4114 3582 4160; x_wconf 91' lang='lat' dir='ltr'><strong><em>ut</em></strong></span> <span class='ocrx_word' id='word_1_733' title='bbox 3610 4122 3729 4161; x_wconf 92' lang='lat' dir='ltr'><strong><em>om-</em></strong></span> 
     </span>
    </p>
   </div>
   <div class='ocr_carea' id='block_1_87' title="bbox 2142 4197 3732 4270">
    <p class='ocr_par' dir='ltr' id='par_1_87' title="bbox 2142 4197 3732 4270">
     <span class='ocr_line' id='line_1_87' title="bbox 2142 4197 3732 4270; baseline 0.001 -18"><span class='ocrx_word' id='word_1_734' title='bbox 2142 4199 2298 4254; x_wconf 90' lang='lat' dir='ltr'><strong><em>nibus</em></strong></span> <span class='ocrx_word' id='word_1_735' title='bbox 2323 4200 2646 4255; x_wconf 87' lang='lat' dir='ltr'><strong><em>misereatur</em></strong></span> <span class='ocrx_word' id='word_1_736' title='bbox 2664 4198 2838 4270; x_wconf 87' lang='lat' dir='ltr'><strong><em>(Rom.</em></strong></span> <span class='ocrx_word' id='word_1_737' title='bbox 2871 4214 2943 4264; x_wconf 74' lang='grc' dir='ltr'><strong>ιιι,</strong></span> <span class='ocrx_word' id='word_1_738' title='bbox 2969 4197 3086 4267; x_wconf 69' lang='lat'><strong><em>52).</em></strong></span> <span class='ocrx_word' id='word_1_739' title='bbox 3112 4198 3374 4254; x_wconf 89' lang='lat' dir='ltr'><strong><em>Didicerat</em></strong></span> <span class='ocrx_word' id='word_1_740' title='bbox 3400 4198 3542 4267; x_wconf 90' lang='lat' dir='ltr'><strong><em>quod</em></strong></span> <span class='ocrx_word' id='word_1_741' title='bbox 3571 4213 3732 4253; x_wconf 87' lang='lat' dir='ltr'><strong><em>omne</em></strong></span> 
     </span>
    </p>
   </div>
   <div class='ocr_carea' id='block_1_88' title="bbox 2140 4288 3732 4357">
    <p class='ocr_par' dir='ltr' id='par_1_88' title="bbox 2140 4288 3732 4357">
     <span class='ocr_line' id='line_1_88' title="bbox 2140 4288 3732 4357; baseline 0.001 -14"><span class='ocrx_word' id='word_1_742' title='bbox 2140 4304 2203 4343; x_wconf 93' lang='lat' dir='ltr'><strong><em>os</em></strong></span> <span class='ocrx_word' id='word_1_743' title='bbox 2230 4290 2454 4344; x_wconf 89' lang='lat' dir='ltr'><strong><em>deberet</em></strong></span> <span class='ocrx_word' id='word_1_744' title='bbox 2499 4290 2725 4357; x_wconf 88' lang='lat' dir='ltr'><strong><em>obstrui,</em></strong></span> <span class='ocrx_word' id='word_1_745' title='bbox 2777 4297 2831 4344; x_wconf 91' lang='lat' dir='ltr'><strong><em>et</em></strong></span> <span class='ocrx_word' id='word_1_746' title='bbox 2878 4289 3121 4344; x_wconf 87' lang='lat' dir='ltr'><strong><em>subditus</em></strong></span> <span class='ocrx_word' id='word_1_747' title='bbox 3153 4289 3376 4344; x_wconf 88' lang='lat' dir='ltr'><strong><em>deberet</em></strong></span> <span class='ocrx_word' id='word_1_748' title='bbox 3413 4288 3526 4342; x_wconf 71' lang='lat' dir='ltr'><strong><em>fieri</em></strong></span> <span class='ocrx_word' id='word_1_749' title='bbox 3556 4289 3732 4344; x_wconf 89' lang='lat' dir='ltr'><strong><em>omnis</em></strong></span> 
     </span>
    </p>
   </div>
   <div class='ocr_carea' id='block_1_89' title="bbox 2139 4379 3732 4452">
    <p class='ocr_par' dir='ltr' id='par_1_89' title="bbox 2139 4379 3732 4452">
     <span class='ocr_line' id='line_1_89' title="bbox 2139 4379 3732 4452; baseline 0.001 -19"><span class='ocrx_word' id='word_1_750' title='bbox 2139 4379 2372 4434; x_wconf 88' lang='lat' dir='ltr'><strong><em>mundus</em></strong></span> <span class='ocrx_word' id='word_1_751' title='bbox 2400 4380 2512 4435; x_wconf 92' lang='lat' dir='ltr'><strong><em>Deo</em></strong></span> <span class='ocrx_word' id='word_1_752' title='bbox 2564 4381 2738 4452; x_wconf 87' lang='lat' dir='ltr'><strong><em>(Rom.</em></strong></span> <span class='ocrx_word' id='word_1_753' title='bbox 2796 4399 2870 4447; x_wconf 87' lang='grc' dir='ltr'><strong>ιιι,</strong></span> <span class='ocrx_word' id='word_1_754' title='bbox 2920 4379 3030 4450; x_wconf 84' lang='lat' dir='ltr'><strong><em>l9),</em></strong></span> <span class='ocrx_word' id='word_1_755' title='bbox 3065 4388 3120 4436; x_wconf 89' lang='lat' dir='ltr'><strong><em>et</em></strong></span> <span class='ocrx_word' id='word_1_756' title='bbox 3163 4380 3284 4436; x_wconf 88' lang='lat' dir='ltr'><strong><em>ideo</em></strong></span> <span class='ocrx_word' id='word_1_757' title='bbox 3313 4380 3525 4434; x_wconf 85' lang='lat' dir='ltr'><strong><em>dicebat</em></strong></span> <span class='ocrx_word' id='word_1_758' title='bbox 3553 4397 3565 4432; x_wconf 91' lang='lat'>:</span> <span class='ocrx_word' id='word_1_759' title='bbox 3598 4379 3732 4435; x_wconf 88' lang='lat' dir='ltr'><strong><em>Dico</em></strong></span> 
     </span>
    </p>
   </div>
   <div class='ocr_carea' id='block_1_90' title="bbox 2140 4473 3733 4545">
    <p class='ocr_par' dir='ltr' id='par_1_90' title="bbox 2140 4473 3733 4545">
     <span class='ocr_line' id='line_1_90' title="bbox 2140 4473 3733 4545; baseline 0.002 -22"><span class='ocrx_word' id='word_1_760' title='bbox 2140 4480 2311 4524; x_wconf 89' lang='lat' dir='ltr'><strong><em>autem</em></strong></span> <span class='ocrx_word' id='word_1_761' title='bbox 2336 4488 2428 4541; x_wconf 91' lang='lat' dir='ltr'><strong><em>per</em></strong></span> <span class='ocrx_word' id='word_1_762' title='bbox 2457 4475 2678 4543; x_wconf 89' lang='lat' dir='ltr'><strong><em>gratiam</em></strong></span> <span class='ocrx_word' id='word_1_763' title='bbox 2707 4491 2820 4543; x_wconf 73' lang='lat' dir='ltr'><strong><em>qua:</em></strong></span> <span class='ocrx_word' id='word_1_764' title='bbox 2849 4474 2971 4528; x_wconf 90' lang='lat' dir='ltr'><strong><em>data</em></strong></span> <span class='ocrx_word' id='word_1_765' title='bbox 3000 4482 3077 4528; x_wconf 89' lang='lat' dir='ltr'><strong><em>est</em></strong></span> <span class='ocrx_word' id='word_1_766' title='bbox 3103 4473 3250 4538; x_wconf 90' lang='lat' dir='ltr'><strong><em>mihi,</em></strong></span> <span class='ocrx_word' id='word_1_767' title='bbox 3281 4473 3514 4526; x_wconf 86' lang='lat' dir='ltr'><strong><em>omnibus</em></strong></span> <span class='ocrx_word' id='word_1_768' title='bbox 3557 4473 3643 4545; x_wconf 89' lang='lat' dir='ltr'><strong><em>qui</em></strong></span> <span class='ocrx_word' id='word_1_769' title='bbox 3679 4474 3733 4527; x_wconf 84' lang='lat' dir='ltr'><strong><em>in</em></strong></span> 
     </span>
    </p>
   </div>
   <div class='ocr_carea' id='block_1_91' title="bbox 446 4558 3729 4635">
    <p class='ocr_par' dir='ltr' id='par_1_91' title="bbox 446 4558 3729 4635">
     <span class='ocr_line' id='line_1_91' title="bbox 446 4558 3729 4635; baseline 0.002 -24"><span class='ocrx_word' id='word_1_770' title='bbox 446 4558 843 4628; x_wconf 88' lang='lat' dir='ltr'><strong><em>Scripturarum</em></strong></span> <span class='ocrx_word' id='word_1_771' title='bbox 871 4558 1202 4629; x_wconf 77' lang='lat' dir='ltr'><strong><em>confugiunt,</em></strong></span> <span class='ocrx_word' id='word_1_772' title='bbox 1236 4568 1295 4614; x_wconf 91' lang='lat' dir='ltr'><strong><em>ut</em></strong></span> <span class='ocrx_word' id='word_1_773' title='bbox 1317 4561 1574 4630; x_wconf 87' lang='lat' dir='ltr'><strong><em>sagittent</em></strong></span> <span class='ocrx_word' id='word_1_774' title='bbox 1601 4561 1654 4614; x_wconf 92' lang='lat' dir='ltr'><strong><em>in</em></strong></span> <span class='ocrx_word' id='word_1_775' title='bbox 1693 4561 1924 4616; x_wconf 91' lang='lat' dir='ltr'><strong><em>obscuro</em></strong></span> <span class='ocrx_word' id='word_1_776' title='bbox 1952 4577 2038 4616; x_wconf 90' lang='lat' dir='ltr'><strong><em>re-</em></strong></span> <span class='ocrx_word' id='word_1_777' title='bbox 2066 4571 2118 4631; x_wconf 83' lang='lat'><strong><em>1)</em></strong></span> <span class='ocrx_word' id='word_1_778' title='bbox 2142 4563 2281 4617; x_wconf 82' lang='lat' dir='ltr'><strong><em>vobis</em></strong></span> <span class='ocrx_word' id='word_1_779' title='bbox 2309 4572 2428 4616; x_wconf 90' lang='lat' dir='ltr'><strong><em>sunt</em></strong></span> <span class='ocrx_word' id='word_1_780' title='bbox 2453 4562 2627 4632; x_wconf 87' lang='lat' dir='ltr'><strong><em>(Rom.</em></strong></span> <span class='ocrx_word' id='word_1_781' title='bbox 2655 4581 2748 4629; x_wconf 84' lang='lat' dir='ltr'><strong><em>xu,</em></strong></span> <span class='ocrx_word' id='word_1_782' title='bbox 2777 4565 2852 4635; x_wconf 78' lang='lat'><strong><em>5).</em></strong></span> <span class='ocrx_word' id='word_1_783' title='bbox 2885 4565 2952 4619; x_wconf 92' lang='lat' dir='ltr'><strong><em>Et</em></strong></span> <span class='ocrx_word' id='word_1_784' title='bbox 2981 4565 3176 4620; x_wconf 90' lang='lat' dir='ltr'><strong><em>iterum</em></strong></span> <span class='ocrx_word' id='word_1_785' title='bbox 3211 4583 3223 4618; x_wconf 86' lang='lat'>:</span> <span class='ocrx_word' id='word_1_786' title='bbox 3248 4563 3593 4635; x_wconf 81' lang='lat' dir='ltr'><strong><em>Corripientes</em></strong></span> <span class='ocrx_word' id='word_1_787' title='bbox 3615 4582 3729 4621; x_wconf 90' lang='lat' dir='ltr'><strong><em>om-</em></strong></span> 
     </span>
    </p>
   </div>
   <div class='ocr_carea' id='block_1_92' title="bbox 444 4651 770 4708">
    <p class='ocr_par' dir='ltr' id='par_1_92' title="bbox 444 4651 770 4708">
     <span class='ocr_line' id='line_1_92' title="bbox 444 4651 770 4708; baseline -0.003 -1"><span class='ocrx_word' id='word_1_788' title='bbox 444 4659 560 4708; x_wconf 91' lang='lat' dir='ltr'><strong><em>ctos</em></strong></span> <span class='ocrx_word' id='word_1_789' title='bbox 589 4651 770 4707; x_wconf 89' lang='lat' dir='ltr'><strong><em>corde.</em></strong></span> 
     </span>
    </p>
   </div>
   <div class='ocr_carea' id='block_1_93' title="bbox 404 4721 2037 4827">
    <p class='ocr_par' dir='ltr' id='par_1_93' title="bbox 404 4721 2037 4827">
     <span class='ocr_line' id='line_1_93' title="bbox 404 4721 2037 4827; baseline 0 -27"><span class='ocrx_word' id='word_1_790' title='bbox 419 4721 429 4732; x_wconf 44' lang='grc'><strong><em>⁸</em></strong></span> <span class='ocrx_word' id='word_1_791' title='bbox 513 4745 579 4801; x_wconf 81' lang='lat' dir='ltr'><strong><em>ll.</em></strong></span> <span class='ocrx_word' id='word_1_792' title='bbox 611 4743 630 4782; x_wconf 67' lang='grc' dir='ltr'><em>τ</em></span> <span class='ocrx_word' id='word_1_793' title='bbox 659 4743 912 4812; x_wconf 79' lang='lat' dir='ltr'><strong><em>Nescitis,</em></strong></span> <span class='ocrx_word' id='word_1_794' title='bbox 943 4746 1209 4817; x_wconf 86' lang='lat' dir='ltr'><strong><em>inquiunt,</em></strong></span> <span class='ocrx_word' id='word_1_795' title='bbox 1234 4747 1354 4818; x_wconf 90' lang='lat' dir='ltr'><strong><em>quia</em></strong></span> <span class='ocrx_word' id='word_1_796' title='bbox 1374 4747 1621 4815; x_wconf 85' lang='lat' dir='ltr'><strong><em>scriptum</em></strong></span> <span class='ocrx_word' id='word_1_797' title='bbox 1641 4753 1715 4798; x_wconf 86' lang='lat' dir='ltr'><strong><em>est</em></strong></span> <span class='ocrx_word' id='word_1_798' title='bbox 1734 4761 1749 4798; x_wconf 91' lang='lat'><strong><em>:</em></strong></span> <span class='ocrx_word' id='word_1_799' title='bbox 1771 4744 1934 4799; x_wconf 73' lang='lat' dir='ltr'><strong><em>Iacob</em></strong></span> <span class='ocrx_word' id='word_1_800' title='bbox 1955 4747 2037 4800; x_wconf 86' lang='lat' dir='ltr'><strong><em>di-</em></strong></span> 
     </span>
    </p>
   </div>
   <div class='ocr_carea' id='block_1_94' title="bbox 453 4838 2035 4908">
    <p class='ocr_par' dir='ltr' id='par_1_94' title="bbox 453 4838 2035 4908">
     <span class='ocr_line' id='line_1_94' title="bbox 453 4838 2035 4908; baseline -0.001 -13"><span class='ocrx_word' id='word_1_801' title='bbox 453 4842 578 4908; x_wconf 78' lang='lat' dir='ltr'><strong><em>lexi,</em></strong></span> <span class='ocrx_word' id='word_1_802' title='bbox 625 4839 769 4894; x_wconf 82' lang='lat' dir='ltr'><strong><em>Esau</em></strong></span> <span class='ocrx_word' id='word_1_803' title='bbox 809 4849 979 4893; x_wconf 88' lang='lat' dir='ltr'><strong><em>autem</em></strong></span> <span class='ocrx_word' id='word_1_804' title='bbox 1032 4841 1151 4896; x_wconf 91' lang='lat' dir='ltr'><strong><em>odio</em></strong></span> <span class='ocrx_word' id='word_1_805' title='bbox 1194 4840 1389 4894; x_wconf 84' lang='lat' dir='ltr'><strong><em>habui?</em></strong></span> <span class='ocrx_word' id='word_1_806' title='bbox 1443 4838 1570 4892; x_wconf 84' lang='lat' dir='ltr'><strong><em>Cum</em></strong></span> <span class='ocrx_word' id='word_1_807' title='bbox 1624 4839 1772 4894; x_wconf 88' lang='lat' dir='ltr'><strong><em>enim.</em></strong></span> <span class='ocrx_word' id='word_1_808' title='bbox 1808 4839 2035 4893; x_wconf 90' lang='lat' dir='ltr'><strong><em>nondum</em></strong></span> 
     </span>
    </p>
   </div>
   <div class='ocr_carea' id='block_1_95' title="bbox 443 4931 2034 5005">
    <p class='ocr_par' dir='ltr' id='par_1_95' title="bbox 443 4931 2034 5005">
     <span class='ocr_line' id='line_1_95' title="bbox 443 4931 2034 5005; baseline -0.002 -17"><span class='ocrx_word' id='word_1_809' title='bbox 443 4935 550 4989; x_wconf 75' lang='lat' dir='ltr'><strong><em>nati</em></strong></span> <span class='ocrx_word' id='word_1_810' title='bbox 580 4935 820 5005; x_wconf 79' lang='lat' dir='ltr'><strong><em>fuissent,</em></strong></span> <span class='ocrx_word' id='word_1_811' title='bbox 867 4949 961 4987; x_wconf 88' lang='lat' dir='ltr'><strong><em>nec</em></strong></span> <span class='ocrx_word' id='word_1_812' title='bbox 1000 4933 1199 5004; x_wconf 88' lang='lat' dir='ltr'><strong><em>aliquid</em></strong></span> <span class='ocrx_word' id='word_1_813' title='bbox 1236 4934 1460 5004; x_wconf 88' lang='lat' dir='ltr'><strong><em>egissent</em></strong></span> <span class='ocrx_word' id='word_1_814' title='bbox 1509 4931 1629 4984; x_wconf 89' lang='lat' dir='ltr'><strong><em>boni</em></strong></span> <span class='ocrx_word' id='word_1_815' title='bbox 1657 4931 1735 4984; x_wconf 88' lang='lat' dir='ltr'><strong><em>vel</em></strong></span> <span class='ocrx_word' id='word_1_816' title='bbox 1776 4932 1921 4995; x_wconf 86' lang='lat' dir='ltr'><strong><em>mali,</em></strong></span> <span class='ocrx_word' id='word_1_817' title='bbox 1970 4948 2034 4985; x_wconf 79' lang='lat' dir='ltr'><strong><em>ea:</em></strong></span> 
     </span>
    </p>
   </div>
   <div class='ocr_carea' id='block_1_96' title="bbox 446 5022 2039 5097">
    <p class='ocr_par' dir='ltr' id='par_1_96' title="bbox 446 5022 2039 5097">
     <span class='ocr_line' id='line_1_96' title="bbox 446 5022 2039 5097; baseline -0.001 -18"><span class='ocrx_word' id='word_1_818' title='bbox 446 5027 767 5097; x_wconf 73' lang='lat' dir='ltr'><strong><em>prwscientia</em></strong></span> <span class='ocrx_word' id='word_1_819' title='bbox 811 5024 1002 5079; x_wconf 86' lang='lat' dir='ltr'><strong><em>dictum</em></strong></span> <span class='ocrx_word' id='word_1_820' title='bbox 1027 5033 1123 5090; x_wconf 89' lang='lat' dir='ltr'><strong><em>est,</em></strong></span> <span class='ocrx_word' id='word_1_821' title='bbox 1159 5034 1216 5078; x_wconf 89' lang='lat' dir='ltr'><strong><em>ut</em></strong></span> <span class='ocrx_word' id='word_1_822' title='bbox 1242 5041 1375 5079; x_wconf 89' lang='lat' dir='ltr'><strong><em>unus</em></strong></span> <span class='ocrx_word' id='word_1_823' title='bbox 1415 5022 1686 5078; x_wconf 82' lang='lat' dir='ltr'><strong><em>haberetur</em></strong></span> <span class='ocrx_word' id='word_1_824' title='bbox 1727 5024 1866 5088; x_wconf 91' lang='lat' dir='ltr'><strong><em>odio,</em></strong></span> <span class='ocrx_word' id='word_1_825' title='bbox 1903 5024 2039 5077; x_wconf 87' lang='lat' dir='ltr'><strong><em>alius</em></strong></span> 
     </span>
    </p>
   </div>
   <div class='ocr_carea' id='block_1_97' title="bbox 445 5115 2037 5180">
    <p class='ocr_par' dir='ltr' id='par_1_97' title="bbox 445 5115 2037 5180">
     <span class='ocr_line' id='line_1_97' title="bbox 445 5115 2037 5180; baseline 0 -12"><span class='ocrx_word' id='word_1_826' title='bbox 445 5124 728 5170; x_wconf 88' lang='lat' dir='ltr'><strong><em>amaretur.</em></strong></span> <span class='ocrx_word' id='word_1_827' title='bbox 757 5125 781 5164; x_wconf 72' lang='grc' dir='ltr'><strong><em>κ</em></strong></span> <span class='ocrx_word' id='word_1_828' title='bbox 805 5117 1035 5172; x_wconf 81' lang='lat' dir='ltr'><strong><em>Necesse</em></strong></span> <span class='ocrx_word' id='word_1_829' title='bbox 1053 5116 1210 5171; x_wconf 89' lang='lat' dir='ltr'><strong><em>nobis</em></strong></span> <span class='ocrx_word' id='word_1_830' title='bbox 1231 5117 1333 5171; x_wconf 87' lang='lat' dir='ltr'><strong><em>erit</em></strong></span> <span class='ocrx_word' id='word_1_831' title='bbox 1362 5116 1415 5170; x_wconf 91' lang='lat' dir='ltr'><strong><em>in</em></strong></span> <span class='ocrx_word' id='word_1_832' title='bbox 1445 5117 1550 5171; x_wconf 91' lang='lat' dir='ltr'><strong><em>hoc</em></strong></span> <span class='ocrx_word' id='word_1_833' title='bbox 1577 5115 1717 5180; x_wconf 91' lang='lat' dir='ltr'><strong><em>loco,</em></strong></span> <span class='ocrx_word' id='word_1_834' title='bbox 1742 5115 1809 5170; x_wconf 90' lang='lat' dir='ltr'><strong><em>de</em></strong></span> <span class='ocrx_word' id='word_1_835' title='bbox 1836 5115 2037 5170; x_wconf 88' lang='lat' dir='ltr'><strong><em>lumine</em></strong></span> 
     </span>
    </p>
   </div>
   <div class='ocr_carea' id='block_1_98' title="bbox 444 5208 2034 5289">
    <p class='ocr_par' dir='ltr' id='par_1_98' title="bbox 444 5208 2034 5289">
     <span class='ocr_line' id='line_1_98' title="bbox 444 5208 2034 5289; baseline -0.003 -24"><span class='ocrx_word' id='word_1_836' title='bbox 444 5224 610 5265; x_wconf 75' lang='lat' dir='ltr'><strong><em>sacra:</em></strong></span> <span class='ocrx_word' id='word_1_837' title='bbox 631 5210 761 5278; x_wconf 83' lang='lat' dir='ltr'><strong><em>legis</em></strong></span> <span class='ocrx_word' id='word_1_838' title='bbox 781 5209 1332 5281; x_wconf 66' lang='lat' dir='ltr'><strong><em>interpretatiunculae</em></strong></span> <span class='ocrx_word' id='word_1_839' title='bbox 1352 5208 1510 5278; x_wconf 87' lang='lat' dir='ltr'><strong><em>hujus</em></strong></span> <span class='ocrx_word' id='word_1_840' title='bbox 1535 5209 1714 5263; x_wconf 91' lang='lat' dir='ltr'><strong><em>lumen</em></strong></span> <span class='ocrx_word' id='word_1_841' title='bbox 1731 5208 2034 5289; x_wconf 89' lang='lat' dir='ltr'><strong><em>incendere,</em></strong></span> 
     </span>
    </p>
   </div>
   <div class='ocr_carea' id='block_1_99' title="bbox 444 5297 2033 5371">
    <p class='ocr_par' dir='ltr' id='par_1_99' title="bbox 444 5297 2033 5371">
     <span class='ocr_line' id='line_1_99' title="bbox 444 5297 2033 5371; baseline -0.004 -14"><span class='ocrx_word' id='word_1_842' title='bbox 444 5310 501 5357; x_wconf 91' lang='lat' dir='ltr'><strong><em>ut</em></strong></span> <span class='ocrx_word' id='word_1_843' title='bbox 526 5301 849 5371; x_wconf 85' lang='lat' dir='ltr'><strong><em>detegamini</em></strong></span> <span class='ocrx_word' id='word_1_844' title='bbox 878 5318 987 5357; x_wconf 92' lang='lat' dir='ltr'><strong><em>non</em></strong></span> <span class='ocrx_word' id='word_1_845' title='bbox 1016 5301 1160 5356; x_wconf 91' lang='lat' dir='ltr'><strong><em>aliud</em></strong></span> <span class='ocrx_word' id='word_1_846' title='bbox 1188 5303 1243 5356; x_wconf 88' lang='lat' dir='ltr'><strong><em>in</em></strong></span> <span class='ocrx_word' id='word_1_847' title='bbox 1272 5301 1514 5358; x_wconf 88' lang='lat' dir='ltr'><strong><em>obscuris</em></strong></span> <span class='ocrx_word' id='word_1_848' title='bbox 1544 5298 1722 5370; x_wconf 17' lang='lat' dir='ltr'><strong><em>locislh</em></strong></span> <span class='ocrx_word' id='word_1_849' title='bbox 1739 5314 1836 5354; x_wconf 88' lang='lat' dir='ltr'><strong><em>vos</em></strong></span> <span class='ocrx_word' id='word_1_850' title='bbox 1853 5297 2033 5368; x_wconf 86' lang='lat' dir='ltr'><strong><em>(igere,</em></strong></span> 
     </span>
    </p>
   </div>
   <div class='ocr_carea' id='block_1_100' title="bbox 518 5415 1883 5486">
    <p class='ocr_par' dir='ltr' id='par_1_100' title="bbox 518 5415 1883 5486">
     <span class='ocr_line' id='line_1_100' title="bbox 518 5415 1883 5486; baseline -0.002 -17"><span class='ocrx_word' id='word_1_851' title='bbox 518 5426 545 5455; x_wconf 76' lang='grc' dir='ltr'><strong><em>ι</em></strong></span> <span class='ocrx_word' id='word_1_852' title='bbox 576 5415 675 5470; x_wconf 84' lang='lat' dir='ltr'><strong><em>Ms.</em></strong></span> <span class='ocrx_word' id='word_1_853' title='bbox 707 5415 996 5484; x_wconf 80' lang='lat' dir='ltr'><strong><em>Augiense,</em></strong></span> <span class='ocrx_word' id='word_1_854' title='bbox 1013 5415 1221 5486; x_wconf 85' lang='lat' dir='ltr'><strong><em>justitia</em></strong></span> <span class='ocrx_word' id='word_1_855' title='bbox 1243 5415 1353 5485; x_wconf 85' lang='lat' dir='ltr'><strong><em>ejus</em></strong></span> <span class='ocrx_word' id='word_1_856' title='bbox 1374 5433 1477 5471; x_wconf 91' lang='lat' dir='ltr'><strong><em>non</em></strong></span> <span class='ocrx_word' id='word_1_857' title='bbox 1497 5415 1732 5470; x_wconf 89' lang='lat' dir='ltr'><strong><em>liberabit</em></strong></span> <span class='ocrx_word' id='word_1_858' title='bbox 1751 5431 1883 5469; x_wconf 89' lang='lat' dir='ltr'><strong><em>eum.</em></strong></span> 
     </span>
    </p>
   </div>
   <div class='ocr_carea' id='block_1_101' title="bbox 515 5485 1460 5556">
    <p class='ocr_par' dir='ltr' id='par_1_101' title="bbox 515 5485 1460 5556">
     <span class='ocr_line' id='line_1_101' title="bbox 515 5485 1460 5556; baseline -0.001 -15"><span class='ocrx_word' id='word_1_859' title='bbox 515 5486 542 5526; x_wconf 70' lang='grc' dir='ltr'>δ</span> <span class='ocrx_word' id='word_1_860' title='bbox 578 5486 677 5556; x_wconf 80' lang='lat' dir='ltr'><strong><em>Ms.</em></strong></span> <span class='ocrx_word' id='word_1_861' title='bbox 705 5486 871 5556; x_wconf 84' lang='lat' dir='ltr'><strong><em>idem,</em></strong></span> <span class='ocrx_word' id='word_1_862' title='bbox 901 5485 1460 5556; x_wconf 13' lang='lat' dir='ltr'><strong><em>peridesperationem.</em></strong></span> 
     </span>
    </p>
   </div>
   <div class='ocr_carea' id='block_1_102' title="bbox 517 5554 2024 5619">
    <p class='ocr_par' dir='ltr' id='par_1_102' title="bbox 517 5554 2024 5619">
     <span class='ocr_line' id='line_1_102' title="bbox 517 5554 2024 5619; baseline -0.004 -7"><span class='ocrx_word' id='word_1_863' title='bbox 517 5567 539 5597; x_wconf 78' lang='grc' dir='ltr'><strong>ο</strong></span> <span class='ocrx_word' id='word_1_864' title='bbox 579 5555 678 5612; x_wconf 85' lang='lat' dir='ltr'><strong><em>Ms.</em></strong></span> <span class='ocrx_word' id='word_1_865' title='bbox 713 5555 856 5610; x_wconf 89' lang='lat' dir='ltr'><strong><em>idem</em></strong></span> <span class='ocrx_word' id='word_1_866' title='bbox 893 5573 906 5607; x_wconf 92' lang='lat'>:</span> <span class='ocrx_word' id='word_1_867' title='bbox 938 5554 1026 5609; x_wconf 91' lang='lat' dir='ltr'><strong><em>Ill.</em></strong></span> <span class='ocrx_word' id='word_1_868' title='bbox 1059 5554 1358 5613; x_wconf 64' lang='grc' dir='ltr'><strong>Ηιιιῑιιιιπιοι.</strong></span> <span class='ocrx_word' id='word_1_869' title='bbox 1394 5556 1685 5612; x_wconf 87' lang='lat' dir='ltr'><strong><em>Occurrunt</em></strong></span> <span class='ocrx_word' id='word_1_870' title='bbox 1722 5556 1892 5619; x_wconf 84' lang='lat' dir='ltr'><strong><em>nobis,</em></strong></span> <span class='ocrx_word' id='word_1_871' title='bbox 1920 5560 2024 5608; x_wconf 87' lang='lat' dir='ltr'><strong><em>etc.</em></strong></span> 
     </span>
    </p>
   </div>
   <div class='ocr_carea' id='block_1_103' title="bbox 510 5625 2030 5696">
    <p class='ocr_par' dir='ltr' id='par_1_103' title="bbox 510 5625 2030 5696">
     <span class='ocr_line' id='line_1_103' title="bbox 510 5625 2030 5696; baseline -0.004 -16"><span class='ocrx_word' id='word_1_872' title='bbox 510 5626 538 5665; x_wconf 75' lang='grc' dir='ltr'><strong>ά</strong></span> <span class='ocrx_word' id='word_1_873' title='bbox 575 5627 672 5684; x_wconf 88' lang='lat' dir='ltr'><strong><em>Ms.</em></strong></span> <span class='ocrx_word' id='word_1_874' title='bbox 700 5627 969 5696; x_wconf 83' lang='lat' dir='ltr'><strong><em>Augiense</em></strong></span> <span class='ocrx_word' id='word_1_875' title='bbox 999 5644 1011 5678; x_wconf 92' lang='lat'><strong>:</strong></span> <span class='ocrx_word' id='word_1_876' title='bbox 1035 5625 1347 5684; x_wconf 75' lang='grc' dir='ltr'><strong>ΟΑτιιοιιοι.</strong></span> <span class='ocrx_word' id='word_1_877' title='bbox 1380 5627 1521 5689; x_wconf 81' lang='lat' dir='ltr'><strong><em>Erao</em></strong></span> <span class='ocrx_word' id='word_1_878' title='bbox 1549 5629 1594 5680; x_wconf 86' lang='lat' dir='ltr'><strong><em>si</em></strong></span> <span class='ocrx_word' id='word_1_879' title='bbox 1619 5636 1737 5681; x_wconf 87' lang='lat' dir='ltr'><strong><em>ante</em></strong></span> <span class='ocrx_word' id='word_1_880' title='bbox 1758 5626 2030 5681; x_wconf 84' lang='lat' dir='ltr'><strong><em>adventum</em></strong></span> 
     </span>
    </p>
   </div>
   <div class='ocr_carea' id='block_1_104' title="bbox 443 5698 803 5771">
    <p class='ocr_par' dir='ltr' id='par_1_104' title="bbox 443 5698 803 5771">
     <span class='ocr_line' id='line_1_104' title="bbox 443 5698 803 5771; baseline 0 0"><span class='ocrx_word' id='word_1_881' title='bbox 443 5698 666 5771; x_wconf 60' lang='grc' dir='ltr'><strong><em>νεειαείρ,</em></strong></span> <span class='ocrx_word' id='word_1_882' title='bbox 698 5705 803 5771; x_wconf 58' lang='grc' dir='ltr'><strong><em>σξιο·</em></strong></span> 
     </span>
    </p>
   </div>
   <div class='ocr_carea' id='block_1_105' title="bbox 436 5766 1230 5840">
    <p class='ocr_par' dir='ltr' id='par_1_105' title="bbox 436 5766 1230 5840">
     <span class='ocr_line' id='line_1_105' title="bbox 436 5766 1230 5840; baseline 0.009 -22"><span class='ocrx_word' id='word_1_883' title='bbox 436 5766 453 5840; x_wconf 36' lang='grc'><strong>,⁷</strong></span> <span class='ocrx_word' id='word_1_884' title='bbox 518 5778 542 5807; x_wconf 77' lang='grc' dir='ltr'><strong><em>ο</em></strong></span> <span class='ocrx_word' id='word_1_885' title='bbox 581 5766 678 5824; x_wconf 87' lang='lat' dir='ltr'><strong><em>Ms.</em></strong></span> <span class='ocrx_word' id='word_1_886' title='bbox 703 5767 872 5836; x_wconf 82' lang='lat' dir='ltr'><strong><em>Idem,</em></strong></span> <span class='ocrx_word' id='word_1_887' title='bbox 897 5769 952 5824; x_wconf 91' lang='lat' dir='ltr'><strong><em>in</em></strong></span> <span class='ocrx_word' id='word_1_888' title='bbox 969 5769 1230 5824; x_wconf 70' lang='lat' dir='ltr'><strong><em>horrerent.</em></strong></span> 
     </span>
    </p>
   </div>
   <div class='ocr_carea' id='block_1_106' title="bbox 2143 4653 3728 4727">
    <p class='ocr_par' dir='ltr' id='par_1_106' title="bbox 2143 4653 3728 4727">
     <span class='ocr_line' id='line_1_106' title="bbox 2143 4653 3728 4727; baseline 0 -19"><span class='ocrx_word' id='word_1_889' title='bbox 2143 4670 2260 4708; x_wconf 89' lang='lat' dir='ltr'><strong><em>nem</em></strong></span> <span class='ocrx_word' id='word_1_890' title='bbox 2281 4653 2558 4718; x_wconf 88' lang='lat' dir='ltr'><strong><em>hominem,</em></strong></span> <span class='ocrx_word' id='word_1_891' title='bbox 2591 4663 2640 4709; x_wconf 91' lang='lat' dir='ltr'><strong><em>et</em></strong></span> <span class='ocrx_word' id='word_1_892' title='bbox 2661 4655 2898 4710; x_wconf 88' lang='lat' dir='ltr'><strong><em>docentes</em></strong></span> <span class='ocrx_word' id='word_1_893' title='bbox 2924 4656 3144 4727; x_wconf 87' lang='lat' dir='ltr'><strong><em>(Coloss.</em></strong></span> <span class='ocrx_word' id='word_1_894' title='bbox 3180 4673 3216 4720; x_wconf 86' lang='grc' dir='ltr'><strong><em>ι,</em></strong></span> <span class='ocrx_word' id='word_1_895' title='bbox 3247 4656 3360 4725; x_wconf 65' lang='lat'><strong><em>28).</em></strong></span> <span class='ocrx_word' id='word_1_896' title='bbox 3394 4654 3461 4709; x_wconf 86' lang='lat' dir='ltr'><strong><em>Et</em></strong></span> <span class='ocrx_word' id='word_1_897' title='bbox 3490 4657 3683 4711; x_wconf 89' lang='lat' dir='ltr'><strong><em>iterum</em></strong></span> <span class='ocrx_word' id='word_1_898' title='bbox 3715 4674 3728 4708; x_wconf 87' lang='lat'><strong>:</strong></span> 
     </span>
    </p>
   </div>
   <div class='ocr_carea' id='block_1_107' title="bbox 2141 4743 3732 4825">
    <p class='ocr_par' dir='ltr' id='par_1_107' title="bbox 2141 4743 3732 4825">
     <span class='ocr_line' id='line_1_107' title="bbox 2141 4743 3732 4825; baseline -0.003 -25"><span class='ocrx_word' id='word_1_899' title='bbox 2141 4745 2289 4800; x_wconf 86' lang='lat' dir='ltr'><strong><em>Idem</em></strong></span> <span class='ocrx_word' id='word_1_900' title='bbox 2314 4745 2456 4799; x_wconf 90' lang='lat' dir='ltr'><strong><em>Deus</em></strong></span> <span class='ocrx_word' id='word_1_901' title='bbox 2484 4746 2622 4800; x_wconf 90' lang='lat' dir='ltr'><strong><em>dives</em></strong></span> <span class='ocrx_word' id='word_1_902' title='bbox 2669 4749 2722 4801; x_wconf 90' lang='lat' dir='ltr'><strong><em>in</em></strong></span> <span class='ocrx_word' id='word_1_903' title='bbox 2771 4747 3006 4802; x_wconf 87' lang='lat' dir='ltr'><strong><em>omnibus</em></strong></span> <span class='ocrx_word' id='word_1_904' title='bbox 3048 4746 3186 4825; x_wconf 81' lang='lat' dir='ltr'><strong><em>vobis</em></strong></span> <span class='ocrx_word' id='word_1_905' title='bbox 3213 4746 3387 4817; x_wconf 87' lang='lat' dir='ltr'><strong><em>(Rom.</em></strong></span> <span class='ocrx_word' id='word_1_906' title='bbox 3422 4765 3474 4811; x_wconf 87' lang='lat' dir='ltr'><strong><em>x,</em></strong></span> <span class='ocrx_word' id='word_1_907' title='bbox 3506 4746 3622 4816; x_wconf 72' lang='lat' dir='ltr'><strong><em>l2).</em></strong></span> <span class='ocrx_word' id='word_1_908' title='bbox 3666 4743 3732 4797; x_wconf 82' lang='lat' dir='ltr'><strong><em>Et</em></strong></span> 
     </span>
    </p>
   </div>
   <div class='ocr_carea' id='block_1_108' title="bbox 2139 4836 3731 4909">
    <p class='ocr_par' dir='ltr' id='par_1_108' title="bbox 2139 4836 3731 4909">
     <span class='ocr_line' id='line_1_108' title="bbox 2139 4836 3731 4909; baseline -0.002 -19"><span class='ocrx_word' id='word_1_909' title='bbox 2139 4836 2332 4890; x_wconf 89' lang='lat' dir='ltr'><strong><em>iterum</em></strong></span> <span class='ocrx_word' id='word_1_910' title='bbox 2359 4853 2371 4888; x_wconf 91' lang='lat'><strong>:</strong></span> <span class='ocrx_word' id='word_1_911' title='bbox 2402 4837 2857 4909; x_wconf 22' lang='lat' dir='ltr'><strong><em>Apparuitegratia</em></strong></span> <span class='ocrx_word' id='word_1_912' title='bbox 2878 4838 2975 4892; x_wconf 89' lang='lat' dir='ltr'><strong><em>Dei</em></strong></span> <span class='ocrx_word' id='word_1_913' title='bbox 3005 4836 3240 4893; x_wconf 89' lang='lat' dir='ltr'><strong><em>omnibus</em></strong></span> <span class='ocrx_word' id='word_1_914' title='bbox 3274 4838 3581 4900; x_wconf 90' lang='lat' dir='ltr'><strong><em>hominibus,</em></strong></span> <span class='ocrx_word' id='word_1_915' title='bbox 3614 4852 3731 4888; x_wconf 90' lang='lat' dir='ltr'><strong><em>eru-</em></strong></span> 
     </span>
    </p>
   </div>
   <div class='ocr_carea' id='block_1_109' title="bbox 2141 4922 3728 5000">
    <p class='ocr_par' dir='ltr' id='par_1_109' title="bbox 2141 4922 3728 5000">
     <span class='ocr_line' id='line_1_109' title="bbox 2141 4922 3728 5000; baseline -0.004 -20"><span class='ocrx_word' id='word_1_916' title='bbox 2141 4926 2286 4980; x_wconf 90' lang='lat' dir='ltr'><strong><em>diens</em></strong></span> <span class='ocrx_word' id='word_1_917' title='bbox 2316 4943 2411 4980; x_wconf 91' lang='lat' dir='ltr'><strong><em>nos</em></strong></span> <span class='ocrx_word' id='word_1_918' title='bbox 2457 4936 2507 4980; x_wconf 89' lang='lat' dir='ltr'><strong><em>et</em></strong></span> <span class='ocrx_word' id='word_1_919' title='bbox 2545 4927 2734 4981; x_wconf 87' lang='lat' dir='ltr'><strong><em>docens</em></strong></span> <span class='ocrx_word' id='word_1_920' title='bbox 2769 4928 2895 5000; x_wconf 89' lang='lat' dir='ltr'><strong><em>(Tit.</em></strong></span> <span class='ocrx_word' id='word_1_921' title='bbox 2926 4945 2984 4993; x_wconf 90' lang='grc' dir='ltr'><strong><em>ιι,</em></strong></span> <span class='ocrx_word' id='word_1_922' title='bbox 3016 4927 3074 4981; x_wconf 83' lang='lat' dir='ltr'>H</span> <span class='ocrx_word' id='word_1_923' title='bbox 3105 4929 3143 4999; x_wconf 93' lang='lat'><strong><em>),</em></strong></span> <span class='ocrx_word' id='word_1_924' title='bbox 3172 4937 3225 4980; x_wconf 91' lang='lat' dir='ltr'><strong><em>ut</em></strong></span> <span class='ocrx_word' id='word_1_925' title='bbox 3254 4928 3320 4980; x_wconf 88' lang='lat' dir='ltr'><strong><em>sit</em></strong></span> <span class='ocrx_word' id='word_1_926' title='bbox 3366 4925 3531 4979; x_wconf 88' lang='lat' dir='ltr'><strong><em>omnis</em></strong></span> <span class='ocrx_word' id='word_1_927' title='bbox 3576 4922 3728 4974; x_wconf 88' lang='lat' dir='ltr'><strong><em>homo</em></strong></span> 
     </span>
    </p>
   </div>
   <div class='ocr_carea' id='block_1_110' title="bbox 2139 5009 3731 5092">
    <p class='ocr_par' dir='ltr' id='par_1_110' title="bbox 2139 5009 3731 5092">
     <span class='ocr_line' id='line_1_110' title="bbox 2139 5009 3731 5092; baseline -0.006 -18"><span class='ocrx_word' id='word_1_928' title='bbox 2139 5021 2394 5091; x_wconf 80' lang='lat' dir='ltr'><strong><em>perfectus</em></strong></span> <span class='ocrx_word' id='word_1_929' title='bbox 2417 5019 2471 5073; x_wconf 88' lang='lat' dir='ltr'><strong><em>in</em></strong></span> <span class='ocrx_word' id='word_1_930' title='bbox 2493 5017 2699 5075; x_wconf 84' lang='lat' dir='ltr'><strong><em>Christo</em></strong></span> <span class='ocrx_word' id='word_1_931' title='bbox 2724 5020 2788 5092; x_wconf 93' lang='lat' dir='ltr'><strong><em>(ll</em></strong></span> <span class='ocrx_word' id='word_1_932' title='bbox 2804 5017 2934 5074; x_wconf 90' lang='lat' dir='ltr'><strong><em>Tim.</em></strong></span> <span class='ocrx_word' id='word_1_933' title='bbox 2953 5037 3028 5085; x_wconf 90' lang='grc' dir='ltr'><strong>ιιι,</strong></span> <span class='ocrx_word' id='word_1_934' title='bbox 3048 5019 3155 5088; x_wconf 83' lang='grc'><strong><em>17).</em></strong></span> <span class='ocrx_word' id='word_1_935' title='bbox 3175 5017 3242 5070; x_wconf 83' lang='grc' dir='ltr'><strong>Ει</strong></span> <span class='ocrx_word' id='word_1_936' title='bbox 3261 5016 3384 5083; x_wconf 91' lang='lat' dir='ltr'><strong><em>quia</em></strong></span> <span class='ocrx_word' id='word_1_937' title='bbox 3413 5012 3615 5066; x_wconf 90' lang='lat' dir='ltr'><strong><em>sciebat</em></strong></span> <span class='ocrx_word' id='word_1_938' title='bbox 3642 5009 3731 5064; x_wconf 87' lang='lat' dir='ltr'><strong><em>Fi-</em></strong></span> 
     </span>
    </p>
   </div>
   <div class='ocr_carea' id='block_1_111' title="bbox 2143 5103 3724 5183">
    <p class='ocr_par' dir='ltr' id='par_1_111' title="bbox 2143 5103 3724 5183">
     <span class='ocr_line' id='line_1_111' title="bbox 2143 5103 3724 5183; baseline -0.008 -17"><span class='ocrx_word' id='word_1_939' title='bbox 2143 5112 2272 5166; x_wconf 91' lang='lat' dir='ltr'><strong><em>lium</em></strong></span> <span class='ocrx_word' id='word_1_940' title='bbox 2304 5111 2398 5168; x_wconf 91' lang='lat' dir='ltr'><strong><em>Dei</em></strong></span> <span class='ocrx_word' id='word_1_941' title='bbox 2426 5127 2524 5183; x_wconf 87' lang='lat' dir='ltr'><strong><em>pro</em></strong></span> <span class='ocrx_word' id='word_1_942' title='bbox 2555 5114 2804 5167; x_wconf 91' lang='lat' dir='ltr'><strong><em>omnibus</em></strong></span> <span class='ocrx_word' id='word_1_943' title='bbox 2847 5120 3049 5173; x_wconf 85' lang='lat' dir='ltr'><strong><em>natum,</em></strong></span> <span class='ocrx_word' id='word_1_944' title='bbox 3083 5124 3181 5176; x_wconf 90' lang='lat' dir='ltr'><strong><em>pro</em></strong></span> <span class='ocrx_word' id='word_1_945' title='bbox 3209 5103 3454 5158; x_wconf 85' lang='lat' dir='ltr'><strong><em>omnibus</em></strong></span> <span class='ocrx_word' id='word_1_946' title='bbox 3484 5117 3724 5171; x_wconf 88' lang='lat' dir='ltr'><strong><em>passum,</em></strong></span> 
     </span>
    </p>
   </div>
   <div class='ocr_carea' id='block_1_112' title="bbox 2144 5195 3748 5272">
    <p class='ocr_par' dir='ltr' id='par_1_112' title="bbox 2144 5195 3748 5272">
     <span class='ocr_line' id='line_1_112' title="bbox 2144 5195 3748 5272; baseline -0.008 -12"><span class='ocrx_word' id='word_1_947' title='bbox 2144 5206 2265 5261; x_wconf 84' lang='lat' dir='ltr'><strong><em>ideo</em></strong></span> <span class='ocrx_word' id='word_1_948' title='bbox 2285 5206 2498 5272; x_wconf 88' lang='lat' dir='ltr'><strong><em>clamat,</em></strong></span> <span class='ocrx_word' id='word_1_949' title='bbox 2529 5207 2714 5262; x_wconf 87' lang='lat' dir='ltr'><strong><em>dicens</em></strong></span> <span class='ocrx_word' id='word_1_950' title='bbox 2743 5223 2754 5258; x_wconf 87' lang='lat'><strong>:</strong></span> <span class='ocrx_word' id='word_1_951' title='bbox 2791 5204 2904 5257; x_wconf 86' lang='lat' dir='ltr'><strong><em>lloc</em></strong></span> <span class='ocrx_word' id='word_1_952' title='bbox 2926 5201 3170 5270; x_wconf 86' lang='lat' dir='ltr'><strong><em>placitum</em></strong></span> <span class='ocrx_word' id='word_1_953' title='bbox 3216 5203 3290 5250; x_wconf 90' lang='lat' dir='ltr'><strong><em>est</em></strong></span> <span class='ocrx_word' id='word_1_954' title='bbox 3331 5211 3506 5249; x_wconf 87' lang='lat' dir='ltr'><strong><em>coram</em></strong></span> <span class='ocrx_word' id='word_1_955' title='bbox 3537 5195 3748 5252; x_wconf 41' lang='lat' dir='ltr'><strong><em>Salva-,</em></strong></span> 
     </span>
    </p>
   </div>
   <div class='ocr_carea' id='block_1_113' title="bbox 2145 5287 3726 5367">
    <p class='ocr_par' dir='ltr' id='par_1_113' title="bbox 2145 5287 3726 5367">
     <span class='ocr_line' id='line_1_113' title="bbox 2145 5287 3726 5367; baseline -0.006 -16"><span class='ocrx_word' id='word_1_956' title='bbox 2145 5308 2254 5351; x_wconf 86' lang='lat' dir='ltr'><strong><em>tore</em></strong></span> <span class='ocrx_word' id='word_1_957' title='bbox 2299 5308 2474 5353; x_wconf 85' lang='lat' dir='ltr'><strong><em>nostro</em></strong></span> <span class='ocrx_word' id='word_1_958' title='bbox 2502 5298 2636 5364; x_wconf 89' lang='lat' dir='ltr'><strong><em>Deo,</em></strong></span> <span class='ocrx_word' id='word_1_959' title='bbox 2665 5297 2750 5367; x_wconf 88' lang='lat' dir='ltr'><strong><em>qui</em></strong></span> <span class='ocrx_word' id='word_1_960' title='bbox 2790 5293 2894 5347; x_wconf 89' lang='lat' dir='ltr'><strong><em>vult</em></strong></span> <span class='ocrx_word' id='word_1_961' title='bbox 2919 5306 3090 5344; x_wconf 90' lang='lat' dir='ltr'><strong><em>omnes</em></strong></span> <span class='ocrx_word' id='word_1_962' title='bbox 3120 5288 3350 5342; x_wconf 84' lang='lat' dir='ltr'><strong><em>homines</em></strong></span> <span class='ocrx_word' id='word_1_963' title='bbox 3397 5287 3564 5343; x_wconf 79' lang='lat' dir='ltr'><strong><em>salvos</em></strong></span> <span class='ocrx_word' id='word_1_964' title='bbox 3591 5291 3726 5360; x_wconf 80' lang='lat' dir='ltr'><strong><em>fieri,</em></strong></span> 
     </span>
    </p>
   </div>
   <div class='ocr_carea' id='block_1_114' title="bbox 2219 5403 3724 5529">
    <p class='ocr_par' dir='ltr' id='par_1_114' title="bbox 2219 5403 3724 5529">
     <span class='ocr_line' id='line_1_114' title="bbox 2219 5403 3724 5529; baseline -0.006 -63"><span class='ocrx_word' id='word_1_965' title='bbox 2219 5411 2238 5450; x_wconf 69' lang='grc' dir='ltr'>ί</span> <span class='ocrx_word' id='word_1_966' title='bbox 2271 5413 2368 5470; x_wconf 91' lang='lat' dir='ltr'><strong><em>Ms.</em></strong></span> <span class='ocrx_word' id='word_1_967' title='bbox 2399 5415 2472 5469; x_wconf 91' lang='lat' dir='ltr'><strong><em>id.</em></strong></span> <span class='ocrx_word' id='word_1_968' title='bbox 2493 5431 2504 5465; x_wconf 92' lang='lat'>:</span> <span class='ocrx_word' id='word_1_969' title='bbox 2523 5405 2913 5466; x_wconf 59' lang='lat' dir='ltr'><strong><em>IV.H£nmtcr.</em></strong></span> <span class='ocrx_word' id='word_1_970' title='bbox 2933 5403 3184 5470; x_wconf 87' lang='lat' dir='ltr'><strong><em>Nescitis,</em></strong></span> <span class='ocrx_word' id='word_1_971' title='bbox 3200 5403 3724 5529; x_wconf 56' lang='lat' dir='ltr'><strong><em>inq’uiunt,quia,etc.</em></strong></span> 
     </span>
     <span class='ocr_line' id='line_1_115' title="bbox 2219 5473 3480 5529; baseline 0 0"><span class='ocrx_word' id='word_1_972' title='bbox 2219 5492 2239 5529; x_wconf 67' lang='grc' dir='ltr'><strong><em>Β</em></strong></span> <span class='ocrx_word' id='word_1_973' title='bbox 2279 5484 2376 5529; x_wconf 65' lang='lat' dir='ltr'><strong><em>Ma-</em></strong></span> <span class='ocrx_word' id='word_1_974' title='bbox 2410 5485 2548 5529; x_wconf 66' lang='lat' dir='ltr'><strong><em>idem</em></strong></span> <span class='ocrx_word' id='word_1_975' title='bbox 2577 5500 2589 5529; x_wconf 89' lang='lat'>:</span> <span class='ocrx_word' id='word_1_976' title='bbox 2622 5482 2932 5529; x_wconf 74' lang='lat' dir='ltr'><strong><em>Cnuoucr.</em></strong></span> <span class='ocrx_word' id='word_1_977' title='bbox 2958 5473 3183 5529; x_wconf 89' lang='lat' dir='ltr'><strong><em>Necesse</em></strong></span> <span class='ocrx_word' id='word_1_978' title='bbox 3201 5492 3268 5529; x_wconf 88' lang='lat' dir='ltr'><strong><em>no</em></strong></span> <span class='ocrx_word' id='word_1_979' title='bbox 3305 5477 3348 5529; x_wconf 88' lang='lat' dir='ltr'><strong><em>is</em></strong></span> <span class='ocrx_word' id='word_1_980' title='bbox 3363 5477 3480 5529; x_wconf 74' lang='lat' dir='ltr'><strong><em>erit.</em></strong></span> 
     </span>
    </p>
   </div>
   <div class='ocr_carea' id='block_1_115' title="bbox 2213 5473 3480 5540">
    <p class='ocr_par' dir='ltr' id='par_1_115' title="bbox 2213 5473 3480 5540">
     <span class='ocr_line' id='line_1_116' title="bbox 2213 5473 3480 5540; baseline -0.006 -2"><span class='ocrx_word' id='word_1_981' title='bbox 2213 5492 2239 5530; x_wconf 71' lang='grc' dir='ltr'><strong><em>Β</em></strong></span> <span class='ocrx_word' id='word_1_982' title='bbox 2278 5484 2376 5539; x_wconf 85' lang='lat' dir='ltr'><strong><em>Ms.</em></strong></span> <span class='ocrx_word' id='word_1_983' title='bbox 2410 5485 2550 5540; x_wconf 90' lang='lat' dir='ltr'><strong><em>idem</em></strong></span> <span class='ocrx_word' id='word_1_984' title='bbox 2577 5500 2589 5534; x_wconf 91' lang='lat'>:</span> <span class='ocrx_word' id='word_1_985' title='bbox 2622 5482 2932 5535; x_wconf 73' lang='lat' dir='ltr'><strong><em>Cuuoum.</em></strong></span> <span class='ocrx_word' id='word_1_986' title='bbox 2958 5473 3183 5530; x_wconf 85' lang='lat' dir='ltr'><strong><em>Necesse</em></strong></span> <span class='ocrx_word' id='word_1_987' title='bbox 3201 5473 3348 5531; x_wconf 88' lang='lat' dir='ltr'><strong><em>nobis</em></strong></span> <span class='ocrx_word' id='word_1_988' title='bbox 3363 5477 3480 5531; x_wconf 74' lang='lat' dir='ltr'><strong><em>erit.</em></strong></span> 
     </span>
    </p>
   </div>
   <div class='ocr_carea' id='block_1_116' title="bbox 2212 5547 2999 5614">
    <p class='ocr_par' dir='ltr' id='par_1_116' title="bbox 2212 5547 2999 5614">
     <span class='ocr_line' id='line_1_117' title="bbox 2212 5547 2999 5614; baseline -0.01 -6"><span class='ocrx_word' id='word_1_989' title='bbox 2212 5551 2240 5592; x_wconf 70' lang='grc' dir='ltr'><strong><em>ιι</em></strong></span> <span class='ocrx_word' id='word_1_990' title='bbox 2281 5554 2375 5610; x_wconf 88' lang='lat' dir='ltr'><strong><em>Ms.</em></strong></span> <span class='ocrx_word' id='word_1_991' title='bbox 2406 5554 2569 5614; x_wconf 92' lang='lat' dir='ltr'><strong><em>idem,</em></strong></span> <span class='ocrx_word' id='word_1_992' title='bbox 2599 5567 2685 5604; x_wconf 86' lang='lat' dir='ltr'><strong><em>vos</em></strong></span> <span class='ocrx_word' id='word_1_993' title='bbox 2715 5548 2852 5614; x_wconf 77' lang='lat' dir='ltr'><strong><em>ﬁeri,</em></strong></span> <span class='ocrx_word' id='word_1_994' title='bbox 2879 5547 2999 5602; x_wconf 83' lang='lat' dir='ltr'><strong><em>nisi.</em></strong></span> 
     </span>
    </p>
   </div>
   <div class='ocr_carea' id='block_1_117' title="bbox 2218 5617 3723 5681">
    <p class='ocr_par' dir='ltr' id='par_1_117' title="bbox 2218 5617 3723 5681">
     <span class='ocr_line' id='line_1_118' title="bbox 2218 5617 3723 5681; baseline -0.005 -5"><span class='ocrx_word' id='word_1_995' title='bbox 2218 5623 2235 5662; x_wconf 76' lang='grc' dir='ltr'><strong><em>ι</em></strong></span> <span class='ocrx_word' id='word_1_996' title='bbox 2280 5625 2377 5679; x_wconf 91' lang='lat' dir='ltr'><strong><em>Ms.</em></strong></span> <span class='ocrx_word' id='word_1_997' title='bbox 2402 5623 2541 5676; x_wconf 89' lang='lat' dir='ltr'><strong><em>idem</em></strong></span> <span class='ocrx_word' id='word_1_998' title='bbox 2576 5639 2587 5672; x_wconf 88' lang='lat'><strong>:</strong></span> <span class='ocrx_word' id='word_1_999' title='bbox 2622 5620 2686 5673; x_wconf 95' lang='lat' dir='ltr'><strong><em>V.</em></strong></span> <span class='ocrx_word' id='word_1_1000' title='bbox 2713 5617 3009 5674; x_wconf 60' lang='lat' dir='ltr'><strong><em>HERETICL</em></strong></span> <span class='ocrx_word' id='word_1_1001' title='bbox 3029 5617 3318 5672; x_wconf 79' lang='lat' dir='ltr'><strong><em>Occurrunt</em></strong></span> <span class='ocrx_word' id='word_1_1002' title='bbox 3345 5619 3440 5669; x_wconf 89' lang='lat' dir='ltr'><strong><em>hoc</em></strong></span> <span class='ocrx_word' id='word_1_1003' title='bbox 3469 5617 3601 5681; x_wconf 88' lang='lat' dir='ltr'><strong><em>loco,</em></strong></span> <span class='ocrx_word' id='word_1_1004' title='bbox 3618 5622 3723 5668; x_wconf 86' lang='lat' dir='ltr'><strong><em>etc.</em></strong></span> 
     </span>
    </p>
   </div>
   <div class='ocr_carea' id='block_1_118' title="bbox 2220 5688 3390 5754">
    <p class='ocr_par' dir='ltr' id='par_1_118' title="bbox 2220 5688 3390 5754">
     <span class='ocr_line' id='line_1_119' title="bbox 2220 5688 3390 5754; baseline -0.003 -11"><span class='ocrx_word' id='word_1_1005' title='bbox 2220 5695 2233 5743; x_wconf 84' lang='lat' dir='ltr'><strong><em>i</em></strong></span> <span class='ocrx_word' id='word_1_1006' title='bbox 2281 5693 2380 5747; x_wconf 88' lang='lat' dir='ltr'><strong><em>Ms.</em></strong></span> <span class='ocrx_word' id='word_1_1007' title='bbox 2403 5692 2577 5746; x_wconf 88' lang='lat' dir='ltr'><strong><em>idem:</em></strong></span> <span class='ocrx_word' id='word_1_1008' title='bbox 2609 5690 2922 5745; x_wconf 74' lang='lat' dir='ltr'><strong><em>Cnuoua.</em></strong></span> <span class='ocrx_word' id='word_1_1009' title='bbox 2953 5689 3068 5744; x_wconf 87' lang='lat' dir='ltr'><strong><em>Nos</em></strong></span> <span class='ocrx_word' id='word_1_1010' title='bbox 3097 5688 3255 5754; x_wconf 85' lang='lat' dir='ltr'><strong><em>vobis,</em></strong></span> <span class='ocrx_word' id='word_1_1011' title='bbox 3287 5695 3390 5741; x_wconf 86' lang='lat' dir='ltr'><strong><em>etc.</em></strong></span> 
     </span>
    </p>
   </div>
   <div class='ocr_carea' id='block_1_119' title="bbox 2221 5761 2936 5832">
    <p class='ocr_par' dir='ltr' id='par_1_119' title="bbox 2221 5761 2936 5832">
     <span class='ocr_line' id='line_1_120' title="bbox 2221 5761 2936 5832; baseline -0.006 -14"><span class='ocrx_word' id='word_1_1012' title='bbox 2221 5761 2249 5800; x_wconf 78' lang='grc'><strong><em>¹¹</em></strong></span> <span class='ocrx_word' id='word_1_1013' title='bbox 2280 5763 2376 5818; x_wconf 87' lang='lat' dir='ltr'><strong><em>Ms.</em></strong></span> <span class='ocrx_word' id='word_1_1014' title='bbox 2411 5761 2573 5827; x_wconf 85' lang='lat' dir='ltr'><strong><em>idem,</em></strong></span> <span class='ocrx_word' id='word_1_1015' title='bbox 2605 5761 2936 5832; x_wconf 77' lang='lat' dir='ltr'><strong><em>recesseritis.</em></strong></span> 
     </span>
    </p>
   </div>
  </div>
