4238 6260
559 299 665 356 655

1546 286 1922 345 ANONYMUS
1960 284 2238 341 AUCTOR
2276 280 2816 338 PRJEDESTINATI.

3735 279 3850 339 636

482 457 496 468 .
557 403 608 450 et
627 396 684 449 in
725 377 1041 465 agnitionem
1067 386 1293 442 veritatis
1322 385 1496 439 venire
1526 382 1582 454 (Ι
1614 381 1748 436 Tim.
1774 399 1832 448 ιι,
1863 380 1952 451 5).
1991 379 2144 435 Unde
2171 382 2222 442 Α
2246 380 2459 434 stinavit
2478 380 2773 451 eonformes
2796 377 2914 450 ﬁeri
2954 376 3202 449 imaginis
3230 372 3365 430 Filii
3388 350 3491 441 sui,
3534 381 3591 427 ut
3623 374 3692 429 sit
3735 372 3846 447 ipse

560 486 723 542 etiam
750 481 989 554 quotidie
1022 477 1174 559 nobis
1201 478 1252 530 in
1281 474 1588 545 Evangeliis
1614 473 1725 529 suis
1750 473 1865 545 ipse
1894 471 2152 528 Dominus

564 574 781 634 clamat,
813 569 995 625 dicens
1030 585 1041 619 :
1074 564 1258 621 Venite
1288 563 1356 619 ad
1380 581 1482 631 me,
1511 580 1686 619 omnes
1712 563 1800 637 qui
1827 562 2074 618 laboratis
2102 570 2152 616 et

561 658 762 724 onerati
779 664 924 729 estis,
946 670 996 716 et
1024 678 1117 732 ego
1146 677 1230 716 vos
1261 660 1579 732 requiescere
1608 659 1798 727 faciam
1830 654 2042 728 (Matth.
2077 673 2147 719 ιιι,

559 756 679 829 28).
709 752 862 810 Unde
891 763 950 807 ut
976 753 1199 810 doceret
1227 766 1286 807 se
1315 750 1517 806 nullum
1550 750 1840 815 hominem,
1874 765 1902 801 a
1923 764 2018 803 sua
2046 748 2155 802 lar-

559 852 723 922 gitate
759 845 1044 918 repellere,
1077 853 1380 917 promptus,
1408 841 1665 909 liberalis,
1688 841 1986 906 abundans,
2020 857 2156 895 nun-

560 958 717 1015 quam
769 939 944 994 minus
987 937 1205 1005 faciens,
1258 936 1496 1007 loquitur
1519 936 1573 990 in
1602 934 1905 1005 Evangeliis
1932 934 2043 989 suis
2069 931 2153 987 di-

560 1046 689 1091 cens
721 1050 733 1086 :
762 1031 945 1086 Omnis
990 1031 1079 1105 qui
1105 1030 1232 1101 petit
1260 1029 1469 1102 accipit,
1502 1036 1551 1081 et
1579 1027 1666 1101 qui
1694 1028 1879 1100 quierit
1926 1025 2117 1081 invenit
2136 1066 2150 1090 ,

562 1136 609 1185 et
626 1126 859 1199 pulsanti
872 1124 1136 1195 aperietur
1152 1119 1368 1196 (Matth.
1396 1138 1486 1186 vn,
1520 1118 1607 1192 8).
1640 1117 1773 1175 Nam
1803 1127 1857 1173 et
1878 1118 2155 1188 Scriptura

561 1217 767 1274 veteris
792 1212 1128 1271 Testamenti
1150 1228 1338 1269 omnes
1367 1212 1431 1267 ad
1458 1213 1780 1269 audiendum
1806 1216 1993 1281 gentes
2022 1208 2157 1263 invi-

563 1316 703 1375 tans,
733 1306 945 1363 dicebat
969 1324 982 1359 :
1011 1305 1200 1359 Audite
1226 1304 1355 1372 ham,
1378 1321 1553 1360 omnes
1568 1304 1655 1375 qui
1684 1302 1929 1356 habitatis
1959 1300 2150 1367 orbem,

523 1432 546 1449 .
564 1398 748 1471 quique
767 1398 1038 1471 terrigena:
1061 1402 1112 1450 et
1140 1394 1241 1467 ﬁlii
1267 1394 1549 1461 hominum,
1579 1395 1735 1449 simul
1763 1394 1817 1448 in
1836 1409 1996 1448 unum
2018 1392 2156 1445 diues

566 1495 615 1543 et
639 1504 836 1559 pauper
865 1486 990 1559 (Ps.
1025 1500 1210 1553 vant,
1256 1484 1342 1556 5).
1373 1482 1441 1539 Ει
1488 1485 1609 1541 ideo
1659 1483 1796 1539 idem
1846 1482 2153 1553 Apostolus,

566 1577 754 1637 videns
782 1578 906 1650 quia
936 1593 1122 1633 omnes
1175 1577 1424 1632 homines
1450 1576 1565 1631 vult.
1603 1574 1764 1640 Deus,
1823 1591 1928 1629 non
1975 1582 2157 1649 tamen

567 1684 755 1729 omnes
775 1668 1020 1725 homines
1047 1668 1217 1727 Deum
1242 1669 1447 1733 volunt,
1481 1666 1716 1723 futurum
1740 1665 2001 1745 judicium
2036 1681 2156 1720 me-

2252 470 2624 543 primogenitus
2648 470 2705 523 in
2719 469 2893 523 multis
2908 466 3154 539 fratribus
3179 466 3357 536 (Rom.
3382 480 3497 531 vm,
3676 464 3847 521 Judmi

2253 562 2394 619 enim
2418 578 2516 633 per
2542 559 3004 617 circumcisionem
3027 556 3369 614 ﬁlii‘Abraha:
3402 554 3686 619 docentur,
3717 570 3850 625 gen-
3911 595 3925 603 -

2252 665 2333 712 tes
2361 646 2542 710 autem
2570 670 2667 725 per
2710 652 3031 723 baptismum
3085 650 3177 705 iilii
3218 650 3313 705 Dei
3360 645 3526 715 fiunt,
3546 655 3601 703 et
3632 657 3716 703 est
3742 648 3848 703 illis

2253 747 2420 802 frater
2447 744 2838 817 primogenitus
2865 742 3035 798 Filius
3061 740 3179 797 Dei.
3217 738 3553 810 Unigenitus,
3603 740 3845 809 inquam,

2255 839 2562 912 specialiter
2581 837 2749 892 Filius
2768 836 2886 901 Dei,
2914 834 3082 890 frater
3107 831 3166 886 ilt
3194 848 3383 888 eorum
3410 831 3511 901 qui
3522 832 3850 900 generaliter

2256 932 2347 987 lilii
2394 932 2489 987 Dei
2536 931 2893 1002 adoptantur;
2922 927 3064 983 unde
3105 936 3160 982 et
3211 926 3341 981 dicit
3376 923 3567 995 Patri:
3600 922 3848 980 Narrabo

2256 1041 2439 1079 nomen
2472 1032 2617 1077 tuum
2656 1021 2905 1095 fratribus
2936 1021 3062 1075 meis
3092 1019 3219 1089 (Ps.
3266 1034 3374 1083 ut,
3403 1015 3527 1088 23).
3555 1014 3671 1073 Hos
3720 1031 3849 1086 ergo

2255 1116 2493 1188 gentium
2520 1114 2747 1186 populos
2772 1111 3022 1184 pnesciit,
3075 1118 3133 1165 ut
3176 1109 3428 1176 diximus,
3461 1107 3606 1180 quod
3652 1108 3846 1164 Filium

2256 1225 2412 1265 suum
2431 1220 2592 1278 quem
2620 1204 2789 1261 Judazi
2823 1215 2845 1243 ε
2877 1204 3181 1281 cruciﬁxuri
3228 1210 3402 1269 erant,
3445 1202 3660 1257 sincero
3689 1201 3850 1258 cordo

2256 1301 2610 1372 susciperent,
2659 1306 2713 1351 et
2755 1304 2815 1351 ut
2867 1295 3094 1351 decebat
3140 1294 3235 1349 Dei
3284 1290 3474 1347 Filium
3518 1291 3845 1349 adorarent:

2258 1390 2282 1430 τ
2298 1390 2442 1460 Quos
2462 1404 2590 1461 ergo
2617 1389 2868 1461 prtcsciit,
2901 1394 2956 1442 et
2975 1384 3375 1457 pnedestinavit
3401 1382 3707 1441 conformes
3733 1383 3849 1442 ﬁeri

2258 1482 2502 1551 imaginis
2531 1481 2651 1536 Filii
2673 1480 2774 1546 sui,
2794 1487 2855 1535 ut
2881 1478 3048 1533 Filius
3077 1475 3192 1546 ejus
3220 1483 3364 1531 esset
3380 1476 3766 1546 primogenitns
3794 1475 3849 1534 in

2258 1576 2438 1631 multis
2467 1572 2737 1640 fratribus,
2770 1574 2869 1629 hos
2889 1571 3321 1643 praedestinavit;
3346 1584 3482 1640 quos
3502 1576 3676 1625 autem
3705 1584 3849 1640 prte-

2259 1669 2562 1735 destinavit,
2609 1667 2708 1722 hos
2737 1665 2967 1721 vocavit.
3019 1672 3044 1711 Β
3074 1664 3132 1719 Si
3188 1665 3486 1732 interrogas
3512 1662 3848 1733 Apostolum,

562 1756 785 1817 moralis
812 1759 1026 1827 Clamat,
1071 1758 1256 1816 dicens
1289 1778 1301 1813 ε
1335 1758 1526 1814 Omnes
1563 1776 1655 1813 ηοδ
1696 1767 1898 1828 oportet
1937 1758 2162 1829 ηῑαηίῖε·
2193 1762 2236 1823 Β
2264 1761 2478 1837 quando
2503 1759 2919 1834 prmdestinavit,
2962 1757 3091 1812 dicit
3120 1756 3252 1811 tibi:
3286 1754 3435 1811 Tunc
3459 1754 3676 1826 quando
3720 1755 3852 1815 dixit

568 1852 701 1907 stari
720 1858 839 1908 ante
859 1849 1087 1906 tribunal
1111 1849 1324 1917 Christi,
1349 1857 1405 1904 ut
1433 1850 1649 1919 recipiat
1668 1849 2012 1921 unusquisque
2039 1865 2161 1918 pro-

567 1943 684 2014 pria
713 1941 963 2012 corporis,
993 1948 1147 2013 prout
1169 1941 1346 2013 gessit,
1369 1941 1473 1994 sive
1500 1938 1636 1994 bona
1656 1940 1761 1992 sive
1780 1938 1919 1992 mala
1942 1936 2006 2011 (ll
2038 1936 2157 1993 Cor.

565 2046 617 2100 v,
643 2030 753 2103 10).
781 2028 933 2087 Unde
954 2039 1009 2087 et
1037 2031 1311 2103 apostolus
1334 2031 1524 2087 Petrus
1556 2049 1568 2083 :
1603 2028 1805 2095 Gratia,
1839 2029 2030 2099 inquit,
2062 2028 2163 2085 Dei

568 2140 720 2197 super
766 2140 964 2190 omnes,
995 2132 1047 2178 et
1092 2126 1149 2179 in
1202 2122 1438 2179 omnibus
1467 2124 1625 2178 vobis.
1660 2119 1943 2194 Propheta:
1972 2137 2162 2178 omnes

568 2221 783 2282 vocant,
816 2214 1049 2287 apostoli
1077 2230 1265 2271 omnes
1308 2222 1521 2280 vocant,
1553 2212 1826 2269 Christum
1855 2229 2044 2270 omnes
2064 2222 2161 2269 vo-

568 2314 674 2373 cat,
707 2307 761 2361 in
790 2314 908 2362 toto
937 2307 1069 2361 orbe
1096 2312 1362 2361 terrarum
1386 2306 1695 2361 sacerdotes
1724 2304 1821 2361 Dei
1850 2305 2159 2365 innumera-

567 2396 704 2454 biles
733 2396 923 2454 omnes
948 2404 1141 2453 vocant
1189 2397 1256 2454 ad
1284 2399 1512 2467 gratiam
1550 2406 1605 2453 et
1642 2397 1709 2452 ad
1737 2394 2159 2453 misericordiam

569 2488 667 2548 Dei
694 2486 840 2563 etad
869 2490 1273 2559 indulgentiam.
1305 2486 1421 2546 Soli
1441 2489 1548 2546 duo
1574 2497 1667 2545 aut
1709 2496 1819 2545 tres
1840 2489 2159 2546 homuncio-

571 2597 688 2650 nes,
727 2597 925 2638 aecum
953 2581 1214 2639 habentes
1239 2598 1353 2648 cor,
1376 2581 1721 2653 egrediuntur
1748 2598 1870 2637 cum
1907 2580 1992 2635 bis
2012 2580 2161 2636 libris

571 2673 897 2749 apostaticis,
923 2690 1059 2745 quos
1082 2675 1184 2731 viri
1214 2675 1465 2731 catholici
1494 2690 1613 2730 esse
1659 2670 2045 2743 contingentes,
2074 2679 2158 2729 ιο·-

571 2774 682 2822 tum
708 2768 994 2823 vulnerant
1019 2766 1275 2823 mundum
1308 2787 1320 2822 :
1352 2767 1546 2841 quibus
1573 2780 1770 2822 novum
1805 2781 1972 2836 genus
2016 2763 2160 2822 blas-

571 2858 799 2931 phemiae
820 2859 1153 2925 inducentes,
1179 2860 1365 2915 dicunt
1384 2859 1528 2930 quod
1554 2860 1696 2915 Deus
1724 2875 1831 2914 non
1853 2872 2040 2912 omnes
2067 2857 2161 2911 bo-

572 2951 742 3005 mines
770 2950 883 3006 vult
909 2952 1089 3007 salvos
1118 2952 1251 3019 ﬁeri,
1284 2961 1337 3008 et
1365 2954 1418 3007 in
1442 2953 1768 3022 agnitionem
1796 2950 2039 3006 veritatis
2065 2964 2158 3005 ve-

574 3042 718 3108 nire;
750 3047 910 3112 atque
938 3043 1095 3099 unius
1116 3043 1221 3099 loci
1238 3044 1617 3101 obscuritatem
1637 3043 1811 3116 passi;
1847 3051 1872 3080 ι
1895 3050 2044 3097 tanto
2072 3042 2155 3096 lu-

2267 1853 2490 1909 Abraha:
2524 1871 2535 1903 :
2572 1850 2634 1906 In
2657 1852 2853 1905 semine
2881 1857 2966 1903 tuo
3006 1846 3317 1903 htereditabo
3347 1854 3525 1902 omnes
3562 1854 3755 1918 gentes.
3787 1845 3852 1902 Et

2263 1944 2384 2001 ideo
2407 1960 2504 2014 per
2520 1942 2837 2014 prophetam
2866 1924 2893 1977 ιλ
2920 1939 3050 1995 dicit
3074 1957 3085 1991 :
3119 1939 3305 1992 Audite
3331 1937 3458 2004 haec,
3483 1952 3661 1992 omnes
3680 1943 3853 2009 gentes

2266 2037 2389 2111 (Ps.
2424 2052 2605 2101 xmm,
2635 2034 2721 2104 Ξ).
2754 2032 2896 2088 Dicit
2924 2044 3053 2099 ergo
3093 2028 3290 2085 Judm’s
3320 2049 3332 2083 :
3363 2029 3504 2085 Nihil
3533 2044 3731 2085 novum
3751 2045 3852 2085 vo-

2259 2128 2344 2184 bis
2363 2127 2610 2183 videatur
2638 2122 2828 2179 fecisse
2850 2121 3011 2187 Deus,
3035 2121 3125 2190 qui
3156 2120 3324 2175 voluit
3350 2120 3674 2192 promissum
3704 2120 3846 2190 patri

2264 2213 2449 2273 nos'tro
2481 2214 2707 2271 Abrahaz
2735 2212 3007 2283 complere
3028 2211 3172 2281 quod
3210 2210 3555 2281 promiserat,
3584 2218 3646 2266 ut
3672 2211 3729 2267 in
3765 2227 3854 2268 se-

2262 2310 2405 2364 mine
2424 2306 2539 2376 ejus
2551 2305 2930 2362 baercditentur
2944 2319 3130 2360 omnes
3142 2311 3349 2373 gentes.
3367 2299 3506 2373 Ergo
3527 2303 3855 2374 quia‘omnes

2262 2409 2449 2471 gentes
2482 2397 2896 2471 pnedestinavit,
2921 2394 2938 2434 ί
2968 2410 3154 2451 omnes
3180 2403 3369 2464 gentes
3394 2396 3657 2452 conclusit
3685 2399 3739 2453 in
3770 2398 3855 2453 in-

2262 2490 2632 2547 credulitatem
2679 2496 2738 2543 ut
2787 2487 3035 2543 omnibus
3062 2487 3385 2551 misereatur
3432 2485 3610 2559 (Rom.
3635 2488 3852 2560 x1,50).

2262 2580 2402 2652 Ergo
2418 2597 2555 2652 quos
2563 2578 2982 2652 prtedestinavit‘,
2997 2578 3098 2634 hos
3111 2579 3345 2643 vocavit;
3359 2592 3495 2649 quos
3504 2580 3737 2647 vocavit,
3758 2580 3855 2637 bos

2255 2670 2589 2742 iustificavit,
2621 2668 2913 2728 auferendo
2943 2672 3194 2726 universa
3228 2677 3480 2741 peccata;
3511 2687 3647 2741 quos
3675 2681 3853 2727 autem

2256 2761 2584 2836 justiﬁeavit,
2599 2764 2743 2834 ipsos
2764 2769 2819 2817 et
2831 2759 3209 2831 magniﬁcavit,
3230 2760 3409 2827 idest,
3434 2761 3572 2817 tilias
3586 2760 3680 2817 Dei
3701 2762 3847 2817 fecit.
3928 2835 3932 2838 ‘

2262 2857 2401 2926 Quid
2429 2872 2558 2927 ergo
2584 2862 2983 2910 murmurantes
3024 2851 3184 2916 estis,
3216 2868 3249 2907 0
3278 2852 3478 2917 Judtei,
3508 2853 3851 2925 prohibentes

2263 2962 2363 3009 nos
2380 2959 2567 3022 gentes
2587 2941 2825 3017 illoqui‘?
2856 2946 2917 3004 Si
2940 2946 3081 3002 Deus
3096 2944 3196 3018 pro
3225 2943 3392 3009 nobis,
3426 2947 3541 3019 quis
3560 2957 3740 3002 contra
3759 2964 3855 3006 nos

2264 3045 2440 3116 (Rom;
2464 3059 2572 3108 vni,
2600 3040 2686 3108 51,
2707 3039 2903 3110 52)?id
2928 3048 3029 3104 est,
3055 3038 3181 3109 quid
3197 3040 3250 3095 in
3277 3054 3377 3096 nos
3402 3040 3615 3096 mittitis
3643 3058 3852 3110 manus,

574 3132 722 3199 mini,
742 3141 955 3203 tamque
970 3134 1234 3190 immenso
1260 3132 1550 3205 splendori,
1581 3134 1923 3190 tenebrarum
1948 3134 2162 3189 suarum
2190 3136 2237 3199 C
2269 3141 2323 3192 et
2350 3138 2403 3192 in
2432 3135 2707 3207 apostolos
2725 3133 2821 3187 Dei
2843 3131 3440 3202 scandalumpatimini?
3461 3130 3517 3188 Si
3544 3135 3686 3189 enim
3716 3134 3880 3192 Deus‘

574 3225 760 3280 volunt
788 3225 983 3281 inferre
1012 3226 1313 3295 caliginem.
1343 3224 1449 3282 Sed
1476 3227 1600 3297 quia
1640 3226 1732 3281 lux
1762 3226 1903 3281 lucet
1929 3226 1982 3280 in
2013 3234 2162 3281 tene-

573 3317 699 3385 bris,
747 3326 803 3374 et
858 3318 1092 3373 tenebras
1144 3335 1264 3374 eam
1314 3334 1421 3373 non
1476 3320 1659 3375 valent
1706 3319 2166 3389 comprehendere

574 3405 753 3478 (Ioan.
785 3424 821 3474 ι,
849 3406 932 3479 5),
960 3406 1184 3479 juvante
1212 3406 1442 3464 Domino
1460 3447 1475 3473 ,
1504 3424 1570 3464 ex
1594 3409 1709 3479 ejus
1739 3409 2002 3465 thesauris
2023 3412 2165 3467 acci-

571 3502 798 3572 pientes,
831 3486 1021 3557 locum'
1039 3515 1198 3570 quem
1219 3508 1412 3572 putant
1438 3501 1629 3558 hmresi
1658 3516 1768 3558 sua:
1788 3517 2007 3558 manum
2032 3518 2161 3574 por-

572 3593 745 3664 rigere
791 3593 819 3633 ι’
850 3593 1270 3665 explanavimus'.
1325 3585 1575 3650 Dicamus
1613 3611 1755 3652 nunc
1803 3603 1859 3650 et
1897 3594 1965 3650 de
2018 3610 2157 3667 prte-

572 3685 792 3739 scientia
815 3686 960 3741 etde
983 3685 1473 3756 prasdestinatione.
1499 3685 1745 3743 Praesciit
1771 3687 1913 3744 Deus
1944 3696 1999 3745 et
2030 3675 2167 3759 pras-

572 3775 705 3831 dixit
725 3776 869 3847 quod
890 3778 942 3833 in
974 3768 1179 3834 semine
1208 3779 1456 3845 Abrahae,
1484 3781 1587 3838 hoc
1615 3790 1696 3837 est
1723 3782 1776 3837 in
1806 3780 2040 3847 Christo,
2072 3783 2168 3837 be-

577 3870 954 3926 nedicerentur
983 3887 1171 3927 omnes
1199 3882 1406 3941 gentes.
1440 3872 1595 3940 Quod
1632 3873 1758 3929 dum
1787 3874 1957 3940 iteret,
2001 3873 2166 3929 Judaei

573 3962 703 4018 satis
733 3961 959 4018 moleste
1001 3963 1274 4020 serebant.
1301 3963 1438 4018 Nam
1477 3965 1599 4019 ideo
1640 3964 2168 4034 comprehendebant

572 4055 867 4124 apostolos,
920 4055 1055 4109 etin
1100 4054 1359 4109 custodiis
1408 4055 1730 4119 retinebant,
1763 4054 2003 4109 dicentes
2045 4056 2161 4111 eis:

574 4134 924 4199 Praediximus
946 4143 1084 4198 vobis
1107 4161 1172 4197 ne
1190 4144 1545 4214 prwdicaretis
1584 4145 1678 4198 hoc
1700 4161 1918 4210 nomen;
1947 4162 2035 4200 vos
2068 4163 2163 4200 au-

572 4242 675 4289 tem
706 4246 727 4274 °
776 4236 1011 4307 replestis
1058 4250 1232 4288 omnes
1275 4235 1514 4289 doctrina
1560 4243 1728 4289 uestra
1757 4235 1911 4307 (Act.
1958 4254 2006 4302 v,
2038 4235 2159 4309 28).

573 4325 864 4398 Apostolus
892 4332 1069 4379 autem
1099 4322 1317 4390 Paulus,
1340 4325 1526 4379 videns
1542 4322 1752 4380 Judteos
1768 4326 1819 4380 in
1850 4342 1914 4380 eo
1935 4327 2166 4385 deiicere

573 4418 718 4487 quod
745 4425 935 4487 gentes
966 4415 1250 4469 introirent
1296 4414 1363 4469 ad
1392 4414 1571 4481 ﬁdem,
1612 4425 1667 4471 et
1692 4419 2040 4475 excluderent
2065 4421 2162 4477 Ju-

2267 3228 2403 3283 Filio
2432 3242 2529 3283 suo
2568 3241 2674 3281 non
2703 3224 2962 3296 pepercit,
2982 3223 3075 3278 sed
3106 3231 3204 3294 pro
3226 3224 3475 3279 omnibus
3502 3225 3654 3280 nobis
3682 3224 3853 3281 tradi-

2265 3319 2343 3375 dit
2369 3334 2511 3385 eum,
2537 3322 2662 3373 nota
2686 3317 2801 3382 tibi,
2833 3306 3236 3382 Praédestinate,
3260 3314 3387 3384 quid
3426 3315 3593 3371 dicat:
3620 3312 3726 3372 Sed
3750 3330 3853 3388 pro

2267 3411 2515 3467 omnibus
2538 3407 2755 3465 tradidit
2776 3424 2920 3465 eum.
2970 3407 3207 3463 Dicendo
3235 3423 3340 3478 pro
3362 3408 3612 3465 omnibus
3634 3395 3854 3468 tradidit

2268 3517 2410 3568 eum,
2437 3511 2491 3557 et
2518 3492 2713 3557 Judazis
2736 3500 3033 3571 amputavit
3061 3498 3371 3557 scandalum
3390 3542 3404 3567 ,
3432 3508 3489 3557 et
3520 3512 3749 3559 vestram
3773 3503 3858 3559 in-

2237 3583 2240 3586 ’
2267 3594 2563 3651 tentionem
2585 3592 2832 3650 exclusit.
2862 3592 3029 3657 Miror
3055 3600 3232 3653 autem
3255 3591 3595 3663 prudentiam
3627 3604 3856 3664 vestram

2267 3687 2346 3743 sic
2360 3685 2556 3757 legisse
2568 3685 2747 3742 locum
2764 3684 2925 3739 istum
2942 3681 3103 3748 :Quos
3122 3683 3508 3755 praedestinavit
3524 3684 3621 3737 hos
3638 3684 3855 3749 uocauit,

2270 3784 2329 3833 ut
2369 3776 2438 3833 ad
2465 3792 2630 3832 unum
2671 3775 2993 3830 versiculum
3035 3773 3127 3845 qui
3177 3774 3227 3828 in
3255 3780 3380 3843 ante
3426 3781 3509 3827 est
3537 3773 3854 3830 timuissetis

2268 3869 2545 3926 accedere.
2597 3866 2869 3934 tQuando
2910 3865 3052 3921 enim
3083 3860 3300 3921 venistis
3351 3862 3416 3919 ad
3468 3864 3612 3918 hunc
3650 3863 3850 3931 locum,

2268 3962 2420 4032 quasi
2443 3958 2773 4015 satisfactum
2795 3966 3049 4029 putantes
3068 3958 3580 4023 intentionivestrae,
3609 3956 3858 4013 noluistis

2270 4054 2323 4107 in
2346 4060 2472 4107 ante
2494 4050 2559 4106 ad
2586 4050 2912 4106 versiculum
2956 4050 3049 4120 qui
3077 4064 3175 4106 vos
3197 4048 3557 4105 convincebat
3593 4048 3858 4118 aspicere,

2269 4145 2324 4201 id
2344 4154 2444 4211 est,
2476 4160 2571 4216 pro
2597 4143 2828 4199 omnibus
2851 4136 3067 4199 tradidit
3093 4156 3242 4213 eum;
3281 4143 3376 4200 sed
3417 4143 3685 4199 clausistis
3708 4140 3861 4199 codi-

2268 4253 2405 4305 cem,
2436 4246 2491 4293 et
2515 4237 2753 4307 coepistis
2792 4236 3026 4291 clamare
3052 4254 3062 4288 :
3089 4234 3205 4291 Non
3243 4250 3431 4290 omnes
3450 4242 3613 4291 vocat
3631 4234 3774 4289 Deus
3792 4233 3860 4290 a'd

2268 4330 2496 4400 gratiam
2527 4342 2698 4394 suam,
2733 4346 2839 4385 non
2863 4342 3053 4385 omnes
3080 4328 3304 4396 invitat;
3347 4335 3405 4383 et
3431 4327 3729 4383 dicentibus
3758 4341 3860 4381 no-

2269 4426 2427 4481 stris:
2454 4424 2595 4493 Ergo
2618 4440 2723 4480 non
2756 4436 2945 4479 omnes
2971 4409 3285 4479 vocativos
3312 4420 3668 4494 respondistis
3695 4439 3708 4495 ς
3738 4419 3858 4478 Νοιι

574 4509 720 4561 dzeos
744 4522 774 4560 a
801 4506 1082 4577 privilegio
1102 4504 1398 4583 Synagogte
1417 4522 1514 4578 per
1527 4509 1861 4580 privilegium
1891 4510 2163 4582 Ecclesiae,
2197 4517 2243 4576 Ι)
2271 4533 2458 4574 omnes
2485 4523 2658 4573 vocat.
2693 4516 2983 4589 Stupentes
3013 4514 3196 4584 itaque
3228 4513 3398 4570 nostri
3438 4522 3604 4582 atque
3634 4513 3859 4567 anxiaa-

574 4595 866 4665 alloquitur
884 4610 979 4650 eos
1006 4603 1065 4649 ut
1095 4611 1201 4650 non
1231 4599 1647 4664 contristentur,
1675 4600 1860 4658 dicens
1891 4603 1908 4665 (
1924 4603 1946 4658 I
1983 4604 2159 4661 Thess.

573 4702 632 4755 ιι,
666 4678 788 4759 i6):
822 4685 962 4754 Quid
1010 4701 1153 4743 nunc
1178 4684 1472 4757 prohibetis
1510 4707 1607 4746 nos
1635 4692 1882 4760 gentibus
1908 4695 2057 4765 loqui
2099 4714 2165 4753 ne

572 4779 733 4836 salvae
762 4779 913 4847 ﬁant,
963 4796 1084 4836 cum
1114 4780 1296 4836 sciatis
1339 4780 1511 4838 Deum
1554 4784 1753 4841 dixisse
1779 4786 1845 4842 ad
1872 4786 2161 4857 Abraham,

570 4872 715 4951 quod
737 4876 792 4929 in
816 4874 1010 4929 semine
1036 4881 1122 4928 tuo
1144 4873 1457 4955 haereditabo
1478 4892 1654 4932 omnes
1674 4888 1847 4950 gentes
1865 4877 2017 4951 (Gen.
2037 4898 2163 4949 χχιι,

570 4969 636 5037 8;
665 4970 780 5025 Act.
813 4986 889 5035 ιιι,
920 4966 1054 5038 25)?
1083 4966 1321 5024 Prtesciit
1342 4968 1485 5027 enim
1527 4969 1665 5032 Deus
1683 5011 1697 5034 ,
1721 4970 1748 5009 ἀ
1776 4972 1919 5042 quod
1971 4973 2160 5029 Filium

570 5062 685 5135 ejus
714 5071 895 5120 essent
923 5061 1168 5134 negaturi
1188 5059 1376 5128 Judaei,
1410 5069 1465 5118 et
1493 5072 1673 5123 essent
1711 5066 1761 5120 ei
1799 5067 2034 5137 gentium
2063 5078 2161 5138 po-

569 5154 680 5225 puli
706 5154 981 5212 credituri.
1009 5150 1079 5208 Et
1107 5153 1227 5210 ideo
1256 5154 1332 5209 ait
1362 5172 1374 5207 :
1409 5152 1550 5221 Quos
1578 5157 1826 5225 praesciit,
1853 5166 1903 5211 et
1946 5158 2153 5228 prcede-

641 5359 802 5483 “lmbjs.
857 5360 1147 5432 Augiense,
1200 5372 1346 5419 tanto
1395 5364 1606 5428 tantine,
1659 5371 1864 5435 tamque
1904 5366 2154 5431 immenso

755 5447 861 5483 ore.
2001 5457 2016 5467 -

569 5427 861 5499 splendore.
944 5427 965 5432 ⁷
1133 5427 1142 5431 ⁷
1594 5427 1598 5428 ί

639 5498 667 5538 ι)
704 5499 803 5571 bis.
832 5500 995 5565 idem,
1026 5501 1381 5571 explanemus.
1676 5532 1679 5533 ν

642 5582 664 5609 ε
704 5567 799 5624 Ms.
837 5572 994 5630 idem.
1029 5567 1233 5636 repletis
1262 5582 1425 5627 totum
1444 5576 1709 5632 mundum.

638 5640 665 5678 τί
834 5641 995 5707 idem,
1028 5643 1161 5713 quod
1183 5644 1349 5713 ﬁlium
1377 5662 1545 5699 suum.

640 5721 662 5749 ο
702 5710 796 5767 Ms.
833 5713 993 5770 idem.
1026 5710 1414 5771 cruci/iurant.

2271 4618 2369 4673 tes,
2403 4624 2469 4664 eo
2497 4609 2640 4677 quod
2662 4599 2911 4662 audirent
2938 4607 3081 4676 quod
3118 4605 3297 4660 nullus
3319 4620 3553 4678 unquam
3581 4605 3858 4660 haeretico-

2269 4717 2387 4756 rum
2407 4690 2634 4765 dixerat,
2662 4688 3127 4767 interrogaverunt
3154 4698 3403 4768 peritiam
3419 4705 3656 4753 vestram
3684 4697 3837 4751 dicen

2270 4799 2387 4847 tes:
2413 4790 2566 4846 Unde
2604 4790 2843 4862 probatis
2871 4790 2993 4865 quia
3042 4804 3147 4846 non
3201 4782 3391 4847 Omnes
3435 4799 3596 4846 vocat
3623 4789 3764 4843 Deus
3793 4791 3861 4845 ad

2270 4882 2495 4952 gratiam
2543 4883 2735 4938 suam?
2758 4881 2879 4953 ipse
2903 4882 3047 4938 Deus
3078 4894 3186 4937 non
3218 4880 3332 4936 Vult
3375 4895 3473 4937 eos
3516 4880 3748 4935 vocare?
3786 4894 3855 4932 an

2268 4974 2383 5028 vult
2410 4981 2464 5028 et
2493 4988 2600 5028 non
2623 4974 2841 5043 potest?
2865 4989 2931 5028 an
2965 4987 3073 5029 non
3102 4974 3414 5029 merentur?
3441 4973 3499 5028 Si
3534 4970 3647 5026 vult
3666 4979 3721 5025 et
3744 4986 3856 5024 non

2269 5073 2468 5135 potest,
2491 5065 2898 5135 blasphematur
2924 5067 3227 5137 impotens:
3253 5066 3299 5124 si
3320 5074 3502 5138 potest
3521 5072 3576 5121 et
3596 5078 3705 5120 non
3720 5062 3854 5129 vult,

2228 5146 2233 5151 ’
2264 5154 2476 5211 videtur
2500 5156 2740 5225 iniquus;
2765 5158 2809 5212 si
2840 5158 2940 5227 ipsi
2970 5172 3077 5212 non
3099 5146 3409 5227 merentur,
3440 5171 3572 5228 ergo
3595 5156 3708 5228 jam
3735 5168 3850 5224 gra-

2337 5371 2358 5409 ι
2401 5368 2497 5440 bis.
2524 5366 2665 5440 idem
2699 5365 2827 5440 :YI.
2862 5364 3160 5440 Ηιειιιετιρι.
3196 5365 3335 5439 Quos
3356 5382 3500 5440 ergo,
3529 5372 3637 5440 etc.

2336 5452 2361 5510 ξς
2400 5438 2496 5510 bis.
2524 5436 2661 5510 idem
2688 5454 2701 5490 :
2724 5432 3038 5510 (insonet.
3076 5434 3138 5493 Si
3155 5432 3472 5510 interrogas.
3489 5432 3602 5492 ate.

2334 5508 2363 5547 ιι
2402 5508 2500 5562 Ms.
2532 5507 2696 5569 idem,
2719 5507 2925 5562 dicitur.
2989 5530 3003 5539 ν
3355 5507 3373 5510 ⁷
3587 5544 3591 5548 ~

2340 5579 2357 5617 ι
2402 5578 2499 5632 Ms.
2534 5576 2694 5642 idem,
2728 5594 2906 5632 omnes
2927 5581 3177 5634 conclusit
3196 5581 3250 5634 in
3277 5575 3660 5635 inretitum.

2340 5648 2356 5699 i
2399 5648 2497 5703 Ms.
2529 5646 2689 5713 idem,
2713 5650 2850 5720 quod
2879 5650 3033 5704 enim.
3592 5684 3595 5687 »
