4238 6260
334 271 337 274 ’
358 261 454 313 657

798 256 1388 314 ΡΒᾹΕῡΕΒΤΙΝΑΤυὸ
1425 255 1576 311 SIVE
1613 255 1950 311 PRAEDES'l‘

2060 255 2315 309 tTORUM
2359 255 2706 323 HIERESIS,
2747 257 2895 313 ETC.
2939 259 3065 348 [ΑΒ.
3105 259 3193 316 III.

3525 267 3632 329 658

356 377 426 430 tia
449 389 553 429 non
575 382 660 428 est
688 375 880 444 gratia,
932 384 986 429 et
1028 391 1114 428 res
1143 375 1317 429 meriti
1342 375 1562 428 humani
1590 363 1674 428 est
1700 373 1935 437 vocatio,
1970 377 2015 433 A
2046 374 2190 428 catio
2215 373 2578 442 delinquentis
2607 383 2661 428 et
2692 378 3093 445 praedestinatio
3121 382 3428 441 ulciscentis
3459 405 3474 442 :
3506 389 3632 458 quia

357 484 464 523 non
489 466 678 536 gratim
725 467 819 521 Dei
854 485 866 519 :
898 467 942 522 si
993 475 1173 529 autem
1197 468 1380 535 gratia:
1414 467 1508 520 Dei
1558 475 1661 531 est,
1692 474 1716 501 ⁸
1749 474 1804 519 ει
1830 479 1940 519 non

359 559 535 614 meriti
561 559 818 625 hominis,
851 573 1040 613 omnes
1074 569 1248 619 vocat.
1285 559 1479 612 Omnes
1520 560 1659 613 enim
1700 573 1940 628 peccave-

358 657 476 705 runt
496 658 545 705 et
562 658 710 721 egent
734 651 901 722 gloria
933 649 1053 716 Dei,
1086 659 1146 703 ut
1172 650 1302 704 dicit
1331 650 1623 720 Apostolus
1649 648 1833 721 (Rom.
1860 665 1938 713 ιιι,

357 739 447 811 25)
468 759 482 808 ;
506 749 556 798 ει
577 740 801 809 adjecit:
825 739 1112 811 Justiﬁcati
1135 742 1306 810 itaque
1326 741 1487 810 gratis
1515 741 1566 793 in
1583 741 1752 810 gratia
1779 739 1942 808 ipsius

357 834 411 886 in
441 832 832 903 redemptionem
850 847 963 902 qua
982 833 1140 885 estin
1187 831 1393 885 Christo
1425 829 1613 899 (Ibid.,
1646 828 1768 896 24).
1804 827 1941 882 Ecce

359 918 540 994 gratis,
571 939 696 979 ecce
723 933 777 978 et
805 923 1123 992 redemptio.
1171 923 1446 977 Audenter
1499 921 1619 975 dico
1653 940 1665 973 :
1703 919 1802 974 Ubi
1857 928 1944 974 est

361 1016 696 1086 praesumptio
724 1016 791 1070 de
812 1017 1006 1071 merito
1028 1017 1404 1081 humanitatis,
1425 1032 1534 1070 non
1562 1023 1644 1068 est
1665 1013 1836 1083 gratia
1863 1012 1944 1067 di-

358 1110 628 1176 vinitatis;
659 1109 836 1164 omnia
856 1112 1002 1165 enim
1025 1124 1144 1179 qua:
1173 1111 1358 1179 gratim
1389 1111 1482 1181 Dei
1506 1126 1625 1164 esse
1655 1109 1940 1172 credimus,

358 1200 558 1255 meritis
589 1200 785 1255 nostris
806 1201 1082 1270 applicare
1113 1216 1220 1256 non
1241 1217 1542 1272 possumus.
1569 1199 1711 1266 Ergo
1735 1199 1779 1253 si
1820 1212 1944 1266 gra-

360 1291 443 1346 tia:
485 1298 566 1346 est
615 1299 670 1346 et
698 1308 808 1347 non
843 1293 1042 1358 meriti,
1073 1293 1348 1361 quomodo
1375 1308 1474 1346 vos
1511 1291 1686 1345 dicitis
1735 1289 1946 1358 aliquos

352 1395 456 1436 non
478 1382 682 1447 vocari,
700 1382 826 1452 quia
849 1391 974 1438 sunt
999 1383 1118 1452 ejus
1146 1384 1429 1438 vocatione
1457 1382 1690 1449 indigni?
1712 1381 1769 1435 Si
1798 1382 1941 1434 enim

349 1474 523 1531 nullus
553 1489 624 1529 ex
641 1491 742 1530 suo
764 1477 958 1531 merito
979 1485 1225 1542 vocatur,
1248 1476 1342 1530 sed
1362 1492 1430 1530 ex
1449 1476 1592 1530 dono
1619 1475 1802 1542 gratiae
1821 1473 1939 1538 Dei,

343 1573 401 1621 et
426 1567 570 1624 alius
598 1575 849 1633 vocatur,
881 1567 1020 1624 alius
1047 1573 1345 1633 recusatur,
1397 1582 1766 1638 personarum,
1801 1553 1943 1620 Deus

345 1664 752 1736 blasphematur
799 1673 1074 1735 acceptor.
1129 1668 1441 1733 Arguuntur
1493 1665 1655 1718 etiam
1708 1662 1942 1733 apostoli

2045 476 2326 537 peccatum
2351 469 2404 522 in
2435 477 2749 540 contemptu
2772 476 3183 542 transgressoris
3211 484 3312 541 est,
3345 462 3478 534 ultio
3502 495 3632 537 vero

2046 561 2101 613 in
2125 559 2322 628 judicis
2349 561 2604 628 aequitate
2651 564 2912 620 consistit.
2945 563 3138 623 Tollite
3167 569 3350 640 itaque
3373 586 3404 627 e
3423 572 3634 630 duobus

2047 667 2232 713 unum,
2263 660 2356 706 aut
2390 651 2556 719 judici
2599 653 3126 722 przedestinationem
3156 667 3215 715 ut
3254 664 3493 733 probetis
3541 665 3630 734 ju-

2045 750 2207 806 stum,
2236 751 2328 797 aut
2357 745 2582 798 alterum
2607 743 2844 813 judicem
2891 746 3126 806 futurum
3163 755 3442 812 ostendite.
3477 756 3634 814 Nulla

2047 835 2190 889 enim
2249 837 2457 890 ratione
2505 837 2866 912 constitutum
2911 855 3064 895 suum
3092 847 3290 912 poterit
3316 848 3508 916 punire
3539 851 3632 919 qui

2043 925 2249 993 iudicat
2278 945 2288 978 :
2321 927 2446 994 quia
2476 927 2520 981 si
2550 928 2750 981 malum
2797 929 3256 998 prmdeétinationi
3286 935 3496 992 dederis
3510 935 3627 1004 Dei,

2048 1019 2310 1074 voluntati
2339 1019 2572 1073 hominis
2603 1020 2731 1075 dare
2753 1037 2860 1075 non
2890 1024 3111 1090 poteris.
3139 1024 3246 1080 Aut
3274 1028 3416 1082 enim
3438 1041 3630 1086 accusa

2049 1117 2256 1166 reatum
2275 1112 2326 1165 in
2350 1113 2586 1174 homine,
2612 1121 2666 1166 et
2691 1113 2819 1167 tolle
2843 1124 2894 1168 te
2920 1112 2945 1151 ἀ
2971 1131 3000 1169 a
3022 1116 3357 1188 blaSphemio'
3379 1120 3473 1177 Dei
3500 1141 3512 1176 :
3540 1131 3632 1178 aut

2050 1203 2094 1256 si
2125 1201 2652 1272 praedestinationem
2679 1219 2707 1257 a
2738 1205 2851 1260 Deo
2889 1208 3084 1262 asscris
3124 1211 3470 1267 constitutam
3512 1227 3633 1270 esse

2048 1295 2314 1364 peccanti,
2365 1299 2572 1349 reatum
2619 1296 2834 1365 quidem
2860 1301 3132 1367 peccatori
3162 1303 3349 1366 tulisti,
3377 1305 3471 1360 sed
3519 1305 3633 1362 Deo

2049 1386 2249 1440 crimen
2303 1386 2567 1456 impingis.
2599 1386 2756 1442 Certe
2784 1397 3064 1457 peccatum
3120 1401 3326 1448 certum
3374 1403 3456 1450 est
3501 1396 3633 1452 nihil

2048 1475 2193 1531 aliud
2241 1493 2381 1542 esse,
2410 1493 2570 1547 quam
2606 1481 3099 1548 praevaricationem
3129 1484 3379 1551 hominis,
3414 1495 3468 1542 et
3494 1503 3631 1558 pne-

2049 1569 2466 1625 destinationem
2491 1571 2620 1624 nihil
2643 1572 2804 1635 aliud,
2825 1573 2926 1627 nisi
2943 1575 3334 1630 ordinationem
3357 1577 3471 1632 Dei.
3496 1577 3635 1645 Quo-

2051 1663 2215 1718 modo
2241 1675 2370 1730 ergo
2391 1671 2500 1717 tam
2529 1663 2737 1718 diversa
2777 1666 2993 1721 sibimet
3024 1675 3239 1737 tamque
3269 1671 3538 1725 contraria
3568 1671 3634 1730 ad

345 1756 461 1825 ejus
485 1757 609 1812 falsi
637 1765 802 1812 testes
823 1756 1022 1812 indicii.
1056 1756 1189 1810 Nam
1212 1757 1402 1810 beatus
1432 1754 1722 1825 Apostolus
1753 1752 1942 1809 Petrus
1972 1750 2019 1808 Β
2047 1767 2210 1807 unam
2239 1754 2610 1824 compagiuem
2639 1755 2820 1810 venire
2848 1764 3158 1826 potuerunt,
3186 1767 3245 1812 ut
3271 1760 3415 1828 quod
3435 1761 3634 1820 bonum

344 1849 548 1904 clamat
577 1867 590 1902 :
620 1847 685 1903 In
708 1850 943 1918 veritate,
963 1849 1158 1918 inquit,
1187 1849 1440 1918 comperi,
1471 1849 1592 1918 quia
1615 1863 1718 1900 non
1747 1855 1821 1900 est
1835 1863 1949 1916 per-

346 1957 601 1997 sonarum
625 1943 854 2012 acceptio
883 1942 1019 2012 apud
1048 1942 1213 1996 Deum
1235 1942 1380 2011 (Act.
1429 1958 1483 2005 χ,
1513 1939 1633 2009 34);
1675 1947 1731 1993 ει
1757 1939 1948 1993 beatus

350 2029 584 2088 Paulus:
605 2031 729 2087 Non
758 2042 833 2087 est
857 2033 994 2086 enim
1018 2026 1355 2101 personarum
1369 2031 1600 2101 acceptio
1621 2029 1759 2099 apud
1782 2029 1948 2082 Deum

355 2124 539 2194 (Rom.
560 2140 616 2188 υ,
641 2123 751 2193 il);
777 2132 831 2178 et
851 2125 1044 2179 iterum
1073 2125 1329 2181 Dominus
1355 2125 1484 2179 dicit
1509 2122 1578 2178 de
1605 2123 1776 2178 servis
1801 2141 1811 2174 :
1837 2121 1946 2175 Ea-

351 2215 499 2281 dem,
527 2216 719 2284 inquit,
745 2216 900 2286 facite
921 2215 1024 2268 illis
1052 2217 1363 2269 remittentes
1386 2215 1572 2278 minas,
1588 2215 1804 2267 scientes
1825 2214 1948 2284 quia

353 2315 402 2361 et
431 2317 599 2362 vester
624 2317 674 2362 et
710 2309 920 2363 illorum
939 2306 1078 2363 Deus
1118 2310 1172 2362 in
1200 2309 1336 2363 costis
1363 2317 1459 2376 est,
1504 2318 1553 2362 et
1573 2325 1677 2362 non
1703 2317 1780 2362 est
1809 2307 1949 2377 apud

349 2398 506 2452 illum
518 2414 856 2467 personarum
874 2401 1101 2471 acceptio
1112 2399 1330 2472 (Ephes.
1347 2416 1418 2466 vt,
1437 2400 1515 2470 9).
1532 2399 1728 2468 Siergo
1751 2401 1823 2453 ita
1841 2408 1944 2465 est,

349 2489 524 2545 immo
541 2491 666 2558 quia
692 2491 764 2544 ita
787 2499 888 2556 est,
913 2490 1052 2546 unde
1079 2493 1318 2561 probatis
1345 2493 1472 2563 quia
1503 2507 1609 2548 non
1631 2506 1820 2546 omnes
1845 2505 1945 2545 vo-

348 2589 436 2637 cat
463 2581 534 2637 ad
561 2584 789 2650 gratiam
815 2585 1010 2638 suam?
1036 2593 1131 2640 aut
1155 2600 1318 2654 quem
1339 2601 1447 2640 non
1470 2586 1585 2639 vult
1605 2586 1838 2650 salvare,
1854 2584 1949 2653 qui

348 2687 448 2742 pro
461 2673 898 2744 cruciﬁgentibus
911 2677 1067 2730 orat?
1081 2675 1142 2730 in
1162 2677 1264 2732 hac
1279 2677 1486 2731 luerese
1498 2675 1743 2730 diabolus
1765 2685 1944 2746 tyran-

349 2765 494 2822 nidis
511 2781 622 2821 sum
631 2765 814 2823 furore
827 2776 1124 2835 grassatur,
1137 2775 1200 2822 ut
1212 2767 1396 2821 lethali
1410 2767 1567 2836 plaga
1585 2781 1723 2836 pene
1739 2767 1948 2821 univer-

348 2874 471 2914 sum
503 2859 751 2914 vulneret
783 2859 1060 2913 mundum.
1085 2858 1250 2912 Infert
1276 2858 1477 2912 bellum
1509 2867 1755 2912 creatura
1775 2857 1948 2913 Crea-

351 2949 695 3014 tori,etdicit
719 2950 895 3019 ipsum
916 2949 1324 3018 prmdestinasse
1343 2948 1487 3019 quod
1508 2950 1680 3019 punit,
1698 2949 1871 3019 ipsum
1892 2960 1951 3006 ut

353 3040 518 3097 ﬁeret
555 3041 898 3099 constituisse
927 3041 953 3079 δ
982 3040 1128 3109 quod
1156 3041 1448 3111 prohibuit.
1480 3039 1634 3108 Quod
1679 3056 1842 3110 quam
1879 3043 1951 3098 sit

2052 1845 2147 1900 Dei
2167 1854 2251 1900 est
2276 1845 2472 1900 malum
2503 1846 2733 1900 hominis
2758 1847 2870 1912 ttat,
2899 1855 2952 1902 et
2972 1848 3329 1919 delinquentis
3348 1851 3533 1906 vitium
3557 1852 3636 1908 di-

2054 1946 2206 1992 catur
2225 1937 2607 2007 praeordinatio
2633 1939 3006 2007 prohibentis?
3032 1939 3165 1994 Illud
3188 1950 3369 1996 autem
3409 1959 3504 1998 cur
3528 1959 3635 2001 non

2055 2030 2424 2092 consideratis,
2451 2030 2543 2098 qui
2569 2029 3040 2098 praedestinatione
3054 2031 3150 2086 Dei
3177 2033 3376 2102 putatis
3391 2033 3636 2091 homines

2052 2121 2361 2176 consentire
2388 2121 2660 2190 peccatis?
2689 2119 2859 2175 Omne
2911 2130 3060 2177 certe
3115 2132 3394 2193 peccatum
3442 2126 3554 2180 vult
3580 2133 3636 2182 ct

2052 2214 2323 2269 desiderat
2349 2213 2595 2268 diabolus
2621 2213 2736 2269 ﬁeri
2767 2232 2779 2266 :
2803 2223 2858 2269 et
2877 2215 3092 2270 creditis
3111 2216 3255 2286 quod
3287 2218 3635 2286 praedestina-

2053 2307 2255 2361 tionem
2285 2321 2438 2360 suam
2458 2305 2600 2361 Deus
2617 2305 2683 2359 ad
2703 2305 2902 2361 diaboli
2930 2305 3250 2362 desiderium
3280 2316 3334 2363 ει
3362 2306 3428 2362 ad
3456 2309 3635 2364 homi-

2055 2399 2138 2453 nis
2185 2399 2459 2452 interit-um
2514 2399 2730 2467 posuit,
2787 2407 2841 2453 et
2895 2401 3064 2454 voluit
3113 2399 3634 2469 prtedestinationem

2051 2503 2205 2545 suam
2229 2491 2437 2545 servire
2465 2490 2727 2544 voluntati
2755 2490 3050 2556 diabolicae,
3082 2500 3142 2546 ut
3173 2501 3196 2528 ο
3227 2491 3291 2546 ad
3317 2493 3496 2547 libitus
3523 2493 3635 2547 ἀίε-

2057 2594 2278 2636 monum
2303 2581 2567 2645 homines,
2599 2587 2724 2634 ante
2762 2582 2991 2650 propriae
3019 2580 3309 2635 voluntatis
3353 2581 3633 2648 meritum,

2058 2685 2185 2727 reos
2226 2672 2336 2740 jam
2375 2669 2648 2725 addiceret
2693 2671 2952 2725 inimico?
2981 2668 3249 2724 Hactenus
3277 2670 3634 2740 blasphemias

2054 2762 2214 2832 hujus
2244 2763 2346 2817 loci
2393 2761 2662 2816 detexisse
2689 2759 2936 2816 sufﬁciat.
2971 2759 3170 2816 Pavido
3198 2763 3340 2816 enim
3362 2761 3524 2817 corde
3549 2763 3634 2816 ins

2056 2857 2321 2913 tolerabili
2343 2865 2576 2910 tremore
2597 2853 2807 2908 delicio.
2839 2851 3120 2922 Octoginta
3150 2861 3205 2909 et
3239 2869 3434 2910 novem
3464 2855 3634 2909 luere-

2054 2965 2141 3006 ses
2162 2953 2214 3005 in
2235 2949 2410 3021 primo
2435 2949 2614 3003 libello
2642 2948 3088 3018 conscripsimus;
3119 2949 3321 3002 nullam
3350 2947 3423 3002 ita
3456 2948 3636 3003 homin

2056 3041 2213 3097 nibus
2241 3041 2309 3096 ad
2336 3043 2560 3097 crimina
2592 3039 2740 3096 frena
2761 3041 2971 3096 laxasse
2998 3040 3404 3111 conspeximus;
3435 3041 3636 3097 nullam

353 3135 584 3206 impium
605 3176 621 3202 ,
654 3150 922 3206 quamque
959 3136 1278 3206 sacrilegum
1303 3177 1319 3202 ,
1349 3137 1642 3206 quamlibet
1673 3140 1949 3211 imperitus
1975 3117 2024 3180 ο
2055 3136 2134 3191 sic
2159 3135 2522 3206 blasphemias
2547 3135 2598 3188 in
2622 3133 2791 3189 Deum
2824 3143 3155 3190 astruentem
3183 3136 3503 3194 invenimus.
3533 3135 3636 3191 Fa-

351 3235 640 3297 agnoscet.
671 3226 841 3281 Omne
869 3227 1010 3281 estirn
1039 3236 1318 3297 peccatum
1348 3235 1475 3284 tunc
1501 3238 1782 3300 peccatum
1803 3237 1950 3287 recte

351 3319 572 3383 dicitur,
620 3333 741 3372 cum
769 3327 825 3373 et
853 3327 1034 3373 reatus
1062 3318 1426 3389 delinquentis
1459 3330 1516 3376 et
1540 3323 1766 3392 :equitas
1802 3324 1949 3393 judi-
1985 3370 1988 3372 .

352 3409 535 3466 cautis
565 3409 894 3475 ostenditur;
925 3411 1050 3480 quia
1077 3413 1284 3480 peccati
1328 3413 1644 3482 supplicium
1695 3416 1952 3485 praecedit

353 3516 574 3570 semper
601 3500 852 3555 meritum
902 3499 1067 3554 lacti:
1100 3516 1253 3555 reum
1281 3511 1459 3558 autem
1491 3517 1651 3559 nemo
1671 3504 1815 3572 facit,
1848 3506 1951 3560 nisi

268 3578 279 3590 ’
353 3608 482 3648 eum
507 3593 598 3661 qui
627 3593 802 3662 potuit
849 3592 1123 3647 declinare
1149 3602 1445 3662 peccatum.
1497 3587 1782 3651 Peccatum
1820 3611 1950 3665 ergo

358 3686 506 3740 inter
551 3683 1024 3754 praedestinantem
1054 3693 1110 3738 et
1137 3692 1454 3753 operantem
1503 3686 1766 3753 discerne,
1797 3695 1857 3741 ut
1885 3688 1952 3742 il-

357 3778 466 3833 lius
496 3776 693 3832 factum
720 3777 922 3832 malum
953 3776 1059 3842 hic,
1082 3777 1239 3846 quasi
1267 3777 1499 3831 alienum
1529 3793 1558 3832 a
1589 3793 1670 3843 se,
1699 3786 1791 3832 aut
1811 3780 1954 3834 dam-

360 3875 482 3934 net.
505 3875 603 3924 aut
627 3868 881 3936 corrigat.
912 3868 958 3920 A
973 3868 1120 3936 justo
1147 3878 1327 3921 autem
1355 3867 1467 3922 Deo
1495 3869 1670 3923 aliena
1690 3877 1814 3929 sunt
1836 3872 1954 3924 uni-

361 3973 524 4016 versa
553 3969 673 4027 quae
699 3959 936 4014 damnat.
970 3957 1118 4013 Unde
1145 3959 1191 4012 si
1220 3959 1622 4028 praedestinatio
1650 3961 1702 4014 in
1732 3975 1956 4030 peccati.

363 4060 481 4106 tem
537 4051 855 4114 ostenditur,
885 4051 1019 4104 nihil
1067 4052 1214 4120 justo
1259 4051 1425 4120 judici
1455 4057 1712 4122 probatur
1755 4054 1955 4110 debere

366 4149 656 4210 peccator;
695 4140 818 4209 quia
869 4139 1021 4208 cujus
1067 4141 1321 4196 asseritur
1345 4142 1762 4211 pmdestinatio,
1796 4145 1954 4214 hujus

363 4233 534 4288 etiam
579 4233 826 4302 operatio
871 4235 1269 4304 comprobatur.
1324 4245 1346 4274 ο
1379 4235 1670 4300 Videtisne,
1703 4237 1952 4301 obsecro,

363 4340 530 4396 quam
573 4313 812 4394 graviter
837 4327 1239 4396 blasphemetur
1265 4329 1347 4384 his
1375 4330 1759 4384 assertionibus
1779 4329 1955 4384 Deus?

364 4418 426 4475 Si
454 4421 597 4475 enim
625 4419 1111 4490 praedestinationis
1129 4421 1246 4490 ejus
1263 4422 1345 4476 vis
1369 4435 1435 4475 eo
1461 4436 1628 4488 usque
1651 4421 1951 4485 adducitur,

2052 3234 2194 3294 teer,
2231 3226 2252 3266 τ
2281 3227 2536 3284 catholici
2564 3227 2920 3293 confessores,
2951 3238 3200 3284 crescunt
3225 3231 3304 3285 eis
3332 3232 3384 3285 in
3414 3231 3521 3286 hac
3542 3229 3636 3286 de-

2053 3318 2299 3374 fensione
2317 3319 2680 3390 blasphemia.
2715 3317 2848 3374 Peto
2877 3320 3057 3389 itaque
3075 3329 3268 3377 vestra:
3300 3322 3420 3377 lidei
3441 3322 3638 3393 purita-

2055 3419 2187 3477 tem,
2222 3420 2281 3466 ut
2328 3411 2672 3466 dimicantem
2719 3427 2806 3467 me
2830 3414 3026 3468 vestris
3053 3415 3304 3484 precibus
3349 3416 3633 3484 adjuvetis,

2055 3511 2245 3558 contra
2273 3503 2371 3564 hos
2399 3510 2664 3572 agentem,
2697 3517 2924 3571 quorum
2955 3511 3067 3558 tota
3104 3507 3268 3559 verba
3297 3506 3637 3574 blasphemiae

2055 3601 2201 3649 sunt.
2233 3591 2444 3658 Fateor,
2478 3597 2714 3664 inquam,
2738 3596 3056 3659 charissimi,
3093 3595 3338 3650 universa
3365 3596 3469 3648 mei
3509 3609 3636 3648 cor-

2055 3687 2204 3760 poris
2228 3689 2470 3743 membra
2499 3693 2830 3756 torpescunt,
2859 3687 3066 3740 animus
3086 3683 3283 3750 deficit,
3308 3684 3520 3740 auditus
3549 3685 3634 3740 in-

2056 3781 2292 3845 tremuit,
2325 3780 2488 3834 facies
2507 3779 2713 3848 pallore
2737 3777 3022 3841 distabuit,
3055 3775 3372 3846 capillorum
3401 3787 3554 3844 seges
3581 3775 3636 3832 in

2057 3872 2258 3926 vertice
2285 3872 2456 3940 riget,
2509 3881 2660 3923 mens
2711 3870 2854 3922 intus
2902 3881 3022 3922 cum
3050 3868 3162 3922 suis
3208 3865 3444 3921 consiliis
3490 3872 3637 3925 metu

2055 3975 2346 4033 quassante
2373 3963 2568 4018 atllicta
2596 3968 2697 4025 est,
2723 3961 2902 4030 lingua
2932 3961 3045 4030 ipsa
3065 3960 3120 4013 in
3149 3971 3251 4013 suo
3277 3958 3412 4013 atrio
3433 3958 3638 4023 moveri

2058 4072 2163 4112 non
2194 4057 2475 4128 pmvalet;
2508 4055 2977 4124 quoniam'contra
3007 4063 3102 4107 eos
3126 4050 3411 4120 loquimur,
3441 4049 3532 4119 qui
3553 4049 3637 4103 di-

2057 4157 2186 4203 cunt
2215 4147 2380 4202 Deum
2427 4147 2627 4202 diaboli
2656 4145 2918 4200 voluntati
2963 4145 3183 4198 servire.

2128 4237 2214 4292 IV.
2262 4237 2384 4292 lam
2411 4241 2567 4301 enim,
2591 4237 2857 4305 inquiunt,
2888 4235 3275 4306 prwdestinavit
3302 4233 3446 4288 Deus
3475 4233 3638 4288 homi-

2059 4343 2170 4390 nes,
2196 4329 2302 4380 sive
2348 4327 2418 4378 ad
2448 4328 2728 4397 justitiam,
2765 4326 2871 4379 sive
2909 4323 2979 4378 ad
3017 4331 3282 4394 peccatum
3304 4340 3322 4376 :
3352 4332 3404 4376 et
3443 4322 3639 4376 idcirco

2059 4417 2194 4487 quod
2221 4433 2306 4471 eos
2334 4417 2494 4470 voluit
2521 4433 2632 4471 esse
2660 4419 2744 4488 qui
2773 4413 3024 4480 condidit,
3053 4414 3198 4468 aliud
3235 4429 3347 4468 esse
3375 4429 3478 4468 non
3519 4427 3639 4484 pos-

369 4518 434 4564 ut
458 4511 576 4578 ejts
594 4510 804 4566 dicatur
823 4511 1274 4580 prmordinatione
1295 4523 1592 4582 peccatum,
1613 4511 1817 4566 fructus
1841 4527 1956 4566 ma-
1979 4494 2032 4553 D
2059 4517 2196 4560 sunt.
2209 4507 2343 4561 Cum
2365 4508 2782 4574 interrogaveris
2801 4521 2915 4573 eos,
2932 4514 2991 4561 ut
3010 4505 3137 4576 quid
3159 4512 3367 4561 tantum
3389 4503 3642 4576 blasphe-

369 4601 458 4656 las
487 4616 594 4658 non
645 4601 747 4656 nisi
775 4617 841 4658 ex
886 4603 1046 4673 intpia
1074 4603 1254 4659 radice
1280 4610 1613 4672 procreatur.
1671 4601 1788 4656 Erit
1827 4617 1956 4672 ergo

368 4693 666 4750 secundum
688 4695 1037 4750 maaichaaum
1067 4697 1202 4751 alius
1224 4696 1365 4750 Deus
1388 4696 1673 4760 malorum,
1703 4695 1841 4750 alius
1868 4698 1959 4751 bo-

371 4800 565 4840 norum
597 4803 610 4840 :
643 4794 703 4842 ut
726 4800 846 4854 qua:
875 4786 1016 4843 bona
1038 4797 1184 4852 sunt,
1214 4789 1358 4842 bono
1387 4786 1744 4851 ascribantur;
1773 4795 1960 4856 etquae

371 4877 512 4932 mala
533 4886 677 4942 sunt,
705 4877 852 4933 malo
886 4895 898 4932 :
930 4893 1000 4933 ne
1043 4879 1316 4935 videamur
1343 4877 1498 4948 pejus
1526 4877 1830 4932 Maniclueis
1872 4879 1958 4932 in-

370 4968 606 5028 clamare
630 4969 1042 5040 blasphemium,
1061 4987 1188 5027 cum
1211 4983 1374 5027 unum
1403 4970 1758 5039 eumdemque
1788 4972 1956 5026 Deum

373 5075 536 5129 quem
563 5062 764 5118 bonum
789 5062 1110 5119 conﬁtemur
1133 5072 1189 5120 et
1236 5065 1458 5134 justum,
1487 5063 1631 5118 hunc
1681 5063 1959 5132 praedesti-

376 5168 534 5209 nasse
551 5155 732 5210 omnia
755 5157 958 5212 scelera
977 5156 1323 5212 aestimemus.
1351 5156 1622 5212 accedant
1644 5156 1804 5224 igitur
1823 5139 1959 5210 vana

373 5255 689 5314 argumenta
710 5247 1012 5304 verborum.
1043 5247 1185 5302 Nihil
1214 5249 1377 5302 habet
1400 5263 1686 5303 commune
1709 5248 1962 5317 pracvari-

445 5438 472 5500 ξ
634 5431 922 5500 Augiatse,
940 5440 1113 5486 etnon
1133 5431 1374 5486 Itontinis.

447 5499 472 5536 δ
627 5499 792 5571 idem,
821 5502 959 5570 quod
981 5501 1237 5571 prohibet.

450 5580 471 5607 ε
497 5569 599 5630 Ms.
624 5569 795 5632 idem.
829 5569 1055 5627 uidesne.

445 5636 471 5676 ‘
495 5637 593 5693 Ms.
628 5641 788 5705 idem,
821 5659 853 5693 α
885 5640 1220 5709 blasphemia.
1270 5677 1274 5681 ι

412 5770 421 5777 _
452 5719 474 5746 °
505 5709 600 5764 Ms.
629 5711 793 5776 idem,
821 5711 889 5765 ad
919 5712 1136 5766 libitum.

2060 4599 2180 4653 mize
2225 4598 2520 4668 proferant,
2553 4595 2738 4653 dicunt
2783 4599 2909 4666 quia
2957 4598 3093 4652 dixit
3138 4598 3425 4668 Apostolus
3457 4617 3469 4651 :
3499 4596 3641 4662 Quos

2062 4691 2465 4761 prodestisavit,
2499 4689 2590 4742 hos
2611 4693 2808 4743 vocavit
2835 4689 3013 4759 (Rom.
3049 4703 3156 4754 vni,
3192 4689 3303 4755 50).

2133 4781 2197 4836 V.
2228 4780 2460 4850 ideoque
2497 4781 2665 4844 aiunt,
2695 4789 2877 4852 (quos
2905 4781 3063 4835 seml
3087 4780 3225 4834 Deus
3256 4782 3642 4852 prcdestinavit

2063 4877 2132 4929 ad
2158 4878 2335 4939 vitam,
2356 4877 2512 4928 etiam
2541 4877 2586 4927 si
2608 4877 2890 4946 negligant,
2911 4877 3069 4930 etiam
3097 4876 3141 4928 si
3161 4884 3388 4946 peccent,
3419 4876 3574 4926 etiam
3596 4871 3640 4922 si

2063 4969 2250 5032 nolint,
2277 4967 2347 5020 ad
2381 4968 2538 5020 vitam
2552 4967 2909 5037 perducentur
2933 4968 3080 5022 inviti
3104 4985 3118 5029 ;
3149 4981 3274 5035 quos
3305 4971 3475 5016 autem
3503 4973 3633 5029 pra:-

2062 5061 2340 5115 destimm't
2367 5058 2438 5112 ad
2460 5069 2696 5121 mortem,
2723 5061 2877 5112 etiam
2901 5059 2947 5110 si
2975 5064 3201 5117 currant,
3228 5055 3383 5105 etiam
3416 5050 3462 5101 si
3492 5047 3638 5118 festi-

2060 5162 2202 5218 nent,
2228 5154 2340 5206 sine
2359 5165 2519 5205 causa
2541 5149 2835 5204 laborant.ll
2852 5148 2981 5212 Quis
3008 5159 3113 5196 non
3143 5129 3340 5198 videat,
3369 5135 3517 5210 quod
3537 5135 3640 5191 hoc
3666 5151 3670 5156 '

2061 5247 2206 5302 dicto
2234 5245 2454 5300 tollatur
2493 5241 2797 5299 sollicitudo
2817 5237 2977 5306 justis
3005 5229 3226 5287 timendi
3262 5243 3331 5285 ne
3359 5238 3637 5295 corruant,

2143 5432 2161 5468 τ
2193 5429 2291 5483 Ms.
2321 5429 2482 5491 idem,
2509 5423 2753 5478 catholici
2779 5424 2956 5485 aperte
2979 5418 3321 5491 confessores.

2137 5512 2165 5548 8
2189 5501 2285 5555 Ms.
2319 5488 2500 5553 idem:
2536 5492 2641 5547 Vll.
2665 5491 2966 5553 HBIITICI,
2993 5488 3122 5560 quos
3155 5488 3315 5543 semel
3339 5488 3481 5544 Deus
3504 5502 3638 5555 pra~

2064 5569 2370 5632 destinavit,
2398 5576 2502 5622 etc.

2136 5638 2165 5676 δ
2195 5639 2290 5693 Ms.
2323 5625 2460 5690 idem
2491 5653 2502 5686 :
2535 5631 2844 5684 Gnaeum.
2873 5625 3002 5695 Quis
3023 5647 3127 5685 non
3153 5630 3340 5689 videat,
3374 5637 3476 5680 etc.
