4238 6260
594 343 700 400 639

1602 331 1978 389 ANONYMUS
2016 330 2292 388 AUCTOR
2331 332 2877 391 PRAEDESTINATL

3781 339 3885 396 640

597 463 654 513 et
680 454 1052 528 peccatoribus
1080 455 1388 520 amputetur
1423 447 1646 502 enectus
1677 445 1928 516 sperandi
1966 460 2036 500 ne
2065 460 2187 510 sur-
2213 445 2266 506 Α
2290 460 2434 511 ruas,
2466 454 2584 502 esto
2641 447 2926 512 sollicitus,
2957 445 3082 516 quia
3111 445 3451 502 adversarius
3478 453 3603 503 tuus
3629 448 3771 505 sicut
3797 451 3882 509 leo

599 550 761 620 gant?
781 547 1059 601 Evasimus
1080 539 1443 611 hlasphemias
1464 538 1589 604 Dei;
1613 538 1678 593 ad
1701 538 1882 592 ruinas
1912 537 2188 592 hominum

599 643 860 698 venimus.
891 637 946 692 Si
975 637 1117 691 enim
1139 634 1213 687 ita
1235 641 1336 695 est,
1357 639 1416 686 ut
1444 629 1810 698 unusquisque
1830 629 1934 684 hoc
1955 629 2024 684 sit
2044 627 2190 698 quod

598 732 1007 803 pnedestinatus
1034 737 1134 794 est,
1167 736 1342 782 cessat
1370 727 1476 786 lex,
1510 732 1687 780 cessat
1713 722 1984 786 sacerdos,
2013 730 2188 778 cessat

599 824 818 882 devotio
845 821 1049 892 populi,
1069 818 1333 875 clauditur
1361 816 1484 870 aula
1508 813 1762 882 confugii,
1796 820 2087 867 evacuatur
2115 812 2188 865 si-

601 933 703 973 nus
734 914 1013 978 Ecclesiae,
1041 911 1221 966 nullus
1246 903 1385 979 gen'u
1413 915 1602 963 curvat
1640 905 1773 969 Deo,
1812 905 1990 959 nullus
2018 905 2186 959 bene-

599 1009 926 1066 dictionibus
980 1005 1204 1060 inclinat
1246 1009 1447 1072 caput;
1487 998 1807 1054 clauduntur
1851 996 2031 1066 apices
2068 995 2186 1061 Dei,

598 1108 762 1172 atque
790 1099 1035 1154 universa
1069 1093 1226 1148 simul
1250 1093 1505 1146 virtutum
1535 1088 1710 1144 studia
1738 1093 2084 1143 evanescunt.

669 1193 755 1248 Vl.
793 1202 818 1229 ἰ
852 1187 1371 1256 Quantumvis'enim,
1415 1184 1596 1248 aiunt,
1637 1183 1923 1252 quicunque
1960 1179 2186 1245 studeat,

596 1297 648 1344 et
687 1305 721 1340 a
772 1285 873 1339 Dei
900 1282 1166 1345 Ecclesia,
1215 1289 1263 1332 et
1303 1296 1336 1332 a
1376 1277 1475 1331 Dei
1517 1275 1892 1340 sacerdotibus,
1936 1284 1986 1328 et
2034 1292 2065 1326 a
2109 1275 2190 1328 di-

594 1381 728 1436 vinis
775 1377 960 1432 studiis
1013 1391 1115 1428 non
1157 1371 1382 1434 recedat,
1413 1372 1457 1424 si
1501 1369 1657 1424 semel
1706 1385 1819 1421 eum
1864 1366 2004 1420 Deus
2050 1383 2188 1436 pra:-

599 1471 876 1526 destinavit
906 1466 973 1519 ad
1003 1474 1236 1527 mortem,
1279 1463 1452 1515 salvus
1486 1477 1596 1516 esse
1640 1476 1743 1513 non
1771 1459 1981 1528 poterit.
2021 1457 2189 1511 ludas

591 1560 822 1634 quotidie
869 1555 1075 1611 verbum
1113 1556 1229 1608 vita:
1279 1552 1494 1616 audivit,
1541 1549 1771 1622 quotidie
1809 1549 2031 1603 adhcesit
2079 1548 2191 1602 Do-

597 1655 759 1715 mino,
804 1649 1035 1722 quotidie
1081 1645 1354 1702 virtutibus
1408 1651 1708 1713 occupatus,
1741 1643 1969 1713 quotidie
2020 1643 2188 1709 ipsum

599 1744 800 1798 Filium
827 1741 925 1795 Dei
955 1741 1257 1793 monitorem
1280 1736 1476 1790 audivit
1508 1751 1526 1788 :
1557 1745 1606 1788 et
1633 1735 1754 1800 quia
1783 1734 2189 1804 prwdestinatus

2293 538 2509 606 rugiens
2537 539 2728 593 circuit
2774 553 3023 608 quaerens
3060 545 3119 593 ut
3161 544 3469 594 transvoret
3497 538 3540 609 (Ι
3571 538 3690 594 Pet.
3719 557 3770 606 v,
3803 541 3878 613 8).

2291 628 2406 685 Hoc
2432 637 2612 684 autem
2636 629 2783 699 quod
2808 629 3002 685 cecidit
3027 629 3213 693 Judas,
3244 645 3354 684 non
3398 639 3558 700 putes
3586 630 3754 687 fuisse
3785 634 3885 688 im-

2290 722 2505 792 pietatis
2531 722 2657 787 Dei;
2702 738 2877 792 neque
2903 723 3046 777 enim
3079 723 3219 777 Deus
3247 723 3396 778 illum
3425 723 3596 778 voluit
3625 740 3744 781 esse
3769 742 3882 780 ma-

2290 814 2491 882 lignum
2525 833 2536 866 :
2570 813 2664 868 sed
2689 814 2815 882 quia
2845 813 2930 868 fur
2948 821 3084 881 erat,
3113 821 3169 868 et
3196 815 3404 870 loculos
3432 816 3665 872 habebat
3696 817 3874 889 (Joan.

2291 922 2384 970 xu,
2415 905 2491 976 6),
2515 915 2569 961 et
2597 913 2715 961 erat
2743 906 2797 961 iu
2827 905 2990 961 corde
3019 907 3135 976 ejus
3157 907 3312 962 radix
3340 909 3583 964 omnium
3611 911 3878 968 malorum

2290 996 2511 1050 avaritia
2545 997 2586 1066 (l
2619 996 2752 1050 Tim.
2781 1013 2850 1061 Vl,
2884 997 2991 1066 10),
3024 997 3146 1052 ideo
3198 999 3402 1053 corruit
3453 1001 3653 1066 miser,
3679 1009 3736 1056 et
3761 1017 3876 1058 cre-

2290 1090 2407 1159 puit
2457 1089 2664 1144 medius
2696 1089 2834 1163 (Aqt.
2878 1106 2914 1155 1,
2951 1089 3060 1160 l8),
3092 1090 3184 1160 qui
3229 1097 3376 1146 tanta
3405 1091 3545 1148 dona
3573 1093 3755 1149 divina
3782 1111 3876 1151 ne-

2255 1250 2262 1258 ,
2289 1181 2474 1249 glexit,
2498 1181 2608 1249 qui,
2639 1179 2849 1236 medico
2877 1188 3163 1255 praesente,
3192 1181 3414 1236 vulnera
3443 1198 3540 1238 sua
3569 1187 3679 1239 u’on
3705 1185 3878 1243 solum

2292 1288 2400 1327 non
2440 1286 2652 1333 curare,
2684 1271 2777 1326 sed
2806 1271 2970 1324 etiam
3001 1279 3352 1339 augmentare
3379 1271 3604 1328 studuit.
3645 1272 3704 1328 In
3749 1290 3874 1346 pec-

2290 1372 2410 1418 cato
2436 1363 2579 1417 enim
2607 1360 2756 1417 Iuda:
2789 1379 2882 1419 vos
2911 1364 3056 1433 ipsos
3079 1362 3286 1432 iudices
3331 1363 3585 1433 petimus.
3628 1364 3706 1420 Ita
3736 1367 3880 1423 enim

2293 1471 2406 1521 vos,
2435 1454 2658 1524 iuvante
2686 1454 2922 1521 Christo,
2951 1454 3350 1520 concludimus,
3383 1463 3444 1509 ut
3489 1471 3587 1511 vos
3615 1457 3764 1527 ipsos
3811 1473 3880 1517 ex

2290 1554 2471 1601 vestro
2489 1547 2692 1615 judicio
2721 1547 3006 1617 superetis.
3040 1546 3097 1601 In
3123 1556 3347 1616 peccato
3387 1546 3533 1602 Iuda:
3558 1549 3762 1617 grande
3789 1558 3879 1607 est

2289 1638 2651 1706 sacrilegium,
2686 1637 3106 1708 incomparabile
3152 1636 3383 1702 facinus,
3413 1638 3614 1694 crimen
3642 1639 3880 1695 immen-

2291 1747 2430 1786 sum.
2463 1730 2634 1785 Dicite
2663 1731 2842 1797 nobis,
2866 1731 2954 1786 cui
2982 1730 3144 1784 vultis
3172 1729 3276 1785 hoc
3295 1729 3497 1784 crimen
3522 1731 3754 1786 ascribi?
3777 1731 3880 1802 Ipsi

596 1846 673 1891 est
693 1835 761 1888 ad
783 1840 1018 1897 mortem,
1051 1848 1153 1884 uno
1178 1831 1282 1883 ictu
1303 1828 1472 1883 subito
1501 1827 1719 1880 interiit.
1749 1825 1943 1880 Saulus
1963 1827 2191 1897 quotidie
2220 1827 2268 1887 B
2293 1823 2443 1878 Iuda:
2473 1822 2738 1888 tradituri,
2769 1839 2836 1876 an
2869 1821 2981 1877 Deo
3008 1821 3480 1891 prabdestinatori?
3507 1821 3586 1887 Si,
3615 1823 3758 1891 quod
3779 1823 3880 1881 dici

596 1937 908 2000 persecutor,
946 1923 1172 1995 quotidie
1207 1921 1470 1992 lapidator
1500 1917 1935 1982 Christianorum,
1961 1919 2188 1989 quotidie

597 2028 824 2074 vastator
873 2015 1231 2069 Ecclesiarum
1259 2021 1308 2066 et
1336 2013 1458 2083 quia
1485 2010 1888 2080 prwdestinatus
1916 2020 1994 2064 est
2021 2010 2089 2063 ad
2114 2012 2190 2064 vi-

595 2116 725 2175 tam,
752 2125 854 2161 uno
904 2109 1007 2160 ictu
1053 2103 1220 2159 subito
1274 2121 1364 2157 vas
1410 2102 1673 2156 electionis
1703 2111 1780 2155 est
1827 2104 2015 2172 factus.
2052 2099 2190 2165 Quid

594 2219 738 2272 ergo,
769 2199 1035 2268 inquiunt,
1055 2207 1108 2251 tu
1131 2199 1217 2268 qui
1231 2198 1286 2250 in
1306 2197 1529 2267 peccatis
1549 2211 1842 2266 permanes,
1859 2198 2193 2266 expavescis?

597 2291 659 2346 Si
689 2299 736 2343 te
763 2287 905 2342 Deus
929 2286 1253 2357 dignabitur,
1279 2293 1494 2338 sanctus
1522 2285 1659 2349 eris;
1682 2293 1771 2336 aut
1800 2282 1926 2353 quid
1957 2293 2008 2336 tu
2025 2285 2112 2354 qui
2135 2285 2189 2338 in

598 2383 880 2437 sanctitate
908 2381 1052 2444 vivis,
1082 2378 1332 2432 sollicitus
1381 2376 1654 2430 redderis?
1683 2375 1744 2431 Si
1773 2375 1917 2430 Deus
1946 2376 2187 2443 noluerit,

595 2453 855 2545 nunquam
876 2486 1104 2524 corrues.
1160 2467 1382 2538 Uterque
1402 2467 1466 2520 de
1493 2467 1604 2521 Deo
1631 2467 1797 2520 securi
1821 2475 2002 2520 estote.
2035 2464 2192 2520 Nun-

593 2564 717 2637 quid
755 2571 811 2617 tu
855 2564 943 2633 qui
973 2571 1186 2616 sanctus
1214 2577 1288 2625 es,
1335 2569 1384 2613 et
1411 2558 1663 2613 sollicitus
1697 2575 1752 2612 es
1782 2576 1846 2612 ne
1875 2575 2111 2622 corruas,
2141 2567 2192 2613 et

592 2659 677 2713 die
703 2665 954 2727 noctuque
982 2653 1301 2711 orationibus
1330 2654 1472 2718 ades,
1492 2655 1763 2723 occuparis
1777 2653 2016 2723 jejuniis,
2041 2663 2089 2707 et
2111 2654 2192 2707 di-

593 2751 723 2806 vinis
767 2746 1069 2803 lectionibus
1122 2746 1401 2816 diligenter
1454 2745 1692 2822 insistis,
1743 2743 2190 2798 exhortationibus

592 2857 744 2896 vacas
765 2848 918 2909 atque
947 2838 1185 2893 omnibus
1215 2837 1411 2890 sanctis
1443 2835 1630 2890 studiis
1661 2835 1889 2906 quotidie
1933 2837 2187 2901 immines,

592 2935 821 3004 nunquid
868 2943 956 2987 tua
1005 2934 1265 2988 voluntate
1294 2935 1466 2986 salvus
1495 2932 1640 2986 eris?
1680 2928 1931 3003 Nunquid
1959 2933 2190 2986 sanctior

592 3026 693 3078 eris
716 3023 880 3089 Juda,
905 3025 992 3094 qui
1014 3024 1213 3094 accepit
1233 3030 1537 3093 potestatem
1566 3021 1803 3090 inﬁrmos
1825 3022 2063 3086 curandi,
2087 3021 2189 3076 da:-

593 3116 770 3169 monia
818 3114 1056 3186 fugandi,
1099 3123 1329 3168 mortuos
1384 3113 1690 3177 suscitandi,
1748 3113 1986 3166 calcandi
2034 3130 2222 3183 super-

2292 1917 2446 1987 peius
2488 1923 2768 1985 peccatum
2799 1924 2881 1970 est
2908 1931 3069 1984 quam
3116 1916 3220 1970 hoc
3248 1915 3394 1985 quod
3430 1913 3598 1970 Judas
3620 1917 3878 1980 exercuit,

2290 2009 2394 2064 hoc
2422 2016 2701 2078 peccatum
2743 2008 2838 2061 Dei
2868 2007 3331 2077 pmedestinatoris
3355 2022 3476 2062 esse
3505 2009 3880 2078 probaveritis,

2288 2099 2482 2163 fateor,
2531 2099 2761 2164 vicistis;
2793 2099 2840 2152 si
2864 2107 3044 2153 autem
3094 2099 3262 2170 ipsius
3289 2097 3440 2152 ludat
3467 2106 3552 2153 est
3581 2099 3878 2164 traditoris,

2290 2193 2533 2249 defensio
2553 2200 2737 2248 nostra
2759 2192 2971 2262 accepit
2991 2192 3225 2264 palmam
3258 2209 3270 2243 :
3315 2207 3424 2246 non
3451 2191 3597 2246 enim
3626 2191 3772 2247 Deus
3801 2192 3882 2263 ip-

2290 2300 2406 2340 sum
2437 2285 2599 2338 talem
2627 2283 2712 2337 vel
2762 2282 3182 2353 prmdestinavit,
3214 2282 3300 2336 vel
3327 2282 3493 2338 talem
3520 2298 3642 2338 esse
3691 2283 3879 2339 voluit.

2290 2378 2649 2434 Defendamus
2677 2391 2807 2447 ergo
2827 2384 3074 2432 sanctum
3103 2383 3158 2430 et
3179 2375 3587 2431 immaculatum
3611 2392 3642 2432 a
3661 2376 3884 2434 crimine

2291 2471 2606 2536 Dominum;
2638 2485 2706 2524 ne
2735 2484 2897 2539 quem
2928 2468 3018 2523 ille
3047 2467 3268 2522 tradidit
3312 2483 3412 2538 per
3438 2468 3719 2523 avaritiam
3739 2509 3755 2534 ,
3784 2483 3884 2524 nos

2292 2580 2390 2634 per
2428 2563 2748 2633 iniustitiam
2801 2576 3148 2627 accusemus;
3177 2568 3233 2616 et
3269 2560 3522 2615 tollentes
3561 2561 3762 2616 crimen
3790 2558 3884 2614 Ju-

2291 2655 2391 2720 die,
2425 2654 2709 2710 Dominum
2731 2667 2983 2710 vocemus
3012 2652 3065 2706 in
3087 2651 3322 2722 culpam.
3363 2650 3422 2706 Si
3440 2651 3586 2706 enim
3615 2651 3736 2706 ideo
3763 2652 3884 2706 talis

2291 2748 2517 2813 exstitit,
2559 2746 2684 2815 quia
2736 2745 2899 2800 talem
2948 2744 3097 2799 illum
3152 2743 3294 2798 Deus
3321 2743 3736 2813 praedestinavit,
3769 2758 3879 2798 non

2291 2841 2416 2909 quia
2447 2840 2564 2910 ipse
2594 2839 2851 2908 neglexit,
2878 2839 3053 2908 ipsum
3080 2835 3299 2908 quidem
3329 2836 3616 2892 liberamus
3635 2836 3702 2890 ab
3728 2835 3878 2892 omni

2291 2930 2530 3002 pondere
2557 2931 2814 2994 criminis,
2845 2937 2900 2985 et
2951 2929 3204 2984 tollentes
3247 2943 3350 2983 nos
3398 2929 3468 2983 ab
3511 2927 3882 2998 increpatione

2296 3022 2578 3078 traditoris
2607 3021 2862 3087 hominis,
2896 3020 3355 3090 praedestinatoris
3375 3019 3472 3075 Dei
3501 3020 3756 3075 astutiam
3785 3034 3881 3076 ac—

2291 3129 2562 3192 cusamus,
2593 3114 2685 3183 qui
2714 3113 2867 3184 quasi
2899 3112 3134 3175 voluerit~
3153 3112 3457 3182 apostolum
3501 3112 3636 3179 fieri,
3671 3121 3728 3167 ut
3758 3127 3883 3168 eum

591 3214 852 3278 serpentes
906 3215 954 3258 et
973 3206 1296 3275 scorpiones,
1340 3204 1542 3274 collega
1589 3203 1963 3271 apostolorum,
1994 3203 2189 3257 Clu-isti
2215 3188 2262 3252 ε
2291 3219 2359 3260 ex
2381 3189 2629 3274 apdstolo
2657 3203 2861 3260 faceret
2897 3203 3244 3269 traditorem;
3274 3219 3432 3274 quem
3457 3203 3614 3271 quasi
3646 3203 3881 3258 voluerit

493 3363 496 3370 ι
590 3299 902 3370 discipulus;
925 3305 974 3350 et
998 3297 1169 3349 tamen
1191 3296 1313 3366 quia
1333 3295 1734 3365 prwdestinatus
1761 3303 1836 3348 est
1857 3296 1927 3347 ad
1947 3303 2182 3361 mortem,

590 3398 806 3446 mortem
833 3397 1080 3444 wternam
1123 3387 1352 3441 invenit?
1400 3387 1557 3441 Cessa
1585 3404 1698 3441 esse
1725 3387 2002 3452 sollicitus,
2037 3396 2087 3440 et
2124 3389 2187 3442 de

591 3485 692 3539 Dei
742 3491 852 3538 esto
900 3482 1166 3537 voluntate
1213 3497 1458 3546 securus;
1509 3482 1757 3551 quoniam
1786 3483 1833 3535 si
1861 3491 1912 3535 te
1939 3482 2188 3553 dignatur

590 3575 731 3632 Deus
757 3582 812 3628 ut
835 3589 1160 3645 permaneas,
1185 3580 1394 3626 sanctus
1415 3572 1536 3626 eris.
1567 3574 1632 3624 At
1658 3580 1711 3625 tu
1735 3573 1822 3645 qui
1850 3581 2090 3643 peccator
2109 3591 2182 3640 es,
2217 3635 2220 3637 _

589 3668 730 3721 disce
761 3684 792 3719 a
834 3665 1004 3719 Paulo
1034 3666 1288 3736 apostolo.
1325 3663 1576 3737 Nunquid
1604 3672 1660 3717 tu
1689 3665 1973 3736 aliquando
2003 3667 2187 3736 pejora

588 3757 780 3828 poteris
820 3756 1136 3810 committere
1164 3770 1318 3827 quam
1349 3753 1437 3809 ille
1458 3755 1750 3810 commisit?
1775 3763 1824 3809 et
1853 3764 2029 3810 tamen
2045 3758 2187 3828 .quia

588 3849 993 3920 prwdestinatus
1024 3856 1101 3902 est
1127 3848 1197 3901 ad
1239 3848 1609 3919 apostolatum,
1654 3849 1814 3902 evasit
1869 3847 2036 3904 subito
2063 3852 2184 3904 uni-

587 3958 735 3995 versa
761 3949 993 4012 peccata,
1017 3950 1064 3995 et
1081 3940 1147 3994 ab
1174 3940 1512 4013 inferioribus
1533 3942 1843 4011 inferiorum
1864 3941 1934 3993 ad
1961 3958 2185 4012 superna

587 4033 910 4103 superiorum
953 4031 1210 4085 ascendit.
1239 4029 1268 4068 ι)
1299 4029 1400 4084 llic
1428 4038 1511 4084 est
1540 4030 1716 4084 omnis
1742 4044 1949 4082 summa
1977 4029 2184 4084 consilii

585 4127 784 4191 vestri;
815 4127 942 4180 hinc
990 4124 1239 4194 decipitis
1293 4123 1570 4187 mundum,
1602 4123 1728 4177 hinc
1765 4122 2060 4191 penetralis
2087 4123 2186 4178 do-

585 4231 725 4280 mos,
749 4223 804 4270 ct
824 4215 1110 4285 captivatis
1139 4213 1485 4267 mulierculas
1502 4220 1754 4267 oneratas
1783 4212 2040 4281 peccatis,
2062 4227 2183 4281 quae

585 4304 1055 4371 circumducuntur
1069 4303 1232 4358 variis
1251 4303 1550 4365 desideriis,
1577 4315 1792 4370 semper
1819 4301 2107 4371 discentes,
2127 4315 2183 4361 et

528 4463 538 4472 .
585 4409 855 4464 nunquam
880 4393 946 4446 ad
967 4393 1248 4447 scientiam
1276 4390 1372 4446 Dei
1397 4391 1772 4460 pervenientes
1794 4392 1858 4463 (ll
1881 4392 2012 4448 Tim.
2031 4412 2104 4460 ιιι,
2125 4397 2177 4462 6,

585 4481 658 4550 7).
675 4480 906 4536 Juvante
927 4482 1108 4548 itaque
1123 4480 1371 4544 Domino,
1390 4481 1612 4550 spiritus
1632 4481 1722 4538 ille
1749 4484 1841 4552 qui
1876 4495 1897 4523 ο
1924 4483 2179 4542 falsorum

2288 3299 2504 3353 elevare
2531 3297 2599 3352 ad
2639 3298 2828 3361 ctelos,
2862 3305 2921 3352 ut
2965 3312 3088 3352 eum
3139 3312 3208 3352 ex
3261 3296 3368 3350 alto
3412 3295 3681 3364 iactaret;
3711 3312 3877 3365 quem

2287 3389 2439 3459 quasi
2496 3389 2730 3444 voluerit
2774 3390 3042 3445 daemonia
3089 3389 3305 3458 ejicere,
3338 3396 3397 3444 ut
3421 3404 3546 3444 eum
3569 3387 3877 3446 daemonum

2288 3479 2523 3535 traderet
2542 3481 2820 3550 potestati.
2847 3479 2987 3546 Quid
3010 3495 3191 3535 moras
3211 3480 3564 3535 innectinms?
3585 3487 3710 3535 ante
3750 3495 3880 3535 ocu-

2288 3573 2369 3628 los
2408 3568 2616 3628 vestros
2642 3580 2902 3642 utrosque
2931 3573 3162 3637 habetis,
3198 3589 3232 3627 ο
3266 3572 3438 3628 noStri
3468 3574 3724 3643 temporis
3771 3581 3882 3628 tra-

2287 3673 2540 3729 ctatores,
2561 3679 2775 3719 servum
2797 3672 2852 3718 et
2881 3663 3189 3730 Dominum,
3217 3663 3540 3733 Magistrum
3565 3672 3621 3720 et
3642 3665 3880 3736 discipu-

2287 3758 2416 3823 lum,
2443 3758 2611 3813 Deum
2637 3757 2838 3813 bonum
2867 3765 2922 3812 et
2941 3757 3215 3823 hominem
3244 3758 3446 3812 malum
3471 3777 3483 3812 :
3509 3775 3671 3814 unum
3715 3776 3878 3816 accu-

2287 3859 2402 3905 sate
2453 3865 2612 3918 quem
2661 3850 2840 3903 vultis.
2874 3848 2932 3904 Si
2979 3849 3145 3904 Deum
3189 3849 3680 3920 przedestinantem,
3710 3849 3876 3906 ludas

2287 3939 2539 3992 immunis
2564 3947 2681 4003 est;
2713 3939 2760 3993 si
2780 3937 2972 3994 Judam
2995 3940 3314 4008 tradentem,
3342 3943 3546 4018 crimen
3567 3941 3680 4010 eius
3706 3942 3876 3998 Deum

2287 4031 2698 4100 prtedestinasse
2753 4027 2972 4088 docere
3008 4034 3228 4088 minime
3275 4035 3559 4104 poteritis,
3607 4036 3732 4105 quia
3780 4035 3878 4092 Dei

2285 4121 2688 4192 pnedestinatio
2716 4124 2858 4178 bona
2887 4133 2988 4189 est,
3020 4123 3170 4180 Judte
3218 4135 3399 4180 autem
3445 4127 3664 4182 traditio
3714 4127 3874 4181 mala.

2286 4211 2465 4266 Bonus
2494 4226 2624 4281 ergo
2653 4229 2764 4268 rem
2798 4215 2995 4269 bonam
3043 4215 3188 4282 fecit,
3216 4218 3342 4287 quia
3371 4203 3574 4272 malum
3605 4234 3876 4288 nunquam

2284 4302 2477 4358 fecisse
2523 4305 2824 4361 credendus
2865 4316 2965 4362 est.
2996 4307 3064 4362 Et
3092 4309 3136 4364 si
3166 4310 3567 4380 prmdestinatio
3597 4311 3688 4366 Dei
3729 4311 3872 4366 bona

2285 4405 2386 4461 est,
2420 4407 2474 4468 et
2514 4397 2662 4454 Judte
2713 4401 2926 4456 traditio
2969 4403 3222 4472 pessuna,
3258 4403 3334 4457 rei
3363 4403 3519 4457 make
3545 4402 3692 4458 Iudae
3713 4412 3768 4459 et
3796 4406 3875 4460 rei

2285 4492 2438 4546 bona:
2467 4491 2560 4546 Dei
2590 4496 2880 4549 convenire
2904 4511 3013 4550 non
3034 4496 3240 4564 potuit.-
3263 4495 3602 4565 lmpossibile
3627 4505 3711 4552 est
3731 4497 3876 4552 enim

583 4589 773 4630 senum
803 4572 1091 4627 adversum
1142 4571 1447 4629 Susannam
1496 4575 1769 4643 agentium
1811 4577 1973 4633 scidit
1999 4585 2177 4635 consi-
2203 4561 2260 4621 Ῑ)
2285 4585 2521 4639 tenebris
2544 4594 2598 4640 et
2627 4586 2834 4653 lumini,
2869 4587 3013 4644 bono
3035 4561 3108 4643 et
3135 4588 3298 4653 malo,
3330 4561 3453 4643 vita:
3483 4597 3539 4644 et
3569 4590 3749 4654 morti,
3782 4605 3876 4644 ve-

582 4663 670 4728 lia,
705 4663 789 4719 hic
829 4662 1050 4734 Spiritus
1073 4679 1216 4720 nunc
1241 4680 1340 4721 vos
1372 4665 1577 4722 dividet
1603 4667 1891 4726 adversum
1918 4672 2180 4728 immacu-

581 4753 746 4810 latam
775 4755 868 4810 Dei
899 4752 1197 4811 Ecclesiam
1223 4756 1359 4812 falsa
1388 4767 1702 4816 tractantes.
1736 4760 1804 4816 Et
1830 4763 1969 4818 sicut
2005 4763 2080 4818 illi
2110 4764 2178 4819 de

580 4863 675 4903 sua
704 4847 806 4903 sibi
836 4848 1181 4903 accusatione
1233 4848 1437 4904 inventi
1490 4859 1617 4906 sunt
1645 4852 1792 4922 pleni
1821 4853 2067 4920 fallaciis,
2101 4856 2175 4909 ita

579 4953 676 4995 vos
704 4955 773 4995 ex
799 4939 992 4996 vestris
1022 4940 1174 4994 vobis
1219 4942 1651 5011 oppositionibus
1677 4944 1983 5000 abscedetis
2014 4961 2174 5016 supe-
2223 5020 2225 5023 ι

577 5032 700 5088 rati.
724 5032 845 5103 Ipsa
876 5033 1059 5102 itaque
1089 5033 1252 5088 verba
1282 5033 1509 5089 dicimus
1551 5036 1693 5090 inter
1721 5037 1872 5092 initia
1903 5053 2022 5106 qua:
2066 5040 2168 5109 ipsi

577 5121 804 5188 dixistis,
835 5124 930 5179 sed
958 5124 1115 5178 aliter
1143 5124 1456 5180 earumdem
1486 5127 1774 5181 verborum
1822 5129 1984 5184 tinem
2012 5131 2166 5186 colli-

575 5205 769 5272 gimus.
801 5204 1037 5263 Dicimus
1067 5210 1208 5264 enim
1233 5279 1236 5283 λ
1253 5209 1402 5278 iusto
1429 5228 1440 5262 ε
1471 5210 1632 5265 Certe
1678 5209 1842 5266 Judas
1889 5217 2166 5284 apostolus

577 5294 696 5358 fuit,
729 5303 785 5349 et
811 5311 844 5350 a
871 5297 1072 5355 Christi
1122 5303 1359 5370 vestigiis
1389 5319 1497 5358 non
1546 5304 1799 5369 recessit,
1832 5320 1898 5359 ex
1929 5323 2024 5362 ore
2051 5308 2169 5376 eius

575 5385 666 5442 die
695 5395 965 5457 noctuque
993 5394 1216 5448 consilia
1243 5396 1432 5451 salutis
1475 5396 1704 5466 accepit,
1733 5398 1884 5466 signa
1913 5400 2166 5456 virtutum

578 5479 850 5544 exercuit,
873 5488 929 5535 et
957 5483 1204 5539 universa
1251 5488 1483 5543 obtinuit
1508 5504 1511 5507 ·
1533 5489 1868 5559 apostolatus
1900 5492 2164 5561 insignia;

577 5580 635 5629 et
660 5580 842 5628 tamen
869 5575 995 5644 quia
1025 5577 1299 5647 negligens
1327 5581 1444 5651 fuit,
1476 5585 1691 5639 cecidit.
1744 5585 1919 5656 Vigila
1947 5603 2016 5642 ne
2043 5604 2166 5644 cor-

650 5700 678 5773 ξι
733 5690 832 5773 Ms.
893 5691 1162 5763 Augiensc
1213 5713 1224 5747 :
1275 5695 1406 5751 Vlll.
1464 5698 1763 5770 Ηιελετιαι.
1810 5702 2161 5768 Quantumvis

577 5769 738 5829 enim,
762 5769 865 5818 etc.

2282 4675 2427 4729 ritati
2457 4684 2511 4731 et
2539 4677 2844 4742 mendacio,
2893 4679 3054 4734 simul
3104 4679 3306 4734 habere
3333 4681 3690 4735 consortium.
3725 4679 3872 4734 Red-

2280 4769 2469 4824 dentes
2497 4768 2805 4836 ergoJuda:
2834 4771 2932 4825 soli
2961 4780 3243 4841 peccatum
3273 4788 3428 4826 suum
3457 4787 3524 4826 ex
3555 4773 3783 4841 integro,
3817 4780 3877 4826 et

2280 4859 2391 4927 Deo
2420 4861 2682 4916 honorem
2727 4864 2996 4932 mquitatis
3022 4880 3133 4918 sua:
3161 4865 3565 4934 integerrimum
3607 4865 3868 4919 exhiben-

2281 4960 2379 5015 tes,
2415 4952 2570 5007 nobis
2612 4967 2830 5022 quoque
2854 4954 3062 5010 reddite
3088 4957 3332 5011 osculum
3362 4956 3658 5012 charitatis.
3690 4953 3871 5010 Labo-

2279 5047 2409 5098 ratis
2439 5046 2584 5098 enim
2630 5061 2771 5100 vano
2816 5047 3132 5115 certamine,
3166 5049 3258 5118 qui
3315 5065 3414 5120 per
3439 5049 3625 5104 ludam
3681 5063 3874 5104 omnes

2277 5145 2590 5209 peccatores
2643 5140 2912 5194 excusatis
2966 5148 3129 5210 atque
3184 5141 3494 5208 defenditis,
3539 5141 3641 5198 Dei
3691 5150 3872 5196 autem

2273 5229 2537 5299 iustitiam
2584 5231 2870 5286 accusatis.
2921 5231 3072 5287 Nunc
3114 5234 3392 5290 veniamus
3433 5235 3502 5288 ad
3553 5235 3873 5303 magistrum

2277 5322 2475 5377 bonum
2506 5331 2560 5377 et
2580 5338 2708 5377 vere
2734 5323 3381 5391 beatissimumPaulum,
3411 5335 3468 5382 et
3495 5335 3677 5383 amota
3709 5326 3874 5394 tergi-

2279 5413 2597 5469 versationis
2626 5413 2855 5481 insania,
2886 5417 3032 5486 quod
3059 5434 3244 5473 verum
3291 5427 3345 5474 et
3375 5420 3646 5488 integrum
3685 5419 3870 5488 negari

2277 5521 2386 5560 non
2426 5514 2623 5576 potest,
2648 5508 3000 5578 explicemus.
3018 5509 3188 5566 Aliud
3217 5518 3318 5576 est,
3351 5511 3469 5567 zelo
3490 5471 3720 5578 :nalitize
3746 5471 3873 5582 per-
3924 5471 3951 5584 ί

2275 5596 2429 5666 sequi
2459 5596 2692 5667 aliquem
2721 5598 3083 5666 innocentem,
3115 5601 3257 5657 sicut
3285 5602 3411 5658 fecit
3431 5599 3589 5667 Cain,
3621 5601 3765 5658 aliud
3785 5609 3873 5657 est

2351 5709 2376 5748 ιι
2400 5708 2494 5782 Ms.
2529 5709 2668 5782 idem
2704 5729 2716 5763 :
2746 5710 3058 5770 Cnuoucr.
3093 5715 3195 5770 Hic
3215 5724 3290 5773 est
3319 5719 3508 5782 omnis,
3533 5726 3638 5778 etc.

2355 5790 2376 5818 ο
2409 5778 2507 5835 Με.
2533 5780 2692 5846 idem,
2729 5785 2989 5848 {utuorum
3017 5803 3214 5843 senum.
3284 5803 3289 5807 '
