4238 6260
357 365 457 424 6M

817 363 1403 423 PRAEDESTINATUS
1439 365 1592 422 SIVE
1632 365 1960 423 ΡΒιΕυεὸἸ

2058 365 2330 424 ATORUM
2369 368 2718 436 HERESIS,
2758 368 2912 425 ETC.
2955 367 3084 426 LIB.
3121 366 3209 426 111.

3535 376 3638 434 649

360 479 480 534 zelo
501 477 600 534 Dei
628 478 898 548 persequi,
921 479 1060 533 sicut
1085 476 1210 533 fecit
1229 477 1412 543 Elias;
1445 493 1544 533 nec
1563 477 1740 533 solum
1772 469 1952 549 perse-
1976 481 2031 543 Α
2055 487 2136 534 tes
2191 478 2520 533 vindemiam
2575 479 2816 546 Domini,
2874 479 3006 536 Elia;
3075 482 3256 537 animo
3311 481 3639 540 devastaret.

358 578 520 625 cutus
547 577 649 636 est,
674 568 768 624 sed
807 568 968 623 etiam
993 568 1048 622 in
1072 577 1363 638 conspectu
1388 583 1488 624 suo
1514 569 1743 624 multum
1773 585 1948 641 popu-

360 662 474 717 lum
496 661 676 730 gladio
687 660 844 730 jussit
865 660 1056 716 occidi.
1083 659 1215 716 Cain
1236 676 1402 715 unum
1423 661 1641 726 occidit,
1673 668 1729 715 et
1747 668 1949 714 aeterna

357 753 711 809 damnatione
737 753 986 823 punitur;
1009 752 1155 808 Elias
1181 754 1382 809 multos
1411 755 1627 820 occidit,
1657 762 1713 809 et
1740 754 1808 808 ad
1835 754 1952 822 glo-

354 847 499 901 riam
528 845 735 916 rapitur
759 844 1158 914 sempiternam.
1197 845 1315 900 Non
1346 861 1499 915 ergo,
1534 846 1675 900 sicut
1725 861 1822 900 vos
1850 860 1950 914 pu-

359 936 511 999 tatis,
536 934 669 989 Cain
708 935 942 988 imitatus
971 942 1052 989 est
1081 933 1278 990 Paulus
1325 953 1336 989 :
1367 936 1461 990 sed
1490 935 1606 989 zelo
1635 935 1731 989 Dei
1759 934 1952 989 ductus

366 1026 536 1080 Eliam
558 1033 770 1081 secutus
790 1033 890 1080 est.
920 1024 1080 1080 Dicas
1101 1024 1327 1080 forsitan
1356 1043 1368 1077 :
1406 1024 1556 1079 Unde
1583 1026 1690 1079 hoc
1716 1024 1951 1094 probas?

368 1117 511 1188 Lege
538 1118 605 1173 ad
623 1115 843 1172 Galatas
871 1118 1120 1173 eumdem
1149 1119 1252 1174 sibi
1278 1119 1644 1174 testimonium
1673 1119 1954 1190 perhiben-

368 1215 494 1274 tem,
521 1215 682 1276 atque
699 1207 965 1262 dicentem
994 1226 1006 1261 :
1038 1207 1418 1278 Persequebar,
1444 1207 1635 1277 inquit,
1659 1206 1953 1262 Ecclesium

365 1297 487 1364 Dei,
518 1306 566 1352 et
596 1298 965 1370 expugnabam
1018 1299 1166 1353 illam
1214 1315 1382 1370 super.
1420 1299 1610 1378 multos
1661 1308 1953 1354 cowtaneos

365 1406 509 1444 meos
554 1389 611 1442 in
640 1405 828 1461 genere
866 1406 1016 1456 meo;
1048 1389 1425 1453 abundantius,
1458 1391 1652 1460 inquit,
1684 1390 1956 1445 wmulator

366 1483 626 1537 exsistens
643 1489 988 1552 paternarum
1012 1499 1248 1536 mearum
1268 1483 1612 1538 traditionum
1635 1480 1778 1553 (Gal.
1810 1480 1953 1548 1,15,

365 1572 478 1644 14).
512 1571 765 1642 Nunquid
785 1588 894 1628 non
909 1574 1160 1630 omnibus
1181 1575 1463 1630 catholicis
1483 1583 1669 1630 notum
1685 1583 1768 1629 est
1787 1573 1956 1628 Deum

367 1663 718 1720 Hebraeorum
769 1665 913 1719 hunc
938 1679 1056 1720 esse
1110 1663 1327 1720 Patrem
1356 1665 1566 1720 Domini
1608 1665 1776 1719 nostri
1826 1663 1958 1720 Jesu

365 1751 606 1809 Christi?
632 1753 802 1819 Quem
843 1767 972 1823 ergo
999 1753 1354 1810 defendebat?
1383 1753 1598 1810 Patrem
1628 1754 1744 1810 sine
1770 1754 1954 1818 dubio,

2053 570 2224 626 Servo
2254 570 2436 639 itaque
2463 569 2628 637 bono,
2659 587 2758 640 pro
2803 570 3017 627 Domini
3067 573 3148 628 sui
3195 573 3348 629 vinea
3378 573 3641 643 vigilanti,

2051 677 2209 718 servo
2247 661 2364 717 zelo
2397 660 2519 716 lidei
2566 663 2930 732 persequenti,
2979 677 3137 720 servo
3183 663 3356 719 Eliam
3385 664 3640 733 imitanti,

2052 769 2210 809 servo
2259 755 2312 808 in
2343 754 2578 810 tenebris
2633 753 2950 823 ignorantia:
2995 772 3097 827 pro
3125 759 3353 815 veritate
3391 761 3641 828 certanti,

2051 862 2210 902 servo
2257 847 2344 902 cui
2372 862 2431 902 se
2458 847 2664 902 sciebat
2703 847 2904 902 dixisse
2934 856 2993 902 ut
3019 864 3119 918 pro
3158 851 3385 906 veritate
3414 859 3644 908 certaret

2053 952 2221 1006 usque
2257 937 2324 991 ad
2364 946 2594 992 mortem
2641 956 2654 990 ε
2699 937 2962 993 laboranti
3010 954 3159 1008 ergo,
3204 949 3260 994 et
3306 940 3360 995 in
3413 942 3645 997 obscuro

2057 1041 2078 1068 ι
2100 1031 2220 1085 lidei
2247 1033 2608 1101 persequenti,
2625 1041 2680 1087 et
2705 1035 2964 1089 nescienti
2991 1033 3134 1103 quod
3157 1035 3271 1104 ipse
3301 1042 3445 1089 esset
3463 1034 3647 1090 Domi-

2052 1138 2153 1177 nus
2180 1139 2325 1188 suus,
2358 1139 2520 1192 quem
2548 1125 2771 1194 putabat
2823 1125 3095 1180 inimicum
3137 1125 3349 1180 Domini
3377 1126 3479 1191 sui,
3519 1142 3646 1195 suc:

2053 1216 2221 1271 currit
2245 1216 2430 1271 dicens
2451 1235 2464 1268 :
2485 1217 2731 1283 Quiesce,
2761 1233 2863 1287 ego
2891 1234 3009 1273 sum
3031 1218 3289 1274 Dominus
3313 1228 3452 1275 tuus.
3487 1220 3646 1277 Modo

2057 1316 2111 1362 tu
2142 1309 2257 1378 ipse
2281 1308 2463 1377 judica
2483 1309 2550 1364 de
2573 1318 2626 1363 te
2646 1309 2784 1379 ipso.
2809 1309 2866 1364 Si
2887 1311 3163 1368 introieris
3183 1313 3245 1366 in
3266 1315 3476 1367 vineam
3501 1321 3646 1368 tuam

2056 1407 2237 1464 nocte,
2273 1400 2512 1469 nunquid
2532 1401 2694 1455 homo
2723 1409 2848 1456 tuus
2868 1409 2960 1456 aut
2989 1418 3174 1459 servus
3203 1412 3343 1469 tuus,
3369 1405 3422 1458 in
3451 1406 3647 1460 obscu-

2056 1505 2118 1544 ro
2166 1490 2341 1544 noctis
2379 1489 2506 1544 dum
2537 1497 2590 1544 te
2619 1491 2866 1556 senserit,
2919 1500 2975 1545 et
3003 1493 3227 1562 omperit
3278 1493 3465 1548 venire
3493 1501 3551 1547 ut
3593 1501 3648 1548 te

2057 1581 2500 1651 comprehendat,
2543 1581 2630 1636 dic
2657 1582 2806 1646 mihi,
2857 1582 3104 1649 obsecro,
3144 1584 3428 1638 veritatem
3469 1583 3650 1655 profer

2060 1687 2128 1726 ex
2153 1687 2250 1726 ore
2276 1679 2402 1738 tuo;
2445 1672 2534 1727 dic
2559 1673 2712 1739 mihi,
2755 1673 2994 1742 nunquid
3026 1681 3190 1739 taces,
3223 1683 3279 1729 et
3306 1675 3573 1745 permittis
3599 1683 3650 1730 to

2061 1762 2235 1817 teneri
2265 1763 2332 1817 ab
2360 1778 2449 1830 eo,
2495 1778 2658 1834 quem
2698 1764 2897 1833 probas
2925 1766 3051 1833 quia
3104 1781 3212 1821 non
3241 1766 3382 1830 zelo,
3417 1782 3523 1822 non
3554 1767 3651 1822 ini-

365 1847 493 1916 quia
523 1845 832 1902 sacerdotes
853 1847 935 1900 sui
963 1847 1012 1900 ei
1031 1846 1278 1902 dixerant
1303 1848 1446 1902 hunc
1486 1862 1594 1902 non
1623 1862 1742 1902 esse
1763 1845 1955 1900 Filium
1988 1851 2033 1911 Β
2059 1853 2277 1909 micitiis
2305 1852 2626 1909 facientibus
2653 1862 2711 1912 to
2748 1857 3107 1923 persequitur,
3133 1857 3228 1911 sed
3256 1866 3311 1912 te
3339 1856 3652 1922 defendens,

365 1937 466 1992 Dei
493 1952 656 2006 quem
677 1938 1069 1994 cruciﬁxerant.
1089 1937 1329 1994 Credens
1359 1939 1543 2007 itaque
1571 1938 1677 2006 legi
1697 1953 1826 2003 suae,
1848 1953 1958 1993 cre-

367 2029 507 2084 dens
530 2028 900 2084 sacerdotibus
937 2028 1030 2083 Dei
1059 2028 1186 2093 vivi,
1219 2029 1426 2098 accepit
1467 2029 1534 2082 ab
1562 2028 1642 2083 eis
1683 2027 1956 2097 epistolas,

369 2127 433 2174 ut
453 2132 684 2190 pergens
709 2117 1026 2174 Damascum
1055 2119 1121 2173 ad
1148 2133 1465 2191 synagogas,
1495 2119 1704 2175 vinctos
1733 2118 1959 2173 adduce-

369 2217 459 2266 ret
487 2210 822 2266 Christianos
851 2210 986 2282 (Act.
1011 2227 1086 2276 ιι,
1107 2211 1183 2281 2).
1210 2209 1657 2268 Prudentissimus
1685 2213 1769 2267 vir
1796 2221 1959 2281 atque

367 2301 817 2372 sapientissimus,
848 2301 939 2370 qui
984 2302 1188 2356 sciebat
1230 2317 1288 2356 se
1318 2302 1434 2357 zelo
1474 2302 1570 2356 Dei
1614 2317 1794 2371 agere,
1842 2303 1960 2358 sine

368 2393 539 2448 dubio
566 2393 845 2448 videbatur
864 2393 914 2447 ei
939 2393 1080 2462 quod
1112 2393 1358 2450 inimicos
1395 2393 1492 2448 Dei
1516 2403 1953 2465 persequeretur.

364 2480 476 2538 Pro
508 2481 608 2538 fide
637 2484 778 2538 enim
794 2484 915 2551 (Dei,
937 2493 991 2540 et
1015 2500 1114 2554 pro
1137 2487 1364 2540 veritate
1385 2479 1650 2542 currebat.
1675 2486 1793 2542 Non
1813 2488 1958 2542 enim

363 2571 562 2627 Filium
581 2570 678 2628 Dei
701 2588 819 2630 esse
845 2573 1132 2630 Dominum
1159 2572 1344 2630 Jesum
1371 2573 1645 2630 Christum
1676 2575 1956 2642 didicerat,

362 2664 460 2720 sed
484 2664 825 2720 seductorem
871 2676 927 2720 et
967 2666 1315 2735 deceptorem
1343 2667 1529 2736 populi
1570 2668 1672 2732 sui,
1717 2683 1747 2721 a
1791 2669 1960 2737 magi-

361 2756 494 2813 stris
521 2757 632 2812 suis
659 2765 715 2812 et
742 2772 772 2811 a
801 2756 1174 2811 sacerdotibus
1212 2757 1325 2811 suis
1353 2764 1412 2810 ut
1439 2757 1703 2821 audierat,
1728 2756 1959 2812 aestima-

360 2848 480 2904 bat.
506 2848 754 2902 Animum
777 2848 960 2916 itaque
987 2846 1138 2908 Elite,
1173 2863 1281 2902 non
1309 2846 1443 2902 Cain
1464 2847 1688 2914 habens,
1711 2861 1838 2916 erga
1859 2864 1958 2904 no-

363 2953 470 2994 vos
498 2939 734 2993 cultores
779 2937 873 2992 Dei
920 2937 1133 2994 fortiter
1163 2939 1463 3002 insistebat,
1496 2947 1551 2994 et
1578 2940 1830 3008 ignorans
1851 2941 1962 2996 cri-

364 3029 520 3083 mina
547 3044 646 3098 pro
691 3028 978 3084 virtutibus
1004 3030 1312 3084 exercebat.
1357 3029 1502 3086 Deus
1534 3039 1734 3099 autem,
1783 3032 1961 3088 cordis

365 3119 649 3189 inspector
672 3126 728 3174 et
750 3117 873 3172 fidei
899 3119 1310 3189 contemplator,
1341 3121 1469 3175 fecit
1496 3136 1617 3176 eum
1654 3122 1960 3178 misericor-

2060 1946 2188 2001 dum
2232 1953 2288 2014 te
2314 1947 2546 2001 aestimat
2574 1945 2768 2011 furem,
2799 1956 2852 2001 te
2892 1948 3066 2016 ipsum
3094 1963 3194 2018 pro
3235 1957 3288 2003 te
3316 1949 3434 2020 ipso
3469 1964 3652 2019 perse-

2060 2037 2276 2106 quitur?
2305 2037 2441 2092 Huic
2486 2037 2578 2092 tali
2604 2053 2763 2093 servo
2792 2046 2847 2092 et
2871 2038 2990 2093 laus
3017 2039 3244 2095 debetur
3271 2049 3326 2094 et
3353 2042 3653 2114 prmmium.

2059 2126 2321 2198 Denique,
2379 2144 2502 2184 cum
2532 2128 2734 2183 dixeris
2781 2130 2831 2184 ei
2872 2132 3218 2200 persequenti
3271 2141 3324 2185 te
3371 2141 3426 2186 et
3457 2133 3654 2188 volenti

2059 2227 2376 2290 percutere:
2398 2218 2582 2285 Cessa,
2613 2234 2714 2289 ego
2743 2235 2859 2275 sum
2889 2220 3140 2275 dominus
3163 2229 3318 2288 tuus;
3346 2225 3526 2276 statim
3561 2224 3654 2277 ab-

2055 2310 2204 2381 jecto
2226 2309 2365 2365 fuste
2387 2311 2454 2366 de
2477 2326 2639 2366 manu
2673 2327 2787 2377 sua,
2820 2320 3169 2382 prosternens
3198 2328 3259 2368 se
3300 2313 3525 2384 pedibus
3546 2313 3651 2369 tuis

2060 2403 2273 2457 veniam
2303 2403 2540 2472 postulat
2567 2403 2914 2472 ignorantiae;
2946 2413 3107 2474 atque
3145 2405 3235 2460 illa
3266 2407 3398 2461 hora
3436 2407 3541 2462 hoc
3570 2406 3652 2460 fa-

2061 2496 2168 2551 ciet
2189 2495 2333 2565 quod
2359 2496 2408 2549 ei
2438 2496 2778 2566 praeceperis.
2810 2496 2888 2551 Ita
2912 2511 3041 2566 ergo
3070 2505 3198 2552 tunc
3219 2497 3409 2560 beatus
3430 2496 3646 2563 Paulus,

2010 2659 2012 2661 _
2061 2588 2258 2642 missus
2301 2602 2330 2640 a
2371 2587 2740 2641 sacerdotibus
2789 2586 2905 2654 Dei,
2950 2587 3063 2656 jam
3111 2587 3316 2642 meritis
3345 2589 3656 2657 apostolicis

2062 2677 2271 2748 plenus,
2300 2691 2396 2731 vas
2425 2677 2705 2732 electionis
2733 2686 2850 2732 erat
2883 2696 2895 2730 :
2920 2677 3123 2732 habens
3152 2679 3290 2732 intra
3320 2692 3379 2732 se
3407 2677 3653 2746 spiritum

2067 2767 2216 2836 Elite,
2250 2770 2695 2840 persequebatur,
2739 2778 2798 2824 ut
2824 2771 2875 2824 ei
2914 2771 3216 2836 videbatur,
3248 2771 3493 2824 inimicos
3521 2770 3653 2839 legis
3733 2809 3738 2812 -

2064 2861 2181 2928 Dei,
2211 2871 2267 2918 et
2292 2877 2452 2932 quem
2482 2863 2706 2932 putabat
2734 2879 2855 2919 esse
2882 2863 3053 2919 furem
3081 2865 3252 2919 vinea:
3289 2864 3500 2919 Domini
3546 2865 3646 2931 sui,

2064 2955 2180 3026 ipse
2199 2962 2315 3010 erat
2345 2955 2486 3010 Deus
2515 2971 2662 3010 suus.
2711 2955 3022 3011 Patiebatur
3062 2957 3205 3011 enim
3235 2964 3466 3021 noctem,
3499 2955 3652 3024 cujus

2064 3037 2115 3112 ei
2145 3047 2437 3102 obscurum
2477 3046 2680 3102 fecerat
2715 3048 3057 3102 incredulitas
3084 3048 3444 3103 sacerdotum.
3472 3045 3655 3103 Justus

2063 3151 2194 3192 vero
2222 3135 2482 3192 Dominus
2531 3138 2585 3191 in
2634 3137 2737 3193 hac
2783 3139 2896 3208 ipsa
2936 3138 3037 3192 sibi
3067 3140 3462 3208 persecutione,
3495 3153 3656 3208 quam

364 3210 514 3265 diam
575 3210 856 3277 invenire,
899 3211 1022 3281 quia
1069 3212 1426 3280 ignorantiam
1475 3212 1591 3282 ejus
1648 3215 1956 3270 innocentia

2063 3227 2180 3297 ipse
2219 3229 2527 3298 patiebatur
2561 3244 2660 3298 pro
2712 3245 2807 3284 sua
2858 3229 3084 3298 justitia,
3118 3231 3506 3301 complacebat,
3535 3231 3658 3300 quia

363 3302 779 3372 comprobabat.
820 3301 968 3357 Unde
994 3303 1098 3358 hoc
1122 3305 1451 3386 probamus?
1481 3305 1598 3376 Ipse
1627 3307 1760 3362 dicit
1789 3308 1854 3362 ad
1879 3306 1963 3362 Ti-

362 3394 644 3449 motheum
677 3411 689 3446 :
723 3392 846 3459 Fui,
877 3394 1082 3463 inquit,
1114 3404 1420 3465 persecutor
1449 3405 1497 3451 et
1524 3397 1847 3468 injuriosus;
1872 3399 1963 3453 sed

363 3484 781 3538 misericordiam
807 3493 1114 3538 consecutus
1135 3500 1269 3550 sum,
1293 3487 1416 3556 quia
1443 3487 1696 3559 ignorans
1727 3489 1846 3558 feci.
1876 3487 1961 3543 Vin

365 3575 464 3630 des
505 3589 634 3644 ergo
665 3576 791 3646 quia
813 3575 903 3630 ubi
934 3576 1237 3645 ignorantia
1266 3585 1380 3645 est,
1413 3577 1610 3632 invidia
1633 3593 1740 3632 non
1770 3579 1888 3632 est?
1917 3579 1964 3634 A

364 3666 572 3738 iustitia
593 3667 738 3721 enim
764 3666 863 3722 Dei
892 3661 1165 3734 ignoranti
1191 3666 1440 3722 doctrina
1469 3667 1726 3734 traditur;
1769 3668 1964 3724 scienti

365 3771 505 3814 vero
547 3767 603 3812 et
640 3758 1009 3824 contemnenti
1059 3757 1297 3812 dictatur
1343 3759 1632 3813 sententia.
1687 3757 1840 3813 Unde
1867 3775 1966 3830 per

370 3851 666 3906 obscurum
717 3851 1033 3919 ignorantia:
1081 3850 1364 3904 ambulans
1411 3849 1626 3918 Paulus,
1656 3851 1880 3922 putabat
1905 3867 1967 3908 se

369 3940 651 3996 inimicum
669 3939 882 3994 Domini
910 3941 991 3996 sui
1015 3941 1266 4010 persequi
1295 3959 1306 3993 :
1336 3940 1560 3996 ardebat
1591 3951 1615 3980 ι
1644 3944 1697 3997 in
1720 3959 1968 4014 persecu-

303 4097 310 4101 ‘
373 4029 552 4093 tione,
584 4029 710 4096 quia
747 4029 961 4098 placere
979 4030 1209 4086 Domino
1236 4031 1413 4086 bonus
1435 4031 1664 4089 famulus
1692 4035 1961 4091 studebat.

375 4117 497 4175 Non
526 4119 868 4190 quiescebat,
901 4119 1128 4189 furebat,
1157 4123 1518 4180 abundantius
1545 4127 1790 4183 omnibus
1820 4128 1964 4182 zela-

375 4218 470 4266 tor
497 4210 765 4266 exsistens
794 4218 1134 4280 paternarum
1165 4215 1535 4270 traditionum.
1583 4216 1823 4284 Quorum
1866 4233 1964 4289 pa-

375 4311 520 4362 trum
546 4319 742 4374 gerens
771 4305 984 4362 zelum?
1013 4307 1127 4362 sine
1154 4307 1318 4364 dubio
1349 4310 1599 4377 Abrahae,
1631 4320 1686 4366 et
1714 4312 1880 4378 Isaac,
1912 4321 1968 4366 et

374 4395 584 4452 Jacob?
611 4405 666 4452 et
693 4397 782 4466 qui
811 4398 1004 4452 horum
1033 4398 1207 4466 Deus;
1237 4401 1353 4456 sine
1379 4401 1544 4456 dubio
1573 4400 1732 4456 Pater
1755 4403 1966 4457 Domini

378 4487 554 4544 nostri
580 4485 708 4542 Jesu
746 4485 963 4542 Christi.
997 4487 1137 4558 Ergo
1167 4489 1291 4545 huic
1319 4490 1536 4560 placere
1579 4492 1799 4556 studeas
1822 4533 1836 4558 ,
1868 4509 1964 4564 pu-

2065 3320 2183 3391 ipse
2236 3320 2458 3376 dederat
2515 3321 2688 3389 legem
2716 3337 2878 3391 quam
2927 3322 3014 3377 ille
3061 3324 3328 3378 servabat.
3378 3323 3493 3377 Non
3523 3337 3653 3391 ergo

2069 3413 2226 3483 quasi
2244 3428 2598 3483 personarum
2627 3423 2882 3484 acceptor
2907 3404 3259 3484 apprehendit
3288 3415 3560 3470 nolentem
3600 3423 3657 3470 et

2068 3500 2198 3557 fecit
2225 3503 2517 3569 volentem,
2565 3504 2921 3574 apprehendit
2972 3503 3238 3559 infidelem
3268 3513 3322 3558 et
3372 3505 3499 3558 fecit
3529 3504 3659 3560 lide-

2068 3596 2198 3663 lem,
2231 3597 2585 3668 apprehendit
2613 3598 2883 3652 inimicum
2925 3604 2980 3650 et
3024 3595 3151 3650 fecit
3190 3596 3436 3660 amicum,
3466 3611 3658 3665 appre-

2070 3688 2262 3743 hendit
2280 3688 2480 3742 malum
2510 3695 2565 3742 et
2592 3686 2718 3742 fecit
2745 3688 2942 3741 bonum
2978 3704 2990 3738 :
3021 3685 3113 3740 sed
3143 3701 3296 3739 suum
3343 3685 3577 3752 fidelem,
3601 3695 3657 3742 et

2068 3791 2168 3846 pro
2197 3792 2255 3831 se
2285 3777 2617 3831 laborantem
2648 3775 2954 3843 alloquitur,
2986 3782 3041 3828 et
3069 3773 3196 3828 dicit
3227 3792 3239 3826 :
3275 3772 3412 3837 Quid
3431 3792 3512 3829 me
3541 3794 3658 3846 per-

2069 3870 2294 3939 sequeris
2318 3866 2451 3940 (Ac't.
2477 3883 2552 3932 rx,
2579 3865 2671 3936 4)?
2692 3867 2760 3919 At
2787 3866 2876 3919 ille
2914 3866 3026 3934 ipsa
3051 3865 3213 3919 verba
3243 3879 3362 3933 quae
3399 3866 3575 3921 solent
3602 3868 3655 3922 in

2068 3959 2300 4014 obscuro
2315 3958 2420 4012 dici
2433 3958 2507 4012 ait
2526 3976 2538 4010 :
2557 3954 2686 4020 Quis
2711 3973 2784 4022 es,
2807 3955 3028 4009 Domine
3046 3953 3236 4027 (lbid.)
3251 3957 3273 4008 ?
3289 3956 3614 4014 etDominus
3638 3977 3651 4013 :

2067 4049 2182 4122 Ego
2204 4067 2317 4104 sum
2335 4049 2365 4103 J
2373 4067 2487 4104 esus
2511 4047 2821 4103 Nazarenus
2849 4065 2995 4120 quem
3027 4058 3076 4101 tu
3097 4049 3413 4120 persequeris
3444 4047 3656 4120 (Ibid.).

2067 4140 2262 4195 Statim
2292 4141 2481 4205 credit,
2515 4141 2802 4208 statimque
2829 4139 3082 4194 transfert
3109 4154 3167 4194 se
3196 4153 3226 4192 a
3266 4136 3550 4210 Synagoga
3589 4138 3656 4194 ad

2067 4230 2386 4296 Ecclesiam,
2420 4246 2528 4286 non
2556 4230 2814 4285 mutando
2852 4229 3158 4296 Dominum,
3190 4229 3285 4285 sed
3335 4231 3509 4299 ipsum
3539 4246 3658 4286 esse

2071 4335 2231 4389 quem
2262 4337 2475 4390 semper
2513 4321 2678 4375 coluit
2697 4320 3054 4388 agnoscendo.
3087 4319 3203 4374 Non
3235 4320 3301 4376 ab
3322 4320 3428 4374 alio
3449 4320 3561 4376 Deo
3591 4320 3658 4376 ad

2069 4414 2296 4468 alterum
2349 4413 2519 4469 Deum
2547 4415 2834 4482 veniendo,
2883 4416 2977 4471 sed
3024 4415 3268 4471 eumdem
3316 4431 3438 4470 esse
3488 4416 3657 4471 Deum

2068 4517 2229 4571 quem
2252 4519 2465 4574 semper
2484 4505 2746 4571 coluerat,
2777 4507 3198 4577 comprobanda.
3225 4507 3348 4562 Non
3376 4507 3444 4562 ab
3466 4506 3655 4564 inﬁde-

383 4575 534 4630 tabat
556 4591 625 4670 se
644 4576 760 4645 ejus
789 4578 998 4647 insequi
1031 4579 1338 4647 inimicum;
1366 4596 1558 4651 passus
1581 4582 1964 4641 obscuritatem
1991 4589 2042 4649 D
2069 4593 2222 4647 litate
2251 4593 2317 4648 ad
2341 4593 2500 4648 fidem
2535 4596 2819 4663 veniendo,
2853 4575 2945 4652 sed
2975 4599 3142 4668 ipsam
3172 4597 3330 4654 fidem
3359 4615 3520 4669 quam
3538 4601 3662 4670 jure

379 4666 726 4722 sacerdotum
754 4685 971 4724 suorum
992 4710 1007 4734 ,
1039 4671 1232 4740 quibus
1258 4673 1390 4740 tegis
1422 4672 1616 4727 divinae
1642 4674 1868 4744 imperio
1897 4675 1961 4728 li-

378 4754 504 4810 dem
533 4771 687 4811 suam
737 4759 1100 4814 testimonium
1146 4760 1396 4817 dantibus
1443 4763 1749 4818 exhibebat.
1781 4762 1966 4820 Omni-

377 4846 480 4901 hus
509 4855 698 4902 notum
726 4857 810 4902 est
834 4849 967 4918 quid
997 4849 1194 4905 habeat
1218 4853 1537 4908 obscuritas.
1580 4854 1827 4924 Nunquid
1854 4872 1964 4912 non

380 4939 496 5007 ipse
525 4950 655 4994 usas
682 4956 781 4996 nos
809 4942 1011 5012 poterit
1048 4943 1278 5000 edocere
1309 4946 1650 5003 obscuritatis
1678 4948 1817 5005 hanc
1847 4965 1966 5007 esse

382 5037 649 5095 naturam,
679 5037 740 5084 ut
781 5039 971 5087 notum
1019 5039 1073 5088 εὶ
1102 5033 1364 5102 ignotum,
1395 5045 1672 5106 parentem
1708 5047 1763 5094 ει
1789 5050 1969 5096 extra-

383 5131 568 5182 neum,
595 5119 765 5175 civem
788 5129 843 5176 et
862 5123 1170 5190 barbarum,
1201 5141 1308 5180 uno
1332 5127 1496 5182 modo
1523 5137 1650 5184 ante
1677 5131 1862 5187 oculos
1890 5131 1970 5187 af-

383 5205 565 5275 ferat,
615 5211 706 5279 qui
750 5213 856 5268 nisi
895 5214 1108 5270 locutus
1156 5215 1335 5281 fuerit,
1367 5218 1486 5286 quis
1515 5219 1605 5276 ille
1651 5223 1720 5277 sit
1758 5224 1970 5294 penitus

383 5299 510 5354 sciri
539 5316 646 5356 non
677 5304 911 5372 poterit?
957 5304 1057 5361 Hic
1096 5320 1246 5375 ergo,
1277 5308 1426 5363 velut
1467 5310 1642 5366 bonus
1669 5322 1852 5370 custos
1891 5317 1972 5369 vi-

384 5406 501 5446 nene
555 5394 770 5451 Domini
816 5399 1043 5454 sabaoth
1092 5399 1284 5454 domus
1339 5400 1501 5458 Israel
1530 5445 1545 5469 ,
1600 5406 1746 5460 velut
1798 5407 1974 5464 bonus

385 5479 416 5520 δ
456 5485 692 5555 circitor,
744 5490 1082 5560 apprehenso
1129 5492 1323 5548 baculo
1346 5534 1360 5558 ,
1413 5510 1509 5566 per
1555 5506 1773 5553 noctem
1822 5501 1974 5569 igno-

386 5578 574 5634 rantia:
624 5582 962 5651 circumibat,
1001 5591 1060 5638 ut
1102 5600 1452 5657 quoscunque
1487 5589 1750 5647 inveniret
1787 5592 1968 5664 legen-

465 5689 610 5768 flls.
639 5691 926 5768 augiense,
958 5696 1013 5768 in
1039 5698 1492 5768 persecutionem.‘

466 5755 497 5801 δ
521 5758 621 5818 Is.
653 5755 820 5831 idem.
847 5755 1112 5824 circuitor.

2071 4683 2349 4749 habuerat,
2393 4686 2735 4754 possidendo.
2765 4686 2948 4742 Justus
2977 4703 3104 4757 ergo
3142 4688 3400 4745 Dominus
3446 4708 3661 4747 servum

2071 4793 2225 4833 suum
2251 4779 2522 4846 cognovit,
2551 4780 2844 4834 secundum
2866 4780 3008 4849 quod
3032 4783 3146 4850 ipse
3169 4782 3458 4852 Apostolus
3478 4786 3547 4840 ad
3571 4785 3660 4838 Ti-

2071 4869 2347 4923 motheum
2377 4869 2505 4924 dicit
2537 4888 2548 4924 :
2583 4870 2854 4942 Cognoscit
2877 4871 3130 4927 Dominus
3169 4877 3254 4945 qui
3283 4885 3401 4928 sunt
3440 4878 3551 4943 ejus
3592 4875 3658 4944 (ll

2077 4961 2209 5016 Tim.
2242 4973 2299 5026 ll,
2334 4959 2442 5031 56).
2481 4961 2575 5016 His
2602 4971 2780 5017 autem
2809 4979 2946 5034 quos
2976 4965 3120 5019 videt
3146 4981 3252 5019 non
3301 4964 3537 5017 veritatis
3565 4963 3662 5016 de-

2076 5054 2337 5119 fensione,
2369 5053 2464 5108 se!
2509 5053 2660 5109 vana:
2687 5056 2872 5123 gloria:
2910 5063 2967 5109 et
2995 5055 3285 5123 cupiditate
3315 5053 3510 5119 aliqua,
3545 5051 3662 5119 ejus

2077 5161 2138 5201 se
2165 5161 2350 5200 servos
2370 5161 2487 5202 esse
2511 5145 2798 5216 jactantes,
2815 5147 3012 5201 clamat
3039 5145 3117 5198 eis
3141 5144 3322 5196 dicens
3355 5160 3366 5194 :
3402 5141 3665 5202 Discedite

2079 5255 2112 5291 ιι
2139 5256 2238 5305 me,
2261 5242 2382 5309 quia
2401 5257 2506 5295 non
2526 5242 2642 5296 novi
2670 5256 2756 5294 ros
2779 5237 2991 5309 (Matth.
3028 5251 3115 5300 vn,
3161 5233 3272 5304 2'5).
3307 5233 3505 5291 Verum
3533 5239 3664 5308 quid

2079 5337 2283 5385 stamus
2309 5332 2363 5384 in
2393 5333 2496 5388 hoc
2516 5333 2654 5396 loco,
2679 5344 2800 5383 cum
2824 5343 2932 5381 non
2961 5325 3134 5380 solum
3158 5325 3504 5397 haanjurias
3526 5329 3666 5400 Apo-

2080 5421 2222 5476 stolo
2251 5423 2517 5492 irrogetis,
2550 5431 2607 5475 ut
2633 5419 2820 5472 dicatis
2847 5432 2971 5471 eum
3001 5417 3226 5473 invitum
3252 5425 3506 5484 tractum,
3530 5435 3658 5474 cum

2082 5510 2150 5565 ad
2172 5528 2333 5566 unam
2359 5528 2547 5568 vocem
2576 5507 2764 5577 legatis
2797 5523 2920 5561 eum
2949 5508 3016 5563 de
3044 5525 3103 5566 se
3131 5509 3398 5566 dicentem
3431 5527 3444 5562 :
3476 5508 3537 5563 Si
3565 5525 3664 5563 no-

2083 5601 2190 5657 lens
2213 5605 2306 5657 hoc
2335 5621 2451 5674 ago,
2484 5601 2800 5671 dispensatio
2829 5602 2954 5656 mihi
2977 5603 3170 5659 credita
3185 5612 3262 5658 est
3275 5620 3295 5669 ;
3323 5604 3369 5657 si
3388 5609 3558 5656 autem
3575 5614 3664 5655 vo-

2149 5721 2170 5748 ο
2198 5711 2292 5766 Ms.
2328 5712 2489 5778 idem,
2512 5708 2667 5778 ﬁdem
2697 5713 3020 5779 persequenti
