4238 6260
575 373 683 434 N8

1576 362 1948 421 ANONYIIUS
1990 357 2264 417 AUCTOR
2304 357 2848 416 PREDESTINATI.

3766 358 3872 412 6H

580 497 692 553 iens
713 495 807 551 hoc
837 510 950 565 ago,
983 488 1265 546 mercedem
1294 485 1494 558 accipio
1516 483 1560 554 (l
1581 482 1701 539 Cor.
1733 500 1806 550 rx,
1834 473 1945 554 Π).
1972 482 2169 536 Exclu-
2199 479 2249 541 Α
2275 456 2463 532 lentati
2493 481 2716 536 hominis
2741 480 2913 535 servi'.
2949 474 3071 547 Ipse
3092 477 3246 530 enim
3274 477 3372 530 scit
3408 477 3494 530 cui
3521 475 3644 548 quid
3686 479 3871 548 faciat.

580 588 692 644 dite
728 601 849 644 eum
889 600 918 637 a
967 579 1213 636 mercede
1267 594 1382 643 sua,
1440 586 1494 632 et
1545 577 1706 634 dicite
1744 594 1757 628 :
1791 575 1926 642 Quia
1980 574 2170 628 nolens

485 690 496 694 '
583 682 687 736 hoc
737 678 849 746 agis
901 675 1101 729 invitus
1149 681 1372 738 tentus,
1414 671 1611 724 invitus
1665 676 1902 732 tractus,
1957 683 2064 722 non
2113 674 2169 721 tu

582 767 794 833 curris;
828 781 1002 835 neque
1049 765 1192 818 enim
1231 765 1298 818 de
1324 779 1484 818 cursu
1514 769 1606 816 tuo
1636 760 1870 831 proﬁcis,
1914 766 2032 814 esto
2056 757 2170 827 jam

581 874 821 916 securus.
841 857 991 912 Scias
1018 864 1094 919 te,
1127 855 1288 909 etiam
1327 853 1371 908 si
1401 852 1636 908 volueris
1654 865 1882 921 peccare
1911 864 2018 904 non
2045 863 2172 918 pos-

583 966 666 1007 se.
716 949 800 1005 Ad
842 950 956 1004 haec
1001 947 1155 1003 vobis
1185 947 1299 1016 ipse
1341 944 1631 1015 respondet
1664 961 1676 995 :
1713 942 1823 1014 Ego
1864 944 1940 996 sic
1995 957 2166 1007 curro,

585 1059 691 1100 non
737 1043 886 1115 quasi
926 1043 983 1094 in
1029 1043 1281 1095 incertum
1314 1037 1498 1106 (Ibid.,
1530 1036 1620 1107 28)
1649 1055 1662 1103 ;
1695 1053 1785 1108 ego
1829 1036 2057 1108 quotidie
2099 1037 2175 1106 fe-

585 1135 743 1199 stino,
775 1141 824 1187 et
849 1133 916 1185 ad
944 1131 1175 1185 bravium
1193 1146 1428 1201 superna:
1447 1130 1730 1183 vocationis
1757 1128 2008 1182 extendor
2029 1126 2176 1197 (Phi-

587 1223 714 1296 lipp.
748 1239 822 1285 ιιι,
875 1221 986 1291 14).
1017 1220 1087 1273 Et
1113 1220 1230 1274 licet
1271 1218 1402 1272 nihil
1431 1218 1559 1272 mihi
1579 1218 1813 1272 conscius
1828 1218 1946 1280 sim,
1971 1215 2061 1269 sed
2102 1223 2178 1268 tan

588 1331 712 1369 men
736 1330 840 1367 non
865 1314 920 1366 in
963 1312 1056 1367 hoc
1071 1312 1392 1383 justiﬁcatus
1420 1327 1536 1364 sum
1565 1309 1607 1380 (l
1635 1309 1753 1362 Cor.
1787 1324 1860 1372 tv,
1889 1307 1966 1378 4).
2000 1305 2178 1360 Nolite

591 1419 766 1457 errare
796 1419 813 1456 :
844 1401 988 1456 Deus
1031 1418 1136 1456 non
1163 1401 1412 1454 irridetur
1451 1399 1593 1470 (Gal.
1635 1415 1708 1463 vr,
1742 1398 1816 1466 7).
1851 1397 1962 1465 Ego
2009 1397 2171 1462 enim,

590 1493 692 1549 nisi
714 1494 766 1548 in
786 1492 1000 1562 jejuuiis
1029 1489 1209 1546 multis
1231 1491 1495 1555 institcro,
1519 1497 1573 1543 et
1593 1503 1937 1544 maceravero
1957 1502 2176 1543 carnem

591 1598 787 1648 meam,
822 1592 877 1637 et
905 1582 1150 1637 servituti
1189 1581 1495 1645 tradidero,
1523 1581 1641 1650 ipse
1680 1579 1941 1648 reprobus
1979 1577 2179 1633 alliciar

591 1673 635 1743 (l
664 1673 781 1728 Cor.
808 1690 878 1738 ut,
903 1673 1015 1742 27).
1040 1670 1085 1726 Ο
1112 1673 1426 1740 magistrum
1455 1671 1682 1726 bonum!
1709 1687 1744 1725 ο
1766 1671 2065 1740 sapientem
2093 1685 2178 1722 ar-

591 1764 900 1824 chitectum,
934 1770 988 1823 et
1043 1763 1306 1817 bonorum
1355 1761 1594 1816 omnium
1643 1758 2056 1814 instructorem!
2087 1755 2178 1811 Sic

2272 567 2386 624 Nec
2411 573 2549 625 enim
2580 571 2836 626 antecedit
2878 568 3084 622 arbitrii
3108 569 3322 622 libertas
3352 567 3582 638 gratiam
3611 567 3739 632 Dei,
3783 571 3872 622 scr!

2271 663 2527 716 antecedit
2568 665 2737 733 gratia
2768 661 2867 714 Dei
2895 658 3189 713 libertatem
3217 657 3444 712 arbitrii.
3477 657 3506 696 ι)
3536 657 3662 713 Haec
3691 667 3873 714 vestra

2272 753 2473 823 scripta
2496 761 2643 818 sunt,
2673 760 2853 806 vestra
2879 759 3005 804 sunt
3035 749 3197 813 dicta,
3229 749 3372 803 veris
3419 748 3555 804 falsa
3579 751 3871 820 permixta.

2275 842 2690 912 Respondemus
2719 842 2786 896 ad
2816 841 3045 908 singula.
3069 840 3126 894 Si
3153 855 3341 895 omnes
3368 855 3508 908 quos
3547 841 3653 895 scit
3681 841 3871 909 dignos

2274 942 2452 1000 vocat,
2484 948 2614 1002 ergo
2657 947 2849 989 omnes
2879 932 2946 985 ad
2987 931 3213 988 salutem
3261 931 3699 1000 praedestinavit,
3749 932 3872 1002 quia

2276 1039 2466 1080 omnes
2509 1024 2750 1094 quotidie
2790 1037 2986 1077 vocare
3028 1037 3133 1075 non
3182 1030 3378 1076 cessat.
3408 1020 3464 1077 Si
3517 1021 3620 1077 hos
3665 1020 3873 1078 tantum

2275 1117 2466 1181 salvat,
2498 1132 2635 1186 quos
2673 1132 2732 1170 se
2756 1114 3172 1186 prmdestiuasse
3200 1115 3496 1182 cognoscit,
3527 1127 3659 1182 ergo
3686 1129 3871 1170 omnes

2276 1207 2685 1277 praedestinavit
2710 1206 2778 1260 ad
2807 1198 3057 1270 salutem,
3091 1204 3216 1272 quia
3255 1204 3495 1258 omnium
3521 1203 3780 1258 Dominus
3821 1213 3872 1260 et

2277 1299 2514 1353 salvator
2541 1305 2639 1352 est.
2670 1295 2728 1351 Si
2757 1301 2902 1350 salus
2931 1296 3024 1350 Dei
3066 1311 3173 1350 non
3202 1294 3468 1350 voluntati
3508 1294 3743 1351 hominis
3779 1295 3871 1348 oh-

2283 1397 2568 1458 temperat,
2595 1387 2690 1442 sed
2716 1387 2976 1457 anticipat
3008 1387 3178 1455 gratia
3207 1384 3302 1440 Dei
3330 1385 3664 1440 voluntatem
3695 1386 3871 1439 homi-

2279 1480 2396 1545 nis;'
2414 1479 2679 1533 ostendite
2703 1478 2861 1532 nobis
2875 1478 2995 1547 quis
3013 1478 3203 1532 nolens
3224 1485 3545 1532 consecutus
3567 1477 3637 1531 sit
3664 1477 3873 1546 baptis-

2282 1570 2442 1623 matis
2471 1575 2813 1624 sacrosancta
2845 1569 3117 1640 mysteria,
3142 1579 3197 1623 et
3224 1577 3412 1638 postea
3438 1569 3595 1638 ompit
3628 1583 3726 1637 per
3749 1583 3871 1637 gra-

2283 1662 2413 1714 tiam
2436 1661 2575 1714 velle
2595 1659 2740 1729 quod
2770 1659 2970 1726 noluit;
3013 1668 3102 1714 aut
3125 1661 3246 1729 quis
3271 1674 3500 1728 unquam
3529 1659 3721 1714 nolens
3748 1674 3874 1728 ege-

2282 1751 2352 1805 rit
2374 1752 2766 1821 ptenitentiam,
2792 1759 2846 1805 et
2875 1758 3063 1820 postea
3085 1765 3246 1819 quam
3273 1751 3654 1805 reconciliatus
3676 1759 3774 1817 est,
3799 1753 3872 1807 sic

592 1855 814 1910 fabricat
841 1855 1150 1918 Ecclesiam,
1176 1855 1267 1923 qui
1287 1854 1402 1908 vult
1420 1854 1726 1922 exemplum
1743 1852 1929 1906 salutis
1958 1847 2171 1906 offerre.
2210 1856 2256 1915 Β
2282 1845 2446 1913 capit
2475 1852 2596 1914 post
2619 1844 2998 1911 indulgentiam
3019 1844 3301 1912 pamitere.
3329 1843 3455 1898 Dus:
3484 1844 3599 1899 ista;
3628 1859 3715 1898 res
3752 1857 3872 1901 sum

593 1948 708 2002 Non
738 1948 1015 2017 resupinat
1039 1947 1252 2002 animos
1279 1946 1332 2001 in
1377 1947 1521 2000 bono
1562 1959 1721 2000 cursu
1760 1951 2086 2012 satagentes,
2115 1951 2177 1998 ut

593 2048 782 2110 putent
810 2053 869 2094 se
899 2039 970 2093 ita
1015 2037 1083 2092 ad
1113 2038 1281 2093 Deum
1310 2038 1623 2108 pervenire,
1654 2044 1714 2092 ut
1742 2037 1809 2091 ab
1840 2037 2034 2091 animis
2067 2036 2179 2091 suis

592 2133 784 2188 tollant
807 2131 1041 2198 studium
1069 2131 1316 2201 placendi
1343 2131 1479 2195 Deo,
1508 2138 1565 2185 et
1591 2130 1772 2185 dicant
1797 2147 1809 2182 :
1842 2129 1959 2193 Non
1986 2129 2034 2184 ei
2057 2129 2177 2198 pla-

591 2226 829 2280 cebimus
854 2225 920 2280 de
943 2233 1128 2279 nostro
1155 2224 1352 2288 studio,
1378 2223 1507 2292 quid
1527 2223 1837 2278 studemus?
1859 2237 1965 2277 non
1987 2223 2037 2276 ei
2064 2221 2181 2291 pla-

591 2317 833 2372 cebimus
861 2315 928 2372 de
958 2323 1143 2370 nostro
1163 2331 1342 2381 cursu,
1375 2314 1501 2383 quid
1529 2315 1830 2369 currimus?
1860 2329 1965 2368 non
1993 2313 2043 2367 ei
2067 2313 2181 2382 pla.-

593 2407 830 2465 cebimus
858 2407 924 2461 de
972 2415 1155 2461 nostra
1182 2406 1478 2471 voluntate,
1511 2406 1639 2474 quid
1670 2405 1952 2460 volumus?
1980 2419 2089 2458 non
2131 2405 2181 2458 ei

593 2498 923 2568 placebimus
941 2498 1009 2552 de
1039 2507 1223 2552 nostra
1251 2497 1549 2566 vigilantia,
1579 2497 1709 2566 quid
1734 2497 2051 2565 vigilamus?
2074 2513 2184 2552 non

591 2591 642 2646 ei
670 2591 997 2662 placebimus
1040 2591 1108 2645 de
1157 2599 1340 2646 nostra
1369 2591 1633 2653 oratione,
1665 2591 1795 2660 quid
1841 2593 2097 2645 oramus?
2138 2593 2185 2646 si

592 2681 952 2754 prasdestinati
977 2697 1161 2736 sumus
1188 2680 1258 2736 ad
1302 2682 1488 2747 vitam,
1536 2682 1758 2750 reprobi
1801 2698 1907 2736 non
1956 2682 2177 2737 erimus.

595 2769 711 2828 Hoc
751 2772 1041 2828 excludens
1091 2771 1278 2828 Petrus
1323 2773 1600 2843 apostolus
1646 2773 1843 2826 clamat
1887 2790 1898 2824 :
1943 2771 2183 2843 Vigilate,

593 2864 714 2933 quia
737 2864 1060 2918 aduersarius
1088 2873 1252 2918 vester
1280 2866 1412 2918 sicut
1434 2864 1733 2935 leorugiens
1762 2864 1941 2917 circuit
1966 2863 2189 2932 aliquem

595 2962 818 3007 uestrum
844 2962 1172 3008 transvorare
1203 2956 1454 3024 festinans
1485 2953 1526 3022 (Ι
1555 2952 1671 3006 Pet.
1699 2970 1750 3014 v,
1775 2951 1936 3021 8).Et
1965 2960 2186 3021 aposto-

490 3045 495 3050 ’
598 3041 680 3097 Ius
709 3040 904 3096 Paulus
947 3061 958 3095 :
1004 3041 1186 3097 Nolite
1231 3045 1523 3098 consentire
1563 3041 1802 3110 operibus
1851 3027 2186 3113 infructuosis

597 3133 953 3198 tenebrarum;
983 3137 1150 3204 magis
1179 3145 1350 3190 autem
1367 3144 1415 3188 et
1444 3135 1736 3205 redarguite
1759 3133 1972 3205 (Ephes.
1999 3151 2047 3197 v,
2074 3133 2184 3204 il).

2279 1935 2469 1990 salutis
2497 1935 2743 1989 humanm
2769 1934 3087 1990 sacriﬁcium
3109 1943 3164 1989 et
3182 1924 3470 1990 confessio.
3489 1934 3595 1990 Sed
3613 1944 3668 1990 et
3687 1936 3865 1991 volun-

2280 2029 2417 2083 tarie
2445 2026 2812 2083 sacriﬁcamus
2838 2026 2971 2093 Deo,
2994 2036 3049 2081 et
3073 2027 3378 2082 voluntarie
3402 2026 3743 2084 conﬁtemur.
3774 2029 3864 2083 Sa-

2281 2118 2569 2183 criﬁcium,
2597 2133 2706 2187 quo
2730 2119 2992 2188 sanguine
3021 2119 3222 2174 Christi
3252 2119 3587 2184 redimimur,
3610 2129 3669 2175 et
3696 2120 3874 2176 lateris

2282 2209 2401 2279 ejus
2428 2210 2570 2264 unda
2600 2209 2996 2278 perfundimur;
3025 2209 3296 2264 confessio
3317 2223 3468 2274 vero,
3491 2223 3598 2279 qua
3618 2208 3850 2266 conﬁteri

2284 2313 2366 2358 tes
2393 2318 2654 2367 errorem,
2696 2303 2888 2356 iterum
2937 2316 3210 2356 meremur
3253 2303 3464 2356 veniam
3510 2308 3876 2372 peccatorum.

2284 2394 2429 2466 Ergo
2455 2397 2588 2451 duas
2618 2395 2750 2472 istas
2777 2395 3017 2464 species,
3051 2410 3185 2464 quas
3221 2395 3366 2450 solas
3400 2394 3598 2452 scimus
3641 2395 3876 2449 humano

2285 2488 2470 2556 generi
2497 2502 2657 2556 posse
2705 2500 3042 2550 succurrere,
3071 2501 3208 2555 quas
3253 2486 3383 2540 dicit
3410 2497 3629 2541 sanctus
3658 2487 3875 2556 spiritus

2290 2578 2592 2632 voluntarie
2620 2575 2766 2642 ﬁeri;
2793 2577 3066 2631 videamus
3103 2583 3314 2641 utrum,
3346 2583 3407 2629 ut
3442 2590 3540 2630 vos
3568 2575 3772 2642 dicitis,
3813 2576 3878 2630 ab

2289 2672 2506 2726 homine
2541 2670 2826 2738 exigantur
2856 2669 3042 2732 invito,
3070 2683 3136 2722 an
3179 2683 3210 2721 a
3236 2667 3541 2722 voluntario
3577 2665 3872 2735 ﬁagitentur

2290 2762 2568 2832 obsequio.
2603 2761 2659 2816 Si
2681 2762 2748 2816 ab
2774 2761 2944 2815 invito
2965 2768 3020 2814 et
3043 2775 3072 2814 a
3105 2759 3339 2826 nolente,
3372 2760 3562 2814 damus
3580 2761 3730 2814 vobis
3756 2775 3868 2813 ma-

2292 2871 2410 2920 nus,
2438 2855 2664 2920 vicistis;
2687 2854 2731 2909 si
2760 2869 2791 2908 a
2821 2853 3193 2908 consentiente
3219 2861 3275 2907 et
3297 2868 3325 2906 a
3349 2852 3687 2910 desiderante
3715 2859 3874 2920 atque

2290 2946 2524 3011 volente,
2573 2961 2868 3001 consensus
2917 2945 3159 2999 veritatis
3203 2943 3350 2999 dedit
3397 2945 3550 3000 nobis
3600 2944 3876 2999 victoriam

2289 3057 2388 3112 per
2417 3041 2697 3096 Dominum
2745 3047 2986 3094 nostrum
3014 3037 3195 3094 Iesum
3242 3037 3536 3092 Christum.
3567 3037 3878 3093 Voluntaria

2291 3136 2434 3190 enim
2480 3131 2842 3190 sacriﬁcamus
2890 3133 3032 3198 Deo,
3079 3140 3134 3186 et
3163 3129 3484 3187 conﬁtemur
3513 3131 3715 3186 nomini
3744 3129 3876 3199 ejus,

599 3221 792 3289 Nolite,
828 3224 1014 3291 inquit,
1047 3228 1372 3280 consentire.
1407 3225 1572 3280 Vides
1591 3239 1912 3283 consensum
1943 3233 2189 3279 nostrum
2219 3220 2264 3278 C
2293 3228 2548 3298 quoniam
2574 3228 2749 3281 bonus
2779 3233 2880 3281 est.

598 3327 760 3382 quam
791 3322 947 3368 caute
970 3313 1258 3368 informat?
1285 3313 1400 3370 Scit
1438 3317 1580 3370 enim
1609 3330 1708 3384 per
1736 3330 2056 3370 consensum
2087 3330 2186 3369 no—

597 3411 741 3460 trum
789 3420 1222 3473 unumquemque
1268 3406 1464 3476 decipi,
1509 3419 1942 3474 unumquemque
1970 3406 2184 3462 salvari.

597 3495 932 3552 Consensum
962 3506 1142 3552 autem
1170 3498 1312 3561 dico,
1345 3499 1398 3552 in
1428 3513 1535 3566 quo
1562 3498 1928 3554 consentimus
1955 3497 2183 3563 medico,

600 3588 694 3656 qui
716 3604 815 3643 nos
836 3589 1002 3657 gratis
1030 3604 1220 3644 curare
1249 3591 1438 3646 volens
1464 3591 1663 3646 clamat
1683 3590 1749 3644 ad
1782 3605 1879 3646 nos
1899 3583 2140 3660 quotidie
2169 3610 2180 3642 :

607 3679 788 3734 Venite
813 3681 881 3733 ad
906 3697 1015 3746 me,
1047 3699 1224 3736 omnes
1246 3685 1332 3755 qui
1361 3684 1608 3738 laboratis
1637 3693 1687 3738 et
1713 3686 1914 3738 onerati
1942 3687 2092 3749 estis,
2137 3697 2186 3738 et

598 3787 690 3842 ego
720 3787 804 3825 eos
828 3773 1141 3842 requiescere
1171 3775 1364 3844 faciam
1383 3774 1598 3844 (Matth.
1635 3791 1704 3840 xi,
1736 3775 1848 3841 28).
1878 3775 2004 3830 Ideo
2033 3776 2186 3831 audis

599 3872 905 3927 vocantem,
951 3873 1010 3918 ut
1058 3874 1111 3920 te
1165 3867 1424 3922 exhibeas
1453 3867 1888 3936 respondentem.
1940 3867 2038 3921 Hic
2091 3869 2183 3936 qui

600 3954 796 4008 clamat
825 3964 883 4011 ut
911 3972 1097 4012 omnes
1138 3959 1204 4012 ad
1250 3973 1372 4012 eum
1401 3961 1638 4023 veniant,
1673 3959 1938 4025 ignoravit
1985 3959 2184 4013 doctri-

599 4062 721 4101 nam
749 4057 1003 4102 vestram.
1025 4048 1154 4101 Nam
1187 4066 1291 4104 non
1322 4049 1528 4104 diceret
1547 4067 1558 4101 :
1575 4049 1757 4102 Venite
1777 4050 1844 4101 ad
1869 4065 1949 4102 me
1974 4067 2181 4115 omnes;

596 4136 693 4190 sed
720 4136 923 4192 diceret
953 4156 965 4190 :
990 4137 1224 4192 Veniant
1253 4138 1317 4193 ad
1349 4153 1435 4191 me
1464 4138 1555 4206 qui
1581 4146 1707 4192 sunt
1729 4138 2089 4206 praedestinati
2118 4141 2182 4194 ad

596 4228 846 4292 salutem,
878 4238 935 4282 ut
973 4230 1246 4283 salventur
1264 4273 1276 4294 ,
1313 4229 1566 4283 recedant
1595 4245 1624 4281 a
1655 4244 1740 4281 me
1768 4229 1860 4296 qui
1889 4239 2014 4283 sunt
2043 4247 2180 4301 pra:-

596 4319 847 4375 destinati
877 4321 943 4374 ad
971 4331 1197 4375 mortem
1241 4330 1298 4374 ut
1345 4321 1650 4390 puniantur.
1684 4319 1788 4375 Sed
1821 4338 1924 4376 non
1967 4323 2036 4376 ita
2079 4331 2178 4388 est,

600 4421 660 4466 ut
687 4414 787 4482 ipsi
812 4414 1035 4469 docetis.
1066 4413 1236 4466 Homo
1259 4414 1421 4477 enim,
1446 4413 1489 4465 si
1511 4427 1829 4469 consensum
1858 4430 2010 4468 suum
2038 4430 2066 4468 a
2093 4431 2181 4469 vo-

597 4503 815 4556 catione
865 4503 962 4557 Dei
990 4503 1333 4566 subtraxerit,
1379 4503 1538 4572 perit.
1587 4503 1821 4560 Medicus
1862 4507 1948 4560 hic
1999 4515 2181 4562 noster

2367 3317 2493 3371 Vill.
2531 3329 2551 3355 ε
2587 3315 2711 3370 Non
2756 3319 2831 3370 ita
2877 3325 2970 3380 est,
3005 3315 3253 3384 inquiunt
3287 3333 3298 3365 :
3352 3313 3502 3368 Vana
3527 3323 3603 3368 est
3630 3323 3680 3367 et
3704 3315 3876 3384 infrit-

2289 3419 2464 3465 ctuosa
2490 3411 2724 3464 roluntas
2753 3410 2992 3474 hominis,
3024 3424 3210 3462 vanum
3237 3417 3317 3462 est
3345 3408 3584 3462 humanae
3604 3406 3878 3460 voluntatis

2289 3502 2578 3556 arbitrium.
2612 3499 2639 3539 (ι
2668 3500 2725 3555 Si
2759 3501 2826 3555 ad
2847 3500 3307 3570 comparationem
3335 3498 3529 3553 divina:
3556 3497 3740 3567 gratia:
3773 3496 3878 3551 hoc

2286 3593 2554 3659 diceretis,
2585 3609 2747 3648 unum
2775 3593 3094 3648 diceremus.
3126 3589 3246 3646 Non
3291 3589 3432 3644 enim
3465 3590 3753 3644 humanam
3784 3604 3876 3642 vo-

2288 3683 2546 3737 luntatem
2593 3683 2785 3738 divinm
2835 3682 3020 3751 gratim
3065 3680 3465 3751 pratponimus:
3502 3680 3684 3733 omnia
3717 3677 3870 3732 enim

2287 3790 2404 3844 quae
2453 3775 2592 3830 bona
2642 3782 2784 3838 sunt,
2833 3790 2941 3829 non
2985 3774 3189 3828 homini
3234 3769 3578 3841 superbienti,
3621 3769 3717 3823 sed
3761 3768 3876 3822 Deo

2287 3867 2608 3922 ascribimus
2636 3866 2933 3920 miserenti.
2965 3863 3080 3919 Non
3112 3872 3282 3918 tamen
3315 3861 3428 3916 haec
3466 3859 3725 3924 dicentes,
3770 3859 3874 3912 hoc

2292 3973 2578 4029 possumus
2599 3958 2775 4012 dicere
2795 3956 2938 4025 quod
2961 3971 3058 4010 vos
3084 3963 3138 4011 et
3157 3953 3328 4010 dicitis
3347 3960 3401 4006 et
3428 3951 3659 4007 scribitis
3684 3968 3697 4003 :
3723 3948 3872 4003 Vana

2285 4049 2530 4103 voluntas
2558 4055 2640 4102 est
2666 4047 2915 4102 hominis.
2945 4047 3051 4101 Nos
3095 4054 3274 4100 autem
3317 4043 3542 4098 dicimus
3575 4061 3586 4094 :
3613 4040 3877 4096 Voluntas

2285 4139 2517 4194 hominis
2545 4154 2652 4193 non
2679 4145 2763 4194 est
2790 4153 2957 4202 vana;
2981 4138 3105 4206 quia
3133 4138 3178 4190 si
3199 4150 3335 4190 vana
3359 4141 3460 4198 est,
3485 4147 3584 4188 nec
3598 4133 3873 4202 prtemium

2284 4239 2639 4299 consequetur
2671 4230 2850 4297 digna,
2885 4245 2984 4283 nec
3023 4228 3344 4298 supplicium
3375 4231 3613 4280 meretur
3642 4223 3869 4290 indigna.

2284 4321 2390 4378 Sed
2420 4336 2488 4376 ne
2517 4329 2628 4374 tam
2673 4321 2893 4375 hebetes
2921 4321 3054 4383 sitis,
3091 4327 3146 4372 ut
3177 4333 3244 4372 ne
3275 4315 3595 4386 negligendo
3643 4329 3740 4368 nec
3786 4329 3875 4366 au-

2283 4411 2607 4470 diendo‘ista
2636 4429 2761 4482 quas
2791 4413 3078 4468 asserimus
3122 4411 3490 4480 cognoscatis,
3520 4409 3592 4462 ite
3619 4421 3739 4461 cum
3780 4420 3873 4460 ca—
3959 4394 3966 4400 ’

2283 4505 2622 4560 techumenis
2648 4513 2702 4559 et
2730 4519 2848 4559 cum
2881 4503 3268 4573 penitentibus
3296 4501 3509 4564 vestris,
3539 4498 3604 4552 ad
3635 4498 3871 4552 omnium

596 4593 764 4661 gratis
797 4593 1012 4662 quidem
1045 4600 1216 4658 curat,
1248 4594 1341 4648 sed
1375 4594 1602 4664 imperat
1631 4596 2045 4652 observantiam.
2078 4598 2179 4666 Qui
2212 4582 2266 4642 Ι)
2289 4593 2649 4650 Ecclesiarum
2691 4591 2970 4665 pontiﬁces
2998 4611 3010 4646 :
3045 4601 3100 4647 et
3141 4593 3186 4647 si
3214 4591 3456 4646 videritis
3501 4604 3597 4644 eos
3640 4585 3871 4643 nolenti-

596 4695 703 4738 non
752 4682 908 4736 fuerit
956 4683 1212 4748 salvatus,
1245 4692 1340 4738 aut
1366 4691 1649 4741 vocantem
1702 4689 2054 4757 contempsit,
2087 4699 2179 4744 aut

595 4773 910 4830 invitantem
956 4776 1150 4849 renuit,
1181 4783 1272 4830 aut
1300 4776 1367 4831 ab
1397 4777 1479 4831 his
1518 4793 1636 4847 quae
1664 4779 1713 4832 ei
1740 4780 2008 4834 abstinere
2054 4789 2179 4835 sunt

595 4866 846 4921 mandata
872 4867 1126 4936 neglexit.
1159 4867 1273 4922 Hoc
1323 4884 1424 4922 nos
1451 4867 1678 4924 dicimus
1704 4870 1771 4925 de
1815 4871 2024 4925 medico
2052 4888 2177 4943 per-

591 4959 755 5015 fecto.
787 4959 895 5014 Vos
919 4959 1047 5028 quid
1071 4959 1285 5014 dicitis?
1311 4959 1484 5015 Dicite
1507 4961 1652 5028 quod
1679 4963 1838 5016 vultis
1872 4979 1886 5017 :
1919 4964 1962 5017 si
1994 4964 2175 5018 lauda-

593 5051 660 5105 tis
690 5049 976 5114 medicum,
1007 5059 1061 5104 et
1089 5050 1317 5120 culpatis
1344 5059 1633 5119 aegrotum,
1662 5043 1944 5126 ostaiditis
1983 5055 2175 5109 medici

591 5141 918 5209 diligentiam
947 5149 1004 5196 et
1033 5143 1410 5210 negligentiam
1440 5143 1766 5210 aigrotantis.

663 5230 772 5283 VII.
805 5232 919 5285 Non
951 5233 1053 5286 hoc
1079 5233 1287 5297 dicitis,
1319 5232 1414 5287 sed
1445 5233 1547 5286 hoc
1593 5232 1769 5286 dicitis
1795 5234 1940 5300 quod
1968 5235 2176 5290 habetis

592 5319 645 5374 in
669 5318 890 5374 fallaciae
919 5329 1112 5375 uestra:
1140 5323 1324 5378 libello
1353 5323 1738 5392 conscriptum.
1773 5333 1796 5360 α
1830 5325 2020 5379 Omnes
2047 5344 2174 5397 quos

590 5409 684 5461 scit
703 5406 887 5477 dignos
914 5410 1080 5463 salute
1108 5413 1474 5483 redemptionis
1496 5428 1605 5466 suae
1631 5411 1793 5477 Deus,
1818 5414 1911 5468 hos
1938 5416 2008 5467 ad
2033 5417 2176 5470 salu—

590 5507 691 5554 tem
715 5497 1129 5570 prwdestinavit;
1156 5503 1246 5555 hos
1284 5513 1488 5556 tantum
1516 5504 1702 5568 salvat,
1728 5520 1850 5572 quos
1870 5521 1924 5558 se
1946 5506 2014 5558 ad
2033 5507 2174 5561 suist-

586 5597 688 5645 tem
727 5589 1122 5660 prcedestinasse
1147 5595 1432 5664 cognoscit.
1477 5595 1644 5653 Salus,
1658 5595 1797 5649 enim
1836 5595 1934 5649 Dei
1962 5614 2064 5651 non
2094 5615 2174 5653 co-

657 5715 682 5779 ξ
714 5705 808 5779 his.
831 5704 1126 5779 Augiense:
1141 5703 1231 5758 ιχ.
1253 5704 1549 5779 “alterum.
1570 5707 1764 5762 Omnes
1787 5725 1914 5779 quos
1943 5713 2059 5777 scit,
2077 5720 2183 5768 etc.

655 5773 684 5812 ιι
721 5774 818 5829 Ms.
851 5775 993 5829 idem
1025 5793 1038 5828 :
1069 5774 1380 5832 CATIIOLICI.
1407 5776 1538 5831 Hazc
1564 5786 1762 5839 vestra.
1793 5773 1906 5835 etc.

2282 4687 2382 4742 bus
2410 4687 2635 4756 gratiam
2663 4687 2999 4755 baptismatis
3029 4684 3264 4747 tradere,
3296 4690 3389 4737 aut
3418 4681 3725 4736 nolentibus
3753 4692 3868 4748 pm-

2283 4780 2520 4834 nitentia:
2548 4779 2821 4850 imponere
2852 4793 3097 4841 manum,
3143 4777 3326 4830 sciatis
3368 4791 3463 4830 vos
3508 4788 3628 4829 esse
3685 4771 3872 4827 catho-

2279 4872 2431 4928 licos.
2457 4872 2551 4927 Sin
2577 4886 2707 4926 vero
2732 4887 2833 4926 nec
2854 4870 3189 4940 baptismatis
3216 4868 3442 4938 gratiam
3466 4867 3579 4920 ausi
3608 4872 3731 4920 sunt
3757 4872 3872 4916 tra-

2279 4961 2407 5017 dere
2433 4963 2536 5017 nisi
2563 4976 2746 5016 veram
2783 4969 2838 5016 et
2879 4961 3146 5028 integram
3175 4958 3574 5028 exploraverint
3615 4954 3870 5009 volunta-

2281 5062 2410 5119 tem,
2447 5069 2544 5108 nec
2571 5069 2788 5108 manum
2833 5055 3112 5122 imponere
3141 5053 3420 5123 ptenitenti
3455 5051 3554 5105 nisi
3583 5047 3875 5105 confessio-

2283 5157 2404 5199 nem
2454 5143 2806 5197 voluntariam
2850 5142 3174 5208 ostendenti,
3222 5141 3350 5210 quid
3405 5141 3625 5195 insaniae
3680 5145 3872 5193 vestra:

2281 5235 2516 5290 vanitate
2537 5235 2751 5288 attracti
2770 5233 2946 5288 dicitis
2966 5235 3070 5290 hoc
3098 5233 3219 5288 loco
3246 5250 3257 5284 :
3285 5231 3567 5286 Antecedit
3588 5231 3758 5299 gratia
3780 5243 3874 5282 vo-

2283 5327 2580 5381 luntatem?
2606 5323 2779 5394 Major
2803 5325 3021 5396 quidem
3047 5331 3130 5379 est
3157 5324 3330 5392 gratia
3358 5323 3453 5377 Dei
3490 5336 3651 5394 quam
3681 5319 3875 5373 volun-

2279 5427 2362 5475 tas
2401 5417 2784 5482 hominis;sed
2811 5418 2960 5488 prior
3006 5424 3089 5472 est
3116 5417 3364 5472 voluntas
3405 5415 3508 5469 hoc
3555 5414 3676 5467 loco
3714 5424 3874 5480 quam

2278 5513 2467 5580 gratia.
2487 5509 2582 5564 Illa
2607 5511 2800 5564 merito
2821 5510 3093 5580 pratcedit,
3112 5510 3226 5565 haec
3245 5508 3452 5564 ordine.
3477 5505 3605 5561 Scio
3625 5504 3729 5559 hoc
3753 5496 3875 5557 loco

2277 5615 2410 5670 quas
2430 5600 2654 5655 nebulas
2676 5601 2894 5656 soleatis
2914 5601 3282 5670 ignorantibus
3308 5598 3563 5660 excitare,
3582 5603 3639 5650 et
3666 5594 3874 5649 calum-

2369 5725 2391 5753 ο
2431 5712 2527 5768 Ms.
2570 5699 2748 5768 idem:
2782 5712 2848 5766 Χ.
2881 5713 3180 5769 Ηειιετιοι.
3215 5711 3337 5766 Non
3356 5715 3432 5765 ita
3459 5721 3556 5778 est,
3587 5719 3693 5766 etc.

2371 5783 2396 5821 ἀ
2435 5783 2536 5838 Ms.
2565 5784 2705 5839 idem
2732 5803 2744 5836 :
2770 5783 3076 5840 Carnoucr.
3113 5784 3174 5838 Si
3200 5783 3268 5836 ad
3289 5782 3758 5854 comparationem,
3785 5783 3880 5832 etc
