4282 6264
376 368 480 426 645

826 307 1417 416 DRJEDESTINATUS
1454 356 1605 416 SIVE
1642 354 1971 414 PREDES'I

2075 356 2339 414 ιτοιιιιιι
2381 356 2725 427 aeneas,
2766 335 2920 413 Ere.
2963 356 3092 413 LIB.
3131 356 3219 412 ιιι.

3545 359 3651 418 σω

372 482 526 537 nioso
564 473 870 531 calliditatis
911 475 1123 543 ingenio
1173 475 1223 529 in
1261 476 1363 530 hac
1399 492 1533 532 voce
1573 478 1796 546 garrire.
1828 474 1967 532 Ecce
1994 483 2043 540 Α
2070 492 2170 532 nos
2210 493 2239 531 a
2268 479 2594 533 cruciatibus
2621 486 2834 534 aeternae
2874 482 3064 536 mortis
3092 482 3344 538 auferret.
3384 480 3654 540 Damnans

377 569 560 628 dicunt
593 587 605 622 :
636 567 793 623 Prior
821 576 902 622 est
944 568 1196 622 voluntas
1242 584 1400 639 quam
1443 571 1634 638 gratia.
1663 569 1770 626 Nos
1801 570 1853 624 in
1883 570 1966 624 his

373 661 585 720 duobus
614 659 747 715 locis
775 657 997 714 dicimus
1025 657 1261 730 priorem
1304 660 1634 716 voluntatem
1657 677 1818 731 quam
1841 677 1965 731 gra-

377 755 527 820 tiam,
560 753 614 808 in
642 751 979 824 baptismatis
1010 755 1426 820 consecutione,
1457 763 1512 810 et
1558 757 1610 810 in
1641 756 1969 825 paenitentiae

375 845 763 911 conversione;
796 852 855 898 ut
881 859 989 899 non
1016 853 1200 902 vestro
1226 847 1456 902 consilio
1500 849 1647 904 ducti
1698 851 1963 916 homines,

376 939 636 1009 incipiant
671 941 940 997 declinare
969 957 1064 998 cor
1083 959 1239 998 suum
1271 943 1336 998 ad
1378 945 1713 1000 excusandas
1741 961 1968 1002 excusa-

377 1029 555 1086 tiones
586 1031 638 1086 in
677 1034 912 1101 peccatis
943 1033 1079 1105 (Ps.
1113 1049 1233 1101 ch,
1265 1034 1363 1105 4);
1397 1035 1521 1090 dum
1552 1053 1690 1090 unus
1718 1037 1845 1092 dicit
1873 1055 1883 1090 :
1911 1037 1966 1093 Si

291 1163 293 1165 ι
375 1125 491 1179 vult
516 1125 671 1184 Deus.
714 1128 894 1182 veniet
922 1127 988 1183 ad
1019 1143 1105 1182 me
1144 1127 1475 1197 indulgentia
1507 1138 1884 1200 peccatorum;
1918 1139 1973 1186 et

376 1215 422 1269 si
444 1214 672 1270 voluerit
700 1231 787 1271 me
808 1217 863 1270 in
894 1233 1118 1273 numero
1140 1219 1316 1287 gregis
1346 1219 1428 1274 sui
1458 1220 1680 1276 addere.
1702 1221 1965 1288 Christus,

375 1302 486 1360 ﬁet.
538 1302 675 1360 Huic
723 1306 951 1363 dicimus
982 1327 994 1360 :
1045 1309 1154 1364 Nisi
1184 1311 1418 1365 volueris
1446 1327 1512 1367 ex
1545 1320 1657 1368 toto
1686 1314 1849 1368 corde
1876 1321 1969 1369 tuo

359 1394 614 1468 _credere,
649 1413 757 1452 non
790 1398 857 1452 ad
891 1407 942 1453 te
971 1400 1152 1454 veniet
1202 1400 1528 1470 indulgentia
1549 1441 1562 1466 ,
1596 1417 1770 1471 neque
1797 1405 1966 1472 gratia

372 1486 506 1552 haec,
541 1495 600 1542 ut
641 1489 818 1558 gregis
846 1489 1011 1544 divini
1039 1491 1310 1561 particeps
1339 1491 1454 1546 tias.
1485 1492 1613 1546 Item
1644 1494 1696 1546 in
1727 1494 1968 1563 peccatis

372 1576 812 1646 permanentibus
841 1577 885 1632 si
915 1578 1125 1633 dicatur
1149 1599 1160 1632 :
1187 1578 1563 1636 Paenitentiam
1591 1582 1963 1652 agite(Matth.

374 1683 452 1735 In,
478 1668 540 1734 2;
571 1652 642 1733 tv,
671 1668 795 1741 l7),
832 1680 856 1707 ι
888 1672 1285 1742 appropinquat
1337 1688 1556 1743 regnum
1587 1673 1714 1740 Dei;
1746 1675 1798 1728 hi
1847 1690 1966 1729 cum

2066 569 2133 623 de
2163 569 2304 638 ligno
2324 570 2499 625 crucis
2528 570 2730 640 lignum
2756 571 3224 642 concupiscentiae,
3256 572 3444 643 pandit
3461 573 3654 628 imma-

2070 659 2275 717 culatas
2305 675 2495 716 manus
2527 676 2627 731 pro
2653 661 2901 720 manibus
2935 662 3346 718 incontinenter
3387 663 3654 730 extensis;

2070 767 2168 818 pro
2217 754 2666 822 concupiscentiae
2711 762 2871 822 gustu
2921 770 3046 810 esca
3098 753 3235 810 fellis
3280 755 3558 826 accipitur,
3603 765 3655 813 et

2071 859 2217 898 mors
2244 845 2376 918 vita;
2395 861 2492 915 pro
2523 847 2631 900 vita
2659 848 2849 902 mortis
2871 846 3114 903 infertur.
3141 847 3305 903 Nobis
3335 849 3478 904 enim
3510 849 3654 918 vicit,

2071 950 2178 991 non
2209 936 2328 990 sibi.
2361 913 2588 1006 Semper
2617 937 2758 992 enim
2794 939 2908 1007 ipse
2939 938 3409 993 victoriosissimus
3429 939 3547 1005 fuit,
3577 948 3654 994 est

2070 1037 2126 1083 et
2149 1029 2357 1083 futurus
2380 1037 2482 1084 est.
2525 1028 2630 1084 Sed
2652 1031 2777 1099 quia
2801 1045 2900 1084 nos
2927 1045 3114 1084 omnes
3143 1030 3197 1083 in
3223 1029 3390 1084 Adam
3420 1029 3655 1100 perdidi-

2071 1134 2188 1174 mus
2207 1120 2371 1173 vitam
2394 1128 2448 1174 et
2477 1119 2801 1190 paradisum,
2827 1135 2924 1189 per
2945 1118 3218 1194 Christum
3246 1128 3300 1175 et
3329 1120 3654 1190 paradisum,

2070 1219 2126 1265 et
2151 1212 2316 1265 vitam
2370 1218 2648 1277 aeternam,
2708 1219 2762 1266 et
2812 1211 3154 1281 adoptionem
3205 1209 3433 1266 ﬁliorum
3463 1211 3577 1276 Dei,
3606 1219 3657 1266 et

2069 1316 2293 1370 regnum
2338 1302 2720 1371 consequimur
2767 1303 3172 1372 sempiternum.
3224 1302 3338 1358 Hoc
3363 1303 3507 1358 ~loco
3537 1318 3656 1356 eum

2075 1393 2166 1462 qui
2194 1393 2324 1448 dicit
2357 1412 2368 1446 :
2404 1393 2683 1449 Antecedit
2715 1395 2960 1450 voluntas
3010 1396 3242 1449 hominis
3288 1394 3514 1464 gratiam
3541 1392 3657 1460 Dei,

2075 1499 2423 1539 exsecramur
2473 1485 2841 1539 vehementer.
2875 1484 2964 1539 Sic
2994 1494 3171 1540 tamen
3213 1500 3571 1549 exsecramur,
3604 1493 3657 1539 ιιι

2076 1574 2316 1629 dicamus
2340 1575 2450 1644 jam
2499 1591 2566 1630 ex
2595 1583 2838 1644 tempore
2865 1575 3132 1646 passionis
3172 1583 3227 1630 et
3253 1574 3659 1630 resurrectionis

2076 1670 2205 1723 etin
2257 1668 2423 1724 cmlos
2471 1669 2820 1732 ascensionis,
2850 1684 2957 1739 quo
2996 1668 3107 1738 jam
3149 1669 3317 1737 gratia
3366 1668 3419 1720 in
3464 1664 3658 1720 mundo

374 1759 610 1816 dixerint
637 1777 648 1812 :
679 1757 737 1814 Si
766 1760 907 1815 Deus
936 1761 1186 1832 dignatur
1214 1763 1346 1818 dare
1374 1765 1585 1819 veniam
1627 1765 1880 1835 peccatis,
1915 1765 1968 1819 in
2002 1780 2048 1839 Β
2074 1759 2264 1815 diffusa
2294 1770 2396 1826 est,
2451 1768 2506 1814 et
2545 1760 2597 1814 in
2637 1760 2843 1830 gremio
2884 1759 3135 1816 Ecclesiae
3162 1761 3284 1816 haec
3314 1761 3455 1815 dona
3483 1760 3660 1815 omnia

377 1857 648 1921 potestate
688 1850 802 1920 ejus
847 1860 959 1919 est;
1009 1853 1090 1907 his
1131 1854 1356 1909 dicimus
1390 1873 1401 1906 :
1438 1854 1548 1909 Nisi
1595 1855 1874 1910 volueritis
1903 1871 1970 1910 ex

381 1951 499 2000 toto
527 1943 690 1998 corde
720 1953 896 2002 vestro
920 1947 1292 2016 paenitentiam
1315 1961 1496 2016 agere,
1536 1948 1604 2003 ad
1627 1963 1721 2003 vos
1761 1947 1855 2002 Dei
1886 1948 1970 2002 in-

376 2033 652 2104 dulgentia
683 2051 952 2104 nunquam
982 2037 1228 2106 attinget.
1244 2037 1301 2096 In
1318 2039 1401 2094 his
1424 2051 1551 2107 ergo
1566 2031 1770 2093 duabus
1798 2039 1974 2094 causis

361 2117 644 2183 dicimus:
679 2128 959 2184 Antecedit
999 2130 1249 2185 voluntas
1297 2131 1532 2186 hominis
1581 2133 1805 2202 gratiam
1855 2132 1970 2187 Dei.

375 2217 527 2274 Hanc
554 2219 724 2290 ipsam
755 2236 938 2282 rursus
959 2222 1296 2277 voluntatem
1326 2223 1562 2278 hominis
1583 2224 1808 2279 dicimus
1827 2240 1966 2296 quo-

376 2308 538 2363 modo
562 2309 828 2373 antecedit
844 2310 1016 2377 gratia
1032 2310 1126 2365 Dei
1145 2329 1157 2363 :
1176 2311 1302 2382 quia
1317 2327 1422 2367 non
1440 2313 1661 2367 haberet
1676 2314 1778 2368 hoc
1796 2314 1968 2384 ipsum

378 2403 535 2467 velle,
556 2402 655 2456 nisi
673 2398 990 2474 Unigenitus
1011 2403 1184 2470 nobis,
1204 2404 1272 2458 de
1300 2405 1438 2459 coelo
1464 2407 1704 2469 veniens,
1723 2407 1970 2462 omnibus

377 2491 640 2547 oﬂicinam
671 2509 779 2548 sua:
825 2493 1010 2562 gratiae
1057 2502 1368 2550 reserasset.
1403 2494 1636 2550 Veniens
1665 2497 1807 2550 enim
1865 2511 1964 2566 pro

379 2585 628 2640 omnibus
655 2585 963 2640 hominibus
988 2601 1178 2657 passus
1202 2594 1303 2641 est.
1327 2585 1468 2656 Ergo
1490 2588 1594 2643 hoc
1615 2588 1803 2642 ordine
1825 2604 1963 2659 prae-

379 2676 518 2731 cedit
539 2678 711 2747 gratia
759 2677 856 2732 Dei
898 2679 1231 2734 voluntatem
1261 2679 1512 2735 hominis.
1555 2681 1708 2747 Quod
1738 2681 1858 2735 ideo
1886 2681 1965 2735 di-

378 2768 567 2834 cimus,
616 2775 676 2822 ut
722 2770 930 2824 duobus
983 2770 1248 2840 capitibus
1299 2788 1398 2827 vos
1448 2773 1814 2828 excludamus.
1865 2772 1966 2840 Qui

378 2861 522 2916 enim
553 2861 732 2916 dicitis
765 2880 776 2913 :
811 2859 1089 2916 Antecedit
1115 2865 1287 2933 gratia
1330 2865 1681 2930 voluntatem,
1708 2867 1849 2921 bene
1876 2881 1964 2920 so-

379 2951 542 3016 natis,
576 2951 674 3005 sed
723 2951 861 3006 male
891 2953 1181 3024 percutitis.
1215 2953 1341 3009 Ideo
1370 2955 1514 3009 enim
1540 2955 1716 3010 dicitis
1751 2974 1762 3007 :
1799 2955 1965 3010 Ante-

381 3039 526 3096 cedit
563 3041 734 3110 gratia
778 3040 1124 3109 voluntatem,
1159 3051 1216 3096 ut
1253 3043 1415 3100 homo
1455 3059 1555 3100 nec
1585 3045 1802 3115 incipiat
1831 3045 1967 3100 velle

380 3131 607 3197 bonum,
640 3129 735 3185 sed
763 3135 1036 3202 ekspectet
1081 3143 1137 3187 ut
1167 3136 1428 3206 trahatur,
1469 3144 1745 3206 exspectet
1775 3146 1833 3191 ut
1861 3154 1960 3192 no-

381 3221 498 3279 lens
527 3221 618 3277 fiat
645 3215 850 3289 bonus;
885 3231 938 3278 et
969 3239 1083 3278 cum
1112 3225 1180 3279 sit
1226 3227 1428 3294 malus,
1457 3226 1600 3283 dicat
1641 3247 1651 3280 :
1684 3227 1826 3285 Deus
1860 3229 1964 3285 hoc

384 3315 511 3382 vult,
561 3315 686 3385 quia
739 3315 908 3384 gratia
952 3316 1066 3385 ejus
1110 3317 1175 3371 ad
1215 3334 1301 3372 me
1356 3334 1462 3374 non
1493 3320 1714 3375 accedit.
1760 3321 1868 3376 Nos
1907 3321 1962 3375 in

385 3403 486 3459 isto
525 3404 648 3460 loco
677 3414 732 3459 et
759 3405 914 3459 vobis
943 3413 996 3460 et
1045 3389 1118 3462 illi
1168 3409 1259 3478 qui
1307 3409 1412 3464 hoc
1452 3408 1600 3473 dicit,
1633 3412 1965 3466 occurrimus

387 3491 622 3549 dicentes
666 3493 994 3549 :Antecedit
1021 3496 1272 3550 voluntas
1317 3497 1550 3553 hominis
1576 3500 1801 3566 gratiam
1847 3498 1974 3555 Dei-

385 3579 500 3638 Non
540 3583 682 3640 enim
728 3583 861 3640 dixit
901 3584 1163 3640 Dominus
1197 3585 1530 3656 :‘Accipietis
1567 3590 1735 3658 prius,
1789 3597 1844 3643 et
1889 3591 1966 3645 sic

387 3677 581 3749 petite;
614 3677 895 3734 invenietis
924 3679 1092 3749 prius,
1125 3685 1179 3734 et
1199 3680 1278 3733 sic
1297 3680 1546 3746 quaerite;
1579 3681 1851 3750 aperietur
1870 3697 1968 3736 vo-

386 3766 466 3822 bis
485 3768 650 3840 prius,
682 3776 736 3824 et
763 3768 840 3824 sic
867 3764 1110 3840 p'ulsate;
1143 3769 1236 3823 sed
1277 3769 1413 3824 dixit
1446 3788 1457 3822 :
1486 3769 1652 3824 Petite
1689 3779 1737 3824 et
1764 3770 1968 3824 dabitur

389 3858 542 3924 vobis,
567 3862 779 3932 quaerite
804 3869 854 3915 et
882 3863 1169 3927 invenietis,
1203 3861 1404 3933 pulsate
1441 3871 1490 3916 et
1529 3863 1785 3934 aperietur
1804 3861 1962 3931 uobis.

389 3947 570 4004 Omnis
600 3954 732 4005 enim
773 3955 857 4026 qui
886 3955 1011 4025 petit
1061 3955 1249 4026 accipit
1293 3953 1507 4028 (Matth.
1541 3971 1630 4020 vn,
1689 3955 1739 4021 7,
1771 3954 1847 4024 8).
1878 3954 1967 4009 Di-

389 4041 561 4096 cendo
589 4044 773 4110 omnis,
803 4045 1106 4112 generalem
1136 4061 1351 4101 causam
1392 4047 1640 4112 instituit,
1674 4054 1727 4102 et
1775 4047 1972 4116 praede-

389 4133 696 4190 stinationis
721 4149 828 4188 sum
850 4136 1231 4204 specialitatem
1254 4138 1482 4192 exclusit
1509 4156 1520 4190 :
1553 4145 1608 4194 et
1635 4138 1861 4193 dicendo
1882 4141 1969 4210 qui

385 4223 516 4296 petit
535 4224 742 4294 accipit,
775 4224 1007 4294 priorem
1035 4227 1362 4283 voluntatem
1413 4229 1665 4294 hominis,
1687 4245 1846 4299 quam
1876 4229 1972 4285 do-

388 4327 515 4366 num
541 4313 726 4384 gratize
751 4313 1155 4371 demonstravit.
1188 4315 1254 4371 Et
1282 4326 1458 4373 tamen
1493 4319 1550 4372 lit
1602 4320 1751 4388 prior
1778 4310 1969 4372 volun-

2073 1849 2265 1904 divina:
2292 1851 2478 1920 gratiae
2520 1850 2813 1917 collocata;
2845 1852 2936 1921 qui
2986 1868 3092 1906 non
3124 1852 3419 1907 cucurrerit
3457 1851 3523 1906 ad
3561 1853 3659 1907 ista

2072 1950 2222 1996 tanta
2251 1941 2392 1996 dona
2419 1941 2540 2008 Dei,
2587 1950 2642 1996 et
2676 1943 2810 2012 ipse,
2855 1959 2961 1997 non
3015 1942 3216 1998 vadens
3262 1942 3328 1996 ad
3369 1941 3659 2001 Ecclesiam

2074 2033 2190 2101 Dei,
2218 2042 2496 2105 exspectet
2517 2044 2575 2090 ut
2602 2035 2668 2090 ad
2698 2037 2871 2106 ipsum
2902 2037 3078 2091 veniat
3107 2035 3344 2092 Ecclesia
3375 2035 3491 2102 Dei,
3525 2038 3658 2095 dici-

2076 2143 2194 2182 mus
2226 2128 2367 2182 hunc
2395 2128 2662 2182 insanum.
2696 2128 2752 2182 In
2795 2129 2898 2183 hoc
2926 2129 3046 2184 loco
3072 2129 3298 2184 dicimus
3324 2129 3408 2183 his
3447 2138 3501 2184 et
3541 2131 3659 2184 tali-

2075 2219 2175 2275 bus
2210 2217 2431 2272 :Gratia
2459 2217 2576 2283 Dei,
2610 2220 2812 2290 absque
2845 2235 3195 2289 personarum
3225 2209 3559 2290 acceptione,
3604 2221 3654 2274 in
3731 2285 3738 2294 '

2075 2310 2279 2377 gremio
2321 2317 2400 2364 est
2430 2309 2691 2364 collocata
2722 2309 3003 2375 Ecclesia;
3049 2311 3094 2365 si
3123 2311 3242 2380 quis
3285 2327 3400 2365 eam
3433 2311 3658 2366 voluerit

2076 2417 2337 2473 quaerere,
2366 2402 2607 2468 invenit;
2637 2403 2680 2457 Si
2709 2403 2828 2472 quis
2854 2404 2922 2458 ad
2965 2419 3084 2459 eam
3113 2405 3424 2475 pulsaverit,
3455 2406 3659 2476 aperie-

2080 2503 2167 2550 tur
2211 2495 2292 2560 ei;
2354 2493 2660 2550 nolentibus
2707 2503 2926 2560 autem,
2957 2504 3048 2549 aut
3092 2495 3271 2566 tepide
3320 2496 3658 2563 volentibus,

2080 2587 2252 2655 gratia
2329 2585 2508 2640 divina
2585 2601 2695 2640 non
2747 2587 2957 2652 datur;
3017 2586 3309 2641 secundum
3394 2587 3444 2640 id
3518 2587 3660 2657 quod

2077 2676 2352 2749 Philippus
2394 2676 2670 2748 apostolus
2737 2677 2868 2732 dicit
2927 2677 3151 2747 spadoni
3199 2696 3209 2730 :
3273 2676 3334 2731 Si
3377 2677 3542 2730 credis
3595 2691 3680 2730 ea:

2077 2777 2186 2824 toto
2208 2768 2363 2823 corde
2385 2777 2492 2835 tuo,
2516 2769 2633 2823 licet
2658 2777 2716 2821 ut
2744 2769 3020 2838 b’aptizeris
3049 2767 3183 2838 (Act.
3217 2784 3326 2834 vm,
3358 2768 3470 2838 57).
3501 2767 3654 2822 Velle

2066 2858 2222 2912 enim
2276 2865 2520 2913 nostrum
2570 2875 2677 2913 non
2745 2858 2972 2913 exclusit
3018 2858 3188 2925 gratia
3233 2899 3247 2924 ,
3316 2857 3408 2913 sed
3464 2858 3654 2912 incita-

2079 2947 2192 3014 vit,
2247 2956 2303 3002 et
2350 2947 2705 3002 dormientem
2753 2947 2992 3016 quotidie
3052 2947 3254 3002 excitat
3301 2948 3653 3002 voluntatem.

2075 3035 2193 3092 Jam
2223 3053 2351 3108 ergo
2380 3039 2550 3106 gratia
2569 3039 2768 3109 posita,
2792 3039 2930 3093 sicut
2958 3039 3216 3108 scriptum
3239 3045 3340 3105 est,
3382 3038 3436 3092 in
3480 3037 3657 3092 medio

2073 3139 2228 3186 terrae
2277 3132 2518 3185 clamat:
2555 3130 2740 3186 Venite
2784 3130 2996 3201 (Matth.
3050 3147 3121 3196 xi,
3171 3129 3286 3200 28),
3344 3130 3431 3184 hic
3479 3145 3658 3185 sermo

2069 3224 2163 3280 Dei
2193 3225 2448 3295 anticipat
2477 3224 2782 3278 venientem
2809 3241 2822 3290 ;
2848 3223 3035 3292 petite,
3082 3222 3170 3278 hic
3197 3237 3375 3277 sermo
3404 3222 3659 3291 anticipat

2069 3316 2399 3388 petiturum;
2459 3315 2701 3386 quaerite,
2753 3314 2840 3368 hic
2878 3328 3055 3367 sermo
3103 3312 3360 3381 anticipat
3400 3313 3655 3382 quresitu-

2071 3426 2224 3475 rum;
2283 3409 2513 3478 pulsate,
2561 3408 2648 3462 hic
2691 3421 2869 3462 sermo
2917 3405 3177 3476 anticipat
3214 3406 3564 3474 pulsaturum.
3599 3404 3658 3460 Si

2073 3500 2348 3572 quaesierit
2391 3500 2554 3553 homo
2591 3507 2645 3552 et
2684 3497 2967 3561 invenerit,
3010 3496 3193 3565 gratiae
3241 3494 3333 3549 Dei
3372 3502 3485 3560 est;
3530 3495 3653 3563 quia

2074 3591 2216 3646 Deus
2245 3591 2489 3644 invitavit
2521 3596 2581 3643 ut
2607 3602 2894 3657 quaereres,
2928 3586 3068 3640 Deus
3098 3584 3222 3639 fecit
3262 3591 3319 3638 ut
3348 3582 3650 3638 invenires:

2076 3680 2121 3733 si
2152 3696 2259 3734 non
2282 3681 2577 3749 qutesieris,
2606 3692 2705 3732 nec
2737 3677 3008 3740 invenies;
3044 3675 3148 3728 hoc
3176 3674 3330 3728 liberi
3352 3673 3555 3727 arbitrii
3582 3675 3655 3728 tui
3704 3684 3710 3689 '

2075 3775 2176 3824 est.
2208 3767 2434 3822 Tantam
2454 3768 2595 3823 enim
2625 3765 2788 3819 habes
2811 3764 2965 3818 liberi
2995 3762 3198 3817 arbitrii
3223 3768 3568 3831 potestatem,
3598 3769 3659 3815 ut

2076 3865 2130 3912 et
2157 3866 2438 3914 vocantem
2467 3857 2751 3913 Dominum
2774 3864 2921 3911 tuum
2940 3862 3286 3910 contemnere
3315 3855 3654 3924 praevaleres.

2075 3948 2389 4022 Quicunque
2417 3965 2544 4020 ergo
2569 3951 2822 4016 salvatur,
2851 3949 3034 4017 gratim
3074 3947 3168 4002 Dei
3205 3954 3308 4014 est,
3338 3948 3429 4017 qui
3457 3954 3516 4000 ut
3539 3946 3654 4001 vel-

2073 4043 2153 4098 les
2182 4045 2450 4111 instituit;
2482 4043 2574 4112 qui
2603 4050 2657 4097 et
2695 4059 2790 4114 per
2813 4041 3122 4112 prophetas,
3154 4046 3208 4094 et
3237 4054 3334 4109 per
3365 4053 3443 4102 se,
3475 4044 3532 4092 et
3558 4051 3654 4107 per

2075 4135 2349 4204 apostolos
2377 4149 2504 4189 suos
2532 4133 2771 4203 quotidie
2800 4140 2853 4188 te
2882 4133 3069 4187 invitat
3109 4138 3166 4185 ut
3189 4130 3359 4196 velis;
3391 4129 3436 4184 si
3465 4128 3650 4205 volue-

2074 4225 2147 4279 ris
2175 4233 2229 4280 et
2257 4225 2507 4289 audieris,
2532 4239 2650 4294 quae
2679 4226 2820 4280 bona
2840 4232 2966 4278 sunt
2992 4230 3150 4279 teme
3178 4223 3316 4277 illius
3335 4230 3536 4277 aeterna
3565 4235 3654 4276 su-

2073 4313 2286 4383 scipies.
2319 4313 2460 4382 Ergo
2490 4323 2544 4368 et
2570 4313 2714 4384 quod
2750 4314 2831 4368 vis
2857 4313 2952 4368 Dei
2981 4321 3080 4377 est,
3118 4321 3172 4368 et
3210 4311 3352 4383 quod
3386 4312 3524 4382 petis
3556 4311 3654 4366 Dei

389 4409 472 4457 tas
499 4403 730 4459 hominis
758 4408 1127 4474 quam'gratia,
1156 4407 1212 4460 fit
1238 4415 1293 4462 et
1319 4409 1469 4478 prior
1495 4408 1587 4463 Dei
1613 4411 1781 4476 gratia
1809 4425 1968 4478 quam
2003 4395 2049 4453 D
2075 4413 2176 4469 est,
2209 4413 2263 4458 et
2289 4406 2433 4473 Quod
2473 4407 2820 4475 consequeris
2855 4405 2950 4461 Dei
2993 4412 3092 4472 est,
3125 4406 3248 4476 quia
3277 4405 3331 4459 in
3359 4403 3462 4459 hac
3504 4412 3658 4473 parte

390 4492 657 4547 voluntas.
689 4494 804 4550 Non
835 4497 977 4550 enim
1006 4513 1103 4553 nos
1127 4498 1319 4553 ivimus
1348 4498 1415 4552 ad
1444 4498 1697 4553 Sanctum
1727 4509 1972 4569 peceato-

389 4595 500 4649 res,
533 4583 625 4637 sed
656 4583 720 4637 ad
766 4593 1076 4653 peccatores
1103 4586 1333 4643 Sanctus
1362 4588 1604 4653 advenit;
1637 4605 1736 4643 nec
1762 4605 1859 4644 nos
1886 4606 1974 4644 ro-

390 4675 632 4746 gavimus
666 4683 724 4728 ut
753 4675 978 4751 veniret,
1010 4679 1104 4732 sed
1152 4695 1256 4733 non
1302 4688 1519 4748 rogatus
1547 4679 1794 4744 advenit;
1838 4688 1892 4734 et
1916 4689 1976 4734 ut

391 4759 704 4820 {Scenderet
731 4767 798 4820 ad
828 4767 996 4822 Deum
1016 4769 1199 4833 homo,
1229 4767 1371 4824 Deus
1398 4770 1674 4825 descendit
1702 4770 1767 4823 ad
1797 4771 1971 4824 homi-

392 4871 541 4921 nem;
575 4857 869 4913 exinanivit
909 4874 999 4923 se,
1041 4869 1102 4914 ut
1131 4875 1228 4916 nos
1255 4861 1516 4931 repleret;
1548 4862 1846 4916 humiliavit
1891 4878 1970 4929 se,

391 4955 450 5000 ut
477 4963 574 5002 nos
600 4947 865 5004 exaltaret
887 4967 901 5016 ;
926 4965 1129 5022 pauper
1149 4951 1319 5006 factus
1340 4959 1441 5016 est,
1468 4961 1527 5006 ut
1551 4968 1650 5007 nos
1676 4952 1869 5008 divites
1896 4952 1974 5008 fa-

393 5043 566 5102 ceret;
588 5039 776 5093 esuriit
793 5039 949 5108 panis
969 5041 1141 5107 vivus,
1173 5049 1232 5095 ut
1258 5057 1356 5098 nos
1394 5043 1668 5110 reticeret;
1699 5043 1829 5098 sitiit
1856 5043 1975 5100 fons

390 5128 660 5193 perennis,
691 5136 754 5182 ut
780 5144 879 5184 nos
895 5130 1076 5185 aridos
1095 5131 1334 5187 mellitlui
1359 5142 1414 5188 et
1439 5134 1626 5188 aeterni
1653 5135 1812 5190 fontis
1831 5135 1974 5190 unda

391 5215 775 5286 perfunderet:
811 5228 989 5277 tentus
1017 5231 1117 5289 est,
1151 5231 1210 5278 ut
1251 5241 1349 5281 nos
1376 5226 1800 5294 dimitteremur;
1845 5229 1975 5297 liga-

391 5315 477 5362 tus
506 5318 605 5375 est,
635 5319 696 5365 ut
722 5327 823 5367 nos
849 5314 1220 5381 salvaremur;
1250 5317 1498 5371 venditus
1526 5325 1628 5385 est,
1659 5327 1718 5372 ut
1746 5334 1846 5373 nos
1882 5333 1970 5373 re-

390 5398 647 5467 dimeret;
671 5403 912 5472 spineam
939 5421 1198 5460 coronam
1223 5408 1431 5477 accepit
1462 5408 1514 5461 in
1543 5410 1738 5478 capite,
1773 5416 1833 5462 ut
1861 5409 1974 5478 spi-

393 5507 490 5547 nas
517 5503 572 5549 et
599 5495 828 5552 tribulos
860 5500 1047 5568 prima:
1072 5499 1464 5564 maledictionis
1490 5502 1751 5572 eriperet;
1782 5517 1976 5572 exspo-

304 5604 308 5607 ν
394 5581 554 5639 liatus
571 5593 680 5653 est,
701 5593 763 5644 ut
786 5602 890 5645 nos
913 5589 1162 5656 vestiret;
1193 5590 1250 5645 in
1291 5605 1451 5669 cruce
1477 5593 1769 5662 suspensus
1793 5599 1893 5660 est,
1917 5600 1978 5646 ut

469 5762 500 5793 ⁸
534 5752 639 5811 Is.
666 5756 960 5827 Augiense,
985 5760 1428 5834 appmpiuquabit
1445 5765 1606 5818 enirn.

2073 4495 2327 4564 anticipat
2354 4486 2523 4564 gratia
2545 4498 2901 4571 voluntatem.
2926 4497 3173 4553 Nescires
3189 4498 3329 4553 enim
3353 4495 3480 4566 quid
3501 4495 3656 4561 velis,

2074 4587 2174 4642 nisi
2205 4595 2255 4642 te
2284 4589 2398 4657 ipse
2428 4595 2482 4642 et
2501 4603 2600 4658 per
2629 4604 2686 4644 se
2708 4598 2762 4643 et
2787 4604 2883 4659 per
2909 4605 3034 4645 suos
3073 4596 3312 4655 vocaret,
3338 4596 3393 4644 et
3420 4595 3480 4643 ut
3504 4596 3660 4658 pete-

2075 4695 2184 4744 res,
2216 4687 2270 4733 et
2316 4679 2548 4747 qualiter
2583 4689 2818 4750 peteres,
2872 4681 3143 4736 edoceret.
3194 4680 3250 4735 Si
3289 4681 3364 4733 ita
3402 4688 3503 4743 est,
3534 4678 3658 4747 quid

2074 4787 2218 4827 nunc
2247 4770 2502 4826 faciemus
2529 4773 2595 4828 de
2630 4780 2682 4828 te
2711 4774 2803 4842 qui
2840 4789 2945 4828 non
2981 4773 3165 4843 petis?
3192 4772 3334 4826 Deus
3368 4778 3423 4827 te
3451 4771 3653 4835 noluit,

2072 4869 2166 4917 aut
2195 4870 2250 4916 tu
2280 4863 2498 4918 noluisti
2525 4863 2754 4919 Deum?
2797 4865 2938 4920 Deus
2985 4873 3041 4920 te
3083 4865 3257 4920 noluit
3284 4863 3483 4918 bonum
3530 4875 3661 4929 ope-

2074 4953 2202 5020 rari,
2235 4961 2327 5007 aut
2361 4961 2420 5008 tu
2453 4955 2669 5010 noluisti
2718 4957 2919 5012 bonum
2967 4957 3178 5027 operari
3209 4957 3231 5008 ‘t
3267 4954 3409 5009 Deus
3455 4959 3508 5004 te
3557 4965 3656 5003 no-

2078 5045 2177 5101 luit
2204 5061 2325 5102 esse
2348 5045 2570 5117 justum,
2602 5057 2694 5104 aut
2721 5058 2777 5104 tu
2816 5049 3032 5106 noluisti
3061 5063 3179 5103 esse
3202 5043 3423 5113 justus?
3449 5040 3576 5094 Ideo
3607 5047 3661 5096 to

2073 5135 2367 5206 interrogo,
2418 5155 2452 5193 0
2501 5141 2836 5196 sanctissime
2879 5137 3302 5208 praedestinator,
3354 5141 3412 5185 ut
3437 5145 3602 5185 unum
3630 5129 3662 5186 e

2075 5225 2285 5282 duobus
2322 5227 2506 5286 facias.
2575 5233 2680 5287 Aut
2733 5230 2875 5284 enim
2932 5224 3186 5280 fateberis
3243 5231 3296 5277 te
3341 5223 3513 5289 vinci,
3570 5231 3662 5279 aut

2077 5318 2246 5374 Deum
2301 5322 2676 5392 blasphemare
2717 5317 3070 5377 convinceris.
3111 5315 3168 5370 Si
3219 5317 3360 5371 enim
3397 5316 3663 5386 permittis

2080 5419 2135 5466 te
2161 5413 2322 5479 vinci,
2353 5414 2437 5468 dic
2468 5416 2746 5469 nobiscum
2779 5429 2792 5463 :
2821 5409 2994 5464 Homo
3016 5409 3194 5464 noluit
3221 5410 3441 5474 bonum,
3466 5415 3520 5463 et
3541 5407 3663 5462 ideo

2081 5503 2256 5558 malus
2284 5512 2396 5572 est;
2427 5506 2553 5575 quia
2581 5505 2627 5558 si
2673 5502 2905 5558 voluerit
2927 5506 3111 5571 petere
3138 5499 3350 5556 dabitur
3393 5500 3443 5554 ei
3491 5498 3660 5568 gratia

2081 5592 2200 5652 Dei.
2230 5595 2366 5652 Cum
2386 5597 2493 5652 hoc
2517 5595 2736 5660 dixeris,
2774 5594 2871 5651 das
2893 5609 3084 5656 manus
3110 5593 3452 5657 fraternitati,
3486 5597 3542 5648 et
3567 5601 3660 5660 per
