4238 6260
632 276 735 333 647
774 254 785 262 ’

1620 245 2013 325 'ANONYMUS
2050 263 2324 326 AUCTOR
2364 262 2905 322 persuasum“.

3823 265 3929 324 6&8

633 393 991 449 reverentiam
1023 399 1076 446 te
1103 389 1300 446 Deitati
1335 389 1620 445 concilias.
1661 388 1719 443 Si
1748 398 1931 445 autem
1971 388 2172 445 dixeris
2211 405 2224 441 :
2257 398 2304 455 Α
2333 385 2361 424 ά
2402 385 2541 453 Quid
2584 395 2765 443 autem
2807 401 2953 441 nunc
3000 384 3145 442 dicat
3187 383 3325 442 liber
3368 366 3789 444 Prtedestinstus
3828 403 3930 444 au-

631 481 758 542 ldco
784 484 954 538 malus
977 490 1079 549 est,
1111 482 1236 550 quia
1254 481 1398 536 Deus
1425 481 1529 536 hoc
1558 480 1746 546 voluit,
1775 496 1883 535 non
1912 480 2036 550 quia
2060 479 2223 534 homo

633 577 838 642 noluit,
872 573 1119 645 probaris
1144 573 1548 644 blasphemasse
1586 571 1778 637 Deum,
1824 586 1985 640 quem
2026 569 2222 624 malum

632 668 771 724 velle
814 662 1119 731 conﬁrmas,
1162 672 1217 720 et
1263 680 1486 720 necesse
1515 665 1620 719 erit
1657 672 1717 719 ut
1761 663 2223 733 blasphemantem

631 759 801 815 Deum
849 757 1267 812 anathematizet
1314 755 1576 812 Ecclesia.

702 851 793 905 ιχ.
835 850 1086 905 Dicamus
1109 865 1251 903 nunc
1276 864 1394 918 qua:
1423 857 1720 918 sequuntur
1749 848 1870 902 libri
1898 847 2064 901 vestri
2093 845 2224 900 falsa

633 951 958 1000 commenta.
986 952 1008 976 "
1041 939 1198 993 Errat
1229 941 1312 1010 qui
1342 956 1397 993 se
1424 948 1571 1010 putat
1594 938 1811 992 colendo
1843 936 2031 990 bonum
2053 952 2228 1006 perve—

632 1037 746 1090 nire
774 1033 841 1086 ad
869 1030 1151 1096 Christum,
1185 1047 1301 1083 cum
1325 1032 1433 1100 ipse
1463 1029 1700 1083 Christus
1721 1029 1861 1082 dicat
1889 1045 1905 1081 :
1940 1027 2110 1082 Nemo
2140 1044 2226 1081 ve-

631 1126 709 1182 nit
734 1126 802 1180 ad
832 1142 929 1186 me,
963 1124 1066 1177 nisi
1095 1138 1246 1194 quem
1276 1120 1438 1174 Pater
1464 1121 1740 1174 attraxerit
1777 1119 1956 1190 (Joan.
2000 1135 2068 1185 vr,
2110 1116 2227 1188 44).

637 1216 738 1282 Qui
764 1217 944 1270 melius
969 1231 1000 1267 a
1016 1213 1220 1267 Christo
1243 1212 1447 1283 sapitis,
1470 1212 1624 1265 dicite
1645 1212 1691 1265 si
1719 1212 1958 1264 mentitus
1974 1218 2048 1264 est
2078 1209 2230 1264 Chri-

632 1318 763 1373 stus,
793 1318 839 1360 et
861 1308 934 1359 ita
964 1305 1168 1358 demum
1197 1303 1412 1356 asserite
1443 1319 1536 1356 nos
1566 1312 1744 1356 contra
1772 1300 1964 1355 Christi
1995 1301 2230 1372 regulam

630 1402 787 1454 istam
815 1396 842 1434 ι)
873 1397 1052 1466 ﬁxisse
1087 1396 1415 1449 sententiam.
1457 1393 1518 1447 Si
1553 1394 1693 1446 enim
1720 1409 1891 1446 verum
1921 1393 2052 1445 dixit
2087 1390 2232 1445 Chri-

630 1500 774 1554 stus,
816 1505 919 1542 non
990 1487 1269 1540 mentimur
1335 1484 1469 1556 quod
1533 1484 1751 1537 dicimus
1833 1482 2229 1552 prwdestinatos

634 1581 769 1636 trahi
821 1580 887 1632 ad
936 1580 1119 1642 vitam,
1182 1578 1304 1646 quia
1354 1578 1458 1630 vita
1511 1577 1619 1645 ipse
1662 1583 1758 1629 est.
1796 1586 1816 1613 ε
1845 1574 1961 1629 Non
2008 1583 2091 1629 est
2134 1590 2231 1630 no-

630 1686 757 1727 vum
830 1671 980 1726 vocis
1026 1683 1160 1724 sono
1209 1666 1381 1737 decipi
1436 1682 1593 1737 posse
1652 1666 1863 1721 stultos.
1919 1664 2008 1720 Sic
2063 1680 2232 1721 vanus

2326 478 2459 533 dite.

2398 569 2464 625 X.
2511 567 2660 634 Quod
2688 571 2736 625 si
2757 577 3007 642 aggravat
3033 585 3121 624 vos
3142 568 3218 624 vis
3251 561 3532 626 testimonii
3551 571 3854 643 euangelici,
3881 580 3928 626 et

2325 679 2430 717 non
2459 663 2671 733 potestis
2705 660 2980 732 aggravati
3016 661 3247 732 pondere
3289 663 3562 718 sententia:
3606 659 3756 718 nobis
3803 663 3928 717 dare

2326 770 2629 825 responsum
2653 795 2666 819 ,
2715 753 2902 806 saltem
2945 754 3181 823 Apostoli
3229 753 3379 806 nobis
3406 754 3688 825 explanate
3716 762 3928 808 senten-

2329 845 2476 906 tiam,
2509 845 2595 916 qui
2623 841 2795 897 dicit:
2828 841 2953 897 Non
2973 851 3048 896 est
3073 843 3289 898 volentis
3317 861 3477 914 neque
3523 846 3804 910 currentis,
3837 845 3926 900 sed

2329 937 2613 992 miserentis
2635 945 2710 990 est
2729 934 2827 989 Dei
2848 934 3025 1007 (Rom.
3051 953 3124 1003 ιι,
3151 935 3259 1006 16).
3288 945 3312 974 θ
3342 936 3451 992 Nos
3469 945 3525 992 et
3553 938 3924 1006 evangelicum

2330 1028 2698 1083 testimonium
2744 1028 2887 1082 veris
2931 1027 3320 1082 assertionibus
3354 1025 3374 1065 ί
3407 1027 3820 1096 declaravimus,
3871 1036 3924 1084 et

2330 1119 2490 1173 istam
2517 1119 2662 1173 beati
2691 1115 2842 1173 Pauli
2870 1119 3194 1173 sententiam
3235 1117 3473 1174 evidenti
3517 1119 3922 1175 manifestamus

2331 1208 2612 1264 instinctu.
2643 1206 2799 1262 Prius
2845 1215 3025 1262 tamen
3055 1217 3294 1263 vestrum
3336 1223 3556 1263 sensum
3598 1209 3921 1279 delegimus,

2333 1309 2390 1355 ut
2418 1315 2513 1354 cur
2553 1316 2584 1353 a
2627 1300 2780 1354 vobis
2819 1309 3147 1370 usurpentur
3193 1307 3376 1355 sancta
3425 1301 3732 1356 testimonia
3771 1302 3924 1357 dete-

2333 1402 2561 1448 stentur.
2582 1393 2758 1448 Vultis
2785 1393 2930 1448 enim
2952 1401 3010 1446 ut
3036 1408 3194 1448 nemo
3223 1393 3352 1449 velit
3379 1393 3601 1462 bonum,
3615 1409 3774 1450 nemo
3796 1409 3924 1449 cur-

2333 1496 2416 1543 rat
2443 1487 2508 1542 ad
2535 1487 2755 1554 bonum,
2779 1486 2874 1541 sed
2898 1486 3042 1540 dicat
3064 1487 3118 1540 in
3147 1486 3309 1541 corde
3347 1502 3446 1542 suo
3471 1505 3484 1540 :
3515 1487 3924 1554 Quantumcun-

2332 1594 2438 1648 que
2483 1579 2677 1645 velim,
2719 1585 3196 1646 quantumcunque
3242 1593 3456 1632 curram
3481 1617 3496 1643 ,
3542 1577 3676 1632 nihil
3724 1578 3920 1649 poterit

2333 1670 2590 1742 prodesse
2617 1669 2840 1734 volenti,
2863 1668 2995 1722 nihil
3020 1668 3221 1738 poterit
3241 1668 3498 1738 prodesse
3521 1669 3779 1724 currenti.
3805 1668 3920 1726 Non

633 1765 812 1829 Arius.
834 1773 1051 1821 secutus
1078 1764 1224 1818 VOCiS
1249 1777 1482 1827 εοιιυιιις
1514 1761 1643 1816 ἀίοίι
1688 1759 1825 1815 Filio
1857 1757 2075 1814 Patrem
2099 1759 2226 1832 .ejus
2255 1769 2305 1830 B
2330 1772 2413 1820 est
2441 1764 2583 1819 enim
2624 1762 2859 1818 volentis
2895 1776 3072 1830 neque
3119 1749 3385 1816 curretitis
3406 1802 3420 1828 ,
3471 1760 3566 1816 sed
3615 1761 3919 1817 miserentis

631 1872 752 1912 esse
781 1855 1064 1925 majorem.
1098 1853 1164 1908 Et
1192 1855 1297 1909 hoc
1321 1852 1452 1907 dicit
1487 1852 1659 1918 nobis,
1691 1850 1837 1921 quod
1873 1851 2051 1906 dicitis
2078 1865 2174 1905 vos
2207 1868 2219 1902 :

630 1945 688 2002 Si
719 1947 819 2017 ipsi
852 1947 960 2000 tilio
1000 1945 1237 2009 creditis,
1266 1945 1439 2014 ipsum
1486 1943 1686 1998 audite.
1734 1941 1876 1997 Dicit
1922 1942 2064 1997 enim
2101 1942 2224 2014 quia

630 2038 794 2095 Pater
819 2039 987 2109 major
1015 2054 1095 2092 me
1124 2045 1199 2090 est
1229 2035 1407 2107 (Joau.
1443 2051 1552 2100 xxv,
1579 2033 1694 2104 28).
1725 2032 1886 2088 Vocis
1912 2049 2105 2089 sonum
2132 2033 2224 2102 qui

631 2129 876 2197 attendit,
932 2130 1072 2184 sicut
1099 2128 1420 2182 Arianorum
1451 2127 1662 2190 haeresi,
1705 2126 1782 2180 sic
1804 2123 2222 2180 Pracdestinato-

631 2235 749 2278 rum
772 2221 996 2276 vanitati
1023 2219 1383 2288 conjungitur.
1407 2217 1536 2284 Quis
1565 2217 1707 2272 enim
1738 2217 1944 2271 nesciat
1968 2233 2076 2271 non
2099 2232 2224 2286 pos-

631 2330 693 2371 se
708 2315 890 2369 venire
905 2312 970 2367 ad
984 2311 1198 2374 Filium,
1219 2312 1319 2365 nisi
1340 2325 1500 2379 quem
1518 2317 1672 2380 pater
1684 2309 2004 2364 attraxerit?
2021 2307 2223 2363 Tamen

632 2413 760 2460 ante
802 2419 964 2474 quam
994 2403 1098 2458 loci
1137 2402 1290 2458 istius
1319 2401 1590 2456 occultum
1628 2400 1945 2471 mysterium
1986 2414 2084 2470 per
2123 2415 2230 2462 nos,

631 2496 891 2553 Dominus
905 2493 1229 2560 manifestet,
1257 2509 1474 2549 sensum
1494 2500 1735 2548 vestrum
1756 2491 2072 2560 detegimus.
2095 2490 2222 2545 Ideo

633 2590 778 2646 enim
805 2588 982 2644 dicitis
1005 2587 1109 2642 hoc
1137 2586 1525 2649 testimonium,
1578 2592 1636 2638 ut
1674 2583 1853 2640 nullus
1890 2583 2094 2637 monita
2136 2598 2223 2636 sa-

633 2681 911 2738 cerdotum
939 2679 1179 2735 studiosa
1209 2692 1341 2732 aure
1369 2677 1645 2746 suscipiat,
1687 2674 1865 2729 nullus
1913 2672 2129 2729 festinet
2156 2673 2224 2727 ad

633 2776 821 2835 matris
845 2773 1100 2829 Ecclesia:
1123 2771 1405 2840 gremium,
1431 2777 1486 2824 et
1513 2769 1741 2824 duorum
1775 2774 2221 2822 testamentorum

649 2866 886 2922 iberibus
926 2863 1229 2927 coalescat;
1281 2875 1470 2916 omnes
1513 2859 1721 2929 fugiant
1754 2858 1973 2912 domum
2018 2856 2134 2922 Dei,
2168 2864 2224 2910 et

649 2958 756 3026 [uis
785 2954 853 3009 ad
881 2954 1026 3023 quod
1053 2953 1284 3009 voluerit
1325 2953 1513 3006 vitium
1556 2958 1870 3021 occupetur,
1905 2955 2224 3018 exspectans

648 3045 854 3119 (nando
884 3047 1061 3100 mittat
1088 3060 1303 3100 manum
1324 3052 1478 3115 pater
1507 3043 1574 3097 de
1603 3043 1772 3110 caelis,
1802 3049 1863 3095 ut
1891 3056 2012 3095 eum
2043 3040 2222 3093 trahat

2328 1864 2411 1912 est
2441 1855 2558 1911 Dei.
2591 1853 2701 1910 Nos
2728 1861 2907 1908 autem
2933 1851 3224 1906 asserimus
3251 1852 3524 1907 neminem
3552 1853 3779 1921 gratiam
3823 1851 3918 1908 Dei

2327 1948 2622 2019 consequi,
2671 1947 2772 2001 nisi
2813 1945 2907 2014 qui
2950 1959 3018 1999 ex
3065 1941 3168 1998 ﬁde
3215 1943 3556 1998 cucurrerit:
3589 1958 3747 2012 quam
3788 1941 3916 1997 dum

2326 2041 2488 2096 fuerit
2508 2047 2847 2103 consecutus,
2873 2035 3117 2106 Apostoli
3137 2035 3354 2090 monitis
3375 2034 3691 2106 prohibetur
3709 2033 3914 2089 extolli.

2325 2134 2443 2190 Non
2469 2133 2613 2187 enim
2655 2129 2948 2186 secundum
2995 2141 3211 2182 cursum
3249 2135 3305 2182 et
3346 2124 3639 2181 secundum
3669 2125 3915 2180 volunta-

2326 2233 2436 2280 tem
2461 2239 2634 2288 suam,
2666 2221 2874 2291 accepit
2900 2221 3130 2290 gratiam
3159 2218 3274 2272 Dei.
3323 2215 3524 2272 Cursus
3563 2216 3709 2271 enim
3736 2224 3792 2271 et
3819 2231 3914 2271 vo-

2304 2306 2504 2372 luntas
2533 2316 2670 2385 ejus,
2701 2313 2948 2384 quamvis
2977 2314 3033 2368 in
3061 2325 3256 2381 magno
3285 2312 3412 2377 sint,
3446 2309 3694 2380 quamvis
3719 2308 3772 2363 in
3800 2324 3914 2362 am-

2324 2408 2414 2479 plo
2444 2409 2569 2472 sint,
2604 2415 2786 2460 tamen
2805 2419 3114 2460 mensuram
3143 2403 3378 2469 habent,
3411 2401 3508 2458 Dei
3533 2411 3719 2456 autem
3745 2401 3915 2479 gratia

2325 2515 2631 2557 mensuram
2664 2515 2772 2554 non
2797 2498 2981 2554 habet.
3007 2495 3076 2551 Et
3116 2496 3257 2563 ideo,
3289 2496 3416 2551 dum
3457 2495 3620 2550 etiam
3665 2494 3731 2549 ad
3762 2476 3916 2550 coro-

2326 2608 2450 2648 nam
2480 2590 2790 2661 pervenerit
2831 2590 3027 2658 justus,
3079 2604 3188 2642 non
3234 2586 3566 2657 permittitur
3609 2586 3665 2640 in
3702 2601 3797 2640 sua
3825 2601 3915 2640 co-

2323 2701 2458 2741 rona
2479 2683 2682 2738 extolli.
2709 2681 2848 2737 Dicit
2872 2683 3016 2736 enim
3033 2679 3266 2750 Spiritus
3290 2687 3513 2734 sanctus
3538 2697 3550 2731 :
3579 2675 3679 2742 Qui
3702 2688 3914 2732 coronat

2325 2787 2391 2843 te,
2424 2793 2531 2831 non
2562 2777 2615 2828 in
2644 2774 2838 2828 merito
2869 2781 2982 2838 tuo,
3015 2771 3110 2827 sed
3138 2774 3192 2825 in
3223 2770 3584 2824 misericordia
3612 2786 3705 2823 sua
3738 2779 3786 2822 et
3813 2771 3914 2823 mi-

2324 2869 2586 2923 seratione
2613 2883 2709 2920 sua
2742 2864 2861 2936 (Ps.
2894 2880 2984 2930 cu,
3016 2863 3094 2934 4).
3130 2861 3284 2917 Unde
3313 2870 3368 2917 et
3408 2861 3699 2932 Apostolus
3730 2881 3744 2915 :
3778 2860 3915 2926 Quid

2331 2962 2511 3025 habes,
2547 2959 2741 3028 inquit,
2767 2957 2903 3030 quod
2924 2974 3028 3011 non
3050 2955 3335 3026 accepisti?
3365 2953 3518 3019 Quod
3563 2957 3608 3010 si
3655 2955 3914 3025 accepisti,

2324 3051 2448 3124 quid
2469 3050 2712 3122 gloriaris
2738 3049 2884 3120 quasi
2911 3064 3018 3101 non
3047 3047 3308 3117 acceperis
3336 3045 3380 3118 (l
3409 3043 3532 3100 Cor.
3550 3062 3620 3111 tv,
3656 3045 3750 3116 7)?
3784 3043 3915 3113 Ergo

639 3138 860 3198 ,nvitum
908 3143 962 3191 et
990 3137 1262 3190 nolentem
1290 3143 1452 3202 atque
1492 3132 1969 3196 contradicentem,
2015 3139 2071 3185 et
2117 3145 2224 3184 non

2331 3158 2547 3198 cursum
2574 3156 2729 3196 suum
2757 3149 2812 3195 et
2840 3139 3174 3195 voluntatem
3202 3152 3353 3192 suam
3401 3136 3468 3190 ad
3509 3137 3615 3192 hoc
3660 3135 3915 3199 extendit,

636 3227 1068 3284 consentientem
1112 3225 1276 3280 faciat
1321 3226 1552 3280 electum
1582 3233 1638 3279 et
1682 3232 1945 3278 sanctum.
1980 3221 2107 3276 llatc
2134 3235 2227 3276 ve-

635 3328 744 3377 stra
773 3318 1021 3380 assertio,
1051 3323 1398 3385 vestrumque
1427 3313 1847 3384 deprehenditur
1873 3314 2086 3381 dogma.
2117 3313 2227 3368 Nos

634 3418 815 3467 autem
859 3408 1087 3464 dicimus
1157 3408 1303 3477 quod
1357 3408 1600 3476 quamvis
1661 3409 1967 3476 quicunque
2009 3415 2226 3462 sanctus

632 3504 734 3570 sit,
795 3502 886 3557 ille
933 3502 1002 3556 sit
1053 3501 1368 3571 apostolus,
1425 3501 1513 3554 ille
1560 3501 1631 3555 sit
1669 3509 1911 3572 martyr,
1951 3499 2041 3554 ille
2093 3514 2224 3570 pro-

632 3597 795 3669 pheta
841 3594 942 3660 sit,
975 3593 1066 3649 ille
1105 3595 1176 3648 sit
1203 3592 1411 3662 justus,
1465 3592 1608 3647 vircs
1635 3608 1743 3646 non
1774 3592 1936 3646 habet
1979 3592 2226 3662 proprias

631 3694 691 3741 ut
718 3685 786 3740 ad
812 3683 1082 3740 Christum
1113 3684 1385 3739 ascendat.
1413 3682 1594 3743 :Solus
1639 3684 1785 3738 enim
1833 3684 2091 3739 Dominus
2127 3699 2224 3738 sua

632 3769 826 3834 virtute
854 3792 952 3847 pro
979 3792 1076 3832 sua
1106 3776 1316 3831 Deitate
1345 3775 1587 3831 ascendit
1618 3775 1670 3829 in
1719 3775 1886 3830 coelos
1907 3816 1922 3842 ,
1975 3783 2029 3829 et
2075 3774 2226 3830 sedet

631 3866 700 3923 ad
726 3867 1004 3922 dexteram
1045 3864 1240 3921 Patris.
1273 3864 1528 3932 Quamvis
1556 3879 1686 3933 ergo
1716 3865 1945 3933 quisque
1989 3865 2059 3918 sit
2100 3879 2224 3918 san-

630 3968 768 4026 ctus,
798 3960 1044 4029 quamvis
1069 3961 1273 4014 amicus
1302 3959 1396 4012 Dei
1427 3959 1514 4023 sit,
1547 3973 1654 4011 non
1681 3958 1845 4010 habet
1865 3957 2006 4010 vires
2036 3971 2223 4011 ascen-

629 4053 790 4108 dendi
812 4053 866 4106 in
889 4052 1076 4108 caelos.
1105 4051 1172 4105 Et
1196 4051 1321 4120 quia
1351 4049 1516 4104 Filius
1538 4049 1668 4104 dicit
1697 4047 1843 4101 Patri
1878 4067 1889 4101 :
1924 4048 2088 4103 Pater
2110 4053 2221 4104 voto

629 4152 685 4198 ut
713 4143 800 4198 ubi
827 4159 960 4209 sum,
1001 4150 1050 4196 et
1095 4143 1182 4195 isti
1212 4143 1316 4194 sint
1365 4155 1563 4194 mecum
1594 4129 1778 4210 (Joau.
1810 4155 1935 4202 xvu,
1968 4138 2078 4208 14),
2123 4154 2220 4193 ex-

628 4237 858 4309 planans
884 4234 1228 4292 concordiam
1257 4233 1482 4287 Deitatis
1509 4232 1584 4286 ait
1609 4249 1620 4282 :
1657 4229 1827 4285 Nemo
1853 4234 1990 4286 venit
2019 4233 2088 4284 ad
2117 4249 2214 4298 me,

628 4327 684 4382 id
710 4336 793 4382 est
818 4328 1018 4382 virtute
1045 4341 1141 4380 sua
1168 4339 1328 4378 nemo
1358 4330 1538 4394 potest
1565 4321 1749 4376 venire
1778 4322 1844 4376 ad
1865 4339 1970 4378 me.
1997 4323 2112 4377 Non
2136 4331 2220 4378 est

628 4422 775 4476 enim
802 4420 1074 4476 sanctitati
1100 4418 1334 4472 hominis
1362 4417 1618 4487 possibile
1647 4416 1972 4473 ascendendi
2005 4418 2073 4472 ad
2099 4434 2212 4484 me,

2333 3243 2393 3290 ut
2420 3234 2689 3305 acciperet
2712 3248 2743 3286 a
2771 3231 3038 3296 donante;
3070 3229 3272 3284 donum
3301 3237 3480 3284 autem
3508 3244 3604 3298 pro
3629 3227 3798 3296 gratia
3819 3225 3914 3280 do-

2329 3327 2509 3382 nantis
2537 3325 2937 3396 supergreditur
2956 3323 3206 3378 meritum
3228 3322 3539 3378 laborantis.
3563 3321 3649 3376 Sic
3669 3327 3751 3375 est
3770 3321 3914 3374 enim

2328 3417 2468 3473 velle
2497 3425 2742 3472 nostrum
2769 3416 2910 3470 inter
2932 3430 3032 3470 nos
3059 3423 3115 3469 et
3140 3414 3330 3479 Deum,
3353 3414 3490 3468 sicut
3509 3421 3590 3468 est
3610 3413 3747 3466 inter
3767 3425 3915 3464 men.

2329 3509 2599 3566 dicantem
2625 3515 2788 3576 atque
2817 3507 3131 3561 donantem.
3159 3505 3255 3560 Ille
3277 3506 3459 3574 itaque
3483 3504 3575 3574 qui
3593 3503 3757 3559 donat
3775 3501 3916 3558 elee-

2329 3615 2630 3672 mosynam,
2665 3599 2776 3654 vult
2805 3597 3052 3652 omnibus
3081 3596 3239 3663 dare,
3289 3596 3334 3650 si
3375 3596 3593 3666 quidem
3621 3594 3718 3666 hic
3738 3600 3917 3649 noster

2329 3693 2552 3763 largitor
2572 3692 2757 3761 gratiae
2777 3691 2975 3745 clamat
2994 3689 3232 3758 quotidie
3255 3707 3268 3741 :
3308 3686 3488 3741 Venite
3507 3687 3578 3739 ad
3593 3703 3691 3752 me,
3715 3701 3912 3739 omnes.

2328 3785 2392 3840 Et
2418 3787 2612 3840 iterum
2648 3803 2659 3838 :
2694 3783 2865 3838 Petite
2893 3793 2943 3837 et
2972 3783 3249 3853 accipietis.
3268 3779 3428 3833 Verbi
3442 3779 3641 3847 gratia,
3673 3777 3916 3831 cucurrit

2327 3877 2590 3947 quispiam
2620 3889 2840 3944 egenus,
2883 3883 2938 3929 et
2965 3889 2996 3928 a
3037 3873 3268 3928 donante
3310 3869 3536 3940 accepit,
3568 3866 3916 3937 acceptisque

2325 3965 2525 4021 divitiis
2547 3966 2713 4036 coepit
2733 3979 2854 4019 esse
2880 3964 3120 4034 locuples
3147 3963 3238 4032 qui
3267 3961 3439 4016 fuerat
3468 3973 3669 4029 egenus
3697 3966 3755 4013 et
3777 3972 3920 4027 pau-

2324 4071 2424 4128 per
2456 4074 2469 4108 :
2502 4055 2630 4125 quid
2661 4071 2804 4111 nunc
2830 4055 3072 4110 dicturus
3101 4055 3226 4109 est?
3255 4051 3367 4122 Ego
3395 4051 3461 4106 de
3488 4050 3676 4105 labore
3698 4064 3821 4104 meo
3843 4048 3921 4103 di-

2325 4165 2418 4204 ves
2447 4164 2583 4213 sum,
2615 4148 2740 4216 quia
2770 4147 2954 4214 volui,
2996 4147 3122 4214 quia
3152 4143 3408 4200 cucurri?
3449 4141 3567 4196 Non
3612 4141 3718 4196 hoc
3754 4139 3914 4204 dicit;

2323 4239 2419 4295 sed
2461 4239 2590 4294 dicit
2623 4256 2634 4289 :
2674 4237 2787 4307 Ego
2830 4237 2960 4292 nihil
2990 4251 3088 4307 pro
3119 4235 3314 4291 merito
3346 4231 3638 4288 voluntatis
3665 4244 3797 4285 meae
3823 4237 3920 4284 aut

2322 4348 2512 4389 cursus
2540 4332 2666 4397 mei,
2692 4330 2897 4400 aliquid
2931 4329 3134 4384 habere
3172 4343 3260 4384 mc
3287 4333 3467 4382 certus
3494 4338 3645 4390 sum;
3675 4322 3766 4377 sed
3791 4320 3917 4390 ejus

2321 4435 2402 4481 est
2433 4432 2604 4480 totum
2633 4424 2818 4493 gratiae
2841 4423 2933 4492 qui
2963 4420 3202 4477 donavit.
3228 4417 3295 4472 Et
3322 4419 3428 4473 hoc
3452 4417 3595 4472 dicto
3626 4421 3803 4485 potest
3829 4411 3916 4467 di-

627 4511 719 4566 ubi
746 4510 908 4566 sedeo
936 4509 1004 4563 ad
1032 4509 1310 4564 dexteram
1339 4507 1511 4563 Patris
1529 4550 1543 4575 ,
1594 4508 1694 4563 nisi
1741 4524 1902 4578 quem
1947 4507 2110 4563 Pater
2137 4516 2219 4562 at-
2247 4517 2296 4578 D
2322 4531 2447 4574 cere
2475 4530 2598 4570 cum
2625 4513 2888 4585 Αροειοιο
2919 4528 3063 4577 vere,
3091 4511 3218 4581 quia
3247 4527 3353 4564 non
3382 4516 3461 4563 est
3489 4506 3721 4570 volentis,
3750 4519 3917 4575 neque

627 4601 868 4658 traxerit.
903 4599 1054 4657 Unde
1083 4601 1137 4655 in
1167 4601 1325 4655 unius
1351 4615 1579 4671 persona
1609 4601 1784 4655 omnis
1803 4609 1974 4656 coetus
1994 4608 2211 4655 sancto-

625 4710 746 4752 rum
776 4694 905 4750 dicit
928 4694 1039 4750 Deo
1072 4713 1084 4747 :
1121 4693 1350 4748 Tenuisti
1377 4709 1591 4748 manum
1617 4694 1884 4748 dexteram
1919 4709 2085 4747 meam
2109 4734 2123 4760 ,
2156 4695 2212 4746 in

625 4787 886 4842 uoluntate
914 4796 1003 4840 tua
1029 4786 1292 4840 deduxisti
1331 4801 1431 4851 me,
1459 4794 1508 4839 et
1530 4802 1645 4838 cum
1690 4785 1857 4856 gloria
1887 4785 2210 4855 assumpsisti

623 4897 704 4935 me
726 4878 844 4950 (Ps.
877 4896 1042 4944 Lxxn,
1072 4878 1185 4950 24).
1221 4877 1373 4933 Unde
1403 4885 1456 4934 et
1487 4878 1682 4947 adjecit
1708 4897 1720 4931 :
1753 4875 2016 4942 Quoniam
2041 4879 2127 4949 qui
2155 4894 2211 4932 se

622 4973 772 5045 longe
799 4974 999 5046 faciunt
1052 4990 1085 5027 a
1131 4979 1216 5038 te,
1255 4971 1494 5042 peribunt
1523 4970 1710 5041 (Ibid.,
1753 4969 1865 5038 27).
1899 4970 2015 5025 Non
2055 4969 2207 5037 dixit,

621 5081 759 5135 quos
789 5075 847 5122 tu
875 5069 1035 5137 longe
1063 5065 1194 5122 facis
1215 5080 1244 5119 a
1275 5073 1360 5132 te;
1390 5063 1485 5119 sed
1514 5065 1606 5134 qui
1646 5079 1704 5120 se
1750 5065 1909 5134 longe
1948 5064 2152 5120 faciunt
2179 5079 2210 5119 a

623 5165 696 5222 te,
723 5161 992 5228 peribunt,
1017 5158 1307 5215 ostendens
1329 5173 1437 5212 non
1465 5155 1533 5211 de
1560 5155 1654 5211 Dei
1683 5158 2054 5213 exsecratione
2071 5197 2086 5223 ,
2117 5157 2211 5212 sed

622 5245 689 5301 de
717 5251 1061 5319 elongatione
1099 5251 1332 5308 hominis
1355 5291 1369 5319 ,
1403 5249 1607 5304 homini
1656 5249 1928 5304 interitum
1969 5251 2202 5306 evenire.

692 5482 718 5545 ξι
747 5471 846 5545 ΜΒ.
875 5472 1140 5545 Augiense
1172 5491 1184 5526 :
1212 5471 1303 5527 XI.
1335 5473 1636 5530 HERETICI.
1664 5471 1829 5527 Errat
1857 5475 1964 5545 qui,
1995 5483 2100 5530 etc.

686 5541 716 5585 δ
745 5542 844 5599 Ms.
877 5542 1039 5606 idem,
1071 5543 1286 5612 finxisse
1314 5547 1637 5599 sententiam.

692 5624 718 5656 ο
748 5613 847 5668 Ms.
877 5612 1017 5668 idem
1051 5632 1062 5666 :
1093 5613 1402 5669 Caruoucr.
1437 5613 1561 5670 Non
1589 5624 1667 5669 est
1693 5632 1895 5680 novum,
1926 5622 2030 5670 etc.

691 5681 721 5726 δ
758 5683 858 5741 Ms.
890 5683 1032 5740 idem
1063 5703 1074 5738 :
1098 5682 1210 5739 ΧΠ.
1241 5683 1537 5741 ΗΑειιετιει.
1558 5686 1694 5754 Quid
1712 5694 1883 5743 autem
1909 5701 2046 5742 nunc
2066 5686 2208 5744 dicat

1002 5817 1027 5831 ν

2322 4609 2600 4674 currentis,
2624 4607 2714 4662 sed
2735 4608 3026 4662 miserentis
3066 4613 3143 4659 est
3187 4603 3286 4657 Dei
3317 4601 3494 4674 (Rom.
3526 4617 3599 4667 ιι,
3631 4598 3736 4670 ili).
3768 4596 3918 4653 Ecce

2319 4701 2553 4757 diximus
2580 4700 2647 4756 de
2677 4701 2780 4755 isto
2827 4699 2918 4771 qui
2964 4699 3136 4754 voluit
3186 4703 3242 4752 et
3285 4695 3524 4751 cucurrit
3547 4735 3576 4768 ,ι
3607 4691 3729 4762 quia
3757 4698 3920 4747 tanta

2318 4804 2445 4852 sunt
2473 4797 2614 4852 dona
2641 4796 2755 4863 Dei,
2787 4804 2846 4851 ut
2875 4803 2930 4850 et
2957 4809 3175 4850 cursum
3211 4793 3445 4848 hominis
3487 4799 3544 4847 et
3579 4789 3922 4846 voluntatem

2316 4897 2592 4961 superent.
2623 4887 2824 4944 Cursus
2851 4889 2995 4944 enim
3037 4896 3092 4942 et
3137 4885 3370 4941 studium
3414 4884 3667 4947 hominis,
3698 4880 3805 4936 nisi
3834 4881 3920 4934 in-

2316 4980 2579 5035 visibilius
2605 4979 2704 5033 Dei
2745 4978 3086 5034 adminiculis
3107 4976 3279 5046 juvati
3309 4974 3526 5039 fuerint,
3558 4976 3916 5030 evanescunt.

2317 5072 2450 5128 Nam
2471 5081 2525 5128 et
2546 5071 2836 5142 Apostolus
2861 5080 3140 5126 certamen
3167 5069 3370 5124 bonum
3399 5073 3635 5130 certans,
3681 5070 3738 5118 et
3785 5076 3918 5116 cur-

2317 5179 2435 5220 sum
2463 5177 2864 5230 consummans,
2889 5169 2945 5217 et
2974 5159 3134 5217 ﬁdem
3163 5173 3422 5225 servans,
3455 5165 3512 5213 et
3534 5155 3646 5227 jam
3674 5161 3921 5209 tantum—

2319 5254 2481 5311 modo
2522 5269 2782 5310 coronam
2811 5260 3134 5325 exspectans
3165 5250 3231 5322 (ll
3280 5249 3413 5305 Tim.
3464 5265 3546 5317 Iv,
3601 5247 3689 5317 7),
3737 5244 3917 5300 dicit:

2311 5473 2439 5530 liber
2453 5476 2885 5543 Prtedestinatus,
2907 5485 3013 5533 etc.

2386 5557 2408 5584 ε
2450 5548 2546 5602 Ms.
2571 5547 2714 5601 idem
2749 5566 2762 5600 :
2793 5542 3111 5603 Caruoucr.
3138 5543 3257 5602 Nos
3285 5552 3334 5602 et
3355 5542 3699 5616 euangelium,
3729 5548 3838 5598 etc.

2388 5617 2406 5656 ί
2449 5617 2547 5674 Ms.
2579 5618 2739 5685 idem,
2767 5617 3169 5674 declarabimus.
