4238 6260
406 283 514 341 ε49

861 285 1353 344 ΡΒᾹΞΒΕὸΊΊΝΑΤ
1363 288 1443 345 US
1480 289 1650 348 SlVE'
1670 289 1998 349 PMDES'I

2090 287 2368 348 ATORUM
2407 287 2742 359 IIIERESIS,
2775 291 2924 346 ETC.
2968 291 3092 359 LIB,
3134 287 3218 347 lll.

3565 291 3673 348 650

405 397 592 453 Gratia
617 398 719 454 Dei
742 417 856 454 sum
881 403 936 455 id
972 403 1106 474 quod
1143 420 1253 456 sum
1286 403 1328 474 (l
1357 403 1476 458 Cor.
1508 419 1596 470 xv,
1627 403 1738 474 40).
1790 402 1856 457 Et
1884 403 1984 459 ite—
2008 406 2058 465 Α
2089 415 2316 476 petram,
2347 422 2467 475 qua:
2499 424 2599 462 nec
2624 414 2926 471 ventorum,
2958 422 3058 461 nec.
3090 405 3368 459 lluminum
3395 404 3674 474 dejiciatur

405 506 526 544 rum
551 491 708 547 nobis
735 491 864 546 dicit
885 511 896 545 :
916 491 1096 546 Gratia
1123 494 1252 548 salvi
1281 495 1408 565 facti
1436 496 1558 548 estis
1586 493 1803 566 (Ephes.
1827 510 1863 550 ιι
1880 533 1895 557 ,
1929 492 1980 560 5,

365 659 370 662 _
405 579 489 650 8).
520 579 743 651 Magnus
773 581 951 637 infelix
996 592 1079 638 est
1118 584 1208 652 qui
1251 594 1404 654 putat
1431 585 1631 641 donum
1660 586 1754 641 Dei
1781 601 1842 642 se
1867 601 1984 641 me—

406 674 513 727 rito
538 689 649 728 sua:
679 675 937 744 consequi
956 675 1264 730 voluntatis.
1297 674 1467 732 Omne
1493 677 1692 732 donum
1721 677 1983 747 optimum

405 762 684 818 desursum
732 773 812 819 est
840 780 870 818 a
897 762 1055 819 Patre
1098 766 1282 833 glorim
1313 766 1450 838 (Jac.
1482 784 1518 829 ι,
1550 767 1638 837 l7)
1673 786 1684 820 :
1719 767 1849 821 nihil
1878 768 1988 820 vin-

405 857 644 910 dicamus
685 857 926 911 humana:
962 859 1248 927 potentiae;
1279 866 1450 913 totum
1490 858 1742 928 quidquid
1787 860 1986 913 bonum

406 959 505 1014 est,
538 950 631 1004 Dei
655 949 1028 1004 misericordia:
1058 951 1410 1020 applicamus.
1461 950 1552 1005 Sic
1582 959 1762 1004 tamen
1807 951 1986 1004 omnia

406 1039 545 1094 bona
573 1041 796 1108 dicimus
824 1040 918 1096 Dei
943 1057 1060 1096 esse
1087 1041 1251 1107 dona,
1283 1051 1342 1096 ut
1370 1042 1549 1096 omnia
1577 1042 1715 1096 mala
1737 1057 1856 1112 qum
1876 1042 1988 1110 agi-

331 1199 337 1205 _
408 1150 527 1188 mus
575 1142 769 1187 nostra:
829 1134 1162 1203 negligentia:
1223 1135 1563 1204 imputemus.
1624 1133 1794 1188 Aliter
1845 1133 1987 1187 enim

405 1226 614 1279 veniam
665 1241 771 1278 non
819 1241 1121 1290 meremur,
1178 1226 1278 1279 nisi
1327 1240 1425 1280 nos
1470 1240 1597 1279 vere
1645 1223 1988 1279 ostendamus

404 1325 581 1371 nostra
603 1317 760 1387 culpa
809 1333 1083 1387 peccasse,
1126 1334 1233 1372 non
1269 1317 1576 1386 przejudicio
1603 1314 1892 1371 Creatoris.
1923 1315 1989 1370 Et

400 1406 538 1460 sicut
562 1405 802 1484 diximus
826 1407 893 1460 de
921 1408 1082 1472 bono,
1107 1408 1230 1476 quia
1256 1416 1427 1462 totum
1457 1408 1655 1462 bonum
1675 1407 1818 1477 quod
1849 1405 1988 1462 fece-

400 1497 488 1559 rit,
515 1497 610 1550 Dei
637 1505 720 1552 est
749 1499 962 1565 gratiae;
995 1499 1068 1552 ita
1112 1498 1370 1567 quidquid
1406 1499 1606 1552 malum
1651 1496 1838 1552 fecerit
1877 1512 1987 1552 suae

401 1575 629 1642 aestimet
659 1581 1011 1657 negligentiae.
1040 1587 1191 1644 Unde
1220 1589 1415 1644 clamat
1443 1588 1672 1660 Spiritus
1714 1596 1934 1644 sanctus
1969 1607 1983 1641 :

405 1678 466 1733 Si
495 1679 756 1734 volueritis
777 1689 827 1735 et
849 1681 1120 1734 audieritis
1151 1697 1248 1745 me,
1279 1682 1414 1734 bona
1436 1690 1588 1734 terra:
1615 1681 1798 1744 edetis;
1823 1682 1867 1734 si
1890 1697 1985 1733 au-

2089 498 2319 568 impulsu
2343 499 2558 572 (Matth.
2590 516 2678 562 vn,
2701 498 2814 569 24).
2849 499 2989 568 Ergo
3018 514 3084 554 ne
3105 499 3158 552 in
3181 512 3378 551 vanum
3407 496 3674 553 aediﬁcant

2086 590 2395 645 sacerdotes
2434 588 2768 655 Ecclesiam;
2801 591 2854 644 in
2885 606 3078 645 vanum
3116 589 3358 658 vigilant,
3391 596 3450 643 ut
3489 589 3670 643 ovium

2087 682 2482 752 simplicitatem
2503 681 2750 751 luporum
2777 682 3041 735 morsibus
3054 681 3280 736 tollant?
3298 679 3365 732 Et
3397 678 3673 749 quomodo

2087 787 2276 826 omnes
2295 771 2578 825 haereticos
2595 778 2798 824 aeterno
2815 763 3431 824 anathemate'l‘erientes
3450 782 3670 836 gregem

2086 860 2282 916 Christi
2319 861 2661 916 custodiunt?
2708 859 2916 928 Ubique
2955 860 3341 914 catholicorum
3381 853 3675 928 pasCuntur

2088 969 2235 1018 oves,
2260 962 2314 1007 et
2329 953 2674 1007 vernantibus
2699 967 2846 1022 pune
2869 950 2987 1004 ﬁdei
3018 951 3252 1020 pascuis,
3272 959 3483 1004 montes
3497 950 3676 1004 exsul-

2088 1052 2203 1098 tant
2219 1053 2277 1098 ut
2296 1044 2492 1098 arietes
2520 1052 2574 1097 et
2601 1029 2768 1098 colles
2788 1042 2932 1096 velut
2956 1042 3079 1110 agni
3099 1041 3276 1096 ovium
3295 1038 3412 1112 (Ps.
3431 1037 3672 1110 cxtuJ).

2090 1133 2299 1204 Ubique
2331 1151 2361 1189 a
2385 1135 2512 1189 solis
2533 1142 2656 1190 ortu
2687 1148 2856 1202 usque
2891 1131 2960 1186 ad
2984 1148 3255 1196 occasum,
3290 1147 3426 1186 unus
3455 1146 3586 1200 grex
3615 1140 3672 1188 et

2089 1243 2228 1281 unus
2250 1234 2334 1281 est
2363 1234 2564 1295 pastor,
2589 1242 2619 1280 a
2648 1240 2756 1294 quo
2783 1224 2897 1294 lupi
2922 1221 3328 1288 interﬁciuntur,
3350 1239 3418 1278 ne
3447 1231 3677 1278 noceant

2089 1317 2238 1386 gregi
2274 1314 2404 1381 Dei;
2444 1324 2499 1370 et
2524 1315 2697 1370 adhuc
2728 1331 2836 1370 non
2865 1314 3057 1370 videtis
3079 1315 3490 1370 aediﬁcationem
3520 1316 3676 1371 bona:

2087 1408 2384 1463 voluntatis
2405 1423 2598 1462 vanam
2617 1422 2727 1461 non
2752 1422 2890 1471 esse,
2912 1406 3006 1461 sed
3028 1409 3265 1461 certam?
3284 1406 3534 1474 Quotidie
3556 1407 3678 1461 aedi:

2090 1498 2279 1554 ﬁcatur
2307 1490 2611 1552 domus‘Dei
2635 1513 2731 1567 per
2760 1497 2982 1552 verbum
3010 1497 3230 1556 bonum.
3255 1512 3354 1566 per
3372 1497 3677 1567 exemplum

2091 1601 2361 1657 sanctum,
2387 1606 2484 1660 per
2508 1589 2740 1645 studium
2769 1590 3048 1659 optimum.
3073 1588 3324 1655 Quotidie
3352 1589 3549 1643 clamat
3576 1604 3675 1659 per

2090 1683 2412 1754 prOphetam
2441 1681 2699 1735 Dominus
2726 1699 2738 1734 ε
2769 1678 3060 1750 λΕάὶρεαιε
3078 1677 3219 1733 vobis
3248 1680 3428 1734 domos
3457 1677 3674 1751 (Jerem.

404 1778 501 1821 tem
536 1770 835 1837 nolueritis,
872 1771 1077 1842 gladius
1099 1754 1187 1825 vos
1207 1772 1454 1824 comedet.
1485 1769 1558 1824 0s
1605 1771 1992 1850 eniniDomini
2023 1766 2072 1826 Β
2098 1792 2247 1840 xxix,
2281 1773 2356 1843 5),
2401 1789 2509 1828 non
2554 1774 2729 1827 luteas
2771 1787 2892 1840 qua:
2933 1788 2964 1826 a
3003 1781 3163 1826 vento
3211 1781 3554 1838 moveantur,
3585 1771 3680 1830 sed

403 1857 624 1914 locutum
652 1871 728 1914 est
755 1861 864 1916 haec
893 1861 1041 1931 (Isa.
1067 1879 1103 1926 ι,
1137 1861 1252 1931 l9).
1292 1862 1394 1916 Per
1427 1862 1768 1917 occasionem
1815 1863 1997 1933 itaque

379 1950 530 2005 boni
563 1952 874 2017 testimonii,
906 1953 997 2006 sed
1022 1952 1148 2006 mali
1169 1953 1496 2023 interpretis,
1520 1971 1616 2008 vos
1635 1954 1811 2010 dicitis
1845 1975 1856 2008 :
1889 1955 1998 2010 No-

411 2041 506 2096 lite
537 2043 692 2104 velle,
723 2046 847 2112 quia
883 2061 989 2099 non
1019 2052 1101 2099 est
1131 2045 1384 2111 volentis;
1415 2055 1629 2101 sanctus
1661 2047 1892 2118 Spiritus
1911 2049 1995 2104 di-

409 2135 483 2188 cit
517 2134 610 2189 :Si
658 2136 953 2190 volueritis.
988 2136 1096 2191 Vos
1125 2137 1302 2191 dicitis
1335 2157 1345 2189 :
1396 2137 1572 2193 Nolite
1601 2155 1838 2204 currere,
1872 2141 1996 2210 quia

407 2241 516 2280 non
544 2236 626 2280 est
654 2229 949 2293 currentis;
981 2237 1195 2284 sanctus
1223 2229 1452 2299 Spiritus
1480 2231 1680 2286 "dicit:
1710 2232 1998 2295 Currite,ut

408 2333 585 2372 ontttes
613 2319 1056 2390 comprehendatis
1079 2319 1129 2391 (l
1161 2318 1275 2374 Cor.
1311 2337 1381 2386 Ix,
1417 2319 1535 2393 M).
1561 2322 1816 2378 Dominus
1841 2322 1999 2379 Jesus

407 2405 653 2463 Christus
681 2409 878 2463 clamat
909 2428 921 2462 :
954 2407 1162 2464 Currite
1189 2427 1302 2464 cum
1330 2411 1491 2465 lucem
1539 2412 1770 2478 habetis,
1809 2431 1874 2468 ne
1910 2430 1996 2468 vos

408 2497 633 2552 tenebrte
673 2499 1113 2570 comprehendant
1153 2499 1446 2565 (Joan.xn,
1476 2500 1588 2570 55).
1621 2501 1820 2557 Dantes
1866 2518 1998 2572 ergo

407 2587 560 2641 vobis
589 2589 890 2659 repudium,
934 2599 1122 2645 sancto
1173 2591 1396 2660 Spiritui
1426 2591 1776 2647 adhaeremus.
1809 2592 1997 2648 Melius

404 2687 480 2731 est
507 2681 664 2746 enim,
687 2688 748 2734 ut
771 2681 899 2735 dicit
926 2683 1202 2750 apostolus
1243 2683 1433 2736 Petrus
1459 2701 1470 2732 :
1499 2681 1524 2718 δ
1551 2680 1812 2736 Obaudire
1832 2686 1998 2756 magis

403 2767 513 2823 Deo
543 2787 698 2842 quam
736 2771 1026 2825 hominibus
1065 2771 1219 2842 (Act.
1253 2789 1305 2837 v,
1336 2770 1456 2840 29).
1492 2771 1690 2827 Verum
1718 2773 1847 2842 quid
1887 2776 1999 2844 agi-

403 2865 565 2917 mus?
592 2879 778 2917 rursus
817 2863 885 2917 ad
930 2863 1117 2933 pejora
1143 2872 1446 2919 vestrorum
1475 2867 1668 2922 crescit
1710 2865 1903 2936 dogma
1932 2867 1998 2922 li-

406 2953 651 3020 brorum,
686 2955 740 3008 in
768 2955 962 3024 quibus
990 2955 1201 3030 legitur.

465 3036 570 3098 'Xl.
593 3055 612 3080 ο
633 3042 1090 3117 Quantumcunque
1116 3047 1274 3100 studii
1289 3050 1369 3102 sui
1390 3050 1521 3104 vires
1543 3051 1612 3103 ad
1635 3052 2000 3122 aediﬁcandum

2096 1880 2218 1935 quae
2245 1856 2500 1919 maneant
2545 1865 2601 1918 in
2629 1862 2956 1919 soliditatem
2999 1871 3183 1932 petrae.
3239 1863 3347 1917 Sed
3380 1863 3532 1918 vobis
3578 1864 3679 1919 ista

2097 1959 2277 2012 omnia
2305 1973 2425 2026 quae
2446 1956 2698 2022 diximus,
2730 1955 2910 2010 inania
2938 1955 3189 2010 videntur
3215 1965 3268 2010 et
3301 1971 3454 2010 vana.
3489 1956 3680 2011 Dicunt

2097 2053 2240 2105 enim
2270 2049 2392 2104 libri
2411 2049 2575 2104 vestri
2614 2066 2627 2100 :
2659 2045 2971 2117 zEdiﬁcatio
2996 2047 3218 2104 hominis
3256 2064 3360 2101 non
3401 2055 3479 2100 est
3511 2054 3673 2111 certa,

2096 2142 2188 2195 sed
2217 2157 2367 2194 vana.
2399 2140 2480 2194 Ab
2507 2139 2660 2194 initio
2689 2153 2878 2192 omnes
2905 2137 3076 2192 sancti
3103 2135 3510 2190 aediﬁcationem
3537 2151 3680 2190 mem

2097 2233 2243 2288 tibus
2270 2232 2630 2287 contulerunt.
2665 2229 2828 2285 Verbi
2855 2244 3036 2292 causa,
3070 2227 3271 2298 primus
3292 2227 3424 2282 Abel
3450 2225 3680 2282 aediﬁca-

2098 2325 2177 2379 vit
2218 2323 2478 2392 justitiam
2504 2363 2519 2386 ,
2569 2321 2684 2377 Noe
2729 2321 3120 2386 innocentiam,
3175 2319 3446 2374 Abraham
3498 2318 3679 2384 ﬁdem,

2098 2412 2250 2468 Isaac
2273 2394 2618 2475 sacriﬁcium,
2661 2409 2830 2466 Jacob
2869 2410 3217 2465 ambitionem
3259 2425 3438 2464 rerum
3473 2417 3684 2465 sancta-

2099 2521 2238 2567 rum,
2280 2503 2480 2574 Joseph
2504 2501 2897 2564 castimoniam,
2928 2499 3139 2572 Moyses
3185 2500 3572 2564 sacerdotium,
3601 2498 3684 2554 ιε.

2099 2611 2192 2656 sus
2212 2593 2350 2648 ﬁlius
2373 2592 2521 2646 Nave
2539 2591 2900 2647 constantiam
2923 2591 3108 2657 animi,
3130 2589 3299 2645 David
3320 2590 3684 2646 defensionem

2100 2684 2286 2756 populi
2315 2684 2430 2750 Dei,
2464 2684 2718 2739 Salomon
2769 2682 3106 2752 sapientiam,
3148 2679 3380 2736 Joannes
3414 2682 3684 2750 pmniten~

2101 2776 2254 2830 tiam.
2285 2773 2396 2829 Hos
2427 2775 2654 2843 carptim
2683 2773 2754 2827 de
2799 2774 2982 2827 multis
3019 2773 3454 2837 memoravimus,
3490 2780 3550 2826 ut
3588 2788 3685 2842 per

2103 2867 2203 2921 hos
2228 2873 2452 2920 cazteros
2496 2879 2633 2932 quos
2659 2864 2918 2930 siluimus,
2951 2863 3018 2918 ad
3047 2863 3359 2919 memoriam
3388 2878 3540 2917 suam
3594 2878 3685 2917 re-

2102 2975 2321 3023 vocans,
2354 2959 2525 3012 lector
2553 2957 2788 3025 inquirat
2833 2964 3136 3011 utrumnam
3182 2955 3428 3010 homines
3465 2955 3685 3009 fuerint.

2103 3049 2162 3105 Si
2191 3049 2436 3104 homines
2465 3047 2700 3113 fuerunt,
2738 3046 3010 3116 quomodo
3053 3047 3235 3102 dicunt
3281 3045 3403 3100 libri
3451 3061 3638 3102 eorum
3670 3064 3686 3099 :

407 3147 605 3192 moveat
631 3138 858 3192 humana
878 3139 1134 3203 voluntas,
1169 3157 1314 3194 casso
1343 3144 1622 3197 certamine
1658 3146 1868 3211 nititur;
1912 3157 2002 3201 aut
2026 3130 2072 3194 (ἶ
2107 3138 2414 3195 Ᾰέίὶίίὶεᾶιὶο
2450 3138 2683 3194 hominis
2726 3153 2833 3193 non
2883 3147 2965 3192 θδῐ
2989 3147 3156 3204 certa.
3187 3137 3279 3192 sed
3307 3138 3489 3192 valla?
3537 3135 3687 3193 Unde

404 3229 528 3300 quid
547 3214 871 3300 vigilantiam
899 3247 1046 3284 suam
1073 3241 1221 3298 putat
1249 3233 1472 3287 hominis
1502 3235 1764 3306 fragilitas
1794 3239 2002 3292 internis

403 3321 676 3375 desideriis
702 3323 1052 3393 profuturam,
1083 3340 1199 3377 cum
1217 3324 1466 3394 propheta
1495 3326 1814 3382 evidentibus
1827 3329 2002 3382 excla-

402 3422 503 3466 met
531 3413 871 3479 documentis,
917 3414 1092 3468 dicens
1142 3432 1160 3468 :
1211 3413 1333 3468 Nisi
1375 3401 1629 3472 Dominus
1668 3420 2002 3490 aediﬁcaverit

407 3502 704 3568 domum,in
734 3521 924 3562 vanum
947 3504 1404 3576 laboraveruntqui
1424 3508 1686 3577 wdiﬁcant
1709 3528 1842 3563 eam.
1878 3510 2003 3567 Nisi

405 3591 655 3650 Dominus
683 3597 985 3650 custodierit
1026 3597 1302 3660 civitatem,
1344 3598 1398 3649 in
1431 3613 1619 3650 vanum
1664 3600 2001 3669 vigilaverunt

405 3688 491 3754 qui
543 3689 835 3741 custodiunt
864 3705 981 3741 eam
1033 3687 1051 3760 (
1083 3687 1179 3741 Ps.
1213 3703 1400 3754 cxxvr,
1435 3687 1534 3758 l)?
1577 3688 1714 3752 Quid
1739 3701 1815 3742 est
1866 3691 2002 3762 quod

404 3787 584 3831 contra
614 3778 814 3833 divinos
842 3781 1051 3850 apices,
1098 3786 1146 3832 et
1196 3788 1379 3832 contra
1434 3781 1800 3833 conscientiam
1854 3797 2002 3834 suam

405 3879 574 3940 sperat
597 3887 649 3924 se
671 3873 928 3941 quispiam
957 3872 1300 3942 cedi/icationi
1338 3871 1561 3936 studere,
1595 3889 1712 3925 cum
1741 3873 1818 3926 his
1838 3875 2001 3928 sacris

405 3963 606 4017 vocibus
635 3964 880 4018 doceatur
900 3966 1183 4035 aedificatio
1211 3965 1438 4019 hominis
1468 3983 1573 4020 non
1593 3983 1704 4020 esse
1723 3976 1882 4033 certa,
1910 3969 2000 4021 sed

407 4054 580 4105 vana?
607 4051 632 4090 ἀ
675 4052 857 4106 Primo
888 4056 1123 4109 omnium
1148 4070 1352 4124 quaero,
1397 4070 1557 4125 quam
1595 4057 2000 4113 aediﬁcationem

407 4141 619 4197 dicatis.
653 4141 709 4196 Si
740 4143 806 4197 de
834 4145 1107 4200 czcmentis
1149 4154 1203 4200 et
1236 4147 1349 4201 luto
1379 4147 1556 4216 agitis,
1585 4163 1706 4201 cum
1734 4147 2002 4220 Egyptiis

406 4234 509 4288 ista
537 4242 782 4289 tractate.
807 4234 914 4290 Nos
934 4244 1112 4290 autem
1133 4237 1238 4292 hoc
1265 4237 1386 4293 loco
1414 4237 1826 4293 aediﬁcationem
1847 4239 1999 4294 verbi

404 4323 500 4379 Dei
545 4324 910 4393 intelligimus.
956 4325 1192 4380 Verbum
1243 4333 1424 4381 autem
1471 4327 1568 4382 Dei
1619 4329 1672 4381 in
1713 4337 1828 4383 toto
1868 4330 1999 4382 orbe

406 4425 667 4472 terrarum
689 4434 719 4472 a
741 4417 837 4472 Dei
868 4418 1236 4474 sacerdotibus
1255 4418 1323 4472 ad
1348 4417 1757 4474 aediﬁcationem
1781 4420 1875 4473 Dei
1898 4419 1998 4474 Ec-

2106 3233 2313 3302 agimus
2340 3247 2484 3286 nunc
2535 3229 2968 3286 conclusionibus
3017 3231 3294 3286 catholicis
3333 3231 3535 3286 dictum
3577 3231 3687 3286 ba:-

2105 3325 2412 3378 reticorum.
2466 3323 2571 3376 Aut
2629 3338 2738 3378 non
2784 3322 3000 3376 fuerunt
3040 3322 3305 3388 homines,
3355 3323 3481 3392 quia
3507 3330 3686 3381 manet

2105 3415 2386 3469 aediﬁcatio
2423 3429 2643 3480 eorum;
2687 3421 2778 3468 aut
2807 3413 2882 3467 illi
2910 3413 3155 3470 homines
3181 3413 3425 3480 fuerunt,
3457 3423 3512 3468 et
3557 3414 3686 3468 isto-

2103 3524 2223 3563 rum
2272 3507 2499 3561 assertio
2534 3507 2767 3561 evanuit.

2177 3597 2292 3652 Xll.
2341 3609 2363 3636 ο
2408 3598 2515 3652 Sed
2561 3599 2607 3651 si
2655 3606 2834 3650 contra
2880 3612 2974 3651 nos
3018 3595 3234 3658 venitis,
3277 3593 3548 3662 inquiunt,
3582 3610 3688 3648 non

2107 3701 2287 3745 contra
2345 3707 2438 3744 nos
2501 3689 2680 3742 venitis
2704 3727 2718 3750 ,
2789 3685 2879 3740 sed
2939 3694 3118 3739 contra
3172 3700 3288 3737 eum
3347 3685 3431 3754 qui
3499 3684 3687 3738 dixit:

2083 3781 2230 3836 .Nisi
2280 3781 2531 3835 Dominus
2575 3779 2908 3848 wdiﬁcaverit
2937 3777 3162 3842 domum,
3210 3777 3266 3830 in
3321 3793 3506 3830 vanum
3547 3775 3687 3832 labo-

2107 3882 2350 3928 raverunt
2387 3873 2471 3944 qui
2511 3870 2770 3939 aedificant
2816 3883 2950 3921 eam.
2997 3867 3068 3920 Et
3102 3883 3118 3920 :
3151 3864 3272 3919 Nisi
3318 3864 3570 3922 Dominus
3600 3885 3686 3920 cu-

2106 3964 2339 4018 stodierit
2381 3963 2669 4024 civitatem,
2722 3959 2776 4011 in
2822 3974 3008 4011 vanum
3061 3955 3421 4011 laboraverunt
3461 3961 3545 4028 qui
3597 3975 3686 4011 cu-

2105 4057 2334 4111 stodiunt
2375 4069 2488 4107 eam
2519 4051 2634 4122 (Ps.
2671 4066 2858 4114 cxxvx,
2892 4048 2965 4120 l).
3022 4047 3160 4120 Ergo
3200 4049 3380 4102 nesciit
3416 4048 3536 4120 quia
3585 4067 3686 4103 non

2103 4158 2216 4201 erat
2249 4147 2374 4200 utile
2412 4148 2599 4217 populo
2645 4141 2740 4196 Dei
2769 4143 2856 4214 qui
2895 4141 3005 4195 haec
3035 4143 3152 4213 fecit
3191 4139 3376 4205 scribi,
3417 4149 3466 4194 et
3495 4141 3565 4194 ad
3597 4158 3688 4212 po—

2104 4248 2270 4291 steros
2291 4254 2449 4308 usque
2477 4236 2543 4287 ad
2571 4235 2726 4304 linem
2746 4233 2922 4287 saeculi
2949 4233 3137 4304 dirigi?
3174 4231 3276 4285 Vos
3296 4233 3465 4302 itaque
3478 4233 3563 4303 qui
3586 4233 3686 4285 ista

2103 4327 2498 4398 reprehenditis,
2537 4327 2736 4396 auferte
2773 4323 2879 4377 hwc
2917 4323 2979 4376 de
3017 4322 3147 4376 libro
3176 4321 3525 4387 Psalmorum,
3569 4323 3687 4394 quia

2105 4420 2330 4490 legentes
2361 4428 2411 4472 et
2437 4403 2720 4488 psallentes
2749 4417 2842 4470 hos
2864 4415 3164 4479 versiculos,
3199 4422 3255 4467 ut
3292 4413 3484 4480 dicitis,
3521 4414 3688 4483 aedi/i-

406 4510 584 4565 clesiis
627 4511 925 4566 exhibetur.
961 4512 1144 4567 Vanus
1188 4521 1270 4567 est
1315 4527 1444 4581 ergo
1483 4527 1662 4568 sermo
1692 4511 1998 4580 pontiﬁcis?
2025 4502 2076 4562 Ι)
2107 4511 2218 4563 cari
2245 4526 2348 4563 non
2373 4519 2607 4579 possunt.
2661 4507 2680 4545 τ
2714 4508 2822 4562 Nos
2849 4507 3048 4561 dictum
3085 4505 3361 4576 prophetas
3387 4504 3683 4571 laudamus,

407 4603 582 4658 inanis
610 4603 890 4659 doctrina?
919 4605 1076 4659 inane
1103 4606 1374 4660 studium?
1395 4604 1462 4658 Et
1484 4607 1529 4659 si
1558 4619 1696 4659 vana
1729 4613 1811 4659 est
1829 4603 1995 4659 {ediﬁ-

403 4697 548 4751 catio
591 4695 748 4764 hujus
777 4697 986 4766 operis,
1020 4704 1078 4750 ut
1109 4696 1238 4765 quid
1267 4697 1336 4750 ab
1364 4695 1624 4766 Apostolo
1664 4695 1994 4764 imperatur?

402 4785 542 4840 Dicit
563 4785 706 4839 enim
729 4783 927 4839 Paulus
966 4786 1245 4856 apostolus
1277 4803 1290 4838 :
1321 4784 1612 4856 Ediﬁcate
1646 4783 1990 4838 alterutrum?

404 4880 576 4932 omnia
612 4887 779 4932 vestra
807 4879 877 4931 ad
904 4881 1307 4949 aediﬁcationem
1333 4880 1467 4951 fiant
1495 4878 1552 4951 (l
1575 4877 1724 4935 Thes.
1769 4895 1821 4942 v,
1856 4879 1918 4933 ll
1939 4880 1983 4951 ).

405 4969 473 5024 Et
499 4972 724 5027 iterum:
747 4974 830 5044 _Ut
858 4976 1064 5044 sapiens
1093 4975 1400 5029 architectus
1431 4973 1820 5046 fundamentum
1844 4973 1994 5043 posui

409 5064 602 5135 (lCor.
633 5084 739 5134 xlv,
764 5068 883 5138 26).
919 5067 980 5122 Si
1027 5070 1141 5140 quis
1189 5067 1571 5140 supertediﬁcat
1615 5082 1774 5136 supra
1797 5065 1992 5137 funda-

407 5165 630 5211 mentum
647 5158 759 5223 hoc,
781 5177 983 5226 aurum,
999 5169 1291 5232 argentum,
1320 5159 1516 5230 lapides
1529 5159 1802 5230 pretiosos,
1828 5158 1991 5229 ligna,

409 5251 602 5320 fenum,
616 5253 878 5322 stipulam,
892 5253 1292 5325 uniuscujusque
1312 5269 1439 5323 opus
1457 5251 1606 5322 quale
1629 5251 1716 5316 sit,
1727 5251 1864 5322 ignis
1877 5265 1996 5317 pro-

405 5338 544 5394 babit
557 5341 598 5412 (l
615 5340 735 5396 Cor.
761 5359 837 5408 ιιι,
854 5343 1052 5413 lii-12).
1079 5343 1147 5398 Et
1160 5344 1416 5398 Dominus
1432 5345 1486 5396 in
1499 5341 1795 5410 Evangelio
1810 5340 1994 5394 laudat

403 5431 578 5487 virum
612 5435 931 5506 sapientem,
976 5436 1101 5504 quia
1143 5433 1366 5489 aediﬁcat
1390 5433 1608 5490 domum
1647 5446 1800 5488 suam
1829 5445 1996 5501 super

444 5626 446 5628 τ
475 5603 510 5672 ξι,
533 5592 630 5672 bis.
645 5669 648 5672 Α
661 5594 951 5672 ᾼμείθηερ,
971 5585 1098 5672 dicit
1135 5595 1228 5672 sic_
1242 5594 1447 5672 currite.

475 5662 510 5704 δ’
540 5663 648 5736 με
673 5665 836 5736 idem,
857 5662 1281 5736 obediremagisl
1365 5689 1370 5694 ’

479 5743 511 5781 Φ
539 5732 640 5796 Ms,
667 5735 812 5791 idem
837 5753 850 5786 :
881 5733 1016 5788 Xlll.
1045 5732 1338 5790 "animo.
1376 5733 1851 5806 Quantumcunque,
1879 5736 1990 5785 etc.

687 5830 966 5892 Ρηιιοι..
999 5824 1169 5898 ιω.
1243 5865 1273 5892 -.

2103 4600 2426 4672 probamus,
2479 4597 2818 4663 conﬁtemur,
2865 4597 3243 4652 conﬁrmamus
3289 4605 3343 4652 et
3389 4598 3682 4667 psallimus,

2101 4701 2262 4761 atque
2317 4692 2421 4744 hoc
2487 4689 2675 4744 ordine
2731 4687 3023 4744 secundum
3073 4689 3312 4756 regulam
3367 4691 3684 4746 catholicam

2097 4783 2468 4851 explanamus.
2513 4779 2594 4834 Ab
2634 4780 2806 4845 initio,
2855 4787 2915 4832 ut
2955 4777 3204 4844 diximus,
3237 4793 3268 4832 a
3305 4788 3492 4836 sancto
3520 4780 3685 4835 Abelc

2092 4873 2240 4943 justo
2257 4886 2423 4941 usque
2443 4869 2510 4924 ad
2530 4869 2838 4925 Zachariam
2854 4877 2911 4924 et
2928 4867 3210 4935 Joannem,
3243 4884 3432 4924 omnes
3453 4867 3684 4942 aediﬁcas

2102 4971 2294 5018 verunt
2322 4961 2560 5026 domum,
2589 4975 2697 5014 non
2727 4960 3022 5025 caementis,
3054 4967 3113 5013 ut
3153 4957 3401 5021 diximus,
3433 4955 3527 5008 sed
3556 4969 3678 5007 san-

2101 5057 2201 5113 ctis
2227 5053 2506 5124 exemplis.
2533 5051 2915 5108 Verumtamen
2944 5051 3046 5105 nisi
3068 5048 3322 5103 Dominus
3349 5045 3505 5098 Jesus
3526 5043 3685 5097 Chri-

2099 5159 2216 5206 stus
2241 5148 2492 5211 venisset,
2526 5155 2578 5202 et
2604 5146 2720 5217 ipse
2746 5143 3058 5198 aediﬁcasset
3082 5139 3302 5191 domum
3329 5137 3469 5191 hanc
3496 5135 3551 5189 in
3580 5149 3685 5204 qua

2100 5243 2177 5297 illi
2205 5241 2603 5305 laboraverunt,
2635 5239 2687 5291 in
2717 5249 2910 5290 vanum
2941 5231 3319 5284 laboraverant
3341 5227 3433 5298 qui
3460 5227 3685 5283 aediﬁca-

2098 5339 2289 5386 verant
2315 5345 2453 5387 eam.
2486 5328 2619 5383 Nam
2647 5335 2703 5380 et
2728 5323 3008 5391 vigilanter
3035 5317 3346 5374 institerunt
3371 5320 3520 5390 gregi
3545 5337 3558 5373 :
3590 5317 3688 5373 sed

2098 5425 2203 5480 nisi
2223 5425 2478 5481 Dominus
2489 5422 2644 5478 Iesus
2663 5417 2908 5474 Christus
2927 5429 3079 5468 suam
3101 5413 3401 5470 custodiam
3419 5410 3687 5471 exhibuis-

2169 5581 2198 5621 ἀ
2226 5583 2325 5639 Ms.
2355 5583 2524 5638 idem:
2556 5579 2866 5649 Carnorum.
2900 5575 3080 5632 Primo
3109 5576 3337 5649 omnium
3355 5592 3550 5649 quam,
3571 5579 3701 5634 οιαν

2175 5664 2199 5691 ⁸
2229 5654 2326 5708 Ms.
2361 5652 2500 5706 idem
2532 5668 2543 5701 :
2576 5647 2713 5702 XIV.
2748 5647 3045 5703 Ηάῑιιετιοι.
3081 5650 3189 5703 Sed
3207 5647 3271 5710 si,
3304 5647 3410 5700 etc.

2180 5721 2200 5762 ί
2232 5722 2331 5778 Ms.
2364 5721 2506 5777 idem
2537 5737 2551 5774 :
2582 5718 2894 5786 Carnouci.
2930 5717 3046 5775 Nos
3068 5719 3280 5784 dictum,
3307 5727 3413 5772 etc.

3045 5810 3119 5874 21
