4238 6260
333 366 436 426 655

795 352 1378 416 PREDESTINATUS
1417 343 1564 404 SlVE
1604 341 2297 400 PRA‘ZDESTINATORUM
2339 342 2670 411 HA'IRESIS,
2714 343 2862 400 ETC.
2899 341 3005 397 LIB
3043 343 3125 398 ΙΙΙ.

3487 345 3593 406 654

331 493 458 535 cens
491 496 504 529 :
539 474 606 528 Et
628 489 744 544 ego,
767 476 975 544 fratres,
1004 486 1104 522 non
1119 466 1264 538 potui
1292 464 1428 518 vobis
1450 462 1588 533 loqui
1627 462 1776 533 quasi
1807 461 1910 529 spi-
1941 459 1990 516 A
2019 457 2139 521 sim,
2165 459 2277 513 scio
2307 460 2506 528 lignum
2546 470 2599 514 et
2637 463 2864 531 lapidem
2898 463 3063 519 Deum
3101 481 3220 534 esse
3248 481 3355 522 non
3389 481 3549 536 posse
3580 489 3594 524 :

274 607 279 635 ι
334 567 590 629 ritalibus,
616 564 709 618 sed
746 564 889 635 quasi
937 557 1230 613 carnalibus
1262 555 1302 626 (I
1331 554 1450 608 Cor.
1487 570 1560 618 ιιι,
1597 552 1670 620 l).
1723 550 1789 604 Et
1819 552 1916 604 ite—

273 645 283 716 ἶ
335 673 455 715 rum
490 677 500 710 :
535 656 664 711 Cum
690 656 907 720 dicatur,
926 652 1113 720 inquit,
1140 651 1192 703 in
1223 648 1360 702 vobis
1391 648 1531 700 zelus
1559 655 1608 699 et
1635 645 1912 706 contentio,

336 766 510 806 nonne
534 747 771 802 carnales
798 746 918 800 estis
940 742 1128 815 (Ibid.,
1159 741 1246 810 5);
1277 749 1332 794 et
1361 740 1555 794 iterum
1587 757 1600 791 :
1637 737 1914 810 Quotquot,

274 823 284 847 ί
338 841 530 910 inquit,
546 839 806 910 spiritales
831 851 1026 898 sumus,
1043 833 1153 886 han:
1174 833 1423 902 sapimus.
1443 830 1711 886 Docemur
1739 836 1918 883 autem

283 994 287 1000 ,
338 929 550 999 scriptis
574 929 695 993 tuis,
726 926 806 980 vir
826 924 941 986 Dei,
974 923 1119 993 quod
1163 937 1272 976 non
1319 922 1495 977 solum
1521 921 1637 989 ipse
1664 919 1921 988 spiritalis

278 1023 286 1043 ⁷
340 1019 523 1085 fueris,
547 1025 602 1072 et
631 1017 683 1071 in
699 1024 838 1070 terra
862 1014 1069 1084 positus
1084 1013 1207 1082 jure
1226 1011 1435 1066 diceres
1455 1009 1921 1066 conversationem

343 1119 488 1165 tuam
514 1123 632 1163 esse
658 1109 712 1161 in
739 1107 917 1172 caelis;
949 1121 1136 1159 verum
1159 1104 1322 1159 etiam
1349 1104 1454 1158 hoc
1479 1103 1755 1167 docemur,
1778 1099 1924 1171 quod

341 1209 397 1254 et
435 1197 675 1267 discipuli
724 1197 802 1251 tui
831 1196 1102 1266 spiritales
1143 1193 1358 1248 fuerint.
1403 1193 1496 1247 Ais
1523 1192 1665 1246 enim
1691 1191 1758 1245 ad
1787 1206 1920 1245 eos:

342 1289 405 1345 Si
428 1297 709 1360 prteventus
731 1289 845 1360 quis
866 1289 1021 1360 fuerit
1040 1289 1096 1341 in
1119 1286 1290 1357 aliquo
1335 1285 1540 1352 delicto,
1571 1301 1677 1349 vos,
1699 1284 1787 1356 qui
1813 1284 1926 1352 spi-

339 1381 516 1436 ritales
542 1381 686 1446 estis,
716 1381 964 1451 corripite
986 1377 1281 1449 hujusmodi
1308 1379 1365 1430 in
1401 1377 1588 1447 spiritu
1628 1384 1924 1429 mansuetu-
1971 1395 1975 1402 ι

337 1469 478 1527 dinis
498 1470 642 1544 (Gal.
687 1489 759 1538 γι,
799 1471 874 1542 1).
904 1470 1042 1537 Quid
1071 1484 1200 1538 ergo
1227 1485 1367 1523 nunc
1403 1467 1556 1522 nobis
1597 1466 1730 1520 dicis
1762 1485 1774 1517 :
1803 1464 1923 1520 Sci-

341 1567 596 1638 musquia
642 1564 728 1618 lea:
774 1563 1025 1634 spiritalis
1054 1570 1149 1626 est,
1176 1577 1270 1631 ego
1321 1568 1494 1612 autem
1533 1557 1759 1611 carnalis
1812 1572 1926 1610 sum

345 1637 644 1728 (Ronuvn,
677 1655 809 1726 li)?
837 1655 917 1710 Ad
969 1655 1081 1709 hmo
1108 1655 1222 1724 ipse
1268 1652 1424 1706 nobis
1467 1650 1772 1718 dignabitur
1797 1649 1927 1704 dare

345 1761 662 1816 responsum
688 1764 699 1797 :
729 1743 928 1799 Factus
965 1762 1078 1799 sum
1112 1742 1409 1798 carnalibus
1426 1743 1576 1814 quasi
1594 1742 1840 1804 carnalis,
1872 1748 1928 1792 ut

2019 549 2112 604 sed
2145 551 2300 606 video
2327 551 2486 606 aliam
2540 553 2713 622 legem
2748 564 2933 610 contra
2981 573 3196 614 sensum
3227 575 3405 616 meum
3434 575 3599 632 repu-

2018 651 2272 711 gnantem
2301 644 2406 712 legi
2440 645 2636 700 mentis
2664 662 2815 712 meae,
2864 663 2983 716 qua:
3008 651 3139 705 dicit
3183 661 3238 706 et
3267 653 3462 723 probat
3499 654 3600 709 hos

2020 732 2150 786 deos
2178 749 2298 788 esse
2326 750 2432 789 non
2459 751 2648 805 posse;
2692 747 2955 806 repugnat
2998 748 3177 796 tamen
3215 743 3299 797 lex
3337 744 3451 799 haec
3475 758 3598 800 car-

2019 820 2158 876 nalis
2200 822 2305 890 legi
2356 824 2551 878 mentis
2588 840 2740 888 mete,
2772 828 3040 896 captivum
3086 844 3173 883 me
3217 830 3365 885 ducit
3403 833 3456 886 in
3484 833 3601 901 lege

2020 914 2250 983 peccati,
2280 929 2400 983 quae
2427 915 2514 970 lex
2546 932 2652 972 non
2675 926 2758 971 est
2781 919 2834 971 in
2863 927 3045 973 mente
3077 935 3216 985 mea,
3250 921 3346 975 sed
3364 922 3418 975 in
3437 938 3605 977 mem-

2021 1003 2132 1058 bris
2179 1005 2332 1059 meis.
2393 1004 2634 1076 Corpore
2686 1010 2829 1062 enim
2879 1010 3068 1075 ducor,
3132 1012 3221 1066 ubi
3263 1013 3444 1068 animo
3492 1030 3600 1070 non

2023 1095 2323 1148 consentio.
2373 1093 2595 1167 Infelix,
2625 1114 2716 1167 ego
2750 1099 2939 1153 homo!
2980 1099 3096 1154 Non
3123 1102 3229 1158 hoc
3269 1103 3339 1159 de
3372 1119 3430 1159 se
3475 1105 3606 1160 dicit

2026 1183 2240 1240 Paulus.
2273 1186 2390 1240 Non
2419 1189 2561 1241 enim
2593 1198 2710 1242 erat
2740 1189 2943 1256 infelix,
2972 1191 3064 1246 sed
3095 1195 3284 1249 beatus
3311 1204 3366 1249 et
3387 1205 3606 1251 sanctus

2025 1285 2128 1330 est.
2157 1275 2373 1347 Infelix,
2413 1278 2602 1346 inquit,
2660 1297 2754 1349 ego
2793 1281 2975 1334 homo!
3002 1283 3115 1352 quis
3158 1301 3238 1336 me
3272 1283 3508 1339 liberabit
3535 1287 3603 1340 de

2026 1385 2240 1438 corpore
2269 1372 2451 1423 mortis
2481 1370 2679 1440 hujus?
2705 1373 2872 1440 gratia
2921 1371 3017 1426 Dei
3061 1392 3153 1443 per
3187 1374 3466 1430 Dominum
3510 1393 3603 1430 no-

2025 1470 2188 1514 strum
2215 1460 2394 1514 Iesum
2413 1459 2669 1514 Christum
2701 1460 2885 1530 (Ibid.,
2916 1461 3029 1531 ΞΔ).
3058 1463 3248 1519 Veniet
3278 1481 3406 1534 ergo
3433 1468 3604 1534 gratia

2028 1550 2366 1620 baptismatis
2387 1552 2545 1614 sacri,
2571 1561 2625 1605 et.
2653 1553 2923 1607 carnalem
2954 1555 3094 1608 hunc
3112 1555 3271 1610 faciet
3289 1559 3604 1627 spiritalem,

2031 1651 2086 1697 et
2123 1642 2486 1696 venundatum
2538 1643 2636 1697 sub
2664 1653 2887 1712 peccato
2933 1645 3159 1700 redimet
3195 1663 3225 1700 a
3255 1657 3510 1717 peccato;
3553 1659 3606 1704 et

2026 1734 2139 1804 jam
2161 1751 2271 1789 nou
2297 1735 2426 1788 dicit
2455 1753 2468 1786 :
2492 1735 2646 1800 Quod
2676 1752 2874 1806 operor
2901 1753 3008 1793 non
3030 1740 3288 1810 intelligo.
3322 1739 3436 1797 Non
3463 1745 3608 1798 enim

344 1853 432 1891 eos
457 1835 544 1909 qui
576 1845 596 1873 α
626 1837 859 1890 carnales
880 1844 1029 1890 erant
1051 1837 1428 1906 lucrifacerem.
1453 1833 1677 1904 Aperuit
1695 1848 1754 1887 se
1775 1832 1929 1887 nobis
1958 1833 2008 1892 Β
2033 1827 2176 1897 quod
2205 1826 2319 1882 odit
2355 1827 2551 1881 malum
2579 1827 2681 1881 hoc
2711 1830 2836 1896 agit,
2869 1829 2962 1883 sed
2986 1831 3130 1899 quod
3143 1833 3259 1886 vult
3281 1833 3477 1888 bonum
3507 1835 3609 1890 hoc

344 1928 567 1993 veritas,
598 1935 650 1981 et
677 1925 890 1982 fallacia
938 1934 1020 1982 est
1049 1942 1078 1979 a
1108 1927 1336 1981 veritate
1365 1924 1602 1981 exclusa.
1636 1923 1931 1978 Personam

345 2015 529 2088 itaque
569 2016 800 2073 carnalis
839 2016 1070 2071 hominis
1092 2017 1146 2070 in
1176 2031 1235 2070 se
1263 2015 1523 2084 magister
1550 2014 1810 2085 spiritalis
1839 2029 1933 2069 ex-

349 2107 511 2177 cepit.
538 2105 606 2159 Et
647 2122 714 2162 ne
742 2105 896 2178 quasi
938 2105 1226 2176 iniuriosus
1271 2106 1464 2162 doctor
1502 2122 1534 2159 a
1559 2121 1619 2161 se
1646 2106 1934 2175 repelleret

351 2195 684 2265 auditorem;
707 2213 765 2253 se
793 2197 1035 2267 increpat
1062 2205 1121 2251 ut
1149 2197 1311 2252 alium
1338 2199 1590 2268 corrigat.
1635 2196 1785 2252 Unde
1830 2198 1934 2253 hoc

351 2291 525 2362 ipsum
552 2289 677 2346 alibi
715 2297 1121 2356 commemorat,
1153 2290 1375 2347 dicens:
1406 2292 1507 2345 Aut
1546 2292 1782 2364 nunquid
1823 2307 1936 2362 pec-

351 2396 522 2440 catum
553 2388 651 2457 feci
691 2402 772 2438 me
799 2383 1096 2450 humilians,
1136 2392 1193 2438 ut
1232 2400 1322 2439 vos
1373 2384 1678 2438 exaltemini
1717 2383 1782 2454 (ll
1811 2382 1931 2438 Cor.

355 2494 429 2544 xi,
464 2477 553 2550 7)?
582 2477 716 2545 Quid
751 2477 918 2546 ergo?
943 2475 1077 2549 Ego,
1120 2476 1310 2546 inquit,
1344 2476 1572 2530 carnalis
1600 2492 1753 2529 sum:
1787 2475 1810 2513 δ
1842 2476 1934 2544 qui

355 2569 450 2624 tu?
471 2566 602 2639 Ego,
621 2567 810 2637 inquit,
835 2569 921 2639 qui
941 2568 1259 2623 venundatus
1278 2584 1394 2623 sum
1416 2565 1508 2621 sub
1530 2575 1736 2637 peccato
1754 2565 1932 2638 (Rom.

351 2674 448 2721 vu,
473 2655 584 2727 M).
627 2656 875 2727 Nunquid
905 2665 981 2722 tu,
1030 2656 1311 2726 Apostole,
1350 2656 1690 2710 venundatus
1737 2670 1796 2709 es
1835 2656 1935 2709 sub

260 2783 262 2786 τ
352 2757 594 2821 peccato,
639 2747 731 2818 qui
759 2749 909 2814 olim,
950 2747 1150 2802 Christi
1191 2748 1452 2816 sanguine
1490 2747 1818 2818 redemptus,
1852 2748 1935 2801 in-

353 2839 739 2896 numerabilem
776 2855 872 2909 per
898 2838 1173 2894 Christum
1200 2837 1314 2893 Deo
1339 2839 1597 2908 populum
1627 2839 1938 2894 redemisti?

350 2931 580 2988 Constat
600 2945 729 2998 ergo
751 2929 894 2998 quod
923 2945 1033 2984 non
1054 2944 1207 2983 suam
1233 2929 1544 2998 Apostolus,
1572 2929 1665 2985 sed
1696 2930 1934 2998 alterius,

355 3021 411 3078 id
435 3030 518 3077 est
555 3020 786 3077 carnalis
820 3019 937 3086 viri,
973 3020 1141 3074 voluit
1167 3021 1274 3076 hoc
1307 3021 1429 3076 loco
1465 3033 1485 3060 ε
1515 3020 1786 3077 declarare
1816 3037 1939 3092 per-

355 3127 567 3171 sonam.
598 3112 693 3168 llle
730 3121 813 3168 est
848 3107 1185 3168 venundatus
1217 3114 1316 3167 sub
1345 3121 1586 3182 peccato,
1632 3113 1724 3181 qui
1767 3112 1938 3168 adhuc

2033 1922 2213 1978 faciet.
2247 1920 2358 1975 Scit
2397 1921 2540 1974 enim
2567 1922 2819 1990 quoniam
2845 1923 2955 1992 jam
2991 1924 3197 1979 habitat
3220 1927 3274 1980 in
3305 1942 3466 1982 carne
3494 1928 3610 1997 ejus

2033 2016 2255 2080 bonum,
2277 2015 2329 2070 id
2358 2022 2442 2070 est
2479 2014 2711 2083 Spiritus
2738 2022 2972 2079 sanctus,
3006 2031 3104 2086 per
3129 2031 3288 2086 quem
3313 2026 3368 2072 et
3396 2019 3534 2074 velle
3559 2021 3610 2074 ei

2034 2106 2262 2175 adjacet,
2295 2114 2348 2162 et
2376 2107 2634 2175 perlicere
2664 2106 2898 2161 inveniet
2935 2123 3034 2177 pro
3071 2121 3168 2162 sua
3191 2111 3327 2162 bona
3366 2111 3610 2165 volunta-

2036 2207 2106 2253 te.
2161 2197 2387 2267 Jamque
2439 2213 2660 2253 securus
2694 2208 2797 2263 est,
2837 2207 2892 2254 et
2935 2199 3339 2256 condelectatur
3373 2202 3477 2270 legi
3514 2201 3611 2258 Dei

2034 2291 2326 2347 secundum
2355 2291 2663 2346 interiorem
2685 2292 2976 2357 hominem,
2999 2295 3123 2362 quia
3148 2309 3253 2348 non
3281 2293 3611 2350 videt'aliam

2036 2383 2209 2451 legem
2235 2382 2288 2436 in
2309 2381 2563 2437 membris
2590 2383 2720 2437 suis.
2759 2381 2940 2438 Solam
2963 2384 3107 2438 enim
3145 2384 3317 2453 legem
3341 2383 3539 2440 Christi
3561 2385 3614 2442 in

2035 2490 2095 2530 se
2116 2474 2296 2538 habet,
2320 2489 2439 2543 qua:
2465 2489 2572 2529 non
2601 2483 2865 2544 repugnat
2893 2475 2997 2544 legi
3024 2476 3218 2530 mentis
3255 2477 3392 2545 ejus,
3423 2485 3477 2531 et
3505 2477 3613 2531 non

2035 2581 2160 2622 eum
2189 2567 2334 2621 ducit
2361 2566 2632 2636 captivum
2661 2567 2714 2621 in
2744 2566 2861 2636 lege
2888 2568 3114 2637 peccati,
3132 2566 3225 2623 sed
3244 2568 3469 2622 liberum
3489 2571 3612 2623 eum

2035 2658 2184 2714 ducit
2213 2658 2281 2713 ad
2313 2658 2480 2712 vitam
2517 2667 2792 2714 maternam.
2843 2658 2909 2712 Et
2933 2658 3044 2728 jam
3073 2673 3178 2714 non
3222 2657 3406 2714 infelix
3426 2660 3610 2726 homo,

2035 2751 2132 2806 sed
2165 2750 2293 2806 felix
2321 2763 2423 2819 ego
2451 2750 2634 2814 homo,
2662 2751 2787 2818 quia
2828 2751 2941 2804 haec
2986 2751 3165 2803 omnia
3193 2749 3330 2803 mala
3364 2749 3528 2816 evasi,
3560 2757 3613 2803 et

2038 2844 2152 2899 haec
2175 2843 2358 2897 omnia
2383 2842 2522 2897 bona
2565 2842 2761 2896 inveni.
2793 2840 2922 2907 Quis
2952 2849 3131 2896 autem
3159 2842 3262 2896 hoc
3313 2841 3440 2895 mihi
3480 2853 3614 2911 prai-

2038 2935 2194 3000 stitit,
2223 2935 2269 2989 si
2297 2933 2525 3002 requiris
2552 2951 2564 2986 :
2593 2931 2778 2987 Gratia
2806 2931 2904 2988 Dei
2930 2947 3026 3003 per
3066 2932 3350 2988 Dominum
3372 2939 3614 2988 nostrum

2036 3025 2219 3081 Jesum
2242 3024 2532 3080 Christum.
2571 3023 2638 3078 Et
2666 3039 2736 3079 ne
2763 3031 3066 3079 remaneret
3089 3024 3442 3095 expositionis
3460 3023 3618 3096 hujus

2041 3119 2378 3189 ambiguitas,
2407 3133 2510 3187 qua
2539 3125 2821 3188 putaretur
2846 3118 3135 3188 Apostolus
3164 3117 3229 3172 de
3249 3133 3308 3173 se
3339 3119 3438 3174 ista
3454 3115 3618 3175 dixis-

356 3205 557 3262 Christi
582 3203 840 3274 sanguine
867 3203 1176 3274 redemptus
1190 3220 1298 3258 non
1326 3212 1426 3268 est,
1457 3205 1549 3274 qui
1579 3204 1601 3240 ά
1625 3203 1800 3259 adhuc
1820 3219 1937 3259 car-
1964 3200 2010 3264 C
2041 3228 2117 3277 se,
2169 3212 2321 3283 ponit
2360 3212 2521 3266 verba
2561 3212 2889 3282 increpativo
2941 3211 3102 3266 modo
3143 3212 3387 3290 legenda,
3427 3213 3620 3283 quibus

265 3325 269 3332 '
356 3297 528 3363 nalis;
589 3305 645 3353 ει
690 3296 811 3352 ideo
848 3296 1044 3351 ἀίοίιυτ
1074 3315 1087 3347 ε
1132 3294 1281 3360 Quod
1332 3313 1518 3368 ορενω
1558 3314 1662 3353 non
1700 3297 1936 3368 intelligo
2041 3307 2116 3360 ait
2149 3324 2160 3358 :
2196 3305 2365 3376 Igitur
2391 3308 2500 3375 ipse
2524 3322 2618 3376 ego
2648 3315 2816 3359 mente
2844 3306 3008 3359 servio
3055 3304 3158 3377 legi
3196 3303 3314 3370 Dei,
3347 3322 3504 3360 carne
3529 3322 3619 3359 au.

359 3389 538 3465 (Rom.
565 3407 652 3456 vn,
681 3388 791 3461 15).
825 3387 1114 3444 Νοιιέιιὶιιι
1135 3383 1382 3458 intelligit
1395 3391 1765 3460 operationem
1785 3405 1939 3446 suam
2041 3408 2143 3452 rem
2171 3398 2274 3472 legi
2303 3398 2498 3467 peccati
2541 3395 2726 3465 (Ibid.,
2759 3395 2872 3466 Q5).
2907 3394 3060 3449 Nihil
3100 3413 3222 3466 ergo
3270 3395 3620 3450 damnationis

359 3483 573 3556 gentilis
600 3490 785 3538 contra
814 3481 1043 3536 salutem
1082 3497 1231 3536 suam
1270 3497 1418 3547 esse;
1448 3482 1542 3551 qui
1564 3482 1690 3537 licet
1713 3483 1782 3536 sit
1809 3497 1940 3552 gen-

362 3575 488 3640 tilis,
545 3574 746 3628 bonum
789 3572 889 3628 sibi
936 3574 1054 3627 vult
1090 3573 1395 3643 provenire,
1445 3573 1645 3628 bonum
1696 3573 1937 3642 adipisci,

363 3663 566 3721 bonum
594 3663 890 3734 possidere,
935 3664 1135 3718 bonum
1165 3663 1466 3732 acquirere,
1509 3665 1709 3718 bonum
1758 3665 1944 3718 salutis

367 3773 493 3822 suat,
513 3759 711 3812 bonum
739 3758 860 3812 vitae
884 3772 996 3812 sua:
1027 3775 1040 3809 :
1069 3756 1165 3811 sed
1194 3771 1301 3814 non
1325 3755 1467 3824 quod
1488 3757 1594 3810 vult
1619 3757 1819 3811 bonum
1843 3758 1946 3812 hoc

368 3855 614 3910 exercet,
671 3847 766 3902 sed
831 3846 975 3916 quod
1051 3845 1164 3901 odit
1219 3845 1418 3899 malum
1469 3846 1572 3901 hoc
1631 3846 1775 3902 facit.
1823 3845 1946 3902 Odit

371 3949 600 3994 mortem
643 3979 658 4003 ,
716 3937 810 3992 sed
862 3953 1026 4008 opera
1076 3938 1264 3992 mortis
1329 3946 1588 4005 exercet;
1641 3939 1754 3994 odit
1806 3941 1946 4010 peri-

371 4031 549 4087 culum
578 4072 592 4096 ,
675 4031 766 4085 sed
821 4031 1064 4100 operatio
1127 4031 1243 4100 ejus
1309 4034 1464 4103 plena
1524 4042 1604 4089 est
1667 4035 1944 4104 periculo;

376 4123 493 4180 odit
549 4123 727 4178 omnia
798 4125 956 4190 mala,
995 4126 1088 4180 sed
1143 4142 1263 4196 qua:
1327 4126 1438 4182 odit
1501 4128 1613 4182 haec
1673 4136 1946 4198 operatur.

377 4216 612 4284 Quare?
673 4217 796 4286 quia
844 4235 943 4272 non
985 4219 1180 4273 habitat
1231 4223 1287 4275 in
1333 4236 1488 4275 carne
1541 4237 1688 4287 mea,
1744 4221 1948 4291 inquit,

2039 3496 2117 3541 est
2155 3489 2211 3540 in
2253 3485 2457 3539 Christo
2501 3485 2624 3540 Iesu
2655 3486 2732 3539 his
2779 3488 2862 3557 qui
2904 3486 3180 3539 secundum
3232 3501 3440 3538 carnem
3505 3502 3620 3538 am-

2043 3576 2222 3630 bulant
2265 3575 2452 3646 (Rom.
2500 3592 2608 3641 vin,
2661 3576 2757 3644 1).
2803 3575 2916 3628 Hoc
2964 3583 3064 3641 est,
3109 3575 3153 3628 si
3201 3588 3323 3642 ego,
3367 3575 3459 3642 qui
3502 3590 3618 3628 sum

2043 3668 2332 3737 Apostolus
2357 3707 2370 3733 ,
2419 3667 2647 3721 carnalis
2687 3667 3000 3730 existimor,
3055 3665 3183 3718 nihil
3227 3664 3499 3719 habebunt
3527 3664 3620 3719 da-

2044 3761 2333 3817 mnationis
2361 3761 2414 3814 hi
2458 3759 2548 3828 qui
2596 3758 2884 3812 carnaliter
2923 3758 3142 3810 vivunt?
3171 3763 3227 3810 et
3255 3754 3445 3825 adjecit
3471 3773 3482 3808 :
3514 3753 3621 3810 Lex

2009 3911 2030 3922 Α,
2047 3865 2217 3911 autem
2236 3855 2450 3925 spiritus
2471 3859 2520 3905 et
2543 3854 2661 3906 uiue
2681 3851 2910 3904 liberavit
2931 3857 2979 3902 te
3000 3866 3030 3901 a
3056 3849 3168 3920 lege
3190 3850 3384 3918 peccati
3406 3857 3454 3902 et
3485 3865 3598 3903 mor
3616 3884 3624 3891 -

2047 3951 2113 4003 tis
2146 3947 2332 4019 (Ibid.,
2358 3947 2436 4018 2).
2490 3943 2641 3999 Unde
2672 3953 2725 3998 et
2755 3943 2806 3996 in
2835 3943 2940 3997 alio
2969 3943 3088 3997 loco
3117 3941 3246 3995 dicit
3292 3959 3302 3996 ;
3347 3941 3472 3996 Cum
3492 3942 3624 3996 servi

2049 4041 2233 4094 essetis
2271 4039 2486 4110 peccati,
2517 4035 2662 4090 liberi
2685 4035 2854 4106 fuistis
2867 4035 3106 4104 jnstitite.
3140 4030 3295 4086 Nunc
3316 4041 3482 4087 autem
3509 4033 3626 4088 libe-

2051 4132 2151 4184 rati
2168 4148 2198 4182 a
2220 4139 2447 4199 peccato,
2474 4128 2604 4181 servi
2621 4126 2746 4198 facti
2767 4127 2888 4178 estis
2913 4123 3007 4177 Dei
3044 4123 3220 4195 (Rom.
3240 4141 3310 4190 vi,
3339 4122 3453 4191 20).
3486 4125 3627 4181 Deus

2054 4230 2232 4275 autem
2265 4222 2315 4273 in
2347 4237 2412 4274 eo
2435 4222 2502 4275 de
2528 4219 2760 4274 servitiis
2789 4217 3027 4270 omnium
3051 4217 3333 4285 gloriatur,
3367 4218 3489 4286 quia
3517 4235 3629 4273 εει-α

376 4307 590 4374 bonum,
625 4308 674 4363 id
703 4317 802 4374 est,
839 4326 944 4364 non
988 4311 1188 4366 habitat
1223 4313 1275 4366 in
1313 4328 1398 4367 me
1427 4312 1569 4368 Deus
1594 4329 1768 4368 verus.
1813 4312 1955 4366 Nam
2056 4313 2182 4366 vitia
2210 4328 2328 4379 quae
2359 4313 2521 4366 habet
2550 4311 2708 4364 nullis
2755 4315 3009 4378 poterunt
3049 4307 3280 4362 servitiis
3308 4303 3630 4376 comparari.

375 4401 502 4454 velle
528 4402 731 4473 adjacet
759 4402 902 4467 mihi,
929 4403 1094 4458 Deum
1120 4420 1304 4460 verum
1340 4421 1426 4461 me
1452 4407 1591 4462 velle
1621 4416 1825 4462 certum
1852 4415 1953 4470 est,
2060 4403 2319 4458 Universa
2351 4405 2493 4456 enim
2522 4404 2738 4457 servitia
2765 4401 3007 4457 coactiva
3049 4407 3370 4466 noscuntur;
3413 4398 3508 4454 Dei
3535 4401 3631 4453 ah-

377 4494 472 4550 sed
505 4495 607 4548 hoc
635 4495 779 4564 quod
803 4495 925 4551 volo
948 4514 1051 4551 non
1080 4497 1487 4570 invenio(lbid.,
1520 4499 1632 4569 l8).
1661 4497 1958 4553 Occurrunt
1992 4568 2011 4570 _
2062 4506 2168 4551 tem
2208 4496 2446 4560 servitia,
2478 4495 2577 4548 nisi
2609 4495 2906 4548 voluntaria
2936 4491 3150 4557 fuerint,
3185 4499 3330 4546 stare
3377 4507 3483 4546 non
3513 4505 3634 4561 pos~

381 4585 528 4640 enim
573 4583 704 4639 mihi
741 4585 941 4641 homini
990 4588 1212 4654 carnali,
1262 4568 1464 4643 homini
1503 4568 1810 4643 venundato
1859 4589 1957 4643 sub
1985 4568 2037 4628 D
2062 4599 2206 4654 sunt,
2231 4589 2520 4642 secundum
2552 4589 2653 4640 hoc
2681 4586 2826 4655 quod
2857 4585 3114 4655 scriptum
3145 4593 3259 4638 est:
3285 4583 3446 4637 Pater
3478 4581 3637 4637 nemi-

380 4684 627 4748 peccato,
651 4677 857 4733 homini
895 4681 984 4749 qui
1013 4679 1154 4748 quod
1182 4696 1376 4750 operor
1417 4698 1523 4736 non
1566 4681 1825 4749 intelligo,
1857 4682 1958 4736 ho-
2063 4700 2180 4738 nem
2214 4681 2370 4735 trahit
2416 4675 2652 4732 invitum.
2708 4677 2858 4732 Unde
2904 4679 3164 4748 propheta
3212 4678 3400 4746 plenus
3439 4667 3641 4746 Spiritu

380 4767 514 4823 mini
553 4769 644 4839 qui
693 4785 802 4824 non
830 4770 974 4839 quod
1006 4771 1128 4825 volo
1159 4771 1357 4826 bbnum
1401 4773 1503 4826 hcc
1533 4786 1654 4840 ago,
1704 4770 1797 4826 sed
1817 4771 1963 4840 quod
2063 4781 2252 4830 sancto
2277 4771 2510 4825 clamat:
2545 4770 2626 4822 Ea:
2667 4769 2928 4824 voluntate
2966 4785 3078 4822 mea
3111 4768 3392 4839 conﬁtebor
3420 4768 3641 4822 Domino

383 4859 510 4915 nolo
537 4861 737 4915 malum
778 4861 907 4915 illud
943 4860 1102 4928 facio,
1155 4863 1355 4917 homini
1387 4863 1438 4918 in
1469 4863 1623 4934 cujus
1651 4878 1812 4917 carne
1856 4878 1964 4917 non
2069 4867 2186 4938 (Ps.
2210 4860 2538 4932 xxvu,'l).Et
2552 4859 3403 4929 iterum:Voluntariesacriﬁcabo
3419 4857 3509 4909 tibi
3527 4853 3640 4925 (Ps.

386 4949 593 5005 habitat
622 4951 852 5018 bonum;
886 4963 1176 5008 occurrunt
1206 4955 1333 5008 mihi
1383 4955 1484 5008 ista
1516 4955 1716 5020 omnia,
1759 4965 1816 5008 ut
1842 4970 1968 5024 per-
2067 4975 2177 5024 un,
2196 4955 2272 5026 8).
2297 4954 2406 5009 Sed
2427 4954 2508 5008 his
2526 4953 2774 5008 omnibus
2803 4953 3059 5008 contrarii
3083 4952 3314 5006 °librum
3339 4948 3490 5003 nobis
3523 4960 3643 5014 pro-

387 5037 549 5095 licere
587 5041 788 5097 bonum
839 5059 946 5098 non
977 5044 1265 5100 inveniam.
1299 5043 1636 5101 Condelector
1667 5056 1837 5100 tamen
1867 5047 1968 5120 legi
2070 5050 2245 5104 ferant
2276 5047 2431 5102 czecis
2474 5045 2784 5117 ambagibus
2814 5043 3200 5100 circumdatum
3225 5081 3238 5104 ,
3271 5047 3325 5091 et
3361 5035 3512 5104 quasi
3553 5049 3645 5086 nc~

384 5125 485 5182 Dei
513 5131 790 5186 secundum
811 5134 1110 5188 interiorem
1137 5136 1397 5190 hominem
1425 5136 1616 5208 (Ibid.,
1648 5136 1768 5209 22);
1804 5139 1856 5194 id
1887 5148 1972 5195 est
2073 5142 2241 5197 scium
2261 5140 2362 5202 sui,
2389 5139 2581 5193 iterum
2609 5139 2798 5193 eadem
2829 5139 3161 5206 repetentem
3184 5137 3342 5195 atque
3354 5125 3645 5180 dicentem.

385 5219 616 5276 interior
652 5221 812 5280 homo
851 5240 1005 5282 meus
1047 5227 1099 5280 in
1137 5242 1246 5296 quo
1293 5236 1377 5284 est
1430 5229 1736 5285 intellectus
1797 5246 1966 5295 meus,
2145 5226 2262 5284 XV.
2300 5228 2318 5266 ί
2354 5227 2476 5284 Νοη
2521 5239 2769 5284 vocantur
2808 5226 2909 5278 nisi
2957 5217 3341 5292 prwdestinati;
3394 5211 3648 5271 antecedit

386 5311 790 5370 condelectatur
827 5315 933 5386 legi
974 5317 1090 5382 Dei,
1131 5333 1252 5386 qua:
1279 5319 1410 5374 dicit
1451 5335 1616 5375 unum
1646 5329 1702 5376 et
1729 5323 1972 5378 invisibi-
2074 5324 2211 5376 enim
2233 5323 2402 5393 gratia
2445 5321 2537 5374 Dei
2566 5322 2879 5373 voluntatem
2920 5309 3175 5374 hominis;
3221 5309 3364 5380 prior
3401 5317 3476 5384 est
3517 5309 3650 5362 etaim

387 5401 492 5458 lem
531 5402 703 5461 Deum
748 5405 949 5464 debere
995 5409 1230 5465 adorari.
1264 5409 1518 5476 Quamvis
1566 5411 1709 5468 enim
1739 5413 1971 5470 carnalis
2076 5413 2214 5468 Deus
2243 5416 2296 5468 in
2319 5414 2452 5466 bono
2482 5411 2725 5472 hominis,
2770 5405 2922 5458 homo
2964 5409 3134 5454 autem
3154 5403 3207 5456 in
3229 5405 3368 5457 omni
3411 5395 3542 5456 bono
3573 5399 3650 5454 via

461 5567 489 5631 ξ
523 5557 626 5631 Es.
667 5561 954 5631 Augiense,
983 5567 1223 5621 carnales
1247 5576 1386 5621 sunt.

463 5628 492 5668 ι’
521 5628 839 5706 ι’ῗρτιεξιλίιεε
864 5635 952 5706 tu?

470 5710 493 5738 ε
535 5699 630 5769 Ms.
672 5699 836 5769 idem,
866 5705 1144 5760 declarari.

2080 5570 2250 5622 sarnis
2277 5575 2372 5630 est,
2402 5574 2451 5619 et
2477 5565 2592 5618 ideo
2621 5564 2747 5615 dicit
2775 5561 2910 5633 quod
2935 5576 3136 5633 operor.

2157 5647 2179 5675 ε
2219 5637 2315 5690 Με.
2359 5635 2521 5698 idem,
2553 5633 2739 5704 librum
2763 5631 2994 5704 heretici
3024 5631 3188 5704 nobis.
3577 5693 3585 5703 .
3624 5693 3638 5704 .

2159 5705 2177 5742 τ
2211 5706 2308 5760 Με.
2343 5705 2479 5758 idem
2513 5720 2526 5754 :
2563 5701 2721 5756 XVII.
2763 5701 3058 5757 HERETICI.
3103 5699 3225 5758 Non
3253 5705 3500 5754 vocantur
3537 5699 3658 5760 nisi,

465 5769 494 5804 ἀ
534 5768 634 5825 κε.
878 5776 1045 5830 adhuc
1072 5780 1301 5833 carnalis
1333 5779 1446 5834 ideo
1474 5777 1663 5831 dicitur
1682 5777 1805 5847 quia
1835 5774 1984 5844 ﬁlius
2084 5783 2194 5830 etc.
