4238 6260
343 416 442 471 657

772 375 1365 465 ῬᾒκευΕεΤιΝΑΤυδ
1401 402 1551 459 srva
1590 403 1970 460 rumnesrn

2037 403 2284 460 .TORUM
2324 402 2654 470 ΗᾸΕΒΕΒΙΒ,
2695 403 2846 459 ETC.
2889 404 3013 458 LIB.
3056 403 3141 458 ll].

3493 406 3599 459 658

347 531 507 586 mine.
559 526 676 581 Non
723 524 864 579 enim
905 523 1047 592 prior
1092 521 1193 574 erit
1241 521 1401 576 homo
1448 520 1538 573 Dei
1580 521 1782 589 gratiae,
1825 509 1917 574 sed
1945 531 1990 580 Α
2022 537 2130 574 non
2171 521 2344 576 solum
2395 529 2519 572 tunc
2565 519 2738 573 dicam
2791 519 3142 577 antecessisse
3181 524 3425 586 gratiam,
3477 532 3600 570 cum

349 622 517 693 gratia
547 619 640 673 Dei
678 618 823 687 prior
867 615 968 669 erit
1011 613 1240 668 hominis
1281 612 1562 666 voluntati.
1612 611 1920 667 Deteximus

349 712 454 767 hoc
476 717 709 764 vestrum
740 705 989 760 studium.
1018 703 1166 758 Nunc
1194 711 1379 757 contra
1403 703 1506 756 hoc
1525 702 1652 771 quid
1673 701 1922 776 catholici

351 814 648 864 teneamus,
679 811 893 852 necesse
920 802 1002 848 est
1029 801 1085 846 ut
1106 793 1264 861 justis
1291 791 1674 846 assertionibus
1694 791 1920 844 demon-

351 902 598 950 stremus.
641 888 903 942 Memores
950 893 1121 940 estote
1166 884 1289 953 quia
1337 883 1610 937 vobiscum
1653 882 1920 936 dicimus:

354 984 630 1042 Antecedit
664 981 831 1049 gratia
878 978 974 1032 Dei
1021 977 1256 1031 hominis
1294 976 1642 1029 voluntatem.
1689 974 1926 1028 Diximus

355 1079 533 1146 itaque
565 1093 577 1126 :
608 1072 674 1126 Et
717 1070 1003 1134 antecedit,
1049 1076 1105 1122 et
1150 1068 1408 1135 sequitur.
1461 1065 1761 1129 Antecedit,
1801 1065 1926 1133 quia

356 1183 460 1222 non
502 1161 820 1234 petentibus,
855 1175 962 1214 non
1001 1159 1332 1226 rogantibus,
1383 1173 1490 1210 non
1535 1157 1696 1210 etiam
1740 1156 1926 1210 volen-

353 1258 493 1312 tibus
520 1254 693 1317 nobis,
729 1252 880 1307 venit
925 1251 1088 1305 Filius
1123 1250 1217 1304 Dei
1257 1250 1560 1303 universum
1606 1247 1858 1302 mundum
1897 1263 1929 1300 a

350 1355 525 1401 morte
570 1343 814 1412 eripere;
864 1349 918 1395 et
963 1348 1022 1394 ut
1059 1338 1373 1394 ascenderet
1418 1339 1485 1392 ad
1529 1337 1698 1391 Deum
1732 1338 1924 1402 homo,

349 1438 485 1495 sicut
507 1435 621 1505 jam
651 1433 902 1497 diximus,
935 1432 1076 1486 Deus
1104 1431 1377 1486 descendit
1405 1429 1470 1482 ad
1508 1430 1796 1482 hominem.
1826 1427 1930 1482 Ve-

349 1531 430 1585 nit
451 1531 680 1584 invitare
707 1525 1005 1582 esurientes
1033 1523 1100 1578 ad
1120 1524 1323 1594 epulas,
1354 1522 1596 1576 sitientes
1618 1520 1682 1574 ad
1700 1520 1927 1585 fontem,

350 1623 580 1678 miseros
608 1618 677 1673 ad
703 1616 1086 1681 fortitudinem,
1111 1613 1386 1670 mendicos
1409 1611 1474 1665 ad
1501 1611 1728 1674 divitias,
1754 1611 1933 1665 tristes

353 1714 424 1768 ad
469 1712 724 1776 ltetitiam,
762 1708 1008 1763 venditus
1046 1706 1110 1760 ad
1155 1704 1597 1779 redemptionem,
1645 1717 1829 1756 servos
1866 1701 1934 1755 ad

346 1807 678 1866 'libertatem,
710 1801 948 1871 captivos
977 1798 1043 1852 ad
1071 1797 1330 1867 requiem.
1378 1795 1515 1848 Ecce
1547 1794 1649 1848 hoc
1687 1793 1808 1847 loco
1833 1792 1932 1846 do-

2024 614 2181 678 Deus,
2207 611 2420 681 adjungi
2440 611 2642 665 homini
2663 627 2770 664 non
2797 610 3128 680 dedignatus,
3161 627 3268 665 non
3298 609 3605 680 petentibus

2023 704 2178 758 nobis
2203 703 2384 757 venire
2412 701 2660 768 dignatus
2689 708 2799 765 est;
2830 700 2925 754 sed
2969 709 3023 754 et
3055 715 3221 768 usque
3248 700 3408 754 hodie
3445 707 3601 759 ante-

2024 795 2168 851 cedit
2209 795 2457 849 voluntas
2499 793 2593 846 Dei
2639 793 2969 847 voluntatem
3017 792 3268 846 hominis.
3297 791 3424 845 Vult
3460 791 3603 845 enim

2025 898 2084 943 ut
2108 889 2394 952 salvemur,
2422 894 2476 941 et
2505 902 2604 941 nos
2647 886 2911 941 nolumus.
2944 885 3036 939 Vte
3061 892 3236 938 autem
3263 864 3391 936 mihi
3417 891 3471 938 et
3499 882 3604 936 mei

2027 981 2304 1045 similibus,
2333 981 2457 1049 quia
2487 979 2723 1048 quotidie
2763 977 3029 1031 antecedit
3059 976 3360 1030 voluntates
3395 982 3606 1028 nostras

2028 1081 2084 1128 et
2122 1074 2312 1141 gratia,
2359 1080 2414 1126 et
2459 1072 2721 1134 invitatio,
2754 1079 2810 1125 et
2836 1070 3081 1125 voluntas
3109 1069 3225 1134 Dei,
3255 1077 3310 1122 et
3341 1084 3604 1138 compun—

2029 1167 2156 1231 ctio,
2186 1173 2240 1219 et
2265 1165 2545 1234 promissio
2573 1164 2750 1232 gaudii
2777 1163 3108 1232 sempiterni,
3138 1170 3193 1216 et
3221 1170 3393 1216 terror
3419 1160 3606 1215 aeterni

2029 1257 2301 1327 supplicii.‘
2324 1255 2572 1322 Quotidie
2599 1270 2727 1323 ergo
2773 1254 3028 1324 pnecedit
3068 1254 3369 1308 voluntates
3397 1260 3607 1306 nostras

2030 1350 2199 1418 gratia
2227 1349 2341 1412 Dei,
2367 1347 2838 1401 innumerabilibus
2867 1347 3023 1416 plena
3053 1343 3314 1412 suifragiis
3346 1362 3358 1395 :
3389 1343 3485 1398 sed
3510 1359 3609 1396 no-

2031 1448 2140 1494 stra
2187 1440 2432 1494 voluntas
2473 1440 2717 1492 universa
2759 1438 2858 1491 ista
2898 1437 2993 1490 Dei
3017 1435 3156 1490 dona
3197 1451 3303 1490 non
3346 1435 3605 1503 sequitur.

2035 1545 2060 1572 ιι
2087 1533 2223 1599 Quid
2246 1551 2366 1606 ergo
2387 1535 2509 1587 dicit
2537 1534 2664 1587 liber
2683 1533 2881 1587 vester?
2907 1532 3154 1602 prwcedit
3182 1531 3493 1584 voluntatem
3518 1524 3614 1581 ha-'
3645 1557 3650 1562 -

2034 1628 2188 1680 minis
2227 1628 2462 1680 voluntas
2495 1624 2610 1678 Dei.
2645 1623 2671 1662 δ
2702 1623 2767 1677 Et
2793 1639 2892 1678 nos
2917 1623 3044 1694 quid
3073 1622 3340 1676 diximus?
3376 1629 3432 1674 et
3476 1635 3613 1689 prze-
3647 1646 3656 1656 ο

2036 1717 2194 1783 cedit,
2220 1726 2274 1771 et
2303 1717 2561 1785 sequitur.
2595 1714 2731 1781 Quid
2760 1729 2888 1782 ergo
2925 1714 3285 1768 laboravimus
3311 1713 3610 1781 loquentes,

2037 1809 2162 1876 quia
2181 1823 2278 1862 vos
2308 1806 2676 1860 tantummodo
2707 1805 2950 1876 praecedit
2977 1804 3174 1870 dicitis,
3203 1805 3432 1874 sequitur
3459 1803 3616 1856 dene-

351 1913 538 1954 cemus
557 1895 702 1964 quod
723 1892 991 1948 antecedit
1011 1891 1180 1960 gratia
1207 1889 1301 1944 Dei
1323 1889 1653 1942 voluntatem
1682 1885 1932 1939 hominis.
1963 1888 2010 1948 Β
2038 1901 2192 1967 satis.
2218 1899 2396 1967 Ipsum
2417 1905 2596 1951 autem
2617 1896 2761 1966 quod
2781 1896 2956 1950 dicitis
2975 1897 3101 1965 quia
3122 1894 3393 1965 praecedit,
3418 1893 3616 1948 idcirco

351 1987 511 2044 Nunc
552 1985 825 2040 videamus
866 1982 1136 2052 quomodo
1174 1982 1366 2036 iterum
1395 1980 1507 2048 ipsa
1537 1984 1791 2045 sequatur
1818 1990 1936 2044 quae

355 2084 724 2135 antecesserat
743 2074 1132 2144 subsequeudo.
1163 2071 1346 2127 Gratia
1377 2073 1518 2126 enim
1547 2084 1666 2139 quae
1695 2077 1938 2121 anteces-
2003 2071 2010 2077 '

356 2170 451 2236 sit,
483 2166 714 2223 ostendit
739 2166 865 2234 quid
894 2173 1063 2235 petas,
1094 2179 1251 2234 quem
1279 2172 1448 2234 petas,
1481 2169 1537 2216 et
1573 2161 1802 2229 qualiter
1839 2156 1937 2229 pe'-

357 2271 478 2327 tas;
510 2259 742 2315 ostendit
761 2258 886 2329 quid
915 2271 1139 2326 quaeras,
1171 2256 1398 2325 qualiter
1423 2271 1651 2326 qureras,
1676 2254 1765 2308 ubi
1793 2268 1932 2321 quie-

357 2369 482 2418 ras;
512 2351 748 2407 ostendit
766 2351 889 2421 quid
913 2350 1109 2419 pulses,
1136 2349 1224 2403 ubi
1254 2349 1452 2418 pulses,
1475 2348 1706 2417 qualiter
1729 2347 1935 2416 pulses;

356 2452 416 2498 et
435 2443 504 2497 ab
529 2443 630 2497 hac
654 2441 900 2509 indagine
921 2439 1121 2494 nullum
1143 2439 1387 2494 exclusit.
1406 2439 1520 2493 Non
1540 2438 1714 2492 solum
1736 2434 1956 2491 nullum'

356 2534 604 2597 exclusit,
651 2534 744 2589 sed
789 2534 952 2586 etiam
989 2541 1212 2587 cunctos
1249 2533 1621 2586 universaliter
1649 2532 1891 2585 invitavit
1923 2549 1935 2582 :

359 2626 547 2680 Omnis
581 2626 718 2679 enim
754 2620 838 2695 qui
864 2624 988 2694 petit
1027 2623 1236 2692 accipit,"
1258 2631 1307 2674 et
1335 2622 1421 2692 qui
1448 2621 1629 2690 quan-it
1650 2621 1861 2682 invenit,
1893 2626 1943 2671 et

356 2718 591 2789 pulsanti
629 2718 886 2785 aperietur
926 2714 1142 2786 (Matth.
1175 2730 1266 2775 vn,
1311 2713 1386 2782 7).
1428 2712 1494 2765 Et
1534 2713 1725 2766 iterum
1765 2711 1939 2765 dixit:

356 2808 615 2880 Nunquid
643 2808 781 2877 ﬁlius
827 2807 871 2859 si
909 2808 1034 2876 petit
1076 2822 1262 2875 panem
1300 2813 1498 2874 patrem
1525 2821 1692 2869 suum,
1725 2803 1947 2875 lapidem

356 2901 591 2970 porriget
616 2899 701 2951 ei?
729 2905 815 2950 aut
845 2899 892 2950 si
926 2899 1118 2967 piscem
1157 2897 1376 2965 petierit,
1405 2896 1635 2968 nunquid
1661 2905 1947 2967 serpentem

358 2989 596 3060 porriget
625 2989 707 3041 ei?
747 2987 807 3042 Si
845 3003 964 3057 ergo
1006 3003 1112 3051 vos,
1154 3003 1270 3040 cum
1297 2988 1410 3040 sitis
1439 2989 1584 3050 mali,
1616 2989 1775 3041 nostis
1813 2980 1948 3042 bona

361 3080 496 3133 data
527 3078 652 3131 dare
679 3077 802 3147 ﬁliis
832 3061 1036 3143 vestris,
1068 3088 1260 3149 quanto
1298 3079 1461 3148 magis
1496 3078 1658 3130 Pater
1686 3062 1844 3131 vester
1862 3080 1949 3150 qui

358 3171 424 3223 in
469 3169 606 3222 ralis
649 3177 741 3234 est,
791 3166 932 3222 dabit
970 3169 1104 3222 bona
1132 3168 1412 3238 petentibus
1439 3185 1494 3223 se
1535 3167 1718 3240 (Ibid.,
1753 3169 1948 3238 9-H)?

358 3260 680 3314 Petentibus
705 3261 906 3329 utique.
939 3259 1091 3315 Sicut
1115 3275 1244 3329 ergo
1268 3269 1442 3316 tecum
1471 3260 1580 3314 dixi
1607 3260 1660 3314 in
1685 3260 1950 3330 superiori
1971 3253 2022 3318 C

361 3353 509 3412 loco,
542 3350 665 3419 quia
703 3350 972 3405 antecedit
1013 3352 1182 3420 gratia
1211 3350 1306 3404 Dei
1334 3351 1665 3406 voluntatem
1693 3352 1945 3417 hominis,

361 3445 442 3499 ita
471 3459 612 3497 nunc
641 3459 849 3497 mecum
878 3443 964 3497 dic
993 3444 1046 3496 in
1076 3443 1181 3497 isto
1222 3443 1361 3509 loco,
1404 3443 1673 3498 antecedit
1700 3443 1950 3498 voluntas

361 3533 600 3589 hominis
621 3535 846 3603 gratiam
875 3533 1000 3598 Dei;
1028 3549 1134 3587 non
1155 3534 1530 3602 superbiendo,
1558 3535 1651 3588 sed
1680 3534 1948 3602 petendo;

363 3638 480 3678 non
522 3623 850 3687 extollendo,
891 3622 984 3677 sed
1025 3622 1349 3690 quaerendo;
1397 3639 1504 3676 non
1554 3624 1828 3688 luctando,
1856 3623 1952 3677 sed

363 3714 651 3784 pulsando.
701 3714 810 3768 Nisi
854 3713 997 3766 enim
1040 3729 1107 3767 ex
1147 3711 1250 3767 ﬁde
1281 3714 1531 3780 voluerit,
1569 3715 1746 3769 nullus
1773 3716 1824 3769 ei
1851 3717 1950 3769 ba-

363 3805 637 3876 ptismatis
681 3804 880 3859 donum
926 3803 1114 3872 gratiae
1161 3803 1354 3858 divina:
1393 3806 1658 3875 impertit;
1705 3807 1824 3872 nisi,
1872 3807 1953 3860 in-
1992 3813 2017 3829 ι

363 3910 553 3964 quam,
594 3909 662 3948 ex
704 3892 806 3948 ﬁde
855 3895 1084 3949 voluerit
1111 3895 1349 3961 credere,
1398 3912 1508 3950 non
1548 3897 1650 3950 erit
1683 3899 1952 3967 particeps

365 3984 740 4051 indulgentia};
770 3984 873 4038 nisi
891 4000 959 4039 ex
981 3985 1082 4041 lide
1107 3987 1508 4050 desideraverit,
1540 3986 1607 4040 ad
1634 3988 1834 4042 donum
1856 3989 1951 4044 Dei

366 4075 660 4148 pervenire
689 4092 794 4130 non
822 4078 1038 4145 poterit.
1070 4078 1126 4132 Si
1154 4078 1296 4132 enim
1325 4078 1393 4132 ad
1426 4076 1692 4132 Christum
1731 4081 1952 4135 veniens

367 4162 574 4221 dixerit
601 4165 814 4233 gentilis
845 4184 859 4218 :
890 4166 1024 4221 Nolo
1051 4167 1338 4238 baptizari,
1367 4169 1628 4238 baptizari
1657 4187 1764 4225 non
1793 4181 1950 4241 pote-

366 4257 465 4311 rit.
491 4255 550 4312 Si
579 4256 645 4311 ad
673 4256 1002 4326 ptenitentia:
1029 4257 1256 4313 fructum
1285 4258 1596 4327 delinquens
1622 4262 1840 4315 veniens
1867 4262 1951 4315 di-

365 4347 515 4402 xerit
556 4364 570 4399 :
612 4346 749 4402 Nolo
795 4347 1146 4414 reconciliari,
1202 4349 1532 4405 reconciliari
1575 4366 1682 4404 non
1731 4353 1947 4420 poterit.

367 4435 645 4507 Utrosque
672 4437 1018 4494 sacerdotalis
1047 4455 1270 4494 censura
1296 4442 1584 4507 examinat,
1608 4441 1800 4509 quibus
1821 4440 1953 4493 nihil

369 4529 561 4600 gratia:
596 4528 842 4588 conferre
883 4533 1156 4600 praevalet,
1201 4533 1304 4586 nisi
1344 4533 1740 4602 integerrimam
1768 4548 1834 4586 ex
1859 4547 1955 4586 ore

2038 1990 2232 2053 dicitis,
2277 1998 2332 2042 ut
2372 1989 2533 2042 homo
2582 1987 2636 2040 in
2681 1987 2990 2040 criminibus
3037 1986 3243 2055 positus
3285 1985 3422 2038 velle
3461 1998 3617 2037 suum

2038 2081 2200 2136 faciat
2219 2080 2513 2148 quiescere,
2543 2086 2597 2133 et
2637 2084 2910 2146 exspectet
2939 2084 2996 2130 ut
3024 2075 3203 2129 veniat
3226 2075 3293 2128 ad
3321 2090 3442 2128 eum
3471 2075 3620 2144 prior

2039 2173 2230 2243 gratia,
2254 2187 2322 2226 ne
2351 2171 2572 2240 incipiat
2593 2170 2730 2224 velle
2756 2185 2910 2223 suum
2938 2176 3266 2237 anteponere
3291 2167 3475 2235 gratia:
3499 2165 3615 2220 Dei.

2040 2262 2149 2318 Nos
2188 2272 2368 2316 autem
2413 2261 2665 2316 catholici
2711 2261 2824 2315 luec
2867 2274 3224 2323 exsecramur,
3264 2265 3320 2312 et
3347 2257 3570 2332 dicimus
3603 2275 3616 2309 :

2041 2353 2322 2409 Antecedit
2362 2353 2533 2422 gratia
2581 2353 2913 2407 voluntatem
2962 2351 3236 2406 hominum
3291 2347 3621 2404 ostendendo

2041 2448 2208 2502 vitam
2234 2455 2488 2500 mternam
2531 2446 2582 2499 in
2630 2460 2734 2515 qua
2779 2445 3131 2508 delectentur,
3169 2442 3498 2498 ostendendo
3538 2442 3622 2494 in-

2044 2540 2290 2596 cendium
2317 2529 2700 2609 sempit'ernum
2730 2539 2782 2592 in
2806 2553 2913 2606 quo
2943 2543 3264 2599 terreantur,
3290 2543 3347 2588 ut
3375 2549 3404 2587 a
3431 2547 3622 2602 pecca-

2045 2639 2223 2687 torum
2277 2629 2719 2685 delectationibus
2772 2634 3111 2683 revocentur.
3169 2623 3478 2685 Autecedit,
3539 2623 3623 2675 in-

2045 2737 2225 2793 quam,
2247 2721 2486 2790 quotidie
2509 2721 2678 2788 gratia
2706 2720 3010 2773 voluntates
3025 2723 3277 2784 nostras:
3302 2713 3394 2768 sed
3416 2720 3621 2775 nostra,

2045 2813 2189 2884 quod
2217 2820 2298 2867 est
2324 2810 2496 2880 pejus,
2520 2810 2767 2864 voluntas
2796 2824 2903 2863 non
2931 2808 3188 2876 sequitur.
3219 2805 3348 2860 Inde
3377 2811 3459 2858 est
3481 2801 3624 2872 quod

2047 2905 2234 2960 ﬂemus
2280 2910 2517 2965 orantes,
2558 2901 2819 2968 gemimus
2863 2899 3206 2970 ptenitentes,
3238 2896 3363 2965 quia
3411 2901 3626 2948 antece-

2049 2996 2263 3051 dentem
2302 3010 2409 3049 non
2451 2993 2740 3062 sequimur,
2774 2991 3089 3044 invitantem
3131 2986 3542 3051 contemnimus,
3574 2993 3629 3038 et

2050 3103 2224 3158 neque
2253 3086 2613 3142 blandientem
2642 3092 2848 3154 patrem
2869 3091 2928 3136 ut
2956 3082 3050 3136 lilii
3077 3081 3424 3145 honoramus,
3455 3093 3630 3149 neque

2051 3189 2340 3236 terrentem
2379 3178 2653 3232 dominum
2695 3177 2944 3230 timemus
2971 3183 3032 3228 ut
3069 3174 3230 3228 servi.
3276 3170 3429 3227 Unde
3467 3172 3628 3226 etiam

2052 3272 2166 3342 ipse
2195 3271 2261 3324 ad
2292 3284 2391 3324 nos
2419 3268 2654 3336 loquitur
2695 3282 2792 3337 per
2825 3266 3140 3336 prophetam
3173 3283 3184 3316 :
3217 3256 3264 3316 F
3269 3265 3388 3318 ilius
3413 3263 3632 3317 honorat

2052 3370 2342 3438 patremnet
2366 3375 2538 3414 servus
2559 3359 2698 3412 timet
2719 3358 2999 3412 dominum.
3027 3355 3089 3410 Si
3108 3355 3359 3410 Dominus
3379 3371 3470 3424 ego
3497 3370 3628 3415 sum,

2050 3453 2138 3505 ubi
2164 3462 2242 3505 est
2268 3452 2419 3504 timor
2447 3449 2626 3502 meus?
2656 3447 2717 3501 Si
2746 3456 2910 3516 pater,
2941 3445 3027 3498 ubi
3047 3453 3123 3498 est
3143 3445 3308 3498 honor
3329 3459 3468 3495 meus
3491 3440 3631 3511 (Ma-

2053 3542 2190 3596 lach.
2224 3559 2258 3606 ι,
2290 3540 2381 3610 6)?
2411 3539 2806 3607 lnterrogamus
2846 3550 3006 3590 nunc.
3041 3534 3253 3602 Aliquid
3282 3531 3448 3597 exigit
3474 3545 3505 3582 a
3533 3545 3630 3582 no-

2051 3627 2134 3687 bis
2163 3631 2486 3686 antecedens
2514 3630 2703 3697 gratia,
2742 3643 2809 3680 an
2852 3639 2958 3678 non
3002 3622 3198 3688 exigit?
3237 3619 3425 3690 procul
3468 3617 3630 3671 dubio

2054 3724 2237 3792 exigit.
2269 3722 2404 3789 Quid
2433 3721 2634 3789 exigit?
2673 3720 2776 3772 hoc
2803 3716 2984 3782 utique
3013 3712 3156 3783 quod
3184 3711 3282 3780 ipsi
3311 3708 3501 3773 dicitis,
3530 3723 3630 3762 vo-

2055 3814 2314 3868 luntatem
2336 3814 2524 3882 ipsam.
2559 3811 2699 3879 Ergo
2723 3805 2990 3861 antecedit
3018 3804 3206 3872 gratia.
3239 3799 3374 3866 Quid
3403 3809 3485 3855 est
3511 3813 3633 3868 gra-

2054 3906 2166 3960 tia?
2205 3913 2262 3958 ut
2299 3905 2444 3973 quod
2487 3902 2720 3972 petieris,
2768 3897 2935 3967 gratis
2973 3894 3219 3963 accipias.
3261 3891 3328 3945 Et
3373 3891 3493 3944 ideo
3524 3905 3632 3944 non

2053 3997 2187 4052 dixit
2220 4016 2231 4049 :
2263 3996 2438 4050 Emite
2463 4003 2518 4048 et
2539 3992 2752 4047 dabitur
2779 3989 2951 4052 vobis,
2981 3986 3073 4040 sed
3107 4002 3119 4036 :
3150 3982 3322 4038 Petite
3348 3990 3402 4036 et
3422 3981 3634 4036 dabitur

2053 4089 2224 4143 vobis.
2268 4086 2336 4140 Et
2378 4086 2520 4139 unde
2567 4083 2801 4152 apertius
2852 4079 3072 4132 fratrum
3129 4075 3441 4145 simplicitas
3491 4073 3634 4126 hunc

2053 4196 2270 4236 sensum
2308 4185 2582 4244 agnoscat,
2624 4175 2854 4242 aliquam
2889 4168 3287 4224 similitudinem
3327 4165 3631 4220 aderamus.

2055 4271 2280 4327 Ostensa
2321 4277 2403 4324 est
2444 4267 2720 4323 Salomoni
2766 4264 3027 4334 sapientia
3058 4281 3070 4315 :
3103 4275 3230 4316 ecce
3268 4258 3468 4327 gratia;
3507 4257 3635 4325 quid

2056 4376 2196 4415 nunc
2215 4361 2358 4414 dicat
2378 4359 2463 4414 cui
2484 4368 2696 4413 ostensa
2718 4365 2818 4422 est,
2851 4357 3025 4425 ipsum
3047 4352 3390 4408 Salomonem
3411 4349 3638 4417 loquens

2056 4463 2166 4511 tom
2194 4453 2454 4506 ausculta.
2484 4452 2718 4516 Amator,
2749 4450 2939 4519 inquit,
2965 4449 3133 4518 {actus
3163 4461 3275 4500 sum
3301 4439 3482 4516 formae
3502 4442 3635 4513 ejus,

2057 4555 2107 4601 et
2132 4547 2264 4598 hanc
2291 4543 2501 4614 quasivi
2530 4558 2793 4595 assumere
2815 4541 2960 4602 mihi,
2984 4548 3032 4593 et
3061 4537 3328 4592 canebam
3355 4543 3470 4607 post
3494 4551 3639 4599 eam;

369 4637 564 4678 eorum
583 4621 826 4677 didicerit
845 4624 1171 4679 voluntatem
1197 4644 1220 4677 :-
1235 4633 1326 4678 aut
1351 4626 1396 4680 si
1422 4641 1583 4679 ausus
1605 4633 1704 4690 est,
1737 4641 1832 4678 vos
1854 4625 1954 4694 ipsi

2057 4657 2117 4695 eo
2146 4638 2312 4708 magis
2359 4635 2453 4688 illa
2489 4633 2763 4705 elongabat
2801 4652 2834 4687 a
2874 4649 2953 4685 me
2984 4632 3137 4703 (Sap.
3166 4648 3274 4695 vui,
3305 4630 3381 4700 2).
3408 4630 3525 4685 Non
3549 4628 3642 4682 tibi

367 4713 702 4784 cognoscite.
735 4713 904 4783 Majus
930 4715 1129 4784 aliquid
1162 4716 1421 4770 dicamus.
1452 4715 1510 4768 Si
1538 4715 1699 4768 etiam
1726 4716 1952 4768 inlirmi-

369 4806 500 4860 tatis
523 4806 606 4860 vis
641 4808 904 4861 sermonis
931 4808 1136 4863 auferat
1160 4808 1488 4873 facultatem,
1523 4808 1824 4862 nullatenus
1856 4825 1955 4877 po-

371 4898 502 4952 terit
528 4899 726 4953 taeenti
748 4901 933 4967 gratiae
961 4900 1055 4954 Dei
1083 4902 1237 4970 copia
1260 4901 1568 4954 ministrari.
1595 4899 1787 4954 Mentis
1812 4902 1954 4954 enim

370 4995 644 5042 secretum
682 4990 784 5043 nisi
823 4989 1014 5058 lingua:
1052 4991 1378 5046 internuntio
1423 4991 1579 5045 fuerit
1606 4991 1950 5059 declaratum,

369 5079 636 5145 consequi
662 5093 771 5133 non
799 5080 997 5134 valebit
1023 5083 1268 5148 gratiam.
1293 5083 1458 5136 Corde
1482 5084 1618 5136 enim
1647 5073 1868 5138 creditur
1889 5086 1956 5138 ad

365 5169 653 5244 justitiam,
695 5186 781 5224 ore
818 5181 985 5225 autem
1014 5173 1102 5242 ﬁet
1146 5175 1397 5244 confessio
1434 5175 1501 5226 ad
1531 5176 1746 5230 salutem
1778 5176 1956 5246 (Rom.

370 5277 436 5324 x,
466 5259 577 5328 10).
609 5260 830 5317 Dicente
858 5278 986 5331 ergo
1019 5265 1244 5318 Domino
1269 5283 1280 5318 :
1311 5265 1491 5321 Omnis
1517 5270 1601 5338 qui
1629 5271 1754 5337 petit
1774 5270 1960 5338 accipit

373 5351 594 5424 (Matth.
618 5372 708 5423 vn,
743 5357 818 5426 7),
851 5357 1169 5413 antecedere
1196 5358 1408 5412 videtur
1436 5361 1679 5416 voluntas
1709 5362 1956 5430 petentis,

372 5435 441 5499 ut
478 5449 648 5517 possit
681 5449 908 5522 concedi
948 5451 1252 5520 petentibus
1291 5453 1460 5520 gratia
1501 5454 1862 5508 retribueutis.
1898 5452 1964 5505 Et

373 5549 450 5590 ne
479 5536 614 5592 forte
642 5538 990 5595 ﬂuctuantem
1020 5550 1072 5595 te
1103 5543 1155 5595 in
1183 5543 1287 5597 hoc
1311 5543 1428 5597 loco
1455 5543 1634 5597 videar
1661 5542 1958 5611 reliquisse,

368 5633 472 5703 qui
493 5649 652 5691 omne
674 5636 874 5692 bonum
897 5638 1082 5709 gratia:
1113 5638 1317 5704 tribuis,
1342 5655 1446 5693 non
1477 5655 1683 5695 mecum
1717 5639 1956 5694 laboras:

457 5816 478 5844 α
511 5801 606 5859 Ms.
634 5805 927 5873 Augicuse:
949 5805 1062 5860 XX.
1083 5807 1372 5863 "manner.
1392 5805 1529 5870 Quid
1552 5828 1671 5878 ergo
1699 5807 1839 5871 dicit,
1857 5811 1956 5857 clc.

2061 4730 2270 4786 videtur
2307 4726 2538 4797 puellam
2576 4724 2986 4795 pulcherrimam
3032 4722 3339 4775 illicientem
3365 4728 3420 4773 et
3447 4735 3642 4789 provo-

2061 4829 2272 4878 cantem
2295 4824 2588 4872 amatorem
2612 4817 2662 4869 in
2686 4817 2882 4870 cursu?
2906 4813 2974 4868 Ut
2999 4813 3126 4882 quid
3155 4828 3296 4867 nunc
3317 4812 3642 4865 voluerimus

2061 4911 2218 4978 hujus
2257 4906 2483 4975 exempli
2538 4905 2713 4959 facere
2763 4906 3121 4960 mentionem?
3170 4901 3362 4956 Audite
3416 4899 3641 4967 gratiam

2064 5005 2175 5058 Dei.
2207 5001 2472 5055 Ponamus
2499 4997 2658 5052 ﬁliam
2687 4999 2872 5068 patris.
2905 4997 3054 5050 Hanc
3087 4996 3204 5058 tibi,
3236 5008 3268 5045 ο
3298 4992 3476 5050 homo,
3507 4987 3642 5039 scias

2063 5093 2396 5149 evidentibus
2424 5089 2631 5144 indiciis
2663 5105 2692 5141 a
2727 5105 2823 5142 suo
2852 5094 3004 5155 patre
3033 5083 3444 5141 manifestatam,
3478 5084 3536 5128 ut
3563 5076 3642 5128 vi-

2063 5187 2191 5240 deas
2219 5191 2273 5237 et
2301 5192 2510 5237 amator
2535 5181 2783 5237 efﬁciaris
2813 5171 3219 5245 pulchritudinis
3242 5167 3371 5235 ejus.
3401 5167 3647 5223 Ostendit

2065 5277 2225 5330 etiam
2275 5282 2488 5342 quantae
2540 5273 2645 5326 sint
2700 5268 2815 5334 ejus
2866 5262 3096 5324 divitiae,
3148 5266 3346 5330 quanta
3398 5259 3643 5324 dilectio,

2066 5376 2263 5436 quanta
2286 5366 2585 5428 affabilitas,
2619 5366 2814 5429 quanta
2845 5353 2991 5407 ﬁdes.
3016 5351 3112 5406 Est
3140 5365 3268 5421 ergo
3295 5351 3535 5422 pulchra,
3567 5359 3648 5406 est

2067 5461 2233 5524 dives,
2264 5468 2344 5514 est
2374 5459 2562 5520 tidelis,
2586 5461 2667 5508 est
2693 5450 2924 5518 sapiens,
2955 5455 3038 5501 est
3076 5448 3238 5502 etiam
3277 5447 3471 5501 summi
3509 5446 3647 5512 regis

2070 5552 2193 5606 tilia.
2221 5553 2367 5605 Hauc
2398 5550 2509 5612 tibi,
2537 5563 2568 5600 ο
2593 5546 2774 5604 homo,
2800 5540 2998 5595 adhoc
3040 5548 3164 5595 ante
3193 5539 3378 5595 oculos
3407 5545 3526 5590 tuos
3553 5550 3646 5603 pa—
3719 5601 3727 5614 ‘

2011 5705 2014 5712 ν
2071 5653 2152 5699 ter
2191 5645 2449 5704 exhibuit,
2479 5647 2533 5691 ut
2557 5640 2765 5690 amator
2794 5634 2911 5704 ejus
2941 5633 3112 5689 factus
3139 5640 3291 5704 petas
3318 5643 3438 5684 eam
3466 5625 3560 5680 tibi
3591 5625 3644 5680 iu

2141 5798 2166 5835 b
2201 5797 2295 5852 Ms.
2323 5796 2463 5848 idem
2495 5813 2503 5847 2
2533 5792 2841 5862 (Jx'ruoucr.
2874 5791 2938 5844 Et
2971 5807 3062 5844 nos
3085 5789 3206 5860 quid
3236 5788 3480 5849 diximus,
3504 5794 3608 5846 etc.

3498 5919 3500 5922 .
3599 5889 3646 5927 Tr...
