4238 6260
586 401 695 467 650

1583 389 1879 448 AUCTOR‘
1897 385 2266 446 ANONYMUS
2303 383 2845 444 PREDESTINATI.

3745 391 3856 446 600

588 518 950 585 matrimonio,
983 518 1037 569 et
1064 525 1130 565 ex
1159 524 1221 565 ea
1251 508 1362 598 Deo
1386 508 1522 562 lilios
1551 506 1730 569 facias,
1763 507 1901 560 sicut
1929 503 2052 557 fecit
2081 501 2169 554 ille
2196 498 2250 557 Α
2274 500 2488 558 dentem
2510 513 2564 558 et
2587 512 2900 573 sequentem
2922 504 3270 560 ostendimus.
3297 503 3599 569 Antecedit,
3623 505 3748 574 quia
3772 521 3863 561 vo-

589 615 682 688 qui
714 608 923 666 dicebat
955 623 966 658 :
1001 603 1063 658 Si
1101 593 1278 656 decem
1317 599 1481 654 millia
1510 599 1909 670 paedagogorum
1937 593 2172 648 habeatis

588 709 644 765 in
666 701 888 764 Christo,
916 713 1019 750 non
1048 702 1220 748 tamen
1241 691 1492 747 habebitis
1517 690 1705 746 multos
1733 697 1937 760 patres;
1969 705 2093 744 nam
2116 688 2172 741 in

591 795 795 850 Christo
812 790 938 844 Jesu
979 803 1069 857 per
1097 784 1437 854 Evangelium
1463 801 1557 854 ego
1583 799 1672 838 vos
1696 782 1848 854 genui
1878 780 1922 849 (Ι
1951 779 2070 835 Cor.
2097 796 2170 843 tv,

589 883 699 954 15).
732 880 810 935 De
837 894 940 950 qua
971 875 1199 945 conjuge
1227 890 1326 929 nos
1353 875 1538 942 genuit
1576 873 1771 928 Paulus
1797 871 1948 926 Deo?
1988 871 2175 942 utique

589 978 656 1032 de
683 973 854 1044 gratia
882 968 1112 1034 Christi,
1144 967 1294 1037 cujus
1333 971 1543 1019 amator
1571 963 1766 1029 factus,
1798 964 2046 1018 universa
2074 977 2174 1032 pro

591 1080 775 1123 amore
811 1063 925 1132 ejus
970 1060 1156 1116 suavia
1211 1057 1408 1112 habere
1458 1071 1518 1110 se
1565 1055 1839 1111 asserebat
1891 1054 2171 1124 supplicia.

589 1157 736 1229 Cape
778 1169 906 1224 ergo
937 1169 967 1206 a
996 1151 1173 1207 carnis
1201 1147 1446 1218 exemplo
1478 1146 1934 1218 comparationem
1963 1145 2172 1216 puellae,

594 1258 651 1304 ut
675 1247 742 1304 ad
768 1260 983 1301 sensum
1005 1243 1196 1298 melius
1221 1239 1516 1310 Spiritalem
1542 1239 1790 1307 attingas.
1815 1236 1957 1306 Ergo
1979 1243 2061 1291 est
2081 1237 2178 1292 tibi

591 1352 804 1400 ostensa
839 1338 1017 1410 puella
1053 1352 1084 1390 a
1111 1342 1265 1405 patre
1297 1351 1310 1387 :
1341 1347 1469 1388 ecce
1494 1332 1664 1402 gratia
1691 1331 1859 1401 patris
1888 1330 2180 1386 antecessit

593 1438 944 1494 voluntatem.
976 1429 1094 1483 Jam
1124 1436 1181 1482 tu
1206 1427 1380 1496 incipe
1407 1426 1564 1481 velle.
1591 1421 1818 1480 Ostensa
1840 1424 2025 1494 utique
2050 1438 2175 1492 gra-

594 1530 666 1587 tia
695 1527 810 1597 ejus
837 1524 930 1594 qui
959 1520 1211 1585 ostendit,
1243 1526 1300 1572 ut
1326 1524 1585 1589 quantum
1615 1525 1668 1570 te
1697 1530 1878 1590 amare
1906 1513 2051 1570 credi
2079 1514 2177 1569 de-

594 1624 719 1676 beat
762 1633 830 1673 ex
875 1617 980 1672 hoc
1018 1613 1343 1677 consideres,
1393 1610 1516 1680 quia
1566 1615 1628 1662 ut
1669 1615 1723 1662 te
1764 1622 1918 1661 suum
1955 1606 2176 1673 faceret,

597 1711 758 1764 ﬁliam
788 1721 939 1762 suam
961 1704 1056 1758 tibi
1084 1701 1338 1768 ostendit,
1365 1700 1664 1771 pulchram,
1689 1697 1928 1764 divitem,
1963 1699 2206 1776 sapient,

597 1811 726 1868 tem,
749 1800 816 1854 ad
854 1800 958 1854 hoc
999 1805 1056 1851 ut
1083 1803 1290 1850 amator
1308 1793 1425 1863 ejus
1445 1790 1666 1848 effectus
1685 1790 1858 1862 possis
1882 1805 2000 1844 eam
2030 1805 2181 1846 assu-

2277 601 2382 660 cat,
2409 595 2532 663 quia
2571 604 2848 665 provocat,
2871 597 2996 665 quia
3025 597 3214 650 invitat
3248 603 3307 650 ut
3332 597 3516 651 venias
3549 616 3560 649 :
3593 598 3859 668 sequitur,

2279 685 2402 753 quia
2443 685 2568 739 dum
2605 688 2836 751 veneris,
2889 695 2943 740 et
2989 687 3242 750 volueris,
3295 695 3349 741 et
3387 688 3625 757 petieris,
3670 688 3862 744 donat.

2277 777 2566 833 Videamus
2589 795 2729 833 nunc
2749 795 2856 848 quo
2875 787 3259 849 vestrapergat
3287 779 3531 834 intentio.
3557 778 3698 834 Dicit
3717 781 3864 837 enim

2280 869 2689 924 anathemabilis
2716 871 2851 925 liber
2879 887 2907 924 a
2938 879 3114 926 vestra
3148 883 3168 909 ε
3199 872 3436 925 vanitate
3463 872 3821 942 conscriptus.

2352 959 2530 1015 XVlll.
2561 963 2585 997 ά
2617 960 2738 1018 Νοη
2767 964 2907 1016 enim
2932 979 3049 1017 cum
3079 979 3374 1033 rogaremus
3404 980 3564 1034 neque
3589 981 3704 1018 eum
3731 973 3864 1035 pete-

2280 1069 2472 1118 remus,
2516 1053 2607 1106 sed
2650 1071 2766 1108 cum
2815 1055 3011 1108 inimici
3055 1072 3284 1109 essemus
3321 1057 3644 1111 reconciliati
3688 1075 3865 1113 sumus

2285 1140 2410 1205 Deo,
2445 1159 2549 1195 non
2596 1161 2686 1212 per
2724 1151 2956 1198 nostram
3004 1145 3340 1210 voluntatem,
3382 1145 3473 1200 sed
3516 1163 3606 1216 per
3647 1156 3866 1203 mortem

2282 1230 2413 1286 Filii
2457 1233 2586 1302 ejus.
2643 1243 2664 1268 ε
2713 1232 2917 1287 Jubetis
2961 1247 3090 1303 ergo
3136 1243 3196 1289 ut
3241 1250 3348 1290 non
3393 1244 3585 1304 rogent
3620 1238 3867 1294 homines

2283 1321 2449 1378 Deum
2505 1331 2564 1378 ut
2617 1325 3031 1380 reconcilientur
3091 1327 3172 1392 ei,
3243 1326 3337 1381 sed
3403 1326 3700 1384 efﬁciantur
3761 1331 3869 1385 ini-

2284 1413 2407 1467 mici
2447 1412 2580 1481 ejus,
2617 1421 2675 1467 ut
2722 1415 2890 1483 possit
2932 1423 3076 1470 stare
3115 1417 3342 1486 apostoli
3385 1415 3536 1472 Pauli
3568 1401 3867 1488 sententia;

2287 1519 2461 1573 neque
2493 1505 2825 1559 voluntatem
2864 1521 3013 1560 suam
3046 1508 3205 1562 bonis
3242 1508 3446 1563 nisibus
3479 1509 3714 1575 tradant,
3743 1511 3868 1579 quia

2286 1594 2391 1649 hoc
2443 1595 2584 1664 quod
2640 1596 3057 1650 reconciliantur
3118 1597 3366 1652 homines
3416 1597 3560 1663 Deo,
3619 1598 3797 1656 dicitis
3853 1619 3868 1654 :

2287 1683 2432 1739 Dixit
2477 1701 2576 1740 nos
2641 1686 2932 1755 Apostolus
2994 1689 3331 1744 reconciliari
3393 1689 3545 1756 Deo,
3607 1707 3713 1747 non
3775 1710 3871 1763 per

2287 1778 2619 1833 voluntatem
2685 1788 2940 1845 nostram,
2991 1780 3086 1836 sed
3127 1796 3226 1850 per
3279 1789 3510 1838 mortem
3562 1784 3680 1840 Filii
3733 1784 3868 1854 ejus.

599 1867 744 1950 mere
793 1892 887 1947 tibi
931 1891 986 1946 in
1031 1887 1395 1944 matrirnonio.
1448 1884 1586 1939 Ecce
1638 1885 1809 1953 gratia
1861 1883 2184 1940 antecedens
2215 1872 2265 1934 B

2215 1872 2265 1934 Β
2291 1867 2432 1938 Ergo
2471 1871 2564 1939 qui
2612 1870 2857 1926 inimicus
2897 1871 3058 1927 fuerit
3103 1871 3237 1937 Deo,
3287 1873 3402 1944 ipse
3448 1877 3870 1934 reconciliandus

602 1988 948 2047 voluntatem,
972 1996 1099 2037 ecce
1127 1981 1298 2050 gratia
1325 1977 1605 2033 stimulans
1623 1983 1832 2046 pectus,
1853 1989 1981 2031 ecce
2009 1976 2183 2044 gratia

600 2077 824 2135 iniciens
860 2079 1118 2136 mentem,
1152 2084 1277 2124 ecce
1315 2069 1482 2138 gratia
1524 2066 1766 2124 excitans
1803 2064 2177 2120 dormientem.

599 2168 735 2238 Quid
775 2179 921 2224 nunc
961 2162 1161 2233 jubetis
1202 2169 1260 2216 ut
1306 2159 1464 2214 faciat
1490 2165 1646 2229 pater
1679 2173 1790 2214 non
1819 2157 2043 2228 petenti,
2074 2172 2185 2213 non

600 2259 828 2330 roganti,
870 2271 982 2312 non
1028 2251 1449 2322 concupiscenti,
1497 2258 1552 2305 et
1590 2249 1823 2306 calorem
1870 2249 2069 2304 amoris
2107 2249 2186 2304 tui

601 2369 707 2408 non
737 2347 1077 2406 ostendenti?
1106 2345 1269 2400 Tollit
1293 2343 1453 2398 tiliam
1481 2357 1654 2410 suam,
1677 2349 1731 2396 et
1754 2341 1930 2411 jungit
1948 2356 2068 2398 eam
2089 2341 2186 2396 tibi

601 2443 824 2500 fastidiis
871 2445 1154 2510 occupato,
1204 2443 1297 2490 aut
1344 2435 1462 2489 aliis
1509 2433 1778 2488 amoribus
1824 2432 2185 2488 circumdato?

603 2536 716 2590 Non
748 2536 853 2588 hoc
895 2530 1040 2586 facit.
1086 2526 1191 2584 Sed
1220 2527 1320 2582 nisi
1349 2525 1622 2596 quaesieris
1651 2520 1770 2578 eain
1801 2532 1858 2579 ut
1885 2527 2184 2592 argentum,

602 2636 656 2684 et
680 2627 783 2683 nisi
812 2633 873 2680 ut
900 2625 1210 2679 thesaurum
1235 2617 1582 2687 vestigaveris
1609 2631 1752 2681 eam,
1781 2623 1834 2670 et
1861 2616 1962 2670 nisi
1991 2631 2058 2670 ex
2086 2614 2189 2672 fide

606 2720 852 2783 volueris,
886 2729 941 2772 et
966 2717 1069 2772 nisi
1109 2732 1176 2770 ex
1225 2713 1327 2768 fide
1354 2711 1672 2775 cucurreris,
1705 2718 1759 2766 et
1790 2710 1893 2764 niSi
1920 2717 2068 2766 tuam
2095 2711 2190 2766 ire-

607 2826 718 2865 ram
747 2808 1091 2864 dilectionem
1120 2804 1439 2868 ostenderis,
1468 2817 1575 2858 non
1605 2817 1722 2857 eam
1763 2802 1982 2858 omnino
2011 2803 2188 2872 perci-

606 2902 736 2971 pies.
766 2897 1008 2954 Sufﬁciat
1049 2897 1161 2960 tibi,
1193 2896 1316 2964 quia
1347 2910 1468 2950 cum
1499 2904 1558 2948 tu
1596 2893 1871 2950 mendicus
1899 2895 1993 2959 sis,
2016 2902 2071 2949 et
2099 2893 2190 2948 illa

609 2991 676 3045 sit
716 2989 882 3054 dives,
916 2987 1026 3040 suis
1056 2995 1111 3040 te
1139 2986 1337 3040 divitiis
1381 2985 1703 3054 locupletat;
1732 2983 1964 3052 degener
1993 2991 2068 3047 tu,
2102 2982 2192 3039 illa

606 3079 799 3135 διιηωὶ
824 3077 1032 3148 imperii
1061 3075 1186 3142 ﬁlia,
1219 3084 1274 3130 et
1310 3092 1406 3130 sua
1448 3082 1501 3130 te
1536 3075 1895 3144 generositate
1923 3074 2189 3130 nobilitat.

607 3171 746 3241 Quid
791 3179 968 3226 autem
1017 3170 1159 3224 dicat
1195 3176 1350 3237 pater
1396 3167 1510 3234 ejus
1551 3166 1881 3222 amatoribus
1922 3166 2042 3220 ﬁlia:
2085 3181 2192 3221 sua:

2289 1969 2372 2017 est
2398 1961 2530 2026 Deo,
2573 1963 2688 2033 ipse
2717 1963 3008 2019 salvandus
3034 1964 3324 2020 secundum
3350 1968 3482 2021 vos?
3512 1966 3579 2022 lli
3602 1969 3689 2036 qui
3718 1968 3872 2024 Chri-

2289 2063 2431 2110 stum
2458 2053 2854 2120 crucilixerunt,
2874 2055 2931 2108 hi
2950 2055 3192 2111 salvandi
3218 2065 3363 2122 sunt,
3387 2065 3443 2111 et
3462 2059 3555 2127 qui
3575 2058 3830 2114 dixerunt
3855 2079 3868 2114 :

2289 2147 2546 2203 Nolumus
2573 2149 2731 2212 hunc,
2757 2147 2859 2216 ipsi
2883 2154 3010 2202 sunt
3028 2147 3323 2202 liberandi?
3353 2147 3419 2202 Hi
3446 2157 3626 2204 autem
3656 2151 3749 2220 qui
3778 2153 3875 2207 ini-

2292 2239 2418 2296 mici
2466 2255 2572 2294 non
2601 2238 2848 2304 fuerunt,
2881 2237 2975 2294 sed
3018 2239 3202 2304 amici,
3247 2247 3302 2294 et
3328 2239 3618 2294 voluerunt
3646 2243 3876 2298 animam

2291 2345 2440 2385 suam
2471 2330 2527 2384 in
2546 2345 2731 2385 amore
2758 2329 2873 2398 ejus
2900 2344 3125 2399 ponere,
3160 2330 3214 2384 bi
3243 2339 3402 2385 erunt
3427 2331 3482 2384 in
3509 2334 3878 2391 exsecratione

2293 2423 2603 2478 Altissimo?
2651 2420 2896 2476 Probatis
2941 2437 3039 2476 vos
3087 2421 3335 2477 omnibus
3390 2421 3658 2478 haereticis
3704 2425 3877 2481 acrius

2291 2517 2684 2586 blasphemare,
2717 2515 2808 2585 qui
2837 2515 3081 2570 nolentes
3107 2524 3314 2569 rectum
3345 2515 3609 2570 tramitem
3650 2517 3874 2585 ingredi,

2293 2605 2617 2664 anfractibus
2637 2623 2734 2661 vos
2754 2606 2926 2676 plenis
2948 2605 3224 2660 erroribus
3249 2603 3559 2660 tradidistis.
3584 2599 3700 2661 Non
3729 2607 3877 2662 enim

2293 2700 2600 2756 inimicitias
2627 2707 2839 2754 nostras
2867 2697 2932 2752 ad
2961 2697 3130 2752 Deum
3155 2696 3444 2767 Apostolus
3461 2739 3474 2763 ,
3520 2698 3611 2753 sed
3637 2699 3874 2768 charita-

2293 2800 2403 2848 tem
2426 2793 2632 2846 invitat.
2659 2791 2799 2845 Dicit
2819 2803 3049 2858 namque
3069 2807 3080 2842 :
3101 2787 3438 2845 Commendat
3462 2791 3627 2862 itaque
3647 2791 3875 2846 charita~

2294 2895 2397 2942 tem
2420 2901 2568 2940 suam
2598 2883 2738 2938 Deus
2767 2886 2822 2938 in
2851 2883 3030 2948 nobis;
3051 2885 3296 2953 quoniam
3321 2885 3368 2937 si
3391 2901 3506 2938 cum
3522 2885 3717 2938 inimici
3743 2901 3879 2939 esse-

2296 2994 2428 3040 mus,
2472 2976 2794 3032 reconciliati
2840 2991 3018 3033 sumus
3062 2974 3174 3030 Deo
3215 2993 3307 3046 per
3349 2985 3566 3032 mortem
3593 2976 3720 3031 Filii
3748 2977 3876 3048 ejus,

2296 3072 2455 3128 multo
2483 3072 2648 3143 magis
2678 3070 2996 3124 reconciliati
3021 3069 3151 3124 salvi
3178 3071 3368 3124 erimus
3396 3069 3462 3122 ab
3489 3071 3572 3124 ira
3599 3087 3690 3142 per
3717 3072 3882 3141 ipsum

2299 3162 2474 3233 (Rom.
2502 3178 2553 3223 v,
2577 3160 2653 3228 8).
2698 3158 3049 3214 Commendat
3077 3173 3205 3228 ergo
3234 3160 3337 3215 hoc
3368 3175 3531 3230 opere
3560 3160 3880 3214 charitatem

607 3238 866 3322 sollicitus
894 3261 1176 3327 diligenter
1205 3259 1445 3313 ausculta
1479 3276 1491 3310 :
1520 3255 1622 3321 Qui
1649 3257 1839 3328 diligit,
1871 3259 2060 3326 inquit,
2091 3276 2190 3329 pa-
2219 3238 2267 3304 Ο
2297 3268 2448 3308 suam
2479 3253 2532 3304 in
2555 3251 2729 3315 nobis,
2755 3259 2813 3304 ut
2832 3250 2918 3306 vel
2944 3252 3022 3306 sic
3049 3266 3285 3306 amorem
3307 3258 3548 3304 nostrum
3579 3250 3629 3303 ei
3649 3266 3714 3304 ex
3741 3251 3878 3304 inle-

610 3364 740 3412 trem
787 3360 836 3408 et
887 3354 1105 3406 matrem
1143 3350 1258 3421 plus
1303 3365 1457 3422 quam
1499 3365 1598 3410 me,
1630 3365 1734 3402 non
1782 3356 1856 3402 est
1893 3364 1972 3403 me
2006 3349 2193 3421 dignus

611 3444 827 3518 (Matth.
859 3458 913 3508 x,
946 3441 1056 3512 5'7).
1088 3438 1206 3494 Non
1234 3438 1366 3494 dixit
1399 3457 1410 3492 :
1442 3439 1544 3506 Qui
1582 3445 1788 3509 pauper
1826 3448 1925 3505 est,
1969 3448 2059 3494 ant
2101 3441 2194 3509 qui

609 3539 861 3607 degener,
909 3536 1001 3588 a'ut
1047 3532 1138 3604 qui
1186 3532 1349 3586 miser
1395 3538 1477 3584 est
1509 3548 1522 3583 :
1554 3528 1650 3584 sed
1677 3521 1966 3599 qui'diligit
1995 3531 2195 3601 aliquid

609 3627 731 3699 plus
759 3639 920 3696 quam
951 3632 1056 3687 me,
1091 3637 1196 3676 non
1219 3629 1302 3676 est
1321 3635 1407 3674 me
1434 3620 1645 3689 dignus.
1663 3631 1685 3654 δ·
1704 3618 1748 3674 O
1776 3622 1946 3689 gratia
1977 3631 2194 3679 antece-

613 3719 744 3775 dens
771 3715 1132 3780 voluntatem,
1160 3723 1397 3767 aniorem
1428 3712 1601 3766 solum
1629 3709 1904 3780 ﬂagitans!
1938 3713 1981 3768 O
2007 3715 2191 3780 homo,

612 3822 734 3868 ama
780 3813 834 3860 et
878 3805 1093 3876 accipe;
1123 3803 1216 3858 sed
1257 3803 1300 3857 si
1340 3817 1507 3870 amas,
1539 3802 1694 3858 factis
1739 3805 1979 3860 ostende.
2010 3803 2196 3862 Omnis

613 3898 703 3974 qui
731 3905 893 3960 amat,
935 3897 1066 3976 vult,
1100 3896 1263 3965 cupit,
1297 3903 1470 3964 rogat,
1503 3897 1700 3964 vigilat,
1731 3900 1915 3964 currit,
1958 3900 2196 3967 festinat,

612 3988 808 4058 satagit
845 4001 942 4058 per
968 3986 1191 4050 amicos,
1219 3984 1245 4022 ι)
1274 4000 1372 4054 per
1419 3994 1592 4051 natos,
1638 4002 1736 4056 per
1763 3985 2068 4054 familiares,
2099 4004 2199 4057 per

611 4095 816 4146 servos,
854 4093 952 4149 per
987 4091 1046 4132 se
1093 4077 1266 4146 ipsum
1313 4083 1634 4144 opportune,
1677 4076 2002 4144 importune,
2041 4079 2199 4135 obse-

613 4167 962 4232 crationibus,
1002 4163 1469 4236 promissionibus,
1513 4163 1620 4216 tiro
1661 4172 1838 4233 pacto,
1883 4166 2199 4239 integroque

559 4243 572 4260 ’
614 4259 816 4316 amoris
844 4257 1058 4316 indicio.
1103 4254 1171 4309 Et
1211 4264 1268 4310 ut
1308 4257 1545 4326 aperiam
1576 4257 1672 4309 tibi
1706 4258 1906 4323 oculos,
1941 4268 1996 4313 tu
2025 4262 2114 4330 qui
2144 4270 2198 4318 te

614 4356 772 4420 putas
799 4349 1026 4406 invitum
1056 4355 1112 4401 et
1149 4346 1420 4400 nolentem
1460 4345 1644 4413 gratim
1682 4345 1874 4402 divinae
1912 4365 2070 4420 posse
2105 4367 2198 4408 so-

615 4442 767 4506 ciari,
798 4439 928 4510 quid
951 4445 1034 4494 est
1058 4437 1202 4506 quod
1228 4435 1443 4508 quando
1471 4451 1590 4491 eam
1618 4437 1710 4494 dat
1727 4449 1897 4510 pater,
1931 4459 2027 4512 per
2054 4443 2202 4500 fami-

616 4527 779 4588 liares
805 4544 932 4607 suos
959 4528 1131 4596 gratia
1172 4525 1496 4583 antecedens
1535 4530 1885 4598 exprimitur?
1913 4533 2200 4604 lnquiritur

2299 3358 2395 3413 gro
2420 3341 2762 3405 conferendo,
2789 3342 3066 3397 videamur
3095 3342 3276 3400 salleni
3305 3340 3502 3394 amoris
3528 3347 3657 3393 voto
3681 3355 3877 3408 repen-

2297 3437 2425 3491 dere
2453 3433 2599 3504 quod
2625 3433 2827 3489 viribus
2848 3450 2954 3490 non
2978 3435 3230 3488 valemus.
3251 3430 3384 3484 Nam
3403 3429 3547 3499 quod
3576 3445 3674 3484 nos
3701 3429 3876 3499 diligit

2300 3523 2458 3592 Deus,
2491 3526 2646 3581 nobis
2673 3525 2921 3596 prodest;
2953 3542 3052 3580 nos
3071 3526 3116 3579 si
3136 3524 3399 3592 diligimus
3425 3523 3616 3586 Deum,
3648 3523 3724 3577 illi
3749 3538 3880 3592 pro-

2298 3617 2455 3673 desse
2484 3632 2590 3672 non
2619 3632 2924 3687 possumus.
2971 3617 3113 3671 Deus
3151 3615 3295 3670 enim
3323 3613 3520 3668 nullius
3545 3621 3670 3682 eget
3688 3655 3702 3679 ,
3734 3612 3882 3667 nullo

2298 3713 2600 3767 honorante
2645 3710 2978 3774 sublimatur,
3012 3708 3158 3762 nullo
3197 3712 3578 3762 contemnente
3607 3705 3872 3774 dejicitur.

2299 3802 2436 3872 Ergo
2465 3812 2525 3857 ut
2550 3803 2677 3873 quid
2708 3801 3049 3857 commendat
3075 3799 3394 3855 charitatem
3424 3806 3575 3852 suam
3603 3797 3655 3849 in
3684 3795 3877 3848 nobis?

2302 3896 2372 3952 Ut
2399 3897 2638 3950 dicamus
2678 3895 2860 3962 utique
2899 3912 2912 3946 :
2945 3892 3002 3947 Si
3029 3907 3152 3947 cum
3182 3891 3383 3946 inimici
3413 3903 3649 3944 essemus
3675 3887 3745 3940 ita
3775 3900 3875 3940 nos

2299 3989 2515 4053 dilexit,
2546 3989 2793 4042 utetiam
2822 3987 3039 4041 unicum
3080 3977 3236 4041 suum
3264 3999 3364 4054 pro
3409 3990 3591 4037 nostra
3640 3979 3876 4034 omnium

2299 4088 2575 4152 pateretur
2617 4080 2788 4134 salute
2825 4079 3082 4144 interﬁci;
3131 4085 3334 4147 quanto
3374 4075 3541 4144 magis
3587 4087 3729 4127 nunc
3767 4071 3878 4140 jam

2300 4173 2675 4228 reconciliatos
2696 4173 2794 4226 sibi
2818 4172 2996 4227 salvos
3024 4171 3183 4227 faciet
3209 4170 3262 4223 in
3301 4169 3466 4222 vitam
3499 4165 3698 4236 ipsius?
3732 4163 3879 4218 Unde

2301 4263 2592 4320 excludens
2635 4271 2868 4319 vestram
2927 4264 3213 4334 specialem
3259 4259 3622 4316 defensionem
3647 4298 3661 4321 ,
3713 4270 3876 4324 gene-

2301 4355 2468 4410 ralem
2496 4355 2723 4423 gratiam
2752 4354 3064 4419 introdu‘xit,
3095 4353 3277 4408 dicens
3302 4369 3314 4403 :
3341 4347 3736 4404 Considerantes
3760 4346 3870 4408 hac,

2301 4445 2436 4517 quod
2471 4463 2602 4501 unus
2628 4463 2722 4517 pro
2748 4447 2983 4501 omnibus
3015 4451 3245 4499 mortuus
3272 4450 3366 4496 est.
3400 4440 3465 4494 Et
3489 4439 3712 4508 adjecit:
3737 4436 3880 4508 Ergo

2303 4553 2478 4591 omnes
2507 4539 2697 4592 mortui
2723 4545 2870 4601 sunt;
2900 4537 3020 4606 quia
3049 4552 3140 4606 pro
3175 4533 3410 4587 omnibus
3443 4538 3674 4585 mortuus
3699 4535 3803 4591 est,
3825 4534 3879 4580 ut

617 4618 688 4673 ab
716 4633 783 4672 eo
810 4603 902 4692 qui
930 4631 1051 4672 eam
1079 4616 1291 4687 accipit,
1321 4618 1594 4688 quomodo
1623 4621 1820 4686 veniat,
1853 4625 1897 4678 si
1932 4603 2199 4684 abrenun-
2231 4603 2278 4660 D
2302 4634 2351 4680 et
2377 4629 2462 4699 qui
2492 4628 2682 4692 vivunt,
2704 4629 2821 4698 jam
2844 4603 2947 4682 non
2969 4603 3066 4681 sibi
3093 4626 3280 4689 vivant,
3304 4622 3395 4676 sed
3417 4623 3462 4674 ei
3489 4621 3575 4693 qui
3594 4635 3688 4690 pro
3707 4617 3875 4671 omni-

618 4710 716 4766 tiet
753 4710 998 4766 omnibus
1027 4709 1298 4785 amoribus
1327 4709 1529 4776 mundi,
1563 4711 1809 4767 omnibus
1856 4720 2064 4785 pompis
2097 4720 2198 4774 ini-

618 4803 775 4870 mici;
807 4802 896 4873 qui
921 4803 1025 4860 nisi
1055 4803 1191 4858 velle
1213 4818 1365 4858 suum
1396 4797 1723 4872 expresserit
1743 4807 1936 4874 verbis,
1960 4813 2197 4882 nunquid

541 4891 565 4976 δ
617 4891 773 4948 datur
800 4892 851 4948 ei
878 4893 1046 4959 gratia
1075 4907 1236 4961 quam
1263 4894 1546 4964 poposcit?
1585 4893 1718 4961 Quid
1757 4910 1885 4963 ergo
1916 4899 2044 4965 vult,
2071 4903 2199 4971 quid

619 4983 880 5049 cucurrit,
907 4982 1033 5052 quid
1063 4982 1384 5046 desideravit
1429 4985 1628 5040 homo?
1656 4987 1881 5054 gratiam
1905 4994 2194 5060 consequi;

618 5080 676 5126 et
699 5072 827 5141 quid
857 5073 1158 5144 promittit?
1187 5073 1507 5128 abrenuntio
1548 5076 1794 5130 omnibus
1841 5080 2052 5149 pompis
2087 5081 2202 5136 dia-

618 5161 732 5216 boli
770 5171 825 5215 et
869 5164 1230 5236 voluptatibus
1257 5163 1389 5232 ejus.
1417 5162 1661 5219 Ostendit
1688 5181 1746 5220 se
1774 5167 1917 5223 nolle
1945 5171 2089 5238 quod
2116 5188 2208 5227 vo-

621 5249 740 5313 luit,
775 5259 828 5304 et
861 5254 1046 5322 incipit
1074 5255 1211 5309 velle
1237 5255 1382 5324 quod
1405 5255 1602 5318 noluit;
1639 5261 1693 5308 et
1737 5263 1863 5311 tunc
1885 5257 1993 5325 jam
2017 5264 2202 5328 gratiae

622 5339 906 5409 participio
927 5342 1110 5416 incipit
1139 5345 1410 5412 delectari,
1445 5359 1541 5415 per
1568 5360 1728 5414 quam
1749 5355 1804 5399 et
1823 5347 1968 5404 dives
1989 5359 2044 5404 et
2063 5356 2202 5422 regis

624 5430 764 5484 illius
792 5441 1145 5504 nuncupetur.
1177 5437 1316 5496 Ecce
1343 5440 1568 5506 gratiam
1596 5439 1695 5498 Dei
1723 5438 1875 5494 vobis
1906 5451 1962 5497 et
1988 5455 2202 5503 antece-

696 5599 721 5668 ξ
751 5590 850 5668 bis.
882 5590 1148 5668 Augiense
1182 5611 1193 5644 :
1218 5595 1298 5648 En
1325 5597 1495 5668 gratia
1520 5600 1845 5655 antecedens.

694 5660 724 5702 δ
751 5660 851 5731 bis.
883 5661 1023 5715 idem
1051 5679 1142 5731 per
1163 5660 1328 5720 notos.

699 5730 846 5806 tibi}.
877 5730 1336 5806 idem,7,_vgnitate
1365 5738 1633 5806 conﬁctus.

695 5797 726 5848 Φ
751 5801 852 5862 Ms.
875 5801 1013 5858 idem
1042 5821 1054 5859 :
1078 5802 1214 5862 XII.
1249 5797 1543 5862 HERETiCI.
1578 5807 1699 5862 Non
1718 5813 1874 5874 enim,
1901 5819 2004 5869 etc.

2306 4718 2397 4772 bus
2418 4727 2647 4774 mortuus
2669 4728 2743 4774 est
2766 4718 2839 4789 (ll
2865 4717 2985 4772 Cor.
3008 4734 3060 4781 v,
3087 4715 3169 4780 M,
3196 4713 3307 4782 15).
3334 4710 3578 4769 Occurrit
3598 4708 3747 4764 nobis
3772 4705 3878 4760 hoc

2307 4810 2426 4865 loco
2456 4811 2674 4867 insanus
2702 4810 2836 4865 liber
2861 4818 3058 4872 vester,
3081 4815 3136 4861 et
3160 4806 3288 4861 dicit
3313 4823 3325 4857 :

2376 4899 2514 4954 XIX.
2545 4902 2563 4938 ί
2601 4901 2717 4966 Vos,
2742 4901 2932 4970 inquit,
2960 4899 3242 4970 ubicunque
3261 4911 3435 4951 omnes
3457 4892 3644 4964 legitis,
3669 4903 3882 4963 genera-

2305 4997 2422 5050 liter
2442 4995 2592 5048 vultis
2619 4995 2863 5065 intelligi,
2887 5010 3004 5047 cum
3021 5009 3198 5048 omnes
3222 5007 3359 5062 swpe
3378 5006 3471 5060 pro
3491 4995 3640 5059 parte
3663 4986 3884 5039 docean-

2306 5093 2405 5138 tur.
2439 5083 2570 5138 Nam
2611 5099 2731 5138 cum
2772 5085 2966 5138 dicitur
3003 5102 3014 5136 :
3052 5081 3243 5137 Omnes
3290 5081 3672 5136 declinaverunt
3695 5073 3880 5146 (.Psal.

2307 5194 2416 5240 xm,
2449 5176 2532 5246 5);
2565 5193 2667 5231 non
2709 5186 2880 5230 tamen
2917 5193 3094 5231 omnes
3124 5175 3525 5230 declinaverunt.
3569 5169 3634 5223 Et
3661 5187 3674 5221 :
3717 5168 3887 5221 omnis

2305 5269 2455 5322 homo
2490 5269 2712 5322 mendam
2747 5267 2860 5338 (Ps.
2899 5284 3018 5322 cxv.
3044 5267 3163 5338 il);
3195 5285 3296 5322 non
3332 5275 3503 5320 tamen
3536 5262 3703 5318 omnis
3733 5261 3888 5313 homo

2306 5361 2544 5423 mendam,
2574 5363 2692 5431 quia
2729 5363 2942 5432 legimus
2981 5361 3044 5415 de
3071 5361 3330 5432 quodam:
3360 5358 3496 5412 Erat
3526 5357 3679 5410 homo
3705 5368 3884 5407 uerax.

2305 5449 2442 5505 Pars
2474 5468 2593 5520 ergo
2619 5455 2844 5506 maxima
2865 5469 3040 5507 omnes
3068 5453 3266 5506 videtur
3285 5451 3606 5521 signiﬁcare,
3639 5463 3759 5500 eum
3783 5443 3891 5496 uti-

2373 5617 2398 5680 f
2428 5609 2524 5680 bis.
2559 5609 2694 5664 idem
2729 5629 2740 5662 :
2765 5609 3072 5668 Cnuoucr.
3096 5609 3465 5680 Jubetisergo,
3489 5615 3592 5680 etc.

2377 5677 2396 5715 ί
2427 5678 2524 5732 Ms.
2558 5680 2694 5734 idem
2730 5699 2740 5732 :
2769 5680 2927 5735 XXII.
2955 5681 3252 5737 Ηιςιιετιει.
3286 5675 3408 5741 Vos',
3441 5678 3631 5746 inquit,
3667 5675 3887 5730 ubicun-

2303 5765 2415 5821 que,
2442 5757 2543 5804 etc.
