4282 6264
441 351 536 406 661

911 342 1502 402 PR/EDESTINATUS
1538 341 1689 408 SIVE
1725 335 2421 407 PRIEDESTINATORUM
2460 337 2805 406 IIASRESIS,
2845 339 2998 396 ETC.
3043 340 3170 397 LIB.
3200 343 3287 398 III.

3613 348 3719 408 662

437 481 534 537 que
575 469 772 519 constet
820 477 921 524 non
974 475 1148 514 omnes
1197 457 1438 529 intelligi.
1475 465 1501 493 α
1531 456 1744 536 Nullum
1793 455 1845 507 in
1889 452 2027 507 libro
2058 455 2101 526 Α
2133 451 2216 506 sui
2240 451 2438 506 virtute
2466 467 2567 507 nos
2593 455 2766 519 unxit,
2799 461 2857 508 ut
2882 454 3174 522 luctantem
3201 462 3386 523 contra
3411 473 3511 513 nos
3539 460 3719 519 diabo-

436 565 622 612 vestro
651 556 829 610 locum
852 553 967 607 sine
988 548 1334 618 blasphemiis
1354 531 1672 602 invenimus.
1698 544 1824 600 Haec
1852 559 2028 599 asser-

438 648 516 704 tio
545 647 635 702 ubi
664 644 922 700 attendit?
953 640 1022 697 Ut
1052 640 1450 695 consentientes
1478 639 1630 693 vobis
1658 637 1841 692 dicant
1866 634 2025 690 Chri-

437 750 583 799 stum
609 758 717 797 non
756 757 854 811 pro
883 738 1128 794 omnibus
1171 752 1409 806 passum.
1462 734 1518 790 Si
1565 735 1669 790 hoc
1715 749 1824 788 non
1866 732 2028 786 vultis

335 894 347 905 ,
439 835 698 904 intelligi,
731 848 860 902 ergo
889 848 994 886 non
1025 847 1123 902 pro
1153 838 1304 900 parte
1329 830 1434 883 hoc
1468 829 1588 883 loco
1611 827 1900 898 Apostolus
1929 840 2026 879 no-

419 916 665 984 minavit
713 940 917 992 omnes,
959 922 1054 978 sed
1083 937 1270 977 omnes
1316 921 1641 989 generaliter
1685 916 2023 972 memoravit.

437 1020 706 1090 Corrigite
735 1032 862 1086 ergo
910 1018 1102 1071 librum
1147 1022 1417 1080 vestrum,
1469 1013 1593 1084 quia
1640 1011 1886 1066 Christus
1928 1023 2043 1080 pro,

437 1113 687 1172 omnibus
713 1125 906 1181 passus
934 1117 1047 1174 est,
1092 1106 1340 1161 omnibus
1389 1104 1693 1159 hominibus
1740 1102 2028 1164 subvenire

436 1203 674 1260 festinat.
709 1201 911 1256 Omnes
937 1205 1129 1263 vocat,
1159 1212 1348 1252 omnes
1373 1196 1564 1250 invitat
1609 1213 1622 1247 :
1668 1194 1760 1263 qui
1790 1194 2028 1247 salvatus

374 1328 385 1352 -.
433 1293 615 1363 fuerit,
635 1291 923 1363 imputabit
941 1291 1124 1360 gratia:
1145 1288 1240 1344 Dei
1259 1288 1497 1352 vocanti,
1520 1285 1785 1347 invitanti,
1809 1298 2028 1339 succur-

432 1385 608 1452 renti;
649 1383 740 1453 qui
771 1399 880 1437 non
908 1383 1142 1436 salvatus
1167 1379 1355 1440 fuerit,
1391 1376 1674 1448 imputabit
1713 1375 1813 1430 sibi
1856 1374 2026 1443 negli-

433 1477 604 1549 genti,
633 1475 1001 1533 contemnenti
1033 1492 1044 1542 ι
1070 1473 1236 1527 ariter
1259 1479 1314 1527 et
1340 1468 1630 1526 deserenti.
1664 1467 1854 1522 Omnia
1883 1465 2027 1520 enim

435 1570 581 1627 bona
608 1569 767 1625 nobis
794 1583 827 1623 a
866 1567 1079 1621 Domini
1107 1566 1277 1636 gratia
1310 1563 1661 1619 conferuntur
1689 1560 2025 1631 petentibus;

439 1663 620 1718 omnia
648 1670 829 1716 autem
852 1660 994 1714 mala
1017 1674 1046 1712 a
1068 1657 1284 1713 diabolo
1312 1656 1466 1711 nobis
1489 1655 1654 1709 Deum
1677 1661 2028 1708 contemnen-

439 1754 580 1809 tibus
604 1754 927 1821 irrogantur.
973 1749 1088 1805 Non
1120 1750 1260 1804 enim
1292 1748 1492 1819 poterit
1518 1753 1844 1818 potestatem
1873 1759 2027 1798 suam

2133 544 2242 598 lum
2269 545 2624 611 vinceremus.
2651 547 2817 602 Scuto
2844 547 2998 603 bona:
3020 549 3311 604 voluntatis
3333 567 3441 606 suae
3469 569 3568 608 nos
3596 569 3717 611 sese

2130 647 2417 709 protegere
2439 640 2764 708 repromittit
2793 658 2803 691 :
2840 638 2940 703 Qui
2967 648 3160 710 sperat,
3193 642 3383 712 inquit,
3418 645 3471 696 in
3501 661 3599 710 me,
3625 663 3718 717 ego

2129 731 2355 786 liberabo
2381 747 2526 796 eum,
2567 739 2837 803 protegam
2878 749 3025 797 eum,
3077 734 3196 804 quia
3244 735 3478 805 cognovit
3529 753 3718 792 nomen

2132 840 2300 878 meum
2328 821 2501 896 (Psal.
2530 839 2626 891 xc,
2652 823 2718 875 14
2737 825 2775 892 ).
2819 821 2971 879 Unde
2999 832 3052 879 et
3079 825 3324 894 superius
3353 827 3427 879 ait
3451 829 3714 897 prepheta

2129 917 2197 972 de
2225 927 2331 973 eo':
2359 913 2459 980 Qui
2497 916 2696 971 habitat
2724 918 2780 971 in
2818 918 3080 988 adjutorio
3109 919 3362 972 Altissimi
3393 921 3410 990 (
3427 905 3588 984 lbid.,
3618 919 3712 992 I),

2128 1007 2275 1076 quod
2303 1023 2410 1062 non
2439 1023 2562 1062 eum
2590 1008 2759 1080 possit
2786 1007 3056 1074 invadere,
3083 1025 3182 1064 nec
3206 1011 3398 1078 sagitta
3425 1025 3543 1079 qua:
3573 1011 3718 1065 volat

2129 1113 2227 1168 per
2254 1098 2415 1161 diem,
2441 1115 2542 1154 nec
2568 1100 2841 1168 negotium
2862 1100 3004 1169 quod
3026 1100 3360 1170 perambulat
3382 1101 3435 1155 in
3457 1101 3713 1167 tenebris,

2128 1205 2229 1245 nec
2271 1192 2424 1246 ruina
2474 1200 2565 1246 aut
2610 1192 2931 1247 dzemonium
2976 1194 3346 1256 meridianum,
3398 1202 3453 1248 et
3499 1203 3714 1252 cetera.

2130 1278 2284 1335 Unde
2321 1281 2404 1335 his
2451 1281 2658 1336 indiciis
2703 1281 3010 1336 declaratur
3054 1282 3297 1337 diabolus
3345 1291 3471 1338 tunc
3514 1283 3714 1339 habere

2130 1369 2412 1435 virtutem,
2459 1385 2580 1424 cum
2625 1386 2725 1426 nos
2771 1371 3037 1426 invenerit
3076 1358 3432 1440 negligentes,
3466 1365 3586 1427 cum
3615 1390 3718 1443 nos

2128 1462 2396 1517 invenerit
2423 1461 2753 1516 dormientes
2781 1463 2834 1515 in
2865 1461 2985 1517 lide.
3018 1460 3202 1517 Omnis
3230 1465 3370 1518 enim
3402 1467 3488 1534 qui
3517 1480 3585 1518 ex
3614 1466 3719 1522 ﬁde

2126 1554 2435 1609 invocaverit
2464 1570 2653 1607 nomen
2692 1552 2937 1618 Domini,
2982 1554 3064 1607 hic
3092 1556 3265 1608 salvus
3295 1556 3394 1608 erit
3415 1558 3431 1622 (
3452 1555 3602 1610 Rom.
3649 1573 3715 1621 x,

2128 1645 2248 1717 15).
2297 1645 2497 1699 Verum
2543 1643 2671 1715 quid
2717 1645 2970 1714 prodest,
3022 1645 3165 1713 quod
3214 1646 3502 1700 humanum
3553 1661 3722 1715 genus

2131 1737 2464 1792 ostendimus
2490 1751 2590 1805 per
2617 1736 2713 1790 Dei
2741 1737 3023 1791 victoriam
3053 1753 3082 1790 a
3127 1737 3341 1792 diabolo
3388 1738 3634 1805 liberari,
3667 1749 3724 1794 et

440 1847 692 1904 exercere
735 1844 980 1900 diabolus
1026 1844 1079 1898 in
1125 1842 1209 1897 his
1250 1843 1343 1911 qui
1391 1841 1582 1894 divinis
1627 1829 2027 1893 defensionibus
2059 1828 2104 1887 Β
2131 1849 2230 1888 suo
2260 1832 2390 1886 vitio
2418 1831 2665 1885 homines
2693 1830 2848 1899 capi?
2877 1829 3104 1884 Additur
3134 1830 3288 1885 nobis
3334 1830 3471 1885 alter
3507 1832 3723 1901 opposi-

441 1938 642 1993 vivnnt.
667 1937 915 2006 Nunquid
945 1944 1126 2006 potest
1151 1933 1252 1989 sibi
1273 1932 1535 2002 subjicere
1556 1929 1775 1986 victoris
1795 1929 1876 1984 sui
1898 1943 2025 1982 vasa

444 2030 718 2099 captivus?
748 2026 944 2092 Nemo,
998 2026 1169 2096 inquit
1217 2025 1507 2089 Dominus,
1538 2024 1700 2075 intrat
1741 2022 1795 2074 in
1824 2019 2033 2074 domum

446 2125 614 2196 fortis.
641 2132 688 2177 et
717 2140 839 2176 vasa
870 2122 983 2194 ejus
1005 2121 1241 2192 diripiet,
1266 2119 1369 2173 nisi
1388 2119 1532 2189 prius
1556 2119 1745 2188 fortem
1774 2114 2029 2186 ligaverit,

447 2226 493 2270 et
524 2226 642 2270 tunc
672 2235 794 2278 vasa
822 2217 936 2287 ejus
957 2215 1168 2288 diripiet
1191 2211 1407 2284 (Matth.
1434 2227 1524 2274 xu,
1549 2209 1660 2280 29).
1691 2207 1911 2262 Fortem
1937 2221 2033 2261 vos

446 2309 642 2380 ponitis
671 2308 967 2373 inimicum;
1001 2304 1095 2360 sed
1128 2320 1225 2358 nos
1246 2304 1529 2371 religatum
1551 2310 1605 2354 et
1630 2299 1802 2354 erucis
1830 2305 2034 2367 tropaeo

448 2398 711 2454 credimus
758 2413 876 2452 esse
922 2395 1252 2466 subjectum;
1303 2391 1644 2456 insidiosum,
1677 2390 1770 2444 sed
1821 2387 2037 2443 insidias

446 2490 561 2560 ejus
605 2491 847 2546 detectas
895 2488 1247 2546 ostendimus.
1297 2483 1543 2553 Nunquid
1597 2483 1750 2550 signo
1797 2480 2036 2535 victoriae

446 2584 708 2640 munitum
737 2583 1051 2650 contingere
1097 2579 1354 2651 praevalet
1382 2577 1587 2632 victus?
1617 2574 1855 2642 nunquid
1885 2582 2038 2628 scuto

393 2735 407 2747 ,
446 2676 658 2754 Domini
680 2675 1090 2740 circumdatum,
1111 2681 1165 2728 et
1190 2673 1355 2726 lorica
1380 2669 1503 2724 fidei
1527 2668 1792 2732 indutum,
1811 2674 1865 2721 et
1884 2665 2037 2735 galea

446 2769 558 2840 spei
590 2777 643 2823 et
671 2767 860 2821 salutis
881 2766 1164 2828 munitum,
1189 2763 1325 2818 ictus
1344 2766 1570 2832 possunt
1595 2758 1848 2812 invadere
1876 2757 2040 2823 sagit-

448 2859 625 2914 tarum
657 2857 884 2929 (Ep/tes.
917 2873 993 2921 Vl,
1028 2854 1124 2918 l6,
1151 2855 1288 2926 i7)?
1337 2853 1452 2908 Non
1505 2852 1734 2907 vincitur
1764 2866 1794 2904 a
1825 2849 2040 2905 diabolo

451 2951 638 3016 homo,
663 2951 762 3006 nisi
783 2949 997 3019 quando
1024 2965 1052 3002 a
1075 2965 1174 3002 suo
1195 2947 1478 3002 recesserit
1500 2945 1802 3009 defensore,
1831 2943 2043 2998 dicente

454 3039 716 3110 Apostolo
744 3057 755 3090 :
789 3038 992 3092 Subditi
1020 3047 1176 3091 estote
1196 3039 1305 3093 Deo
1321 3056 1342 3103 ;.
1361 3039 1584 3091 resistite
1612 3044 1783 3090 autem
1811 3033 2038 3100 diabolo,

457 3139 505 3185 et
531 3131 696 3203 fugiet
721 3148 753 3183 a
774 3130 915 3184 vobis
946 3128 1080 3199 (Jac.
1106 3148 1176 3193 ιν,
1202 3130 1285 3198 7).
1320 3130 1603 3185 Invisibilis
1632 3130 1802 3184 hostis
1831 3137 1940 3193 est,
1975 3129 2042 3182 ab

2137 1925 2300 1980 tionis
2327 1923 2604 1978 articulus.
2636 1919 2656 1959 ί
2688 1921 2828 1976 Dicit
2857 1921 2999 1975 enim
3028 1921 3164 1975 liber
3191 1935 3378 1975 eorum
3405 1940 3417 1973 2

2205 2014 2344 2068 XXI.
2379 2014 2486 2068 Per
2517 2012 3002 2084 pravaricationem
3037 2011 3192 2081 primi
3231 2011 3456 2066 hominis
3484 2013 3636 2083 periit
3657 2012 3722 2066 ab

2136 2107 2431 2163 hominibus
2452 2106 2666 2160 libertas
2695 2103 2922 2158 arbitrii.
2951 2113 2976 2150 ε
2997 2101 3107 2157 Nos
3125 2110 3304 2156 autem
3335 2103 3560 2156 dicimus
3587 2121 3598 2156 :
3622 2101 3724 2157 Per

2136 2199 2633 2272 praevaricationem
2652 2196 2811 2268 primi
2839 2193 3072 2250 hominis
3091 2193 3428 2247 manifestata
3458 2203 3541 2248 est
3567 2196 3724 2248 liber-

2139 2303 2222 2349 tas
2249 2293 2483 2357 arbitrii,
2514 2305 2635 2360 qua:
2663 2290 2840 2360 potuit
2883 2288 3158 2344 hominem
3205 2286 3387 2341 facere
3417 2287 3554 2340 velle
3583 2285 3725 2355 quod

2137 2387 2281 2442 Deus
2309 2402 2416 2441 non
2446 2384 2575 2438 vult.
2609 2381 2668 2438 Si
2697 2396 2826 2452 ergo
2871 2381 3032 2453 periit
3072 2381 3292 2435 libertas
3320 2378 3557 2441 arbitrii,
3588 2376 3726 2431 unde

2139 2496 2324 2536 sumus
2349 2479 2593 2532 homines
2619 2474 2968 2546 peccatores?
2991 2470 3220 2527 Aliunde
3244 2486 3352 2525 non
3382 2483 3564 2522 sumus
3605 2483 3727 2537 pce-

2139 2579 2371 2633 catores,
2403 2569 2505 2624 nisi
2535 2568 2662 2638 quia
2689 2567 2938 2622 volumus
2985 2563 3128 2635 quod
3175 2562 3316 2616 Deus
3364 2575 3471 2613 non
3500 2557 3644 2621 vult,
3677 2566 3729 2612 et

2141 2666 2392 2720 nolumus
2419 2661 2566 2733 quod
2612 2660 2756 2714 Deus
2803 2658 2945 2724 vult;
2996 2653 3380 2710 committimus
3426 2649 3569 2718 quod
3617 2646 3729 2704 fieri

2141 2755 2410 2827 prohibet,
2429 2761 2484 2808 et
2511 2753 2688 2807 facere
2719 2750 2968 2805 nolumus
2987 2745 3131 2816 quod
3156 2743 3407 2814 praecepit
3429 2739 3726 2810 adimpleri.

2142 2846 2247 2902 Per
2272 2846 2400 2915 quid
2427 2845 2533 2898 hoc
2562 2849 2767 2896 tantum
2799 2839 2926 2892 mali
2971 2837 3224 2898 facimus,
3256 2835 3300 2888 si
3346 2832 3589 2886 nolentes
3618 2829 3732 2883 hzee

2141 2941 2398 2996 facimus?
2430 2939 2577 2992 Alius
2606 2943 2688 2991 est
2717 2935 2808 3002 qui
2834 2947 2934 3004 per
2979 2945 3078 2985 nos
3126 2935 3409 2998 operatur;
3458 2925 3560 2994 ipsi
3599 2935 3732 2989 ergo

2145 3033 2331 3088 debuit
2359 3032 2448 3084 lex
2471 3029 2608 3092 dari,
2641 3042 2747 3081 non
2777 3024 2926 3079 mihi.
2976 3021 3094 3076 Non
3123 3020 3208 3074 lex
3239 3007 3619 3088 gladio'datur,
3667 3027 3734 3067 ne

2149 3123 2360 3179 occidat
2386 3121 2688 3181 hominem;
2721 3116 2815 3170 sed
2838 3114 2916 3169 illi
2936 3113 3096 3167 datur
3122 3112 3228 3177 lex,
3261 3108 3353 3178 qui
3382 3122 3479 3176 per
3502 3103 3734 3172 gladium

455 3223 708 3283 invisibili
739 3222 1021 3278 defensore
1049 3194 1424 3294 prosternitur.
1457 3223 1560 3278 Sed
1603 3223 1926 3278 contradicit
1954 3223 2041 3278 hic
2067 3202 2111 3262 (ἶ
2143 3215 2370 3286 jugulat.
2405 3211 2624 3266 Gladius
2653 3208 2815 3270 enim,
2841 3206 2954 3259 sive
2984 3202 3213 3265 occidat,
3239 3201 3350 3255 sive
3374 3213 3480 3251 non
3505 3194 3731 3260 occidat,

455 3315 619 3370 etiam
642 3315 775 3369 liber
795 3323 974 3370 vester
997 3315 1233 3381 insanus,
1255 3323 1309 3370 et
1330 3331 1492 3370 ausus
1520 3324 1602 3370 est
1629 3314 1808 3370 dicere
1835 3322 2042 3372 tantum

422 3408 725 3469 ,diabolum
775 3423 964 3479 posse,
1007 3416 1064 3462 ut
1105 3408 1350 3462 homines
1398 3408 1574 3462 trahat
1622 3408 1836 3471 invitos,
1882 3408 2046 3461 etiam

459 3503 557 3557 hos
599 3495 734 3572 quos
763 3500 1007 3557 Christus
1052 3516 1152 3555 suo
1199 3515 1390 3554 cruore
1436 3501 1704 3554 redimens
1750 3500 1862 3554 Deo
1907 3498 2046 3554 ﬁlios

461 3589 600 3645 fecit.

530 3680 645 3735 XX.
681 3681 710 3720 δ
741 3681 930 3736 Dicitis
957 3701 972 3734 :
997 3679 1203 3735 Clausis
1229 3679 1392 3733 oculis
1421 3679 1685 3733 transistis
1712 3680 1874 3734 hostis
1918 3680 2047 3735 insi-

463 3777 577 3830 dias
605 3793 691 3832 vos
719 3777 806 3849 qui
834 3775 1009 3829 dicitis
1038 3772 1354 3827 voluntatem
1393 3772 1615 3827 hominis
1657 3771 1856 3842 aliquid
1900 3788 2049 3841 posse

463 3867 663 3921 virtutis
693 3867 978 3936 accptirere,
1002 3881 1107 3918 non
1131 3862 1452 3916 attendentes
1478 3870 1673 3933 quanta
1695 3862 1886 3916 damna
1913 3860 2050 3914 Deus

464 3961 689 4034 quotidie
723 3969 742 3994 ε
776 3959 1024 4028 patiatur,
1056 3963 1263 4026 quanta:
1289 3955 1458 4007 ruinae
1486 3953 1740 4006 castitatis
1759 3970 1850 4022 per
1870 3950 2051 4005 diabo-

469 4052 576 4105 lum
617 4052 780 4121 fiant,
825 4056 1121 4120 quantaeque
1147 4045 1420 4099 criminum
1447 4045 1887 4114 concupiscentiaz.
1925 4041 2053 4106 Qua:

469 4142 644 4214 utique
673 4140 726 4191 si‘
765 4138 1028 4202 videretis,
1062 4154 1164 4191 non
1194 4136 1551 4190 laboraremus
1598 4133 1738 4189 vobis
1783 4135 2053 4189 ostendere

467 4234 662 4288 damna
691 4232 954 4294 virtutum,
984 4238 1032 4282 et
1059 4229 1299 4283 victorias
1327 4229 1588 4282 vitiorum.
1616 4223 1643 4264 ἀ
1674 4227 1862 4290 Dicite,
1893 4227 2051 4281 obse-

467 4342 583 4392 cro,
615 4324 811 4379 damna
840 4337 958 4393 qua:
1002 4321 1140 4376 Deus
1167 4319 1408 4391 Quotidie
1437 4308 1668 4389 patitur;
1699 4319 1913 4374 diabolo
1945 4320 2056 4393 vin-

469 4388 626 4474 cente
655 4417 771 4470 haec
809 4388 1029 4484 patitur,
1063 4429 1131 4467 an
1159 4388 1378 4466 homine
1406 4388 1819 4466 contemnente?
1858 4408 1914 4462 Si
1943 4388 2058 4462 dia-

471 4510 598 4565 bolo
638 4509 883 4562 vincente
929 4506 1137 4570 dicatis,
1171 4515 1192 4541 θ
1221 4503 1554 4574 blasphemia
1582 4509 1758 4557 vestra
1798 4501 1849 4554 in
1898 4506 2058 4569 caput

2149 3306 2291 3360 idem
2320 3312 2429 3367 est;
2462 3317 2563 3354 nec
2589 3298 2802 3353 laudem
2828 3295 2969 3350 enim
2999 3289 3326 3362 quiescendo
3351 3287 3608 3356 acquirit,
3640 3299 3736 3338 nec

2148 3393 2443 3452 occidendo
2469 3391 2681 3460 culpam
2703 3387 2946 3441 incurrit.
2966 3383 3023 3438 Si
3041 3397 3168 3450 ergo
3185 3388 3239 3434 et
3262 3395 3359 3433 nos
3385 3378 3609 3446 agimur,
3633 3391 3736 3428 non

2148 3490 2373 3557 agimus;
2392 3483 2596 3540 exclusi
2610 3494 2793 3537 sumus
2814 3494 2844 3532 a
2859 3476 3093 3547 peccatis
3109 3473 3234 3526 dum
3256 3468 3632 3537 delinquimus,
3652 3480 3739 3518 ex-

2149 3556 2284 3634 clusi
2303 3593 2484 3632 smnus
2499 3590 2530 3628 a
2546 3573 2650 3628 tide
2684 3573 2810 3626 dum
2827 3569 3111 3624 credimus.
3132 3563 3266 3617 Hinc
3302 3563 3480 3627 itaque
3499 3556 3737 3625 superati

2152 3671 2219 3725 ad
2247 3667 2568 3725 calumniam
2595 3665 3001 3718 convertuntur.
3035 3655 3122 3708 Ait
3143 3653 3286 3707 enim
3327 3651 3462 3703 liber
3503 3662 3690 3700 eorum
3717 3662 3736 3700 :

2154 3759 2180 3796 ¹ι
2203 3760 2474 3815 Ηιετεδειη
2516 3754 2862 3825 Pelagianam
2902 3750 3087 3801 iterum
3115 3742 3392 3805 renovatis,
3423 3755 3538 3792 cum
3566 3737 3740 3790 dicitis

2154 3869 2244 3923 per
2272 3849 2560 3905 libertatem
2582 3842 2785 3898 arbitrii
2808 3839 3041 3893 homines
3061 3837 3219 3906 ﬁnem
3241 3846 3431 3903 ponere
3450 3845 3598 3900 posse
3622 3842 3738 3898 pec-

2153 3919 2285 3996 catis
2326 3937 2539 4011 (Matth.
2564 3951 2664 3997 vn,
2690 3932 2740 3996 7;
2771 3929 2928 3983 Joan.
2973 3943 3078 3990 XVI,
3102 3923 3214 3992 24).
3247 3920 3520 3988 Pelagium
3570 3919 3581 3954 ί
3632 3932 3738 3971 non

2155 4022 2285 4088 hinc
2313 4006 2691 4085 condemnavit
2719 4018 2976 4076 Ecclesia.
3006 4015 3202 4084 Objicit
3229 4011 3370 4067 enim
3418 4009 3469 4063 ei
3514 4007 3660 4076 quod
3688 4006 3740 4060 in

2157 4133 2365 4180 tantum
2392 4122 2767 4186 exaggerasset
2794 4112 3096 4166 libertatem
3125 4101 3364 4165 arbitrii,
3397 4107 3456 4154 ut
3475 4098 3570 4152 Dei
3593 4095 3742 4166 adju-

2156 4218 2355 4273 torium
2383 4217 2674 4268 recusaret.

2231 4306 2392 4360 XXII.
2426 4305 2534 4359 Nos
2563 4309 2739 4357 autem
2783 4296 3006 4351 dicimus
3031 4307 3049 4347 :
3080 4289 3183 4344 Per
3211 4287 3510 4341 libertatem
3537 4277 3744 4336 arbitrii

2158 4409 2440 4473 peccatum
2470 4411 2628 4451 omne
2656 4388 3064 4454 committimus;
3113 4382 3181 4436 ab
3225 4377 3370 4436 omni
3401 4384 3578 4430 autem
3617 4387 3745 4444 peo-

2162 4465 2283 4549 cato
2331 4506 2427 4561 per
2475 4488 2570 4542 Dei
2609 4486 2834 4554 gratiam
2881 4480 3172 4535 liberamur
3212 4486 3474 4529 consensu
3515 4465 3742 4522 arbitrii.

475 4608 709 4654 vestrum
740 4597 1098 4662 refundimus;
1130 4597 1174 4651 si
1201 4595 1422 4650 homine
1445 4600 1842 4654 contemnente,
1878 4607 2056 4647 asser-
2085 4575 2140 4637 Β
2163 4585 2332 4640 Deum
2361 4589 2540 4636 autem
2569 4578 2797 4646 gratiam
2817 4588 2966 4628 suam
2990 4587 3098 4626 non
3125 4563 3433 4639 petentibus
3461 4576 3569 4615 non
3590 4559 3738 4661 dare.

472 4692 548 4746 tio
578 4699 761 4745 nostra
788 4690 1069 4744 victoriam
1099 4687 1262 4757 cepit.
1294 4685 1550 4740 Diabolus
1578 4684 1719 4739 enim
1752 4698 1852 4737 nec
1880 4683 2054 4736 domi-

473 4800 591 4848 nus,
625 4799 726 4838 nec
755 4790 987 4846 creator,
1014 4794 1117 4836 nec
1159 4786 1315 4850 pater
1359 4784 1460 4832 est.
1493 4777 1637 4832 Deus
1684 4785 1862 4830 autem
1905 4774 2059 4829 nobis

470 4883 530 4930 et
548 4875 816 4941 dominus,
841 4881 896 4929 et
916 4882 1151 4937 creator,
1173 4879 1227 4926 et
1246 4879 1401 4942 pater
1420 4885 1540 4925 esse
1559 4870 1826 4937 dignatur.
1851 4866 2059 4938 Corpus

472 4986 627 5024 suum
675 4967 1172 5023 victoriosissimum
1221 4972 1406 5020 nostro
1453 4961 1668 5033 corpori
1709 4961 1952 5026 sociavit,
2002 4969 2061 5014 ut

476 5059 716 5130 corporis
760 5059 930 5113 nostri
970 5054 1313 5125 fragilitatem
1357 5053 1682 5121 excluderet.
1735 5051 2058 5120 Sanguinem

473 5165 628 5205 suum
660 5158 844 5205 nostro
863 5148 1109 5217 sanguini
1135 5147 1364 5212 miscuit,
1388 5154 1446 5200 ut
1473 5145 1652 5201 fervor
1675 5145 1890 5215 genuini
1915 5145 2061 5199 calo-

472 5241 550 5296 ris
577 5242 878 5312 quiesceret
896 5240 1078 5294 divino
1103 5239 1358 5308 sanguine
1379 5245 1727 5310 temperatus.
1745 5235 2061 5292 Chrismatis

553 5449 579 5477 ⁸
605 5439 701 5494 Ms.
735 5441 1009 5508 Aegiense
1030 5436 1394 5508 iQA'rnoucn
1433 5432 1729 5508 Nullumin
1759 5432 1910 5508 libro,
1946 5439 2051 5508 etc.

513 5509 575 5593 ,δ
606 5510 704 5593 Ms.
737 5501 876 5564 idein
910 5529 920 5562 :
954 5507 1136 5561 XXIII.
1176 5504 1471 5560 Ηιειιετιει.
1519 5503 1705 5557 Dicitis
1742 5503 1878 5556 enim
1917 5501 2058 5555 clau-

477 5590 570 5642 sis,
604 5590 708 5636 etc.

555 5663 575 5687 σε
612 5651 702 5704 Ms.
738 5649 896 5719 idem,
929 5650 1158 5719 patiatur
1179 5646 1242 5699 ab
1265 5644 1555 5719 animarum
1575 5660 1715 5707 casu,
1738 5653 1950 5714 quanta.

551 5720 574 5756 ἀ
610 5720 701 5775 Ms.
738 5718 875 5774 idem
905 5715 1249 5772 :Cnnoucr.
1284 5715 1452 5768 Dicite
1482 5716 1707 5776 obsecro,
1738 5722 1845 5768 etc.

559 5800 581 5832 ε
614 5789 706 5846 Ms.
741 5789 900 5855 idem,
934 5789 1306 5860 blasphemiam
1326 5794 1564 5844 vestram.

2161 4693 2228 4732 ex
2270 4676 2372 4728 isto
2402 4673 2523 4726 loco
2551 4669 2829 4722 docuimus
2857 4663 3002 4733 quod
3030 4662 3144 4730 ipse
3185 4659 3260 4712 ait
3288 4675 3300 4708 :
3334 4655 3502 4708 Petite
3531 4659 3580 4705 et
3608 4648 3746 4703 acci-

2160 4751 2331 4838 pietis.
2365 4762 2651 4818 Ostensum
2680 4765 2763 4812 est
2789 4754 2946 4811 nobis
2975 4767 3081 4806 non
3103 4746 3407 4818 petentibus
3433 4742 3563 4811 quid
3591 4746 3746 4810 peta-

2161 4833 2310 4924 mus;
2341 4865 2616 4912 ostensum
2637 4858 2714 4906 est
2744 4848 2896 4904 nobis
2924 4861 3031 4901 non
3059 4839 3421 4912 quaerentibus
3449 4833 3577 4903 qu‘id
3601 4846 3750 4899 qua:-

2162 4956 2691 5016 ramus;-ostensum
2740 4950 2824 4998 est
2872 4939 3025 4994 nobis
3079 4951 3187 4992 non
3237 4927 3569 5004 pulsantibus
3620 4919 3749 5016 quid

2165 5044 2457 5122 pulsemus.
2488 5036 2546 5091 Si
2576 5034 2903 5091 uoluerimus
2931 5037 3147 5101 petere,
3179 5039 3286 5077 non
3316 5015 3671 5122 accipiemus;
3701 5008 3749 5063 si

2168 5100 2499 5192 holuerimus
2526 5144 2792 5201 quaerere,
2819 5141 2925 5192 non
2954 5118 3314 5174 inveniemus;
3345 5109 3391 5161 si
3417 5100 3752 5158 uoluerimus

2168 5231 2401 5303 pulsare,
2436 5242 2542 5281 non
2570 5223 2840 5296 aperietur
2880 5212 3052 5270 nobis.
3089 5205 3274 5260 Omnis
3318 5200 3455 5254 enim
3500 5195 3586 5268 qui
3625 5192 3752 5264 petit

2243 5429 2260 5467 ί
2293 5428 2391 5484 Ms.
2416 5428 2555 5482 idem
2586 5443 2596 5475 :
2623 5419 2804 5475 XXIV.
2828 5416 3127 5484 Hnnnrlcr.
3152 5409 3294 5463 Dicit
3312 5406 3449 5462 enim
3468 5403 3618 5468 liber,
3639 5408 3767 5463 δια,
3814 5379 3826 5390 ’

2239 5511 2264 5548 8
2295 5482 2393 5555 Ms.
2425 5498 2562 5551 idem
2591 5493 2935 5546 :Cnnouct.
2961 5482 3074 5539 Nos
3107 5491 3295 5555 autem,
3320 5486 3424 5555 etc.
3513 5544 3547 5555 n
3586 5543 3597 5555 .
3671 5541 3684 5553 .

2425 5543 2565 5620 iié'u’.
2592 5543 2806 5612 iziXXV.
2854 5556 3149 5610 ΗΑειιετιω.
3175 5543 3179 5546 “
3205 5543 3460 5606 "(cresim
3506 5543 3747 5611 Pelagia-
3808 5543 3824 5560 "

2167 5646 2569 5762 Μῗιὶίὲῗοίὰθω
2597 5719 2609 5753 :
2641 5699 2950 5754 CATIIOLICI.
2989 5681 3256 5766 Pelagium
3284 5705 3405 5747 non,
3431 5692 3536 5737 etc.
