4238 6260
622 404 726 460 665

1623 393 1897 451 AUCTOR
1935 388 2305 445 ANONYMUS
2342 389 2881 447 PRIEDESTINATI.

3778 396 3889 451 664

600 502 826 588 'accipit,
869 480 918 570 et
963 492 1049 586 qui
1093 514 1273 584 quazrit
1319 494 1536 574 invenit,
1579 518 1627 564 et
1673 508 1904 580 pulsanti
1940 506 2198 577 aperietur
2224 505 2280 565 Α
2303 511 2384 559 tas
2412 506 2555 561 enim
2582 506 2819 577 perfecta
2832 494 2947 577 ἰιι-ο
2988 504 3114 561 facti
3154 520 3321 576 opere
3346 521 3378 560 a
3401 505 3549 576 justo
3586 505 3770 574 judice
3797 525 3892 566 re-

604 606 835 682 ’(ΜιιιιΙι.
858 625 950 672 vn,
971 607 1048 677 8).
1077 590 1318 660 Libertas
1345 606 1526 674 itaque
1548 614 1574 641 ιι
1606 602 1810 658 arbitrii
1850 605 1921 656 ita
1950 602 2005 657 in
2043 601 2198 657 nobis

621 703 780 770 viget,
812 708 872 754 ut
899 688 1010 754 Deo
1036 705 1220 769 posset
1247 697 1493 765 obedire;
1525 697 1598 752 ita
1624 694 1889 750 inﬁrmata
1916 695 2073 753 estin
2094 709 2194 749 no-

616 795 716 860 bis,
750 801 808 847 ut
834 792 993 847 etiam
1039 791 1212 862 ipsum
1241 791 1405 846 Deum
1429 790 1600 860 possit
1638 797 2001 853 contemnere,
2031 803 2061 843 a
2089 803 2196 858 quo

618 887 733 957 ipsa
755 883 974 939 libertas
998 889 1081 938 est
1107 883 1250 937 data.
1279 880 1410 948 Quae
1433 882 1616 951 utique
1637 881 1704 936 ad
1730 881 1837 936 hoc
1856 879 1981 935 data
2008 886 2110 944 est,
2140 885 2198 932 ut

617 975 686 1030 de
705 990 769 1030 ea
790 974 936 1029 solus
953 973 1199 1029 diabolus
1218 979 1669 1028 contemneretur.
1695 970 1753 1026 Si
1773 970 1918 1026 enim
1936 976 2199 1025 cessasset

616 1067 837 1121 libertas
865 1066 1069 1121 arbitrii
1099 1081 1195 1136 per
1219 1065 1729 1137 praevaricationem
1755 1064 1914 1135 primi
1942 1063 2193 1127 hominis,

616 1163 879 1213 cessasset
905 1157 1090 1226 utique
1128 1157 1247 1219 lex,
1279 1171 1398 1226 quae
1442 1171 1550 1211 non
1580 1162 1759 1226 potest
1799 1156 1948 1224 loqui
1989 1154 2091 1209 nisi
2121 1153 2195 1208 illi

616 1251 710 1320 qui
749 1265 868 1306 eam
896 1259 1076 1321 potest
1115 1258 1170 1305 et
1209 1260 1555 1305 contemnere
1601 1257 1656 1304 et
1700 1248 1903 1303 audire.
1954 1233 2065 1313 Sed,
2087 1266 2196 1306 non

616 1347 845 1401 cessavit
872 1348 991 1413 lex,
1023 1348 1136 1402 sive
1163 1349 1450 1413 naturalis,
1483 1364 1579 1418 per
1605 1363 1764 1419 quam
1804 1347 2003 1418 placuit
2031 1347 2193 1409 Abel,

614 1434 820 1499 Euoch,
853 1435 985 1501 Noe,
1010 1435 1135 1492 Sem
1156 1446 1211 1492 et
1237 1436 1449 1507 Japhet,
1472 1436 1880 1500 Melchisedech,
1905 1436 2194 1501 Abraham,

615 1526 781 1590 Isaac,
809 1524 997 1591 Jacob,
1028 1526 1224 1599 Ioseph
1254 1537 1309 1582 et
1335 1528 1533 1582 (ueteri.
1583 1527 1651 1582 Hi
1695 1527 2032 1600 placuerunt,
2064 1526 2197 1596 legis

615 1619 801 1688 utique
847 1618 1103 1673 naturalis
1167 1619 1439 1674 instinctu.
1515 1617 1746 1674 Econtra
1792 1618 2193 1692 displicuerunt,

614 1710 727 1765 sive
753 1709 789 1763 ii
818 1723 955 1778 quos
982 1709 1166 1765 diluvii
1194 1710 1477 1782 charybdis
1504 1710 1667 1777 bibit,
1708 1710 1821 1766 sive
1855 1710 1892 1764 ii
1920 1724 2056 1779 quos
2083 1709 2194 1765 sul-

614 1799 764 1855 furca
794 1798 1005 1854 flamma
1034 1802 1382 1872 consumpsit.
1425 1800 1535 1857 Nec
1573 1800 1648 1856 illi
1676 1802 1822 1857 enim
1860 1801 2193 1871 placuerant,

614 1908 717 1948 nec
737 1893 823 1947 isti
853 1894 1252 1973 displicuerant,
1277 1895 1322 1949 si
1342 1894 1429 1948 lex
1454 1894 1715 1949 naturalis
1740 1909 1851 1949 non
1879 1894 2191 1959 exstitisset,
2226 1870 2270 1930 Β

615 1992 670 2040 et
696 1985 915 2040 libertas
942 1984 999 2039 in
1025 1985 1103 2040 eis
1132 1984 1337 2040 arbitrii
1364 2002 1472 2040 non
1499 1983 1705 2041 fuisset.
1746 1984 1883 2052 Quid
1909 1999 2038 2055 ergo
2079 1987 2193 2056 agi-

615 2077 769 2131 mus?
796 2076 1116 2131 calumniam
1153 2092 1263 2131 nou
1290 2075 1585 2141 evadimus,
1614 2076 1718 2131 nisi
1742 2074 1838 2131 Dei
1874 2076 2043 2131 solam
2073 2091 2196 2146 gra-

615 2166 744 2221 tiam
773 2167 1083 2222 dixerimus.
1109 2166 1293 2221 Latrat
1317 2167 1459 2222 enim
1485 2167 1623 2223 liber
1650 2183 1837 2223 eorum
1863 2168 2049 2223 dicens
2073 2186 2085 2220 :

685 2255 869 2310 XXIII.
903 2256 930 2295 ιι
954 2256 1248 2313 Excluditis
1283 2260 1512 2329 gratiam
1537 2276 1628 2329 per
1652 2258 1945 2314 libertatem
1970 2259 2193 2315 arbitrii.

611 2349 716 2403 Aut
755 2350 893 2403 enim
937 2349 1098 2404 libero
1143 2349 1357 2404 arbitrio
1400 2348 1697 2415 liberamur,
1747 2359 1836 2403 aut
1881 2352 2053 2421 gratia
2097 2350 2197 2405 Dei

613 2442 877 2513 eripimur.
908 2441 1101 2514 Eligite
1146 2444 1268 2514 quid
1296 2444 1501 2498 dicatis.
1535 2443 1597 2499 Si
1630 2445 1817 2516 gratiae
1845 2452 2009 2499 totum
2034 2445 2192 2511 datis,

611 2547 769 2585 unum
800 2549 1003 2597 sumus;
1033 2536 1079 2586 si
1106 2533 1268 2587 libero
1296 2535 1532 2597 arbitrio,
1564 2536 1743 2589 sciatis
1772 2552 1866 2589 nos
1897 2534 2039 2590 vobis
2071 2552 2196 2591 con-

612 2623 804 2677 sentire
833 2640 938 2678 non
971 2641 1139 2694 posse.
1170 2635 1192 2663 ε
1222 2624 1436 2690 Audite,
1468 2626 1806 2690 calumniosi,
1839 2634 1895 2681 et
1923 2628 2027 2682 hoc
2052 2627 2196 2696 quod

609 2713 812 2768 timetis
847 2704 1047 2768 audite.
1099 2714 1208 2769 Nos
1255 2716 1483 2770 liberum
1527 2717 1806 2771 arbitrium
1850 2717 1923 2772 ibi
1972 2718 2196 2775 dicimus

610 2818 751 2869 esse,
782 2805 870 2858 ubi
896 2805 1075 2860 divina
1097 2808 1267 2885 gratia
1288 2808 1552 2864 consistit.
1578 2808 1704 2864 Sine
1732 2810 1899 2878 gratia
1928 2810 2069 2865 enim
2098 2810 2196 2864 Dei

608 2911 719 2949 non
749 2903 832 2949 est
860 2895 1117 2963 liberum,
1148 2898 1243 2953 sed
1270 2900 1538 2971 captivum
1566 2901 1864 2956 arbitrium.
1915 2902 2015 2957 Ubi
2057 2906 2196 2958 enim

609 2986 825 3054 spiritus
846 2985 1077 3054 Domini,
1100 2987 1401 3044 ibilibertas
1423 2990 1500 3060 (II
1522 2988 1641 3045 Cor.
1667 3008 1741 3056 ιιι,
1769 2989 1878 3061 I7).
1907 2992 2016 3048 Nos
2036 2994 2195 3049 liber-

609 3081 777 3128 tatem
822 3075 979 3130 istam
1025 3093 1135 3133 non
1181 3079 1413 3134 hominis
1459 3081 1722 3149 superbia":
1768 3081 2059 3148 tradimus,
2100 3084 2195 3140 sed

607 3166 794 3235 gratiae
840 3166 933 3222 Dei
974 3176 1030 3223 et
1071 3168 1188 3237 ejus
1232 3171 1416 3237 glorise
1449 3164 1737 3227 definimus
1773 3192 1785 3226 :
1819 3189 1939 3242 quae
1985 3183 2193 3231 tantum

608 3256 890 3319 concedit,
921 3268 981 3311 ut
1007 3259 1127 3328 plus
1155 3258 1355 3314 faciant
1383 3261 1472 3315 alii
1501 3277 1662 3331 quam
1691 3266 1945 3334 praecepit
1970 3267 2188 3332 bonum,

608 3359 678 3403 ex
702 3363 810 3418 quo
835 3349 997 3403 etiam
1020 3350 1139 3419 plus
1158 3349 1356 3405 faciant
1384 3338 1477 3407 alii
1503 3368 1662 3422 quam
1691 3356 1942 3425 prohibet
1968 3358 2186 3413 malum.

606 3438 796 3495 Manus
840 3441 983 3495 enim
1010 3456 1131 3513 quae
1177 3444 1480 3513 exspoliare
1531 3453 1710 3514 potest
1750 3448 2003 3503 vestitum
2049 3449 2193 3516 quod

606 3531 857 3602 prohibet
882 3530 1043 3597 Deus,
1077 3532 1189 3588 haec
1212 3535 1410 3590 vestire
1438 3544 1618 3606 potest
1645 3537 1846 3592 nudum
1876 3541 2022 3609 quod
2052 3556 2193 3611 prm-

606 3623 749 3694 cepit
776 3623 936 3679 Deus.
961 3624 1097 3692 Quid
1120 3633 1178 3679 tu
1198 3625 1368 3681 dicis?
1397 3642 1502 3680 una
1524 3614 1714 3685 manus
1734 3637 1818 3701 est
1842 3646 1963 3701 qua:
1992 3632 2194 3689 nudum

606 3716 839 3778 vestivit,
866 3726 920 3770 et
945 3730 1063 3785 quae
1092 3717 1346 3772 vestitum
1375 3719 1549 3785 exuit;
1580 3700 1827 3790 culpatur
1847 3700 1971 3777 cum
1998 3738 2195 3794 exspo-

606 3809 773 3872 liavit,
796 3809 920 3877 quia
942 3809 1141 3865 vestire
1160 3811 1367 3880 potuit;
1400 3812 1649 3868 laudatur
1667 3831 1790 3870 cum
1812 3817 2043 3881 vestivit,
2068 3818 2193 3886 quia

606 3901 779 3971 potuit
805 3900 1097 3983 denudare.
1132 3898 1284 3957 Tolle
1313 3905 1589 3974 utriusque
1616 3906 1695 3960 rei
1735 3908 2016 3963 arbitrium
2058 3910 2192 3965 libe-

606 4004 759 4059 rum,
791 4000 847 4046 et
890 4007 1066 4062 neque
1095 3997 1163 4047 ex
1194 3993 1322 4047 vitio
1368 3994 1580 4063 culpam
1626 3997 1875 4060 incurrit,
1924 4012 2099 4066 neque
2126 4014 2195 4054 ex

605 4084 803 4140 virtute
849 4084 1064 4139 laudem
1111 4085 1358 4153 acquirit.
1391 4083 1461 4138 Ut
1504 4093 1686 4159 autem
1732 4087 2048 4156 dispungam
2097 4090 2195 4145 tibi

606 4173 910 4230 libertatem
938 4176 1177 4237 arbitrii,
1208 4176 1488 4231 arbitrium
1517 4176 1571 4229 in
1601 4177 1779 4231 anima
1826 4187 1908 4232 est
1926 4217 1940 4242 ,
1973 4180 2195 4236 libertas

606 4262 661 4318 in
689 4278 936 4333 corpore.
970 4261 1218 4318 Libertas
1244 4265 1363 4318 sine
1399 4265 1620 4320 arbitrio
1666 4281 1775 4320 non
1823 4278 2043 4336 peccat,
2071 4256 2195 4326 cum

605 4356 887 4411 arbitrium
908 4355 1025 4410 sine
1045 4355 1293 4411 libertate
1313 4355 1607 4423 delinquat.
1631 4355 1874 4426 Denique
1894 4360 1939 4414 si
1960 4361 2195 4431 aliquem

606 4444 779 4500 furem
809 4446 1043 4499 tenueris
1070 4446 1331 4509 clausum,
1360 4445 1664 4502 libertatem
1691 4448 1741 4503 ei
1768 4448 1980 4508 furandi
2006 4452 2033 4490 ἀ
2064 4455 2192 4510 ιιιιί-

608 4535 709 4598 sti,
739 4533 1021 4587 arbitrium
1050 4548 1159 4587 non
1189 4533 1390 4600 tulisti;
1439 4550 1629 4592 manus
1667 4540 1810 4594 enim
1850 4541 1966 4611 ejus
1991 4542 2190 4613 ligasti,

608 4639 718 4682 non
744 4631 1000 4679 mentem.
1024 4623 1083 4679 Si
1110 4639 1283 4681 caecus
1310 4622 1404 4681 ﬁat
1430 4625 1642 4698 aliquis,
1674 4646 1794 4686 cum
1824 4643 1968 4688 esset
1995 4650 2192 4691 concu-

608 4714 884 4790 piscentiis
910 4714 1122 4771 deditus
1150 4717 1447 4784 oculorum,
1481 4718 1697 4776 libertas
1741 4724 1958 4791 quidem
2003 4726 2191 4781 oculo-

607 4822 730 4867 rum
756 4806 875 4876 ejus
901 4816 984 4863 est
1008 4809 1204 4873 vincta,
1237 4809 1512 4865 arbitrium
1532 4811 1587 4865 in
1605 4827 1704 4868 suo
1719 4812 1841 4882 jure
1861 4818 2189 4885 permansit;

607 4900 774 4955 animi
800 4901 943 4954 enim
972 4900 1233 4955 arbitratu
1252 4900 1696 4971 concupiscentiis
1716 4914 2014 4961 exercetur.
2042 4906 2193 4965 Unde

607 5002 666 5049 et
690 5009 800 5049 non
829 4993 1184 5069 moechantem
1224 4995 1493 5051 mtechum
1521 4993 1767 5054 Christus
1805 5000 2040 5070 appellat
2067 5018 2190 5059 eum

609 5086 703 5155 qui
729 5087 798 5143 ad
825 5085 1312 5157 concupiscendum
1340 5087 1538 5142 viderit
1564 5089 1844 5145 mulierem
1876 5091 2101 5163 (Matth.
2134 5111 2186 5161 ν,

608 5174 741 5241 28);
771 5179 1048 5234 arbitrium
1077 5180 1219 5235 enim
1248 5179 1431 5244 habet,
1461 5179 1587 5235 licet
1615 5196 1722 5234 non
1750 5182 1947 5236 habeat
1973 5184 2192 5242 liberta-

612 5271 742 5319 tem.
769 5265 860 5320 Fit
885 5284 983 5337 per
1008 5270 1289 5326 arbitrium
1316 5285 1472 5325 suum
1498 5270 1617 5325 sine
1642 5269 1785 5326 facto
1814 5288 1965 5340 reus;
1996 5278 2188 5333 volun-

683 5477 711 5507 ι
739 5468 848 5550 Ms.
870 5469 1167 5550 Augiense,
1197 5475 1402 5546 arbitrii
1426 5485 1532 5530 tam
1559 5477 1794 5548 integra,
1841 5483 2047 5548 tamque
2083 5498 2193 5550 per-

612 5543 758 5615 laeta.
769 5548 850 5615 ρει
872 5542 933 5615 in
958 5540 1127 5615 nobis.

682 5612 709 5651 ι)
737 5611 835 5668 Ms.
868 5610 1012 5667 idem
1036 5629 1049 5663 :
1073 5610 1255 5681 XXVI.
1286 5612 1584 5672 quu'ncr.
1616 5615 1909 5673 Excluditis
1941 5620 2185 5690 gratiam,

610 5690 718 5837 “cf.
737 5754 850 5837 bis.
868 5753 1013 5837 idem
1038 5771 1050 5805 :
1075 5752 1382 5837 Csr‘uomcr.
1412 5757 1598 5813 Audite
1618 5759 1941 5830 calumniosi,
1974 5769 2079 5818 etc.

681 5820 708 5860 ἀ
737 5822 837 5884 Ms.
866 5824 1030 5892 idem,
1056 5824 1300 5880 detulisti.

2297 588 2544 671 putatur;
2574 608 2631 657 et
2658 601 2909 672 implesse
2935 598 3133 655 dicitur
3159 598 3338 654 omnia
3361 637 3376 661 ,
3409 598 3501 669 qui
3530 599 3677 668 quod
3713 602 3889 670 potuit

2280 690 2440 771 fecit.
2463 691 2672 763 Corpus
2699 693 2842 746 enim
2867 690 3186 761 prohibetur
3211 690 3279 743 ab
3308 689 3742 760 impossibilitate
3771 681 3890 761 ejus

2297 786 2408 857 rei,
2452 785 2577 854 quia
2624 783 2901 838 arbitrium
2940 781 3104 836 animi
3151 797 3261 837 non
3307 788 3540 853 tenetur.
3573 782 3726 840 Nunc
3754 799 3888 855 ergo

2300 876 2428 945 quid
2457 874 2587 931 facit
2614 874 2819 943 gratia?
2858 890 2967 930 non
2997 874 3138 929 tollit
3175 874 3399 929 liberum
3429 875 3744 942 arbitrium,
3791 878 3885 934 sed
3974 886 3983 893 ’

2297 975 2479 1033 curat,
2511 967 2605 1022 sed
2651 965 2972 1037 ampliﬁcat,
3040 967 3136 1022 sed
3184 975 3374 1033 ornat,
3423 968 3521 1024 sed
3567 969 3786 1025 instruit
3824 981 3882 1028 et

2297 1062 2516 1117 exaltat.
2534 1060 2667 1116 .Non
2697 1068 2874 1116 tamen
2904 1062 3198 1128 nolentem,
3228 1060 3323 1118 sed
3350 1062 3625 1118 volentem
3654 1064 3877 1120 exaltat.
3915 1095 3921 1101 -
3946 1047 3953 1053 ι

2296 1153 2405 1208 Nisi
2434 1153 2577 1208 enim
2606 1168 2673 1209 ex
2702 1153 2806 1209 lide
2832 1153 3085 1217 volueris,
3116 1161 3173 1208 et
3198 1169 3266 1208 ex
3294 1153 3397 1208 fide
3423 1157 3744 1221 cucurreris,
3774 1157 3881 1212 ali-

2296 1256 2381 1303 ter
2406 1264 2436 1303 a
2461 1249 2632 1317 gratia
2661 1232 3009 1303 liberarinon
3038 1248 3262 1319 poteris.
3311 1245 3458 1302 Certi
3503 1263 3631 1318 ergo
3675 1249 3880 1306 cilicia-

2295 1357 2433 1408 mur,
2464 1340 2610 1411 quod
2636 1356 2735 1396 nos
2759 1341 2929 1410 gratia
2957 1357 3064 1396 non
3103 1347 3317 1397 recusat
3341 1340 3469 1395 dum
3496 1339 3874 1410 delinquimus,

2293 1433 2387 1489 sed
2415 1449 2514 1490 nos
2541 1448 2850 1489 recusamus
2876 1433 3103 1502 gratiam
3123 1432 3340 1502 quando
3368 1447 3668 1503 peccamus.
3689 1431 3871 1488 Unum

2294 1524 2437 1579 enim
2457 1524 2545 1580 hic
2564 1539 2595 1579 e
2615 1523 2824 1579 duobus
2845 1538 3069 1578 censura
3080 1522 3370 1593 judicantis
3390 1522 3634 1589 attendit,
3652 1512 3742 1578 aut
3754 1538 3875 1593 επις

2294 1617 2424 1671 tiam
2434 1624 2791 1681 recusantem,
2807 1615 3181 1670 authominem
3192 1622 3645 1671 contemnentem.
3660 1613 3717 1670 Si
3728 1616 3874 1672 enim

2294 1707 2466 1776 gratia
2509 1710 2806 1774 recusavit,
2857 1708 3131 1763 hominem
3158 1721 3190 1759 a
3218 1712 3441 1776 peccato
3469 1705 3700 1760 liberum
3727 1704 3875 1762 fecit.

2299 1798 2548 1868 Nunquid
2593 1798 2889 1870 culpandus
2931 1803 3016 1853 est
3051 1797 3145 1866 qui
3171 1810 3280 1851 non
3306 1792 3521 1866 prandit
3564 1794 3707 1865 apud
3750 1809 3873 1850 eum

2298 1889 2389 1959 qui
2416 1905 2540 1944 eum
2569 1905 2599 1943 a
2628 1905 2726 1945 suo
2773 1888 3020 1946 convivio
3069 1886 3429 1952 recusaverit;
3478 1892 3534 1941 et
3559 1901 3670 1941 non
3697 1886 3876 1956 potius

2298 1982 2646 2037 miseratione
2668 1980 2862 2051 dignus
2882 1978 3201 2045 ostenditur,
3224 1992 3347 2033 cum
3366 1976 3503 2031 alios
3521 1976 3795 2032 vocaverit
3821 1982 3876 2032 et

2297 2074 2439 2129 hunc
2465 2073 2823 2129 recusaverit?
2850 2072 3102 2128 Immanis
3122 2069 3410 2127 crudelitas
3432 2077 3534 2136 est,
3557 2071 3605 2125 si
3638 2068 3877 2141 prohibi-

2296 2170 2383 2219 tus
2402 2172 2486 2219 est
2511 2164 2776 2235 prandere
2793 2180 2914 2220 cum
2941 2149 3359 2235 prandentibus;
3384 2169 3441 2217 et
3458 2174 3555 2217 cur
3582 2176 3690 2216 non
3718 2177 3879 2232 pran-

2296 2257 2453 2321 derit,
2476 2257 2544 2312 ab
2571 2272 2638 2313 eo
2657 2258 2748 2326 qui
2768 2272 2891 2312 eum
2919 2256 3079 2311 simul
3097 2254 3359 2326 prandere
3379 2253 3613 2308 noluerit
3626 2252 3877 2322 iubeatur

2298 2338 2485 2405 ocCidi.
2502 2349 2742 2405 Tandem
2758 2347 3044 2420 aliquando
3066 2348 3202 2404 liber
3218 2352 3420 2411 vester,
3440 2360 3612 2417 vanus
3630 2342 3873 2410 effectus,

2296 2440 2593 2496 concedere
2624 2441 2832 2496 videtur
2858 2440 3162 2495 libertatem
3189 2438 3425 2503 arbitrii,
3456 2451 3522 2492 ea
3550 2442 3729 2493 tamen
3755 2452 3877 2493 con-

2296 2533 2525 2601 ditione,
2558 2542 2616 2588 ut
2643 2534 2711 2590 de
2740 2534 3007 2590 mensuris
3034 2541 3190 2603 agat,
3220 2547 3329 2587 non
3353 2530 3422 2587 de
3449 2530 3647 2602 specie.

2366 2625 2553 2679 xxw.
2590 2635 2614 2663 ο
2648 2624 2816 2692 Unde,
2847 2625 3039 2694 inquit,
3063 2624 3143 2678 illi
3165 2624 3339 2695 major
3358 2609 3568 2678 libértas
3590 2620 3792 2676 arbitrii
3818 2621 3873 2677 in
3958 2664 3965 2667 .

2297 2717 2447 2783 bono,
2479 2717 2616 2771 unde
2642 2717 2731 2771 isti
2756 2718 2926 2771 minor
2951 2723 3056 2779 est,
3088 2715 3192 2768 nisi
3217 2714 3342 2785 quia
3368 2713 3468 2768 Dei
3494 2713 3876 2784 dispensatione
3913 2720 3931 2740 ‘

2296 2811 2564 2865 censetur?
2592 2809 2659 2864 In
2698 2811 2804 2864 alio
2846 2809 2983 2863 enim
3010 2815 3210 2862 tenuem
3237 2824 3293 2861 se
3336 2804 3539 2860 exhibet
3575 2805 3773 2877 gratia,
3817 2806 3875 2858 in

2296 2902 2401 2955 alio
2430 2900 2779 2955 abundantem
2807 2907 2856 2954 et
2888 2899 3115 2970 largam,
3141 2905 3295 2969 prout
3314 2913 3412 2951 nos
3433 2895 3677 2951 volumus.
3705 2893 3725 2932 τ
3756 2893 3879 2950 Non

2298 3002 2471 3051 tecum
2511 2995 2600 3050 hic
2626 3008 2727 3063 ego
2757 3003 2782 3042 ε
2812 2995 3094 3063 concertor
3129 3009 3141 3044 :
3173 2991 3264 3046 hic
3289 3000 3345 3045 te
3383 2989 3527 3044 enim
3554 2990 3612 3044 et
3638 2987 3883 3043 Christus

2294 3085 2458 3141 vincit
2486 3092 2542 3139 et
2568 3062 2785 3138 Paulus.
2806 3082 2939 3137 Nam
2960 3062 3206 3136 Christus
3222 3081 3354 3137 dicit
3377 3099 3389 3133 :
3416 3077 3519 3144 Qui
3545 3079 3660 3150 plus
3689 3078 3882 3150 diligit,

2295 3176 2409 3246 plus
2442 3174 2519 3228 illi
2546 3175 2852 3238 dimittitur;
2882 3173 2971 3243 qui
3009 3172 3180 3227 minus
3209 3172 3407 3242 diligit,
3441 3168 3469 3206 ιι
3498 3172 3668 3224 minus
3713 3170 3732 3239 (
3749 3169 3879 3222 Luc.

2297 3283 2387 3331 vn,
2411 3264 2522 3334 47).
2546 3263 2612 3318 Et
2630 3262 2827 3341 Paulus
2847 3263 3057 3327 asserit,
3080 3262 3262 3318 dicens
3287 3279 3299 3314 :
3326 3258 3425 3324 Qui
3448 3277 3606 3331 parce
3632 3250 3874 3326 seminal,

2293 3374 2448 3428 parce
2476 3364 2629 3410 metet
2658 3352 2735 3427 (Il
2765 3354 2885 3411 Cor.
2924 3372 2976 3410 ιι
2995 3395 3009 3420 ,
3054 3353 3141 3427 6).
3172 3353 3284 3408 Νοιι
3312 3363 3440 3421 ergo
3468 3359 3549 3406 est
3575 3352 3748 3420 gratia
3775 3367 3875 3422 per

2295 3464 2649 3520 personarum
2691 3448 3062 3524 acceptionem
3110 3447 3161 3501 in
3203 3444 3346 3509 Deo,
3391 3443 3486 3498 sed
3514 3458 3609 3513 per
3635 3443 3874 3500 hominis

2293 3541 2639 3596 dilectionem
2686 3541 2740 3595 in
2780 3548 2989 3605 mente;
3031 3539 3146 3594 sive
3170 3538 3241 3592 sit
3264 3551 3455 3606 magna
3482 3534 3698 3591 dilectio
3716 3575 3732 3600 ,
3761 3534 3879 3591 sive

2293 3632 2363 3686 sit
2390 3647 2574 3702 parva.
2607 3629 2737 3698 Quis
2764 3632 2909 3687 enim
2937 3631 3057 3701 plus
3084 3630 3312 3700 diligens
3338 3628 3527 3692 Deum,
3557 3626 3736 3682 minus
3761 3624 3882 3681 dili-

2292 3724 2435 3792 gitur
2473 3740 2505 3778 a
2535 3723 2684 3779 Deo?
2712 3723 2912 3788 Immo,
2958 3731 3017 3776 ut
3054 3722 3236 3777 verius
3280 3719 3486 3785 dicam,
3521 3734 3627 3773 non
3654 3717 3883 3787 diligens

2294 3814 2463 3869 Deum
2493 3829 2523 3868 a
2574 3814 2685 3869 Deo
2730 3814 2985 3882 diligitur.
3043 3812 3288 3880 Qualiter
3328 3819 3508 3865 autem
3552 3808 3698 3877 diligi
3739 3808 3880 3862 Deus

2295 3905 2482 3974 possit,
2516 3905 2632 3973 ipse
2662 3904 2918 3959 Dominus
2946 3904 3158 3969 edocet,
3182 3902 3400 3958 dicens:
3430 3898 3530 3966 Qui
3557 3899 3701 3953 audit
3724 3895 3879 3952 verba

2296 4011 2409 4049 mea
2437 3996 2634 4065 etfacit
2657 4011 2748 4060 ea,
2776 3994 2863 4048 Itic'
2886 4002 2964 4049 est
2986 3996 3074 4066 qui
3112 3994 3281 4067 diligit
3305 4011 3386 4047 me
3409 3991 3597 4064 (Joan.
3623 4006 3730 4054 xlv,
3751 3988 3817 4041 ει
3835 3988 3877 4061 ).

2297 4084 2447 4142 Unde
2474 4094 2529 4141 et
2556 4087 2829 4158 discipulis
2850 4088 2960 4143 suis
2986 4089 3061 4141 ait
3088 4106 3099 4139 :
3132 4086 3194 4141 Si
3228 4086 3446 4158 diligitis
3484 4100 3584 4149 me,
3613 4089 3879 4155 pracepta

2296 4195 2409 4232 mea
2453 4187 2652 4232 servate
2699 4177 2898 4248 (Ibid.,
2946 4177 3069 4249 15).
3124 4177 3416 4232 Videamus
3462 4175 3664 4244 itaque,
3691 4174 3875 4237 homo,

2302 4269 2318 4307 ί
2354 4270 2523 4340 ipsam
2554 4270 2857 4326 libertatem
2878 4270 3086 4326 arbitrii
3112 4268 3240 4339 quid
3262 4268 3440 4333 faciat,
3465 4274 3524 4321 ut
3541 4265 3637 4320 Dei
3657 4264 3877 4333 gratiam

2294 4360 2532 4433 perfecte
2578 4360 3176 4432 conquirat.'Exinanit
3230 4361 3534 4414 libertatem
3582 4372 3767 4419 suam,
3816 4363 3874 4411 et

2295 4469 2511 4508 servum
2530 4468 2590 4508 se
2611 4450 2775 4508 efﬁcit
2796 4453 2913 4508 Dei.
2938 4452 3089 4519 Quod
3111 4459 3290 4507 autem
3314 4459 3498 4506 nostro
3516 4451 3630 4505 Ilth
3657 4448 3880 4503 arbitrio

2298 4544 2571 4610 faciamus,
2597 4545 2711 4616 ipse
2736 4543 3026 4616 Apostolus
3049 4543 3242 4599 edocet
3260 4542 3445 4597 dicens
3470 4560 3482 4594 :
3508 4539 3739 4596 Nescitis
3762 4540 3879 4611 quia

2297 4635 2379 4687 cui
2407 4651 2495 4690 vos
2523 4651 2694 4689 sertos
2722 4618 2972 4689 exhibetis
2994 4635 3064 4689 ad
3090 4632 3445 4697 obediendum,
3467 4632 3601 4687 serui
3621 4632 3743 4685 estis
3767 4632 3878 4700 ejus

2284 4728 2377 4801 cui
2409 4726 2624 4783 obeditis
2641 4767 2657 4794 ,
2698 4729 2804 4782 sive
2822 4727 3110 4800 iniquitatis
3130 4725 3199 4779 ad
3218 4733 3485 4797 peccatum
3500 4765 3515 4790 ,
3541 4725 3646 4777 sive
3659 4722 3873 4794 justiti}:

2297 4819 2367 4873 ad
2405 4821 2869 4891 sanctiﬁcationem
2904 4819 3082 4890 (Rom.
3124 4834 3208 4883 γι,
3256 4816 3381 4887 16)?
3407 4814 3510 4883 Qui
3539 4829 3671 4885 ergo
3696 4830 3756 4869 se
3780 4815 3877 4869 sub

2291 4910 2475 4980 jugum
2506 4913 2711 4967 miserit
2738 4911 2852 4976 Dei,
2873 4912 3169 4966 exinanivit
3199 4905 3281 4965 sui
3327 4908 3633 4964 libertatem
3654 4906 3874 4972 arbitrii,

2295 5014 2354 5059 ut
2375 5020 2471 5075 per
2484 5005 2786 5059 libertatem
2801 5004 2965 5058 divini
2980 5004 3187 5059 arbitrii
3202 5004 3477 5081 liberetur.
3495 5001 3611 5058 Non
3629 5003 3726 5057 tibi
3742 5002 3880 5057 vide-

2296 5105 2383 5151 tur
2402 5096 2560 5151 exina
2584 5097 2679 5151 xire
2699 5097 2999 5150 libertatem
3020 5097 3225 5150 arbitrii
3245 5097 3356 5163 sui,
3378 5096 3471 5165 qui
3500 5096 3602 5151 sibi
3621 5095 3879 5151 esurienti

2295 5188 2525 5257 denegat
2565 5203 2776 5258 panem,
2817 5187 3020 5242 sitienti
3058 5187 3292 5259 denegat
3330 5197 3535 5258 potum,
3567 5187 3881 5243 dormitanti

2296 5280 2526 5349 denegat
2557 5280 2836 5336 somnum?
2865 5279 2971 5337 Sed
2991 5280 3044 5335 in
3066 5280 3150 5335 his
3172 5281 3366 5349 dignus
3388 5295 3508 5336 esse
3528 5296 3637 5335 non
3658 5280 3875 5351 poterit,

2288 5472 2289 5475 ‘
2338 5494 2393 5566 Λα
2422 5483 2518 5566 Ms.
2551 5483 2732 5540 idem;
2768 5482 2971 5539 xxvu.
3004 5483 3304 5542 Ηλειιετιει.
3340 5483 3509 5549 υηάε,
3541 5483 3748 5556 inquit,
3780 5483 3877 5552 illi,

2298 5562 2404 5708 cui.
2552 5625 2691 5708 idem
2732 5645 2744 5679 :
2773 5623 3085 5708 CATIIOLJCI.
3120 5625 3245 5682 Non
3274 5634 3464 5693 tecum,
3494 5632 3603 5682 etc.

2366 5706 2392 5745 ε
2422 5695 2519 5751 Ms.
2553 5696 2715 5761 idem,
2748 5707 3005 5753 concerta.

2366 5765 2391 5805 ιι
2422 5765 2521 5822 Ms.
2552 5766 2721 5834 idem,
2754 5769 2922 5823 minus
2949 5769 3029 5822 illi
3057 5768 3329 5823 dimittitur

2372 5838 2386 5875 ί
2424 5836 2518 5897 Ms.
2552 5836 2711 5905 idem,
2742 5839 2856 5909 ipsa
2886 5838 3138 5893 libertate.
