4282 6264
412 360 515 414 665

861 351 1449 408 PRJEDESTINATUS
1487 351 1637 407 SIV'E
1682 350 2380 408 PKEDES'l'lNATORUM
2422 350 2756 417 IIA‘JRESIS,
2800 351 2948 406 ETC.
2994 352 3119 407 LIB.
3160 351 3245 406 III.

3581 352 3688 409 666

413 473 516 526 nisi
545 486 604 525 se
631 469 988 524 voluntarium
1017 468 1470 538 comprobaverit.
1506 466 1626 521 Non
1659 470 1795 521 enim
1825 485 1888 521 ex
1913 471 2001 522 tri-
2025 472 2074 530 Α
2104 468 2194 523 bra
2224 471 2375 540 ﬁunt,
2409 470 2501 523 sed
2514 483 2650 524 'mox
2670 471 2856 524 iterum
2878 469 3117 541 pudenda
3137 471 3423 541 efficiuntur
3449 487 3514 525 ex
3543 489 3691 526 mem-

412 564 579 627 stitia,
605 553 778 632 inquit
815 561 1136 632 Apostolus,
1184 577 1277 612 nec
1309 575 1374 613 ex
1403 562 1735 624 necessitate,
1784 560 2001 613 hilarem

413 656 554 708 enim
604 653 834 708 datorem
889 650 1056 722 diligit
1100 648 1239 704 Deus
1269 649 1345 720 (ll
1377 649 1495 704 Cor.
1530 667 1602 714 ιδ,
1635 651 1722 720 7).
1768 649 1921 703 Unde
1949 661 2004 704 et

413 747 681 817 propheta
703 745 835 802 dicit
866 745 976 799 Deo
1005 762 1016 796 :
1059 743 1369 797 Voluntaria
1401 744 1708 814 sacriﬁcabo
1752 744 1842 797 tibi
1883 742 2000 813 (Ps.

417 855 530 904 Lm,
562 836 642 909 8).
673 837 741 891 Et
779 840 971 891 iterum
999 854 1010 887 :
1047 834 1300 898 Reﬂoruit
1320 851 1440 889 caro
1468 851 1582 889 mea
1601 876 1614 900 ,
1642 835 1831 903 inquit,
1862 842 1912 887 et
1938 849 2003 887 ea:

417 930 681 985 voluntate
707 946 820 984 mea
860 925 1140 1008 conﬁtebor
1167 927 1244 981 illi
1289 926 1406 998 (Ps.
1433 943 1607 991 xxvn,
1641 927 1716 996 7).
1753 927 1830 980 De
1859 925 2002 994 inju-

418 1028 508 1075 sto
537 1027 716 1074 autem
758 1018 1020 1088 legimus:
1055 1015 1240 1071 Noluit
1284 1017 1647 1088 intelligerent
1683 1015 1807 1070 bene
1831 1024 2005 1087 ageret

421 1111 540 1183 (Ps.
564 1125 725 1174 xxxv,
755 1107 829 1184 4).
883 1107 1037 1163 Unde
1083 1116 1137 1163 et
1180 1108 1371 1162 beatus
1417 1105 1619 1162 Jacob:
1662 1105 1893 1170 Simeon,
1924 1106 2005 1159 in-

419 1203 568 1272 quit,
597 1210 648 1255 et
686 1199 808 1254 Levi
837 1201 1027 1271 fratres
1067 1207 1548 1254 consummaverunt
1581 1197 1904 1268 iniquitatem
1941 1183 2005 1250 ea:

418 1295 680 1350 uoluntate
701 1309 797 1346 sua
829 1290 981 1363 (Gen.
1015 1307 1160 1356 xm,
1195 1289 1246 1356 5,
1279 1289 1355 1360 6).
1437 1288 1491 1343 Si
1540 1304 1668 1358 ergo
1715 1298 2004 1359 antequam

424 1400 548 1440 vera
575 1391 630 1438 et
661 1383 870 1451 integra
900 1381 1119 1437 libertas
1148 1388 1331 1434 nostra
1361 1379 1597 1443 veniret,
1632 1379 1888 1433 Dominus
1915 1377 2005 1432 ιε.

417 1492 509 1533 sus
535 1473 812 1540 Christus,
849 1484 872 1509 η
900 1472 1079 1542 justus
1106 1471 1408 1527 voluntarie
1435 1469 1754 1526 sacriﬁcavit
1781 1471 1921 1533 Deo,
1950 1477 2006 1524 et

315 1629 318 1632 ,
419 1584 486 1623 ex
508 1568 784 1622 voluntate
830 1581 925 1620 sua
955 1563 1233 1618 confessus
1260 1569 1372 1628 est,
1422 1569 1675 1632 peccator
1720 1577 1784 1616 ex
1815 1561 2002 1616 volun-

423 1669 532 1715 tate
556 1659 818 1730 deliquit;
869 1665 1070 1728 quanto
1097 1657 1268 1725 magis
1319 1671 1494 1720 nunc,
1527 1656 1818 1710 instaurata
1849 1653 2004 1708 nobis

423 1753 668 1808 libertate
718 1765 816 1820 per
863 1749 1168 1814 Christum,
1217 1749 1466 1804 universa
1513 1757 1698 1803 nostro
1732 1748 1853 1818 jure
1880 1752 2006 1803 sunt

2106 561 2233 615 bris.
2270 559 2394 614 Non
2435 561 2574 615 enim
2613 578 2688 624 re,
2719 561 2810 614 sed
2838 578 2928 638 spe
2966 562 3245 614 instaurati
3273 571 3406 614 sunt.
3433 560 3691 633 Concupiu

2105 652 2300 704 scen—tia
2355 652 2492 706 enim
2544 653 2722 705 carnis
2773 669 2887 723 qua;
2940 670 3031 723 per
3059 653 3538 723 prauaricationem
3565 656 3690 712 Adcc

2105 752 2355 814 repugnat
2373 744 2428 796 in
2457 761 2678 814 corpore
2699 753 2946 810 tanquam
2986 744 3071 798 lea:
3096 746 3322 815 peccati,
3364 746 3554 800 iterum
3586 748 3687 802 sibi

2104 835 2328 889 uindicat
2367 836 2716 905 baptizatum,
2759 844 3021 907 totumque
3063 838 3296 890 animum
3323 839 3436 908 ejus
3474 848 3691 894 conatur

2104 937 2342 983 euertere.
2394 928 2524 983 Haec
2551 929 2786 990 estenim
2811 929 2967 982 radix
2989 929 3130 982 illius
3151 929 3340 1002 plaga,
3369 948 3521 1002 quam
3542 930 3691 986 Chri-

2105 1028 2214 1075 stus
2229 1020 2479 1085 saluauit;
2509 1019 2728 1073 saluauit
2749 1028 2918 1074 autem
2939 1021 3013 1074 sic
3030 1061 3045 1085 ,
3081 1021 3212 1074 sicut
3228 1022 3504 1090 Apostolus
3526 1024 3648 1076 dicit
3674 1042 3685 1077 :

2107 1109 2213 1179 Spe
2227 1111 2359 1163 salui
2382 1109 2510 1180 facti
2531 1125 2727 1162 sumus.
2745 1106 2813 1160 Et
2827 1107 2972 1179 jubet
2994 1126 3090 1164 nos
3111 1111 3342 1164 animum
3364 1111 3433 1164 ad
3457 1112 3690 1167 invisibi-

2105 1203 2179 1255 lia
2211 1201 2616 1273 contemplanda
2645 1184 2963 1272 transferre:
2995 1218 3086 1255 nec
3105 1201 3168 1256 de
3195 1203 3274 1256 his
3302 1197 3414 1275 qua:
3434 1204 3687 1269 uidentur,

2104 1293 2464 1364 pmsumendo
2494 1310 2748 1348 corruere.
2782 1292 2853 1346 Et
2871 1293 2993 1349 ideo
3021 1293 3149 1348 dicit
3171 1312 3189 1349 ε
3214 1294 3347 1365 Spes
3386 1305 3558 1350 autem
3577 1315 3692 1370 quc:

2104 1383 2326 1446 videtur,
2351 1400 2455 1451 non
2478 1391 2554 1437 est
2574 1400 2723 1454 spes;
2756 1401 2820 1437 ne
2849 1385 2983 1455 forte
3011 1387 3396 1441 wstimarentur
3419 1406 3510 1458 per
3530 1387 3713 1461 baptig

2106 1490 2274 1527 smum
2297 1475 2372 1528 ita
2397 1475 2512 1530 tolli
2533 1483 2746 1545 peccata
2762 1484 2851 1540 ,ut
2872 1477 3038 1530 etiam
3057 1477 3264 1531 radices
3297 1478 3427 1547 ipsa:
3454 1489 3690 1549 peccato-

2104 1581 2222 1618 rum
2251 1566 2407 1620 simul
2435 1573 2754 1637 putarentur
2783 1567 2998 1639 auferri.
3050 1568 3228 1624 Notus
3247 1567 3386 1621 enim
3413 1569 3501 1622 ille
3524 1569 3694 1639 pollu-

2105 1658 2264 1711 tionis
2292 1658 2380 1728 qui
2425 1675 2516 1728 per
2550 1659 3034 1729 praeuaricationem
3076 1667 3323 1713 naturam
3356 1660 3572 1727 inuasit,
3618 1662 3693 1717 ita

2106 1757 2336 1802 remanet
2366 1751 2421 1802 in
2450 1749 2745 1819 baptizata,
2788 1751 2921 1804 sicut
2963 1750 3120 1804 radius
3166 1750 3344 1821 capilli
3390 1767 3507 1805 cum
3534 1754 3691 1823 fuerit

421 1844 624 1900 reddita
648 1884 664 1908 ,
703 1858 811 1898 non
841 1850 1030 1897 natura
1059 1841 1369 1896 dominante
1390 1882 1405 1906 ,
1437 1849 1497 1896 ut
1527 1832 1772 1910 Pelagius
1798 1848 1854 1895 et
1879 1838 2004 1896 ϐω·
2035 1848 2084 1910 Β
2110 1840 2360 1894 nouacula
2386 1841 2440 1894 in
2463 1841 2732 1920 superficie
2749 1839 3059 1895 emundatus
3083 1851 3133 1896 et
3152 1858 3324 1896 rasus.
3367 1840 3538 1896 Rasus
3556 1845 3694 1897 enim

422 1937 606 1990 lestius
633 1935 893 2002 definivit,
925 1950 1033 1990 non
1064 1941 1254 1988 natura
1278 1933 1511 1988 hominis
1539 1934 1882 1997 dominante,
1911 1931 2006 1988 sed

422 2027 620 2082 Christi
669 2027 840 2095 gratia
885 2024 1266 2080 condonante?
1317 2024 1433 2080 Non
1463 2025 1573 2081 suis
1616 2024 1817 2079 viribus
1844 2024 2010 2093 impu-

426 2118 610 2180 tando,
661 2117 753 2172 sed
799 2116 866 2171 de
911 2115 1008 2169 Dei
1059 2115 1394 2170 adminiculis
1438 2114 1845 2185 praesumendo;
1897 2130 2007 2168 non

425 2209 526 2263 sibi
553 2199 749 2278 aliquid
780 2206 1120 2278 usurpando,
1152 2205 1246 2260 sed
1289 2212 1458 2259 totum
1501 2205 1596 2260 Dei
1622 2205 1804 2273 gratia:
1833 2205 2006 2276 impu-

427 2299 626 2354 tando?
675 2299 894 2365 Totum,
929 2300 1181 2370 inquam,
1225 2305 1394 2352 totum
1424 2297 1564 2364 dixi;
1595 2305 1768 2352 totum
1797 2305 2006 2366 repeto,
2035 2300 2037 2303 ’

426 2398 596 2444 totum
617 2428 631 2452 ,
681 2390 776 2445 sed
802 2391 1035 2455 bonum;
1085 2389 1288 2444 malum
1325 2395 1504 2442 autem
1547 2402 1613 2442 ex
1641 2395 1827 2441 nostro
1855 2387 2006 2450 vitio,

426 2500 492 2537 ex
524 2490 703 2537 nostra
734 2481 1056 2554 negligentia
1079 2521 1094 2544 ,
1149 2487 1204 2534 et
1244 2495 1312 2533 ex
1351 2487 1534 2534 nostra
1565 2478 1882 2532 incurrimus
1913 2495 2010 2533 vo-

425 2575 650 2629 luntate.
683 2571 819 2638 Quid
857 2570 1169 2627 convertitis
1201 2577 1363 2640 caput
1391 2569 1458 2623 ad
1482 2569 1795 2630 calumnias,
1829 2576 1881 2622 et
1911 2568 2012 2623 Pe-

429 2667 550 2734 lagii
581 2665 737 2720 nobis
777 2664 969 2734 dogma
1012 2663 1280 2732 objicitis?
1308 2661 1335 2700 δ
1366 2653 2013 2720 Anathemamuspmnes

424 2759 514 2827 qui
545 2758 764 2822 dicunt,
815 2755 1085 2824 adiutorio
1114 2755 1210 2810 Dei
1247 2753 1456 2808 sublato
1479 2793 1493 2817 ,
1537 2768 1700 2824 posse
1735 2753 2011 2808 hominem

423 2851 540 2907 sine
563 2859 788 2920 peccato
816 2863 935 2904 esse
955 2847 1000 2902 si
1027 2848 1190 2913 velit;
1232 2848 1642 2902 anathemamus
1670 2847 1762 2914 qui
1805 2845 2010 2910 dicunt,

426 2958 530 2997 nec
554 2957 651 3011 per
678 2940 846 2994 Adam
867 2955 1032 3006 mors,
1062 2954 1163 2995 nec
1193 2954 1290 3010 per
1317 2939 1587 2994 Christum
1617 2939 1752 3004 vita;
1781 2939 2004 2992 anathe-

425 3048 639 3088 mamus
667 3031 757 3102 qui
788 3032 972 3087 dicunt
998 3030 1065 3086 de
1091 3031 1298 3086 duobus
1333 3031 1619 3101 baptizatis
1651 3031 1744 3101 qui
1772 3031 2013 3086 nascitur

425 3123 751 3194 baptismum
773 3123 1010 3192 indigere
1033 3138 1140 3177 non
1161 3139 1351 3192 posse;
1382 3123 1789 3178 anathemamus
1814 3122 1907 3192 qui
1933 3120 2014 3176 di-

2108 1942 2186 1988 est
2209 1942 2267 1987 ut
2284 1935 2656 1989 emundaretur
2686 1935 2860 2000 locus;
2897 1953 3003 1990 non
3031 1944 3107 1990 est
3124 1937 3448 2003 eradicatus,
3479 1946 3535 1991 ut
3559 1940 3693 1993 ulte-

2105 2027 2215 2080 rius
2245 2043 2349 2079 non
2377 2033 2692 2083 nasceretur.
2723 2025 2786 2080 Si
2803 2026 2945 2080 enim
2963 2043 3028 2081 ea:
3048 2027 3247 2098 integro
3273 2044 3364 2097 per
3386 2026 3694 2099 baptismum

2107 2117 2276 2172 omnis
2312 2117 2762 2186 praeuaricationis
2807 2116 2938 2171 Adae
2985 2116 3254 2188 fragilitas
3292 2117 3580 2183 tolleretur,
3612 2118 3694 2172 ba-

2107 2208 2292 2278 ptizati
2310 2224 2488 2261 omnes
2511 2207 2654 2262 nullo
2685 2207 2876 2262 caloris
2908 2216 3047 2262 motu
3075 2208 3404 2262 traherentur
3431 2210 3502 2262 ad
3527 2211 3694 2264 crimi-

2109 2314 2197 2361 na,
2224 2297 2397 2352 nullus
2418 2297 2660 2352 sordibus
2689 2299 3048 2369 inquinaretur
3082 2299 3344 2361 humanis,
3372 2300 3542 2354 nullus
3573 2318 3693 2356 con-

2110 2388 2438 2458 cupiscentia:
2486 2389 2694 2442 stimulo
2745 2398 3092 2460 pungeretur;
3143 2389 3235 2444 sed
3273 2391 3393 2462 quia
3438 2408 3528 2462 spe
3566 2391 3694 2445 salui

2111 2482 2240 2552 facti
2267 2497 2446 2534 sumus
2469 2521 2483 2546 ,
2532 2481 2669 2552 quod
2696 2482 2862 2534 adhuc
2914 2498 3019 2536 non
3057 2482 3309 2550 uidemus,
3359 2501 3451 2553 per
3490 2485 3695 2554 patien-

2111 2574 2238 2627 tiam
2265 2582 2641 2644 exspectamus.
2700 2573 2881 2628 Veniet
2923 2583 3148 2646 tempus,
3190 2576 3244 2629 in
3281 2592 3380 2646 quo
3416 2593 3575 2647 neque
3603 2594 3694 2630 nu-

2112 2664 2234 2718 bant
2261 2666 2492 2736 feminw,
2525 2683 2684 2738 neque
2709 2667 2806 2720 uiri
2833 2682 3025 2720 uxores
3054 2666 3278 2730 ducant,
3324 2667 3416 2721 sed
3437 2667 3540 2720 sint
3567 2669 3696 2722 sicut

2113 2759 2283 2829 angeli
2310 2759 2364 2812 in
2387 2759 2525 2813 caelis
2551 2759 2762 2828 (Matth.
2797 2775 2926 2825 xx",
2961 2757 3072 2828 50).
3117 2757 3248 2812 Cum
3274 2760 3410 2813 enim
3438 2761 3696 2830 corrupti-
3761 2779 3774 2789 -

2113 2847 2214 2902 bile
2235 2849 2330 2902 hoc
2351 2849 2576 2902 induerit
2599 2850 3060 2920 incorruptionem,
3085 2857 3133 2903 et
3162 2850 3382 2904 mortale
3411 2851 3505 2905 hoc
3524 2851 3696 2905 indue-

2113 2943 2180 2996 rit
2203 2942 2647 2996 immortalitatem
2669 2979 2684 3004 ,
2732 2950 2856 2994 tunc
2893 2942 2982 3012 ﬁet
3011 2959 3181 2996 sermo
3208 2941 3296 3013 qui
3325 2943 3548 3012 scriptus
3583 2951 3696 2996 est:

2116 3031 2379 3102 Absorpta
2406 3016 2483 3086 est
2513 3048 2653 3086 mors
2682 3028 2706 3067 ά
2745 3034 2800 3086 in
2821 3033 3126 3096 uictoriam;
3156 3030 3243 3085 ubi
3271 3039 3378 3097 est,
3421 3047 3579 3096 mors,
3623 3032 3698 3084 ui-
3795 3029 3806 3033 ”

2123 3125 2290 3178 ctoria
2335 3122 2463 3175 tua?
2507 3119 2594 3175 ubi
2636 3131 2711 3176 est
2757 3123 2993 3176 stimulus
3040 3124 3192 3176 tuus?
3233 3122 3487 3176 Stimulus
3531 3130 3698 3176 autem

425 3205 557 3270 cunt
598 3211 826 3268 infantes
872 3229 977 3268 non
1024 3213 1221 3269 debere
1259 3214 1314 3268 in
1354 3213 1725 3269 remissionem
1753 3219 2008 3283 peccato—
2033 3210 2078 3276 C
2115 3215 2300 3268 mortis
2321 3222 2586 3284 peccatum
2608 3222 2716 3277 est,
2761 3213 2922 3266 uirtus
2951 3229 3066 3267 uero
3090 3214 3289 3283 peccati
3317 3212 3419 3266 lex.
3465 3211 3605 3266 Tunc
3630 3213 3698 3266 di-

426 3318 546 3359 rum
580 3304 917 3375 baptismatis
959 3303 1385 3360 Sanctiﬁcatione
1408 3304 1644 3369 censeri;
1700 3304 2013 3358 anathema-

427 3405 546 3451 mus
573 3393 750 3449 omnia
779 3409 898 3464 quae
927 3394 982 3449 in
1010 3395 1260 3450 omnibus
1288 3394 1554 3450 hmretieis
1581 3394 1802 3448 damnat
1827 3392 2013 3448 Eccle-

428 3485 544 3551 sia;
574 3484 983 3540 anathemamus
1011 3491 1067 3539 et
1093 3483 1288 3540 librum
1314 3491 1554 3540 vestrum
1581 3485 1858 3540 vobiscum
1875 3525 1891 3550 ,
1920 3485 2013 3553 qui

430 3575 562 3631 dicit
585 3593 598 3628 :

497 3661 657 3718 XXV.
694 3677 716 3703 ε
749 3663 816 3719 In
859 3673 1063 3719 tantum
1112 3663 1351 3718 uitiatum
1408 3680 1498 3734 per
1538 3664 2015 3734 praeuaricationem

431 3755 556 3810 Adw
577 3755 800 3810 hominis
841 3766 1087 3809 naturam
1129 3756 1430 3826 agnouimus
1453 3796 1466 3820 ,
1498 3761 1554 3807 ut
1588 3755 2017 3808 instaurationem

429 3864 576 3902 suam
614 3864 702 3918 per
740 3846 1002 3902 Christum
1030 3864 1136 3902 non
1164 3849 1218 3900 in
1241 3863 1296 3900 re
1319 3847 1411 3901 sed
1428 3849 1482 3901 in
1516 3864 1606 3917 spe
1635 3846 1792 3918 fuerit
1832 3863 2015 3901 conse-

430 3947 545 3991 cuta
568 3979 583 4003 ,
616 3938 816 3992 dicente
853 3939 1138 4008 Apostolo:
1182 3938 1288 4009 Spe
1319 3939 1448 3993 salui
1483 3940 1611 4010 facti
1651 3955 1859 4004 sumus;
1900 3955 2016 4010 spes

432 4036 605 4082 autem
642 4046 755 4099 qua:
787 4030 1000 4097 videtur,
1044 4048 1149 4084 non
1189 4039 1265 4084 est
1303 4048 1416 4101 spes
1449 4029 1623 4103 (Rom.
1652 4047 1760 4096 vm,
1792 4030 1903 4102 24).
1952 4029 2016 4086 Si

433 4133 558 4188 ergo
586 4118 831 4188 spe'salui
851 4121 975 4190 facti
1001 4136 1206 4185 sumus,
1232 4121 1397 4174 adhuc
1421 4137 1530 4174 rem
1562 4123 1615 4174 in
1649 4123 1889 4192 prwsenti
1913 4137 2014 4176 sa:-

432 4207 550 4263 culo
575 4226 682 4264 non
711 4219 956 4264 tenemus.
999 4208 1124 4266 Ideo
1155 4213 1370 4284 denique
1402 4213 1652 4285 baptizati
1681 4216 1865 4269 iterum
1900 4231 2015 4268 car-

431 4300 622 4355 naliter
645 4301 1031 4371 concupiscunt,
1057 4312 1105 4356 et
1131 4304 1248 4357 illos
1277 4313 1443 4357 motus
1478 4305 1706 4374 corporis
1729 4307 2012 4374 patiuntur,

431 4396 550 4465 quia
569 4410 677 4463 spe,
701 4409 804 4446 non
827 4409 883 4446 re
903 4396 1160 4448 consecuti
1181 4404 1299 4448 sunt
1318 4396 1712 4448 instaurationis
1736 4395 2013 4448 auxilium.

435 4484 496 4540 Si
520 4487 656 4536 enim
701 4500 756 4538 re
802 4487 1059 4538 consecuti
1101 4487 1354 4556 fuissent,
1386 4494 1502 4556 post
1537 4467 1862 4555 baptismatis
1894 4503 2016 4557 gra-

2113 3323 2284 3360 cemus
2312 3322 2329 3358 :
2357 3303 2466 3358 Deo
2487 3305 2708 3376 gratias,
2732 3303 2974 3374 quidedit
3003 3302 3151 3358 nobis
3179 3304 3449 3358 victoriam
3473 3320 3564 3374 per
3585 3303 3697 3358 Do-

2113 3398 2310 3450 minum
2350 3403 2583 3449 nostrum
2608 3393 2790 3448 Iesum
2817 3394 3076 3448 Christum
3116 3393 3156 3463 (l
3179 3393 3296 3448 Cor.
3327 3411 3415 3459 xv,
3447 3393 3514 3446 54
3549 3425 3565 3435 -
3588 3393 3698 3464 57).

2119 3497 2140 3524 ε
2172 3479 2270 3543 Hic
2297 3495 2378 3543 est
2407 3487 2618 3542 libellus
2645 3496 2854 3553 vester,
2899 3503 3057 3556 quem
3085 3487 3216 3541 nulli
3246 3487 3387 3542 datis
3415 3487 3696 3555 legendum

2117 3581 2221 3635 nisi
2249 3582 2348 3636 sub
2376 3573 2733 3635 sacramento.
2777 3578 2910 3633 Vide
2956 3593 3023 3631 ne
3049 3577 3263 3648 prodas,
3297 3593 3366 3632 ne
3393 3577 3488 3631 des
3516 3577 3698 3646 legen-

2115 3671 2242 3724 dum
2290 3669 2581 3740 imperitis;
2636 3682 2858 3736 regnum
2907 3668 3000 3722 Dei
3037 3682 3330 3737 paucorum
3363 3674 3464 3721 est.
3513 3667 3570 3721 ln
3599 3667 3700 3724 hoc

2115 3765 2339 3828 apparet
2361 3759 2495 3827 quia»
2513 3765 2565 3812 te
2584 3757 2724 3812 Deus
2744 3755 3145 3826 praedestinavit
3168 3754 3232 3808 ad
3260 3755 3422 3810 vitam
3441 3795 3457 3821 ,
3486 3757 3530 3811 si
3561 3757 3700 3814 hunc

2115 3849 2355 3905 libellum
2380 3857 2440 3904 tu
2465 3849 2603 3904 sicut
2629 3855 2777 3902 tuam
2809 3847 3041 3900 animam
3069 3861 3270 3900 serves.
3317 3845 3549 3901 Maxima
3578 3863 3700 3918 pars

2116 3941 2548 3996 muliercularum
2586 3955 2616 3993 a
2652 3938 2805 3993 vobis
2832 3938 2973 3992 hunc
3018 3943 3258 3991 meretur
3287 3935 3526 3992 libellum
3555 3939 3700 3993 acci-

2115 4047 2264 4103 pere.
2298 4031 2538 4101 Denique
2563 4044 2681 4099 quzc
2707 4044 2830 4084 eum
2859 4026 3113 4099 prodidit,
3130 4026 3324 4082 femina
3353 4043 3580 4098 corpore
3608 4029 3702 4084 sed

2114 4124 2200 4177 vir
2217 4122 2416 4185 animo,
2440 4121 2566 4176 dum
2584 4121 2744 4174 istum
2760 4133 2790 4172 a
2803 4118 2956 4173 vobis
2977 4117 3212 4172 libellum
3239 4117 3338 4172 sub
3365 4127 3702 4174 sacramento

2116 4215 2478 4284 suscepisset,
2529 4213 2786 4282 scriptum
2814 4209 2998 4278 legens
3026 4209 3331 4275 exhorruit,
3374 4216 3431 4263 et
3458 4208 3539 4263 his
3565 4223 3703 4278 quos

2117 4305 2412 4362 catholicos
2476 4313 2700 4360 noverat
2765 4300 3181 4359 examinandum
3225 4301 3388 4358 dedit.
3453 4299 3704 4370 Legimus

2117 4413 2241 4453 eum
2267 4405 2322 4452 et
2351 4412 2468 4461 nos,
2501 4398 2645 4466 quod
2683 4411 2898 4466 semper
2941 4393 3227 4459 timuistis;
3257 4401 3330 4460 et,
3353 4393 3576 4464 juvante
3603 4392 3704 4450 Do-

2118 4490 2285 4553 mino,
2317 4489 2682 4558 blasphemias
2709 4488 2826 4558 ejus
2854 4487 3132 4542 evidenter
3157 4486 3488 4556 detegentes,
3515 4501 3704 4542 omnes

435 4574 564 4627 tiam
591 4589 692 4627 non
721 4583 855 4628 esset
881 4576 1080 4646 peccati
1108 4591 1202 4629 nec
1229 4575 1547 4646 possibilitas
1572 4616 1586 4640 ,
1629 4592 1718 4629 nec
1755 4577 2014 4634 uoluntas.
2040 4573 2097 4636 D
2119 4579 2414 4637 catholicos
2443 4578 2791 4634 admonemus
2819 4587 2880 4633 ut
2907 4579 3052 4633 hunc
3077 4578 3313 4633 libellum
3344 4576 3577 4647 fugiant,
3607 4592 3703 4633 ex-

441 4664 633 4720 Verum
660 4668 777 4738 quia
814 4669 976 4722 uirtus
1018 4667 1340 4737 baptismatis
1376 4676 1524 4722 tanta
1555 4675 1659 4731 est,
1695 4676 1752 4721 ut
1776 4669 2018 4724 uniuersa

433 4765 645 4825 peccata
673 4756 864 4821 deleat,
890 4756 1166 4827 pullulatio
1188 4765 1363 4810 tamen
1386 4765 1714 4828 peccatorum
1741 4755 2020 4829 baptisma-

435 4848 500 4901 tis
520 4847 662 4901 unda
701 4863 805 4901 non
847 4847 1106 4912 abluitur;
1135 4850 1306 4903 inesse
1331 4848 1469 4902 enim
1495 4865 1585 4919 per
1602 4848 1773 4902 Adam
1797 4859 2016 4904 natura-

435 4939 551 4993 liter
575 4939 893 5010 perdocetur.
937 4937 1084 4993 Nam
1101 4939 1194 4993 illa
1223 4939 1449 4994 membra
1477 4955 1591 5012 qute
1610 4940 1666 4993 in
1694 4938 2019 5011 baptismatis

435 5028 564 5082 hora
591 5031 894 5101 confusione
918 5039 1131 5096 carent,
1151 5040 1332 5101 postea
1359 5031 1716 5102 confusionem
1744 5031 2014 5102 recipiunt,

435 5133 550 5190 qua?
568 5120 727 5173 vitant
747 5121 931 5192 ubique
959 5130 1286 5191 conspectum
1303 5161 1316 5186 ,
1340 5129 1390 5174 et
1409 5130 1645 5193 quaerunt
1673 5121 1910 5192 pudendo
1939 5139 2021 5175 se-

433 5217 647 5262 cretum.
689 5207 818 5274 Quae
840 5211 979 5264 enim
1009 5209 1148 5265 Deus
1167 5210 1395 5264 membra
1426 5212 1637 5282 fecerat,
1660 5211 2019 5281 praevaricatio

434 5298 488 5351 in
507 5300 746 5368 pudenda
766 5303 1009 5355 convertit
1023 5319 1042 5367 ;
1071 5311 1122 5355 et
1148 5317 1254 5355 non
1277 5301 1516 5355 dicuntur
1541 5302 1793 5367 membra,
1819 5302 1911 5356 sed
1930 5318 2022 5370 pu-

433 5390 623 5447 denda.
665 5391 792 5458 Qua:
810 5395 1050 5464 pudenda
1082 5395 1138 5449 in
1165 5403 1354 5465 puncto
1374 5394 1466 5449 illo
1495 5393 1821 5468 baptismatis
1860 5410 2021 5449 mem-

433 5554 530 5671 ”;
570 5545 668 5670 blla;
702 5547 986 5618 Augiense,
1017 5546 1307 5604 uoluntarie
1325 5549 1594 5620 confessus
1631 5555 1709 5603 est
1732 5555 1942 5619 peccato
1966 5555 2016 5602 et

515 5633 586 5670 un
609 5635 642 5671 a
665 5635 714 5671 e.

515 5633 714 5673 untate.

468 5685 534 5813 ιζ
552 5686 684 5814 dbis.1
701 5688 873 5756 idem,
896 5690 1430 5746 Anathematizamus.
1461 5689 1569 5746 Sed
1602 5697 1888 5778 utrumque
1926 5704 2013 5745 rc-

589 5773 657 5814 uu
685 5775 769 5814 ur.

432 5773 525 5813 CIC
552 5773 769 5814 αιοιιιη.

2120 4678 2427 4732 secrentur,
2459 4675 2515 4723 et
2548 4677 2750 4723 ueterno
2783 4668 3129 4722 anathemate
3165 4667 3377 4722 feriant.
3417 4668 3704 4724 Damnabi-

2122 4763 2244 4816 Iitas
2272 4760 2414 4814 enim
2445 4759 2561 4828 ejus
2598 4775 2663 4814 eo
2692 4773 2860 4828 usque
2889 4758 3170 4829 pervenit,
3213 4768 3273 4812 ut
3299 4759 3546 4815 [universa
3585 4774 3703 4830 my-

2121 4851 2283 4914 steria
2335 4848 2630 4904 Salvatoris
2673 4855 2913 4904 evacuet.
2957 4847 3095 4903 Dicit
3139 4847 3462 4919 baptismum
3505 4847 3704 4901 Christi

2120 4941 2348 4997 fructum
2397 4940 2562 4994 ullum
2608 4941 2848 5010 penitus,
2891 4939 3020 4995 dum
3068 4939 3313 5005 traditur,
3344 4955 3450 4993 non
3478 4938 3698 4992 habere.

2121 5029 2286 5101 Spes,
2316 5030 2520 5100 inquit,
2565 5046 2683 5100 quae
2710 5030 2920 5086 videtur
2961 5046 3067 5084 non
3101 5038 3184 5084 est
3210 5043 3362 5097 spes,
3391 5025 3443 5079 id
3471 5031 3584 5088 est,
3615 5039 3703 5078 re-

2122 5122 2308 5177 missio
2336 5129 2678 5191 peccatorum
2705 5139 2715 5174 :
2760 5128 2814 5174 et
2839 5119 3093 5190 quidquid
3121 5120 3174 5171 in
3200 5116 3450 5186 praesenti
3477 5116 3704 5185 promit-

2123 5213 2272 5274 titur,
2306 5229 2414 5267 non
2455 5222 2568 5276 est,
2613 5211 2739 5281 quia
2775 5211 2828 5263 in
2869 5209 3048 5263 futuro
3082 5213 3352 5271 servatur;
3383 5205 3470 5261 hic
3497 5213 3698 5273 tamen,

2124 5303 2175 5357 id
2199 5310 2280 5357 est
2306 5303 2357 5356 in
2389 5302 2493 5356 hoc
2522 5303 2742 5364 mundo,
2774 5315 2883 5353 non
2913 5297 3190 5366 accipitur.
3231 5295 3368 5351 Dicit
3395 5298 3538 5352 enim
3565 5298 3704 5369 Δρο-

2119 5395 2292 5452 stolus
2339 5412 2351 5446 :
2380 5393 2512 5465 Spes
2537 5410 2650 5466 quw
2678 5390 2888 5459 videtur.
2913 5405 3016 5443 non
3044 5394 3119 5441 est
3147 5403 3283 5460 spes.
3332 5387 3474 5461 Ergo
3503 5405 3572 5446 ne
3599 5390 3704 5448 hoc

2201 5557 2223 5585 ο
2265 5545 2362 5603 Ms.
2397 5545 2572 5601 idem:
2605 5539 2839 5600 XXVIII.
2873 5540 3166 5613 μελε-κιαι.
3211 5540 3277 5598 In
3315 5551 3516 5600 tantum
3553 5546 3676 5599 uitia

2122 5625 2252 5680 tam,
2277 5626 2381 5672 etc.

2191 5689 2220 5726 ά
2261 5687 2355 5740 Ms.
2389 5685 2548 5749 idem,
2580 5685 2634 5736 in
2664 5683 2898 5737 uictoria.
2989 5731 2996 5736 ε

2195 5766 2219 5793 ο
2258 5756 2357 5809 Ms.
2391 5755 2530 5811 idem
2556 5772 2567 5806 :
2599 5753 2913 5812 Cnuoucn
2945 5755 3048 5810 Hic
3078 5764 3153 5810 est
3177 5755 3399 5824 libellus,
3431 5763 3534 5811 etc.
