4238 6260
604 358 712 423 667

1589 356 1868 416 AUCTOR
1904 349 2127 414 ΔΝΟΝΥ
2134 353 2271 411 MUS
2309 354 2851 412 PREDESTINATI.

609 485 896 556 Apostolus
942 483 1009 539 ad
1056 442 1215 537 istum
1264 487 1501 535 vestrum
1545 492 1763 534 sensum
1807 475 1976 531 dixit?
2027 473 2182 529 Prius
2208 475 2262 533 Α
2286 475 2413 529 estis
2436 516 2450 539 ,
2503 474 2631 544 quid
2677 473 2957 528 nobiscum
3003 470 3252 526 clanculo
3285 470 3732 527 communicatis?
3761 469 3875 525 Ex-

610 577 789 646 itaque
814 574 958 630 beati
987 573 1138 628 Pauli
1158 588 1279 628 cum
1308 571 1486 627 debita
1516 568 1816 625 reverentia
1843 582 2059 623 sensum
2093 580 2188 621 ex-

608 683 905 742 ponemus;
942 673 998 720 et
1039 667 1113 720 ita
1147 665 1361 720 demum
1388 679 1485 735 per
1512 674 1693 735 partes
1717 661 2062 718 concidamus
2089 676 2187 732 pe—

608 752 713 835 des
730 761 852 815 libri
878 761 1081 825 vestri,
1123 761 1177 815 in
1214 761 1297 815 his
1335 764 1454 829 qua:
1481 758 1754 814 conclusio
1782 757 1899 825 ejus
1920 757 2061 810 circa
2092 769 2190 809 nos

611 853 775 911 ﬁnem
812 871 872 910 se
920 861 1163 910 autumat
1212 854 1479 908 invenisse
1524 849 1837 922 perfectum.
1880 848 2186 918 Apostolus,

610 946 1039 1004 consolationem
1086 944 1208 999 ﬁliis
1254 944 1348 998 Dei
1395 941 1623 1001 alierens
1646 981 1660 1005 ,
1704 940 1863 1004 dicit,
1916 947 1978 994 ut
2002 940 2057 993 in
2086 938 2191 992 isto

612 1039 816 1095 mundo
840 1038 974 1092 nihil
999 1044 1270 1106 quaarant,
1298 1051 1370 1090 ne
1399 1033 1537 1089 forte
1565 1032 1968 1088 considerantes
1998 1029 2193 1099 impios

614 1137 671 1186 et
694 1122 997 1205 incredulos
1016 1129 1287 1199 pro'speris
1306 1126 1641 1182 successibus
1666 1124 1942 1193 gratulari,
1975 1137 2034 1177 se
2062 1136 2192 1177 vero

613 1220 799 1290 aﬁligi,
833 1221 1104 1285 dicerent,
1154 1217 1293 1274 Ecce
1335 1218 1389 1272 hi
1429 1224 1741 1287 peccatores
1781 1223 1836 1270 et
1861 1215 2195 1271 abundantes

614 1313 670 1368 in
699 1313 896 1368 sacculo
942 1309 1290 1367 obtinuerunt
1335 1309 1548 1364 divitias
1597 1307 1712 1380 (Ps.
1746 1323 1908 1372 Lxxn,
1942 1307 2029 1374 15)
2056 1324 2069 1372 ;
2098 1321 2197 1360 nos

586 1412 798 1465 .autem
828 1417 995 1472 usque
1024 1403 1076 1456 in
1108 1402 1209 1457 hac
1235 1402 1365 1455 hora
1391 1439 1406 1463 ,
1453 1407 1509 1454 et
1547 1402 1838 1463 esurimus,
1872 1406 1927 1452 et
1967 1397 2192 1463 sitimus,

616 1502 672 1549 et
699 1494 828 1548 nudi
857 1507 1039 1547 sumus
1062 1532 1078 1557 ,
1132 1501 1188 1547 et
1212 1491 1454 1561 colaphis
1480 1490 1733 1546 caedimur
1762 1489 1804 1559 (l
1827 1487 1945 1544 Cor.
1980 1506 2048 1553 ιν,
2082 1488 2193 1559 Η).

618 1584 838 1654 Tollens
864 1598 992 1653 ergo
1020 1584 1301 1653 praesentis
1328 1583 1507 1637 saeculi
1536 1582 2039 1647 considerationem,
2067 1596 2197 1650 gau-

615 1677 703 1734 dia
742 1677 919 1731 futura
968 1676 1251 1746 promittit.
1311 1674 1378 1729 Et
1422 1677 1666 1745 quamvis
1719 1675 1960 1743 magnis,
2006 1674 2194 1744 inquit,

618 1769 958 1841 passionibus
1002 1767 1294 1837 fatigemini
1319 1809 1334 1833 ,
1385 1783 1490 1822 non
1540 1776 1664 1825 sunt
1707 1776 1881 1822 tamen
1923 1766 2199 1835 condigna:

2289 573 2528 635 spectate
2576 565 2806 619 alterum
2861 560 3061 617 Christi
3107 577 3302 633 corpus
3326 602 3341 628 ,
3393 561 3623 619 alterum
3670 560 3876 617 Christi

2289 658 2633 726 sanguinem;
2667 657 2826 711 istum
2867 655 3012 710 enim
3054 669 3159 709 non
3198 654 3252 708 in
3282 668 3342 710 re
3363 692 3379 717 ,
3429 653 3525 710 sed
3549 654 3605 708 in
3629 668 3727 719 spe
3757 669 3877 709 esse

2283 750 2516 819 jactatis.
3044 747 3048 751 ’
3210 785 3217 788 ν
3582 756 3592 765 '

2362 841 2570 896 XXVII.
2610 840 2637 879 ιτ
2669 840 2732 895 Si
2754 840 2893 893 enim
2917 856 3002 906 re,
3034 839 3311 908 inquiunt,
3339 835 3601 891 consecuti
3623 851 3874 900 eueniat,

2292 942 2408 1005 post
2426 931 2753 1003 baptismatis
2772 931 2999 1003 gratiam
3023 946 3127 985 non
3154 937 3288 985 esset
3316 927 3514 1000 peccati
3537 940 3631 982 nec
3654 925 3876 998 possibi-

2293 1023 2445 1086 litas,
2488 1037 2578 1075 nec
2612 1020 2868 1076 voluntas.
2909 1031 2931 1059 ο
2968 1019 3094 1074 Ideo
3122 1033 3251 1086 ergo
3279 1018 3439 1073 vultis
3466 1017 3758 1073 ostendere
3778 1017 3877 1072 ba-

2293 1114 2559 1186 ptismatis
2595 1112 2823 1181 gratiam
2852 1126 2960 1166 non
2989 1125 3105 1165 rem
3146 1109 3472 1174 contulisse,
3504 1108 3630 1178 quia
3681 1108 3875 1163 iterum

2295 1215 2419 1276 post
2444 1204 2709 1273 baptisma
2754 1217 3041 1273 possumus
3069 1208 3125 1255 et
3148 1200 3290 1256 velle
3316 1199 3515 1257 malum
3532 1238 3547 1263 ,
3579 1208 3635 1253 et
3656 1199 3877 1270 aperari

2296 1298 2516 1353 malum.
2568 1296 2636 1350 Et
2672 1296 2761 1352 cui
2802 1295 3033 1351 habebat
3066 1294 3182 1349 dari
3210 1293 3300 1348 lex
3327 1293 3456 1358 Dei,
3485 1293 3529 1349 si
3548 1292 3877 1362 possibilitas

2296 1392 2425 1446 mali
2454 1390 2883 1446 luisset'ahlata?
2933 1388 3040 1443 Aut
3079 1388 3200 1457 quis
3226 1387 3294 1442 de
3321 1385 3560 1441 custodia
3583 1384 3874 1439 mandato-

2297 1499 2416 1543 rum
2443 1483 2539 1538 Dei
2567 1482 2843 1553 priemium
2886 1486 3133 1550 peteret,
3173 1479 3218 1534 si
3247 1476 3583 1548 praevaricari
3610 1491 3714 1532 non
3743 1491 3875 1548 pos-

2298 1573 2418 1629 set?
2446 1574 2583 1628 sicut
2613 1587 2711 1627 nec
2752 1579 2930 1626 mutus
2958 1570 3026 1625 de
3053 1568 3447 1630 taciturnitate,
3484 1581 3585 1621 nec
3611 1565 3777 1636 spado
3801 1566 3875 1622 de

2298 1662 2605 1732 virginitate
2652 1660 2918 1716 laudatur.
2976 1657 3176 1713 Carent
3223 1658 3367 1711 enim
3416 1656 3574 1711 laude
3611 1656 3664 1709 in
3708 1655 3878 1723 bono,

2300 1756 2493 1825 quibus
2519 1753 2586 1807 ad
2624 1753 2825 1807 malum
2869 1750 3125 1805 transitus
3150 1748 3463 1816 denegatur.
3505 1746 3616 1802 Nos
3644 1758 3771 1814 ergo
3798 1746 3878 1801 di-

616 1840 893 1932 passiones
922 1858 1078 1930 hujus
1123 1860 1380 1930 temporis
1425 1859 1492 1913 ad
1530 1859 1762 1914 futuram
1806 1859 2032 1928 gloriam
2078 1874 2196 1927 quia
2224 1844 2272 1905 Β
2299 1850 2471 1905 cimus
2512 1846 2921 1917 pOSSibililalem
2967 1843 3095 1898 mali
3141 1843 3336 1897 bonam
3381 1856 3502 1932 08838
3527 1840 3613 1895 his
3640 1842 3733 1908 (illi
3760 1854 3878 1894 eam

618 1952 945 2009 revelabitur
991 1952 1045 2006 in
1093 1952 1247 2007 nobis
1295 1950 1471 2022 (Rom.
1507 1968 1615 2017 vni,
1651 1950 1758 2022 18).
1820 1949 1884 2005 Et
1913 1950 2055 2016 ideo,
2087 1967 2196 2021 spe,

620 2046 812 2114 inquit,
845 2045 977 2099 salvi
1024 2046 1151 2117 facti
1186 2060 1365 2097 sumus
1394 2042 1583 2114 (Ibid.,
1614 2042 1725 2113 24).
1778 2043 1916 2098 Nota
1947 2044 2042 2099 tibi
2070 2043 2199 2097 salvi

621 2140 785 2211 facti:
814 2154 923 2194 non
952 2138 1087 2193 dixit
1113 2136 1372 2199 salvandi,
1405 2136 1500 2191 sed
1527 2136 1658 2191 salvi
1687 2138 1830 2208 facti.
1864 2134 2200 2191 Prasteritum

622 2229 749 2285 fecit
794 2229 1008 2294 salutis;
1056 2228 1182 2284 dum
1234 2227 1592 2292 credidimus,
1645 2226 1779 2282 salvi
1825 2226 1951 2282 facti
1997 2242 2198 2281 sumus.

621 2320 798 2388 Quare
825 2321 957 2390 spe?
984 2319 1273 2389 Speramus
1302 2319 1443 2373 enim
1476 2320 1573 2373 nos
1594 2333 1895 2388 resurgere,
1927 2335 2034 2374 non
2058 2318 2201 2373 enim

621 2412 731 2483 jam
758 2413 1167 2467 resurreximus.
1215 2411 1352 2478 Quia
1393 2425 1521 2480 ergo
1549 2426 1829 2480 speramus
1856 2426 1956 2465 nos
1980 2425 2079 2480 pro
2108 2408 2204 2463 bo-

622 2504 706 2559 nis
732 2503 951 2574 praemia
994 2510 1309 2573 accepturos
1332 2544 1346 2569 ,
1378 2511 1433 2557 et
1460 2517 1558 2573 pro
1588 2502 1741 2557 malis
1768 2502 2026 2571 gehenna:
2046 2516 2204 2571 posse

623 2594 899 2650 incurrere
924 2594 1218 2664 supplicia;
1262 2590 1543 2664 sperantes
1570 2593 1712 2647 bona
1741 2601 1796 2647 et
1822 2593 2073 2647 timentes
2099 2607 2208 2646 ma-

629 2686 680 2742 la
703 2728 718 2753 ,
769 2686 903 2742 salvi
942 2686 1069 2741 facti
1097 2703 1318 2742 sumus:
1367 2694 1423 2741 et
1449 2686 1540 2757 qui
1570 2701 1784 2742 eramus
1815 2686 1906 2741 ﬁlii
1938 2687 2047 2752 irae,
2079 2684 2204 2742 facti

530 2788 537 2793 '
626 2794 808 2835 sumus
836 2778 931 2833 ﬁlii
959 2779 1055 2834 Dei
1088 2777 1305 2849 (Ephes.
1333 2795 1402 2845 ιι,
1432 2779 1507 2847 5).
1552 2776 1704 2833 Unde
1732 2786 1787 2833 et
1812 2778 1949 2833 alius
1976 2779 2207 2847 Aposto-

623 2870 705 2925 lus
729 2871 956 2925 clamat:
990 2867 1315 2933 Charissimi,
1365 2871 1467 2942 ﬁlii
1508 2868 1607 2925 Dei
1655 2874 1833 2925 sumus
1865 2868 1917 2940 (Ι
1938 2869 2096 2924 Joan.
2129 2885 2203 2935 nt,

625 2962 702 3032 2).
745 2962 863 3018 Non
911 2977 1041 3031 ergo
1081 2964 1300 3037 adoptio
1331 2962 1559 3018 ﬁliorum
1591 2963 1921 3033 promittitur
1949 2962 2000 3016 in
2030 2961 2207 3031 bapti-

626 3068 782 3115 smo,
829 3053 924 3108 sed
973 3052 1266 3109 confertur.
1331 3052 1441 3107 Vos
1487 3062 1668 3108 autem
1709 3053 1776 3109 de
1804 3054 1908 3107 hoc
1934 3052 2078 3121 quod
2098 3050 2209 3120 jam

592 3188 595 3191 .
627 3143 950 3212 accepimus,
981 3144 1193 3199 dicitis:
1224 3124 1361 3213 spes
1389 3159 1509 3213 quae
1537 3143 1764 3205 videtur,
1795 3160 1902 3211 npn
1938 3152 2019 3197 est
2062 3158 2206 3212 spes.

628 3208 790 3288 Nobis
816 3208 941 3304 spes
966 3241 1081 3289 tota
1105 3208 1316 3289 videtur
1340 3235 1394 3289 in
1408 3208 1758 3306 baptismatis
1784 3208 2207 3291 sanctiﬁcatione
2233 3208 2282 3276 ‘

629 3333 907 3390 constare;
965 3338 1093 3393 ergo
1143 3324 1286 3394 quod
1336 3325 1491 3380 nobis
1538 3325 1748 3379 videtur
1792 3340 1942 3393 spes,
1993 3341 2097 3378 non
2125 3334 2207 3380 est

630 3431 774 3488 spes.
813 3415 873 3472 In
899 3415 1204 3472 chrismatis
1231 3415 1432 3472 Christi
1458 3416 1711 3471 unctione
1739 3417 1850 3487 spei
1880 3424 2076 3471 nostra:
2090 3432 2208 3471 cer-

631 3510 806 3564 nimus
835 3508 1262 3575 ﬁrmamentum;
1293 3522 1421 3577 ergo
1451 3523 1574 3580 spes
1612 3522 1731 3585 qum
1761 3508 1970 3563 videtur
1991 3523 2097 3563 non
2127 3519 2211 3564 est

631 3615 772 3673 spes.
822 3597 1032 3671 Corpus
1077 3598 1273 3655 Christi
1302 3615 1452 3670 spem
1486 3606 1726 3654 nostram
1760 3598 2027 3665 videmus;
2081 3613 2209 3671 ergo

632 3707 754 3765 spes
780 3708 897 3762 qua:
940 3691 1152 3747 videtur
1197 3706 1306 3746 non
1351 3700 1434 3746 est
1478 3706 1619 3761 Spes.
1669 3691 1994 3760 Sanguinem
2014 3689 2211 3745 Christi

634 3764 1059 3855 redemptionem
1101 3792 1342 3839 nostram
1379 3784 1740 3848 attendimus;
1775 3796 1902 3851 ergo
1943 3797 2067 3853 Spes
2095 3784 2212 3852 qua:

634 3876 846 3933 videtur
874 3884 991 3932 non”
1010 3885 1093 3933 est
1120 3893 1261 3949 spes.
1303 3876 1618 3933 Evacuastis
1647 3879 1826 3933 omnia
1854 3885 2210 3942 sacramenta,

636 3970 950 4026 exinanistis
988 3971 1275 4042 mysteria,
1306 3977 1362 4023 et
1400 3970 1553 4040 quasi
1583 3968 1672 4022 ﬁdi
1701 3976 1755 4022 et
1782 3968 1959 4021 idonei
1987 3976 2217 4021 metato-

636 4080 723 4128 res
746 4063 1081 4126 Antichristi,
1114 4063 1291 4118 locum
1320 4062 1369 4115 ei
1400 4061 1491 4114 ubi
1519 4059 1691 4129 possit
1715 4057 2001 4113 succedere
2031 4057 2218 4127 ejectis

638 4155 793 4210 nobis
821 4155 889 4209 ab
918 4155 1183 4235 aliquibus
1224 4151 1556 4223 praeparatis.
1618 4149 1750 4203 Nam
1793 4150 1907 4203 lucc
1936 4164 2053 4219 quae
2083 4148 2221 4218 Apo-

643 4246 815 4301 stolus
838 4246 906 4301 de
932 4244 1115 4300 mundi
1144 4244 1296 4300 istius
1323 4243 1530 4313 gaudiis
1544 4240 1672 4295 dicit
1697 4259 1709 4293 :
1738 4239 1869 4311 Spes
1889 4256 2003 4311 qua:
2024 4241 2221 4295 videtur

639 4353 744 4391 non
771 4343 847 4390 est
890 4352 1032 4406 spes,
1058 4350 1156 4390 vos
1184 4348 1247 4389 ea
1283 4333 1350 4387 ad
1374 4332 1553 4387 divina
1583 4330 1839 4402 mysteria
1870 4331 2218 4398 transmigra-

640 4427 758 4482 stis.
798 4425 951 4493 Quod
979 4426 1069 4479 ille
1096 4425 1163 4479 de
1189 4424 1404 4479 caducis
1432 4424 1591 4478 rebhs
1619 4432 1673 4477 et
1702 4422 2001 4477 labentibus
2022 4438 2223 4479 memo-

641 4524 744 4580 rat,
775 4516 880 4570 hoc
907 4530 1005 4569 vos
1032 4515 1193 4569 etiam
1225 4513 1326 4583 ipsi
1355 4529 1510 4568 sacro
1536 4512 1844 4583 baptismati
1874 4514 2214 4586 ascripsistis.

2296 1946 2669 1995 contemnunt.
2724 1935 2874 1991 Dabo
2901 1935 2985 1989 his
3011 1933 3235 2002 singulis
3264 1932 3432 1986 titulis
3454 1930 3621 1986 breve
3658 1946 3881 2002 respon-

2299 2044 2436 2083 sum.
2480 2026 2662 2083 Potuit
2705 2026 2826 2095 quis
2871 2025 3175 2095 exspoliare
3223 2023 3481 2078 vestitos:
3514 2038 3641 2079 ecce
3682 2023 3880 2077 malum

2300 2125 2534 2196 potuit;
2557 2121 2653 2176 sed
2690 2121 2817 2190 quia
2857 2118 3054 2181 noluit,
3108 2116 3248 2172 facta
3289 2124 3371 2171 est
3396 2115 3724 2186 possibilitas
3758 2116 3882 2172 mali

2302 2216 2465 2281 bona,
2497 2213 2587 2283 qui
2613 2226 2733 2267 eam
2761 2210 2989 2266 consilio
3016 2207 3367 2279 prudentiore
3393 2206 3737 2277 contempsit.
3790 2205 3883 2261 Po-

2308 2309 2410 2363 tuit
2436 2308 2557 2377 quis
2582 2305 2842 2362 creditam
2872 2303 2971 2358 sibi
2996 2302 3277 2373 pecuniam
3305 2314 3517 2370 rapere,
3539 2299 3716 2370 potuit
3743 2298 3885 2355 adui-

2307 2401 2442 2457 teria
2469 2406 2781 2471 perpetrare
2807 2415 2820 2449 :
2853 2410 2979 2451 ecce
3017 2392 3347 2465 possibilitas
3372 2390 3537 2456 mali;
3565 2398 3623 2446 et
3648 2391 3737 2460 qui
3767 2406 3884 2445 eam

2305 2495 2659 2565 contempsit,
2692 2492 2806 2561 ipsa
2834 2487 3159 2560 possibilitas
3187 2501 3311 2540 eum
3338 2482 3465 2540 fecit
3492 2492 3602 2538 tam
3626 2483 3694 2537 de
3720 2497 3883 2553 pecu-

2306 2590 2393 2646 nia
2422 2602 2529 2642 non
2559 2584 2731 2639 furata
2759 2579 3002 2643 laudari,
3054 2583 3213 2646 quam
3254 2575 3505 2631 coronari
3543 2573 3611 2629 de
3640 2574 3883 2630 castitate

2307 2687 2539 2738 servata.
2582 2676 2822 2731 Diximus
2850 2686 3013 2726 unum
3042 2669 3253 2723 titulum
3278 2709 3293 2733 ,
3344 2667 3397 2721 id
3417 2674 3501 2722 est
3526 2665 3592 2721 de
3618 2656 3882 2736 possibili-

2310 2783 2417 2829 tate
2447 2772 2593 2834 mali,
2625 2767 2771 2838 quod
2799 2767 2939 2822 bona
2969 2765 3040 2819 sit
3068 2762 3151 2817 his
3177 2762 3270 2832 qui
3299 2776 3420 2817 eam
3445 2760 3879 2830 contempserint.

2309 2867 2460 2923 Nunc
2519 2864 2795 2918 videamus
2843 2856 3115 2930 quomodo
3174 2870 3206 2910 e
3250 2854 3521 2910 contrario
3559 2851 3885 2923 possibilitas

2306 2960 2473 3025 boni,
2528 2956 2667 3012 mala
2712 2954 2764 3008 in
2815 2952 2897 3006 his
2934 2950 3027 3019 qui
3065 2963 3188 3004 eam
3234 2946 3678 3017 contempserint.
3714 2943 3889 2999 Habet

2309 3050 2573 3123 quispiam
2622 3046 2878 3119 pecunias
2925 3026 3171 3113 positas:
3222 3055 3352 3095 ecce
3396 3037 3723 3109 possibilitas
3742 3035 3888 3098 boni,

2311 3151 2490 3217 potest
2517 3141 2659 3197 enim
2688 3138 2895 3193 cunctis
2927 3133 3303 3190 necessitatem
3335 3130 3673 3201 patientibus
3698 3128 3891 3183 subve-

2314 3236 2447 3290 nire.
2490 3231 2641 3287 Hanc
2670 3234 2849 3283 autem
2889 3223 3296 3296 possibilitatem
3324 3220 3451 3275 boni
3489 3219 3615 3273 dum
3641 3226 3891 3273 contem-

2312 3326 2510 3397 pserit,
2560 3319 2791 3376 efﬁcitur
2834 3314 3160 3391 possibilitas
3202 3311 3357 3375 mala,
3388 3317 3445 3365 et
3488 3316 3594 3361 tam
3646 3306 3787 3359 mala
3831 3311 3889 3359 nt

2313 3395 2462 3471 radix
2495 3404 2759 3468 malorum
2786 3408 3025 3463 omnium
3047 3402 3418 3473 comprobetur
3445 3398 3488 3468 (Ι
3509 3397 3640 3452 Tim.
3673 3412 3743 3460 vr,
3772 3395 3886 3466 10).

2315 3506 2512 3561 Verum
2560 3501 2689 3572 quid
2738 3498 2980 3568 agimus?
3030 3492 3371 3566 Baptismatis
3416 3488 3572 3545 nobis
3611 3493 3786 3543 status
3833 3487 3890 3541 in

2317 3598 2555 3671 periculo
2577 3594 2813 3665 ponitur,
2833 3600 2888 3647 et
2899 3606 2998 3646 nos
3010 3590 3076 3644 de
3092 3586 3331 3642 avaritia:
3341 3599 3551 3640 veneno
3577 3589 3892 3637 tractamus.

2302 3680 2574 3746 Omnibus
2619 3696 2804 3742 notum
2852 3691 2935 3739 est
2978 3680 3216 3736 avaritias
3246 3678 3451 3734 crimen
3483 3674 3614 3728 satis
3640 3688 3760 3728 esse
3786 3686 3896 3741 gra-

2320 3784 2627 3845 vissimum;
2676 3775 3012 3849 baptismatis
3058 3781 3242 3827 autem
3280 3767 3508 3839 gratiam
3538 3764 3800 3820 exinaniri
3826 3763 3896 3817 ah

2318 3876 2626 3932 hominibus
2654 3869 2872 3941 perﬁdis
2899 3911 2913 3936 ,
2948 3881 3121 3936 nuper
3142 3863 3306 3934 cepit
3331 3861 3694 3920 innotescere,
3726 3855 3896 3922 nuper

2320 3968 2483 4038 coepit
2511 3964 2792 4021 catholicis
2818 3958 3114 4032 propalari.

2390 4036 2622 4114 XXVIII.
2664 4057 2690 4093 α
2720 4056 2879 4109 Aiunt
2924 4068 3146 4123 namque
3194 4066 3284 4120 per
3323 4046 3637 4117 baptismum
3670 4042 3747 4094 ita
3789 4036 3902 4093 tolli

2321 4161 2604 4229 peccatum,
2632 4158 2687 4203 ut
2717 4146 2963 4218 capillum
2996 4141 3248 4198 novacula
3290 4152 3525 4192 erasum."
3563 4130 3737 4229 Rarus
3765 4130 3902 4184 enim

2320 4220 2415 4309 est,
2448 4242 2713 4311 inquiunt,
2745 4245 2803 4291 ut
2829 4232 3197 4291 emundaretur
3225 4230 3398 4290 locus,
3427 4235 3450 4262 ε
3481 4240 3584 4279 non
3609 4220 3902 4277 eradicatur

2320 4347 2416 4401 est,
2449 4310 2750 4391 neiulterius
2776 4333 3092 4382 nasceretur.
3129 4320 3190 4377 Si
3227 4319 3366 4375 enim
3393 4332 3458 4370 ea:
3496 4317 3697 4385 integra
3735 4310 3902 4365 omnis

2323 4398 2768 4501 prtevaricaliouis
2829 4415 2957 4470 Adit
3001 4411 3262 4485 fragilitas
3321 4407 3606 4501 tolleretur,
3656 4398 3903 4501 baptizati

2326 4490 2503 4573 omnes
2535 4513 2677 4568 nullo
2709 4509 2898 4564 caloris
2925 4513 3068 4560 motu
3092 4501 3421 4556 traherentur
3440 4496 3510 4550 ad
3529 4494 3775 4557 crimina,
3800 4490 3904 4544 nul-

642 4605 759 4661 Non
806 4606 1099 4673 habeamus
1146 4614 1351 4677 partem
1401 4606 1681 4662 vobiscum
1728 4607 1778 4660 in
1810 4615 2089 4671 :cternum,
2120 4623 2220 4663 nec
2245 4583 2296 4644 D
2323 4611 2373 4665 lo
2403 4602 2835 4677 concupiscentia:
2880 4595 3086 4653 stimulo
3138 4597 3508 4666 pungerentur.
3549 4586 3567 4625 ί
3600 4585 3737 4640 Hinc
3777 4596 3903 4677 ergo

641 4713 832 4755 sensus
859 4706 1045 4754 noster
1065 4698 1201 4754 ultra
1230 4698 1313 4753 his
1339 4698 1683 4769 blasphemiis
1712 4698 2039 4767 inquinetur.

710 4788 898 4845 XXVI.
942 4788 1086 4859 Ideo,
1119 4790 1384 4859 inquiunt,
1417 4776 1663 4861 baptizati
1696 4789 1879 4844 iterum
1898 4788 2217 4861 polluuntur,

640 4892 691 4940 et
710 4884 995 4949 carnaliter
1023 4883 1408 4954 concupiscunt,
1457 4883 1579 4953 quia
1620 4899 1710 4952 spe
1747 4898 1851 4935 non
1882 4899 1938 4934 re
1964 4881 2223 4936 consecuti

641 4989 762 5035 sunt
789 4977 1188 5037 instaurationis
1230 4976 1502 5030 auxilium.
1556 4974 1665 5030 Nos
1700 4983 1879 5029 autem
1909 4975 1987 5029 sic
2015 4985 2038 5010 τι
2069 4989 2222 5044 spem

644 5074 912 5129 tendimus
940 5070 1008 5149 ad
1036 5070 1212 5127 futura
1243 5067 1480 5139 przemia,
1515 5076 1574 5121 ιιι
1604 5068 1654 5121 in
1686 5067 1934 5137 prmsenti
1963 5066 2105 5135 quod
2136 5080 2225 5120 ac-

643 5166 883 5237 cepimus
913 5178 1019 5223 non
1058 5176 1332 5232 negemus.
1374 5159 1483 5214 Nos
1524 5160 1667 5214 enim
1706 5167 1941 5213 meretur
1969 5158 2227 5228 consequi

644 5256 933 5321 beneﬁcia,
964 5256 1056 5327 qui
1087 5271 1192 5310 non
1220 5252 1507 5311 conﬁtetur
1531 5259 1770 5320 accepta.
1820 5248 1874 5303 Si
1902 5250 2045 5319 quod
2074 5265 2228 5306 acce-

646 5348 771 5419 pisti
793 5346 906 5415 jam
951 5347 1210 5416 denegas,
1256 5343 1549 5401 confutaris
1590 5343 1845 5411 ingratus.
1896 5340 2039 5408 Ergo
2067 5341 2113 5396 si
2142 5342 2231 5396 ad-

648 5442 754 5498 huc
800 5456 909 5496 non
954 5442 1083 5495 estis
1128 5441 1353 5508 gratiam
1395 5437 1666 5494 consecuti
1685 5477 1699 5501 ,
1754 5436 1847 5491 sed
1892 5437 2231 5491 consecuturi

722 5609 748 5636 α
786 5596 886 5650 Ms.
910 5593 1198 5663 Augiense,
1231 5612 1319 5663 spe
1348 5594 1607 5650 tendimus
1636 5593 1722 5647 ad.

720 5667 749 5708 δ
787 5667 883 5722 Ms.
919 5662 1057 5719 idem
1084 5683 1095 5717 :
1123 5662 1313 5719 XXIX.
1344 5665 1639 5721 liensum.
1675 5664 1736 5719 Si
1762 5662 1900 5715 enim
1930 5677 2001 5724 re,
2038 5667 2147 5713 etc.

725 5751 743 5775 ο
787 5737 887 5793 Ms.
912 5736 1052 5806 idem
1078 5755 1090 5788 ;
1122 5734 1432 5806 Caranum.
1468 5730 1593 5789 Idea
1624 5751 1743 5806 erga
1772 5732 1943 5792 uultis,
1976 5739 2081 5784 etc.

678 5838 683 5843 ν
722 5806 749 5846 ἀ
788 5806 883 5873 Ms.
920 5800 1097 5862 idem:
1129 5802 1294 5860 XXX.
1336 5804 1629 5863 Ηιειιετιρι.
1672 5800 1824 5859 Itium
1857 5812 2227 5879 namque,_ctc.

2325 4669 2613 4767 exinanitis
2644 4689 2980 4765 baptismatis
3041 4688 3383 4741 sacrosancta
3442 4676 3722 4748 mysteria,
3778 4669 3904 4740 quia

2326 4764 2764 4861 concupiscentia
2788 4825 2801 4850 ,
2852 4789 2913 4837 ut
2958 4778 3058 4849 ipsi
3109 4774 3286 4830 dicitis
3312 4813 3327 4837 ,
3369 4771 3456 4825 lex
3485 4764 3692 4839 peccati
3718 4768 3820 4825 est,
3850 4767 3908 4815 et

2328 4886 2442 4958 ipsa
2493 4859 2592 4938 sibi
2642 4882 2836 4934 iterum
2885 4872 3121 4928 vindicat
3154 4865 3503 4936 baptizatum.
3545 4859 3622 4914 De
3651 4859 3751 4958 hac
3780 4868 3910 4958 ergo

2328 4948 2761 5047 concupiscentia
2790 4970 2834 5023 si
2863 4964 3072 5021 fueritis
3099 4959 3332 5024 exclusi,
3361 4957 3567 5023 integra
3598 4950 3703 5007 erit
3730 4948 3913 5047 iuba-

2327 5039 2524 5144 ptismo
2546 5048 2551 5053 ἢ
2571 5074 2625 5120 et
2662 5068 3004 5135 peccatorum
3033 5052 3283 5109 remissio
3312 5052 3367 5104 et
3394 5061 3522 5102 vera
3553 5055 3578 5092 κ
3611 5039 3915 5139 consolatio

2328 5134 2644 5235 gratiarum.
2668 5134 2991 5207 Gratiarum
3036 5150 3217 5199 autem
3258 5139 3378 5195 ideo
3425 5134 3709 5235 pluraliter
3734 5134 3913 5235 posui,

2329 5219 2454 5325 quia
2485 5222 2604 5321 cum
2632 5259 2736 5300 una
2765 5242 2834 5298 sit
2857 5239 3027 5311 gratia
3044 5278 3058 5303 ,
3091 5242 3152 5290 ut
3180 5231 3307 5288 vitis
3335 5244 3441 5284 una
3468 5224 3778 5325 palmitibus
3804 5219 3919 5325 plu:

2333 5309 2460 5398 ralis
2509 5316 2756 5401 efﬁcitur,
2806 5309 2878 5390 et,
2904 5339 2989 5397 tot
3037 5328 3173 5383 vites
3220 5324 3490 5383 dicuntur,
3539 5320 3674 5385 quot
3721 5309 3921 5365 fuerint

2332 5431 2656 5506 propagines
2706 5428 2773 5483 de
2821 5441 2925 5480 una
2968 5417 3075 5477 vite
3121 5427 3461 5488 compressa.
3506 5410 3672 5496 Datur
3692 5417 3823 5472 ergo
3856 5416 3923 5458 ex

2407 5598 2429 5624 ο
2470 5586 2568 5640 Ms.
2603 5583 2765 5645 idem,
2797 5597 2901 5634 non
2923 5585 3095 5631 autem
3116 5571 3436 5645 eradicatur.
3548 5634 3561 5645 .

2405 5657 2424 5696 τ
2798 5629 3120 5719 Chaonia.
3150 5642 3297 5719 βίης
3325 5654 3447 5711 ergo
3476 5629 3787 5697 exinanitis,
3811 5632 3916 5681 etc.

2404 5739 2427 5776 ε
2468 5725 2565 5783 Ms.
2594 5714 2752 5787 idem,
2788 5714 2997 5775 collatio
3029 5714 3332 5791 gratiarum.
