4238 6260
385 309 491 365 669

857 303 1438 361 ΡΒᾸΞΒΕΞΤΙΝΑΤΗΞ
1475 304 1627 360 SIVE
1668 303 1992 362 I’IUEDES'I

2060 305 2366 363 lATORUM
2405 285 2746 374 nmeissrs,
2785 307 2935 363 ETC.
2979 307 3106 361 ue.
3145 307 3232 362 ιιι.

3423 237 3569 246 -Α--ο

3544 308 3664 380 ,ηρ

389 437 497 478 uno
545 419 882 491 baptismatis
928 418 1076 478 fonte
1122 418 1176 472 in
1225 419 1474 486 praesenti
1506 424 1846 487 peccatorum
1879 432 1964 470 re—
1993 419 2046 484 Α
2072 435 2195 474 nem
2225 423 2521 486 continere,
2571 439 2680 478 non
2709 439 2866 493 quem
2908 425 3021 494 ipse
3069 424 3317 488 instituit,
3368 424 3664 484 maledictae

391 515 597 579 missio,
630 520 686 570 et
710 527 930 582 regnum
957 510 1284 581 promittitur
1319 510 1372 566 in
1411 508 1618 574 futuro;
1658 507 1888 563 efﬁcitur
1914 506 1970 560 ﬁ-

391 605 496 665 lius
523 603 755 659 hominis
801 601 938 655 ﬁlius
982 599 1109 665 Dei;
1145 598 1201 654 ﬁt
1228 599 1517 670 adoptione
1557 597 1721 665 ﬁlius;
1766 597 1823 650 ﬁt
1845 613 1970 653 con-

391 711 513 752 sors
562 693 744 762 regni;
797 693 854 746 ﬁt
897 691 1027 747 civis
1075 706 1143 745 ex
1179 691 1420 757 advena;
1479 689 1536 744 ﬁt
1576 691 1836 759 ingenuus
1875 691 1967 760 qui

323 780 331 781 ί
389 802 580 841 servus
607 784 884 840 exstiterat
910 782 1110 838 inimici
1134 799 1148 848 ;
1174 781 1230 836 ﬁt
1251 782 1492 852 locuples
1521 782 1612 851 qui
1643 782 1816 836 fuerat
1843 789 1968 834 ante

390 878 700 942 mendicus;
745 885 799 930 et
844 875 935 946 qui
978 873 1150 930 fuerat
1197 873 1398 928 dudum
1445 873 1726 944 ignobilis,
1781 872 1969 942 incipit

391 983 511 1024 esse
539 975 593 1022 et
635 965 855 1022 illustris
892 971 947 1019 et
991 979 1234 1034 magnus.
1266 962 1373 1019 Sed
1401 965 1504 1020 ista
1531 965 1711 1019 omnia
1741 971 1969 1020 evacuat

391 1061 528 1116 liber
553 1066 748 1123 vester,
781 1066 836 1113 et
863 1057 1041 1112 dicitis
1067 1075 1080 1109 :

459 1150 642 1206 XXIX.
668 1160 694 1188 ει
725 1152 787 1206 Si
808 1151 1056 1206 darentur
1076 1167 1189 1223 qua
1209 1152 1580 1220 promittuntur
1601 1149 1654 1202 in
1687 1146 1963 1217 baptismo,

386 1245 556 1300 nullus
580 1250 695 1314 post
723 1243 1050 1312 baptismatis
1078 1241 1275 1296 undam
1301 1240 1728 1311 concupiscentiw
1755 1236 1965 1292 stimulo

381 1343 712 1408 perageretur.
743 1333 768 1371 δ
799 1333 1087 1387 Videamus
1121 1346 1249 1400 ergo
1292 1341 1594 1386 utrumnam
1624 1331 1738 1384 hmc
1766 1345 1965 1384 concu-

381 1428 669 1501 piscentia,
702 1428 842 1482 sicut
868 1426 1047 1481 dicitis
1069 1467 1082 1492 ,
1116 1426 1201 1480 lex
1230 1425 1435 1495 peccati
1463 1423 1538 1477 lit.
1581 1423 1689 1477 Nos
1719 1422 1963 1494 concupi-

379 1519 640 1582 scentiam
687 1517 915 1571 dicimus
961 1532 1079 1571 esse
1108 1531 1220 1570 rem
1260 1514 1518 1570 naturalis
1544 1513 1878 1577 certaminis,
1911 1520 1966 1566 et

383 1611 525 1674 hanc
571 1609 801 1666 dicimus
847 1607 914 1662 ad
965 1606 1406 1680 propagationem
1457 1605 1730 1659 hominum
1780 1619 1809 1656 a
1851 1603 1963 1657 Deo

383 1709 630 1760 creatore
674 1699 1007 1756 visceraliter
1052 1713 1171 1754 esse
1229 1698 1514 1753 ﬁrmatam.
1584 1696 1772 1751 Adhuc
1818 1696 1962 1751 enim
2002 1678 2014 1698 ⁸

2072 521 2199 566 sunt
2229 515 2447 583 nuptiae,
2499 522 2554 568 et
2602 529 2669 570 ex
2714 514 3090 570 maledictione
3141 515 3390 568 universa
3444 515 3661 582 humani

2070 605 2284 671 generis
2308 620 2484 660 massa
2498 605 2720 662 veniens
2739 606 2953 661 diabolo
2969 613 3187 662 auctore
3208 606 3463 660 subsistit.
3484 603 3661 661 Unum

2069 695 2222 749 vobis
2243 696 2424 764 eligite
2452 711 2482 750 e
2510 695 2739 751 duobus.
2765 696 2870 750 Aut
2897 698 3037 751 bona
3067 706 3148 752 est
3177 699 3452 766 generatio
3481 697 3657 764 homi—
3727 761 3742 776 υ

2071 786 2184 851 nis,
2218 795 2271 842 et
2297 788 2438 846 bona
2468 795 2550 842 est
2578 789 3040 857 concupiscentia;
3071 795 3162 842 aut
3202 789 3355 848 make
3391 799 3516 844 sunt
3558 807 3657 844 nu-

2069 877 2212 948 pti-.e,
2233 886 2288 932 et
2316 877 2495 946 iniqua
2521 877 2972 948 concupiscentia.
2993 876 3286 934 Emendate
3314 892 3441 946 ergo
3469 878 3655 934 Eccle-

2071 968 2161 1023 sia:
2190 967 2456 1036 regulam;
2486 967 2735 1024 damnate
2765 969 2856 1038 qui
2886 969 2940 1024 in
2967 977 3081 1023 toto
3119 969 3250 1023 orbe
3281 969 3379 1022 fuit
3406 968 3656 1024 sacerdo-

2070 1066 2152 1113 tes
2173 1099 2188 1123 ,
2218 1060 2522 1138 puptiarum
2572 1060 2721 1114 initia
2758 1060 3134 1115 benedicentes
3152 1102 3165 1126 ,
3195 1069 3575 1116 consecrantes
3601 1069 3656 1118 et

2072 1150 2124 1204 in
2154 1148 2249 1204 Dei
2272 1150 2539 1221 mysteriis
2579 1152 2863 1206 sociantes.
2893 1151 3055 1206 Miror
3088 1167 3191 1219 qua
3231 1151 3406 1206 fronte
3447 1152 3655 1215 intratis

2071 1243 2368 1306 ecclesiam,
2402 1243 2490 1297 ubi
2520 1243 2776 1312 quidquid
2807 1245 2980 1312 agitur
3025 1251 3211 1298 contra
3236 1252 3442 1302 vestras
3481 1252 3655 1300 sectas

2072 1333 2257 1388 venire
2297 1334 2637 1400 cognoscitis.
2669 1334 2886 1402 Negatis
2915 1336 3093 1404 itaque
3129 1335 3298 1390 Deum
3326 1336 3481 1399 hanc,
3515 1336 3655 1392 unde

2072 1425 2356 1487 nascimur,
2390 1425 2598 1480 dedisse
2619 1427 3126 1496 concupiscentiam.
3161 1425 3300 1494 Ergo
3330 1442 3436 1480 non
3472 1443 3656 1480 sumus

2069 1522 2315 1572 creatura
2344 1516 2485 1585 ejus,
2505 1517 2548 1571 si
2573 1533 2681 1572 non
2705 1526 2787 1570 est
2815 1517 2930 1585 ejus
2952 1524 3196 1571 creatura
3225 1517 3654 1585 concupiscentia

2070 1603 2386 1672 conjugalis.
2423 1605 2618 1659 Tollite
2647 1605 2789 1660 enim
2812 1606 2972 1669 hanc,
2997 1619 3157 1673 quam
3182 1620 3276 1659 vos
3289 1604 3465 1662 dicitis
3483 1605 3653 1674 legem

2071 1709 2191 1750 esse
2219 1696 2446 1766 peccati,
2476 1703 2530 1750 et
2551 1696 2827 1752 videamus
2852 1695 2970 1764 quis
2992 1694 3262 1749 adhaerere
3281 1696 3450 1765 possit
3478 1697 3651 1750 uxori.

382 1797 542 1870 primi
614 1796 860 1852 homines
910 1793 1145 1850 nondum
1193 1793 1260 1848 de
1315 1791 1770 1864 praevaricationis
1822 1791 1967 1860 ligno
2001 1783 2179 1843 BSed
2200 1787 2294 1854 qui
2323 1787 2545 1844 dederat
2574 1787 2829 1844 virtutem
2877 1787 3099 1841 seminis
3127 1786 3179 1840 in
3201 1787 3652 1852 benedictionem,

379 1896 763 1959 gustaverant,
813 1886 1028 1956 quando
1074 1901 1170 1942 eos
1216 1885 1492 1942 benedixit
1542 1885 1686 1940 Deus
1735 1883 1959 1939 dicens:

384 1983 611 2038 Crescite
634 1989 683 2034 et
709 1979 1163 2050 multiplicamini,
1213 1986 1261 2031 ct
1302 1977 1493 2047 replete
1519 1983 1714 2032 terram
1739 1975 1892 2046 (Gen.
1923 1991 1962 2042 ι,

387 2073 498 2144 28).
561 2071 662 2140 Qui
705 2085 832 2140 ergo
891 2078 1016 2126 ante
1063 2077 1342 2141 peccatum
1381 2068 1748 2124 benedicendo
1795 2083 1966 2137 genus

386 2166 665 2224 hominum
711 2164 1055 2238 multiplicari
1097 2163 1293 2232 jussit,
1344 2163 1459 2232 ipse
1509 2163 1625 2216 Sine
1651 2161 1816 2216 dubio
1843 2161 1966 2217 huic

387 2266 592 2314 natura:
628 2273 724 2328 per
765 2256 908 2327 quod
946 2255 1232 2326 propagari
1277 2245 1733 2325 posset‘inseruit.
1778 2254 1966 2324 Dispar

383 2351 586 2429 etenim
634 2363 794 2404 sexus
833 2347 1180 2418 multiplicari
1225 2347 1444 2402 minime
1491 2347 1771 2417 potuisset,
1805 2346 1847 2400 si
1878 2346 1963 2402 in-

383 2452 658 2500 crementa
722 2442 982 2496 naturalis
1046 2440 1502 2510 concupiscentiae
1562 2456 1670 2494 non
1721 2440 1962 2496 haberet.

383 2534 508 2592 Non
535 2544 611 2590 cst
647 2534 862 2598 bonum,
894 2533 969 2592 ait
995 2533 1272 2596 Dominus,
1323 2548 1437 2587 esse
1465 2532 1728 2587 hominem
1761 2532 1962 2596 solum;

385 2628 638 2699 faciamus
665 2627 713 2679 ei
734 2625 1056 2694 adjutorium
1085 2622 1241 2692 (Gen.
1276 2640 1332 2688 ιι,
1365 2622 1477 2691 18).
1503 2621 1618 2677 Hoc
1638 2621 1964 2691 adjutorium

383 2718 610 2788 disparis
636 2732 799 2771 sexus
828 2715 896 2770 ad
927 2699 1315 2770 consolandum
1342 2713 1505 2768 vultis
1553 2727 1673 2768 esse
1707 2713 1902 2769 factum
1932 2732 1963 2768 a

383 2809 613 2864 Domino
634 2849 652 2873 ,
699 2823 768 2862 an
796 2808 865 2862 ad
892 2805 1292 2874 generandum‘l
1332 2805 1389 2860 Si
1418 2804 1562 2861 enim
1589 2806 1966 2876 concupiscen-

385 2900 460 2954 tia
487 2900 630 2953 mala
678 2907 760 2953 est
807 2913 927 2966 qua:
974 2898 1198 2952 materia
1243 2899 1610 2965 generationis
1639 2899 1959 2964 ostenditur,

381 2998 599 3046 constat
643 2989 937 3045 secundum
988 3003 1084 3044 vos
1128 3005 1159 3043 a
1187 2989 1299 3044 Deo
1329 2991 1613 3046 mulierem
1643 3007 1753 3046 non
1783 2992 1847 3045 ad
1877 2991 1965 3052 ad-

381 3083 640 3153 jutorium
669 3082 826 3144 boni,
877 3081 973 3134 sed
1014 3079 1080 3134 ad
1109 3081 1452 3136 occasionem
1482 3080 1676 3136 factam
1703 3097 1820 3136 esse
1843 3098 1964 3151 pec-

2071 1880 2187 1950 ipsc
2218 1880 2287 1934 ob
2315 1880 2768 1950 multiplicandam
2798 1881 3038 1935 sobolem
3086 1881 3532 1951 concupiscentia:
3576 1880 3653 1934 in«

2071 1971 2602 2035 seruitcharitatem,
2636 1981 2690 2026 et
2715 1972 2881 2026 amari
2911 1971 3078 2026 voluit
3120 1972 3265 2040 quod
3303 1971 3658 2043 multiplicare

2070 2063 2369 2118 constituit.
2403 2062 2797 2124 Incrementum
2834 2063 2977 2118 enim
3017 2071 3099 2118 est
3143 2063 3355 2132 generis
3394 2063 3653 2134 concupi-

2069 2156 2273 2212 scentia
2302 2156 2580 2214 naturalis.
2612 2155 2766 2221 Quod
2795 2155 2838 2208 si
2867 2169 2963 2225 per
2988 2155 3148 2221 hanc,
3180 2162 3239 2208 ut
3259 2154 3452 2220 dicitis,
3482 2154 3656 2214 omnis

2071 2257 2283 2304 constat
2303 2264 2423 2304 esse
2445 2264 2603 2305 causa
2632 2248 2858 2322 peccati,
2892 2248 3006 2319 ipse
3025 2247 3228 2304 crimen
3255 2247 3458 2303 creavit
3485 2247 3539 2301 in
3566 2260 3656 2314 εε-

2071 2355 2222 2407 nere,
2239 2341 2332 2410 qui
2353 2340 2721 2410 posteritatem
2738 2339 3079 2410 multiplicari
3093 2339 3259 2395 voluit
3279 2354 3377 2409 per
3395 2352 3653 2402 amorem,
3721 2366 3724 2370 -

2070 2439 2126 2484 et
2151 2447 2313 2502 super
2334 2438 2572 2502 paternae
2591 2431 2806 2502 pietatis
2816 2430 2938 2500 jura
2967 2430 3112 2500 diligi
3141 2430 3395 2500 praecepit
3412 2443 3654 2484 uxorem.

2068 2519 2310 2590 Denique
2339 2522 2451 2591 ipse
2477 2521 2734 2580 Dominus
2764 2529 2946 2576 noster
2972 2520 3124 2578 Iesus
3163 2537 3285 2578 cum
3312 2520 3440 2574 dicit
3466 2537 3477 2572 :
3510 2517 3655 2583 Quod

2071 2611 2525 2683 Deusconjunxit,
2557 2613 2710 2668 homo
2732 2630 2838 2668 non
2862 2623 3066 2688 separet
3092 2613 3304 2685 (Matth.
3336 2629 3388 2678 x,
3421 2611 3510 2683 6),
3552 2611 3655 2668 tale

2069 2713 2154 2760 est
2173 2705 2325 2776 quasi
2369 2705 2460 2777 qui
2489 2705 2692 2764 diceret
2718 2723 2730 2759 :
2764 2703 2953 2760 Odisse
2983 2700 3076 2760 tibi
3117 2719 3340 2760 uxorem
3371 2719 3478 2758 non
3510 2703 3655 2766 licet,

2067 2813 2228 2869 quam
2250 2813 2337 2856 me
2367 2806 2589 2858 auctore
2610 2813 2792 2860 amare
2813 2798 3038 2872 ca:pisti.
3063 2797 3345 2852 Zelabatur
3365 2796 3508 2852 enim
3529 2812 3655 2856 ροη-

2061 2889 2393 2960 junctionem
2422 2903 2454 2944 a
2504 2903 2563 2949 se
2615 2888 2811 2943 factam
2853 2889 2989 2944 odiis
3022 2899 3044 2926 ε
3071 2887 3338 2957 jugalibus
3376 2886 3654 2941 maculari.

2067 2978 2266 3036 Rerum
2297 2995 2436 3036 nova
2463 2981 2821 3050 perversitas!
2856 2996 2975 3040 cum
2999 2996 3029 3034 a
3060 2980 3170 3034 Deo
3198 2980 3449 3052 puniatur
3475 2979 3656 3038 uxoris

2069 3072 2270 3138 odium,
2303 3073 2588 3128 damnatur
2616 3073 2682 3127 ab
2710 3072 3014 3128 hominibus
3039 3072 3473 3151 concupiscentia
3495 3071 3655 3136 mari-

378 3146 506 3229 eati.
550 3171 702 3240 Quod
743 3173 789 3226 si
828 3171 1153 3240 adjutorium
1194 3173 1460 3237 mulieris,
1507 3189 1615 3229 non
1644 3174 1712 3228 ad
1741 3146 1961 3244 repara-
1985 3146 2032 3208 Ο
2067 3172 2266 3219 torum.
2293 3165 2399 3220 Sed
2425 3165 2600 3234 justus
2621 3166 2790 3236 judex
2828 3181 2935 3222 non
2964 3166 3184 3222 damnat
3209 3149 3529 3222 desiderium
3559 3182 3649 3226 na-

379 3266 577 3319 tionem
602 3303 616 3324 ,
666 3261 760 3316 sed
811 3261 878 3314 ad
907 3261 1336 3316 consolationem
1365 3262 1549 3318 nescio
1576 3277 1736 3332 quam
1767 3263 1959 3321 dicatis

378 3356 540 3410 fuisse
570 3369 904 3418 concessum,
935 3352 1117 3422 dispar
1143 3368 1305 3408 sexus
1334 3355 1450 3410 sine
1477 3370 1642 3410 causa
1668 3363 1752 3412 est
1778 3357 1959 3416 condi-

379 3458 464 3503 tus
492 3449 560 3502 ab
588 3463 674 3512 eo,
698 3447 766 3501 de
791 3462 899 3516 quo
928 3445 1156 3514 legimus
1186 3446 1332 3514 quod
1379 3448 1558 3502 omnia
1607 3449 1660 3503 in
1689 3450 1956 3518 sapientia

378 3538 562 3592 fecerit
589 3536 705 3608 (Ps.
735 3552 842 3600 cur,
873 3535 986 3604 24).
1022 3535 1220 3590 Verum
1249 3537 1375 3604 quia
1407 3536 1733 3594 Testamenti
1761 3541 1958 3595 veteris

377 3627 513 3681 forte
542 3644 638 3681 vos
667 3627 962 3680 auctoritas
993 3641 1099 3680 non
1130 3635 1310 3691 tenet,
1341 3627 1407 3680 de
1435 3629 1620 3697 primis
1650 3630 1958 3685 hominibus

375 3720 501 3789 quid
550 3721 665 3788 ipse
711 3719 970 3774 Dominus
1037 3727 1224 3774 noster
1271 3719 1424 3774 Jesus
1469 3719 1712 3775 Christus
1763 3722 1959 3784 dixerit

375 3810 690 3871 auscultate.
725 3808 827 3874 Qui
847 3809 988 3879 fecit,
1015 3808 1204 3878 inquit,
1231 3808 1520 3864 masculum
1541 3819 1590 3864 et
1612 3812 1858 3880 feminam
1879 3811 1959 3866 be-

349 3901 575 3961 nedixit
613 3917 700 3954 eos
731 3909 780 3952 et
814 3899 985 3952 dixit:
1018 3899 1240 3970 Propter
1273 3901 1368 3954 hoc
1401 3901 1652 3972 relinquet
1684 3903 1838 3958 homo
1861 3923 1956 3975 pa-

377 4001 506 4044 trem
526 3999 574 4043 et
612 3998 858 4054 matrem,
884 3998 932 4042 et
963 3989 1245 4043 adhwrebit
1277 3993 1432 4044 uxori
1455 4009 1582 4057 saw,
1613 4002 1661 4046 et
1683 4003 1833 4048 erunt
1854 3995 1954 4051 duo

375 4083 431 4136 in
452 4098 610 4134 carne
629 4097 734 4134 una
761 4080 974 4150 (Matth.
1007 4099 1115 4144 XIX.
1149 4081 1313 4152 4-§)-
1360 4083 1427 4146 Ει
1457 4085 1540 4138 his
1569 4086 1731 4149 dictis
1761 4087 1954 4157 adjun-

378 4171 454 4224 xit
478 4188 490 4222 :
527 4167 678 4234 Quod
699 4187 816 4240 ergo
837 4169 977 4223 Deus
993 4171 1191 4240 junxit,
1217 4173 1369 4228 homo
1391 4191 1495 4228 non
1520 4186 1741 4247 separet.
1769 4177 1815 4230 Α
1842 4179 1953 4233 Deo

373 4261 534 4329 igitur
562 4259 752 4324 factos,
797 4276 826 4314 a
859 4259 968 4315 Deo
999 4261 1339 4329 benedictus,
1373 4280 1403 4318 a
1431 4265 1543 4332 Deo
1575 4267 1803 4338 legimus
1831 4283 1953 4328 esse

341 4399 356 4412 .
371 4351 707 4420 oonjunctos.

443 4441 612 4495 XXX.
645 4453 667 4482 ο
689 4441 760 4495 Et
787 4460 946 4498 miror
971 4461 1071 4516 qua
1092 4447 1264 4516 fronte
1285 4450 1752 4519 concupiscentiam
1775 4453 1950 4519 istam,

371 4549 464 4604 per
518 4549 674 4604 quam
721 4509 994 4605 conjugia'
1026 4509 1366 4603 celebrantur,
1418 4509 1606 4592 dicatis
1660 4559 1691 4594 a
1745 4509 1952 4598 diabolo

368 4641 480 4680 csse
506 4626 732 4680 humano
750 4629 919 4697 generi
942 4628 1215 4697 iuﬂictam.
1241 4627 1265 4666 ἀ
1283 4629 1414 4694 Quis
1441 4631 1583 4684 enim
1605 4631 1812 4686 dubitet
1839 4649 1950 4688 rem

366 4720 581 4786 malam,
625 4719 672 4774 si
703 4729 880 4774 tamen
927 4721 1066 4775 mala
1107 4728 1209 4782 est,
1243 4737 1273 4774 a
1303 4722 1414 4776 Deo
1443 4723 1586 4776 bono
1614 4723 1814 4778 homini
1845 4741 1953 4780 non

366 4813 605 4885 potuisse
634 4811 904 4867 conferri?
926 4810 983 4866 Si
1004 4812 1147 4867 enim
1175 4827 1206 4865 a
1235 4811 1347 4866 Deo
1369 4819 1451 4866 est
1483 4812 1625 4876 data,
1657 4814 1799 4890 bona
1835 4832 1954 4871 esse

367 4903 725 4977 dignoscitur;
757 4903 803 4960 si
852 4912 1029 4960 autem
1083 4905 1222 4962 mala
1281 4913 1380 4969 est,
1413 4913 1623 4960 constat
1663 4921 1691 4960 a
1739 4906 1952 4962 diabolo

367 5009 488 5051 esse
514 4994 758 5052 infusam.
783 4994 872 5050 Sic
901 4995 1043 5050 enim
1072 4994 1200 5073 dicit
1221 4995 1355 5052 liber
1375 5003 1553 5051 vester
1578 5015 1589 5050 :

437 5083 626 5138 XXXI.
661 5084 786 5149 Qum
811 5086 955 5140 Deus
998 5086 1225 5141 membra
1255 5089 1406 5158 fecit,
1435 5088 1514 5142 illi
1561 5091 1948 5159 praemicando

363 5179 605 5250 pudenda
651 5181 902 5252 fecerunt.
935 5181 993 5235 Si
1022 5181 1126 5236 hoc
1158 5198 1266 5246 non
1316 5190 1397 5235 est
1444 5182 1496 5235 in
1526 5183 1780 5236 membris
1806 5183 1949 5252 quod

362 5267 500 5325 Deus
523 5271 778 5335 condidit,
821 5280 874 5326 et
903 5289 1064 5342 super
1095 5273 1346 5328 fabricam
1389 5272 1482 5327 Dei
1512 5273 1757 5328 inimicus
1785 5289 1949 5343 appa—

362 5360 483 5427 ruit,
509 5369 564 5416 et
589 5361 700 5417 Deo
731 5363 898 5417 invito
920 5363 1045 5418 fecit
1063 5373 1363 5418 creaturam
1395 5364 1510 5432 ejus
1553 5366 1777 5419 alterunt
1799 5364 1945 5419 ordi-

430 5561 569 5630 é‘Ms.
595 5562 892 5630 Augiense:
917 5562 1103 5617 XXXI.
1132 5563 1426 5619 Ηιειιετιει.
1455 5562 1516 5618 Si
1538 5563 1806 5627 darentur,
1830 5570 1935 5618 etc.

427 5629 454 5673 ι’
494 5631 591 5717 ξε.
626 5629 769 5717 idem
798 5652 808 5686 :
836 5633 1156 5717 gignamur.
1197 5635 1478 5717 Videam-ur
1501 5651 1640 5717 ergo,
1671 5643 1772 5688 etc.

437 5712 457 5737 ε
495 5699 592 5755 Ms.
628 5703 766 5757 idem
792 5722 803 5755 :
836 5702 1047 5757 XXXII.
1075 5705 1366 5759 Ηιειιιῑτιοι.
1401 5704 1470 5756 Et
1500 5699 1660 5758 miror
1679 5721 1778 5782 qua
1801 5704 1941 5774 fron-

2065 3256 2256 3322 turale,
2287 3259 2400 3326 qui,
2425 3267 2484 3312 ut
2500 3258 2878 3328 multiplicaret
2896 3259 3126 3331 prolem,
3143 3258 3262 3314 ideo
3282 3258 3508 3314 inseruit
3535 3259 3654 3313 cha‘

2063 3350 2299 3405 ritatem.
2316 3349 2446 3404 Nam
2469 3366 2588 3406 cum
2618 3351 2684 3406 de
2713 3351 2964 3420 conjugio
2990 3359 3044 3406 et
3067 3350 3290 3422 repudio
3313 3357 3652 3416 tractaretur,

2065 3453 2190 3504 tunc
2236 3444 2496 3504 Dominus
2544 3447 2700 3502 istam
2758 3446 2979 3508 dictavit
3026 3445 3370 3509 sententiam,
3429 3443 3651 3506 dicens:

2065 3536 2215 3599 Quod
2267 3536 2406 3592 Deus
2450 3538 2660 3609 junxit,
2693 3537 2842 3590 homo
2897 3551 2997 3596 non
3055 3541 3275 3604 separet.
3306 3531 3421 3586 Hoc
3474 3539 3650 3593 autem

2061 3626 2184 3681 ideo
2214 3626 2367 3691 dixit,
2401 3633 2458 3679 ut
2505 3625 2809 3694 specialiter
2865 3623 3172 3692 nuptiarum
3218 3620 3650 3688 conjunctionem

2060 3730 2128 3770 ex
2157 3716 2268 3770 Deo
2315 3724 2432 3770 esse
2462 3722 2804 3769 monstraret.
2839 3713 2948 3767 Nec
3001 3713 3144 3766 enim
3192 3727 3310 3766 esse
3341 3712 3532 3781 potuit,
3558 3721 3648 3767 aut

2059 3810 2177 3864 sine
2225 3809 2606 3880 conjunctione
2649 3807 2985 3872 commixtio,
3018 3814 3111 3860 aut
3160 3806 3359 3874 absque
3388 3806 3650 3868 commix-

2061 3901 2209 3955 tione
2238 3899 2565 3968 conjunctio.
2599 3897 2654 3953 Si
2683 3913 2789 3967 non
2819 3913 2886 3952 ex
2915 3904 3162 3954 creatura
3192 3896 3431 3962 factoris,
3458 3896 3551 3950 sed
3581 3913 3647 3952 ex

2059 4001 2302 4063 peccato,
2355 3991 2631 4059 inquiunt,
2682 3988 3114 4059 concupiscentia
3169 3987 3461 4051 maritalis;
3520 4001 3646 4055 ergo

2057 4083 2350 4138 secundum
2403 4098 2498 4136 vos
2525 4081 2667 4135 Deus
2715 4081 2818 4134 hoc
2873 4081 2923 4133 in
2967 4079 3344 4133 benedictione
3371 4077 3645 4146 conjunxit

2055 4173 2200 4243 quod
2247 4173 2493 4228 diabolus
2542 4190 2640 4244 per
2685 4171 3178 4242 praevaricationem
3218 4169 3461 4230 inseruit.
3494 4167 3644 4235 Quod

2056 4265 2102 4328 si
2133 4265 2207 4324 ita
2250 4273 2350 4331 est,
2400 4281 2507 4330 non
2538 4264 2635 4319 fuit
2678 4262 3014 4317 adversarius
3053 4261 3147 4315 sed
3203 4260 3414 4329 adjutor
3455 4259 3569 4325 Dei,
3601 4260 3645 4315 si

2054 4370 2190 4424 quos
2217 4355 2358 4410 Deus
2388 4357 2439 4410 in
2467 4372 2631 4412 carne
2659 4371 2764 4409 una
2794 4369 2910 4409 esse
2938 4353 3125 4419 voluit,
3150 4369 3244 4423 per
3262 4352 3645 4421 concupiscen-

2054 4447 2186 4499 tiam
2235 4447 2620 4516 inseparabiles
2649 4447 2796 4510 fecit,
2825 4453 2880 4499 et
2919 4443 3063 4513 quod
3086 4444 3174 4498 ille
3199 4443 3356 4512 jussit
3379 4441 3563 4510 augeri
3593 4449 3647 4496 et

2056 4554 2320 4604 crescere,
2352 4539 2440 4593 hic
2465 4554 2562 4607 per
2588 4539 2732 4607 quod
2773 4537 2877 4593 hoc
2925 4537 3098 4607 ipsum
3142 4535 3286 4606 quod
3329 4535 3561 4604 jusscrat
3591 4541 3646 4589 ut

2055 4631 2371 4700 impleretur
2386 4631 2606 4684 invenit.
2630 4628 2674 4682 Ο
2693 4644 2854 4697 quam
2880 4628 3062 4682 infelix
3087 4628 3333 4699 impietas
3353 4635 3436 4683 est
3451 4643 3479 4681 a
3504 4625 3646 4680 Prai-

2055 4723 2334 4778 destinatis
2364 4723 2600 4784 inventa,
2634 4729 2690 4776 ut
2714 4737 2782 4778 ex
2812 4721 3253 4792 praevaricatione
3277 4720 3487 4774 dicatur
3516 4734 3660 4798 ever

2055 4817 2198 4870 uisse
2246 4814 2498 4880 hominis,
2528 4815 2671 4884 quod
2717 4823 2799 4872 est
2843 4830 2911 4869 ex
2957 4813 3331 4869 benedictione
3373 4809 3643 4870 Creatoris

2055 4909 2314 4962 insertum
2341 4907 2352 4959 !
2387 4906 2536 4961 Hanc
2555 4923 2650 4961 vos
2688 4907 2868 4962 dicitis
2897 4907 3070 4974 legem
3117 4903 3356 4973 peccati;
3382 4899 3475 4953 sed
3500 4898 3641 4951 hanc

2055 5016 2155 5056 nos
2184 5001 2355 5068 legem
2383 4999 2593 5068 generis
2631 5000 3058 5071 comprobamus,
3090 5009 3247 5064 quam
3277 5007 3373 5044 vos
3396 4986 3637 5042 criminis

2055 5090 2348 5156 accusatis;
2380 5097 2435 5145 et
2463 5091 2600 5145 hanc
2629 5107 2724 5144 nos
2745 5088 2968 5143 dicimus
2988 5098 3204 5139 causam
3227 5094 3343 5133 esse
3358 5079 3634 5147 virtutum,

2054 5197 2216 5251 quam
2242 5197 2340 5236 vos
2367 5181 2531 5236 vultis
2558 5179 2840 5236 ostendere
2869 5171 3147 5228 materiam
3187 5169 3460 5225 vitiorum.
3501 5167 3636 5226 Nam

2055 5289 2175 5328 cum
2205 5272 2322 5342 ejus
2357 5272 2678 5342 adjutorium
2713 5266 2868 5319 faciat
2901 5268 3153 5334 parentes
3181 5259 3436 5316 fecundos
3464 5260 3519 5314 in
3547 5274 3636 5313 so-

2055 5365 2198 5431 bole,
2223 5364 2380 5434 hujus
2398 5372 2670 5420 certamen
2700 5367 2754 5412 et
2781 5355 3119 5410 continentes
3146 5361 3360 5424 praestat
3388 5361 3444 5410 et
3470 5351 3632 5422 virgi-

2052 5572 2145 5669 ted
2307 5630 2449 5684 idem
2477 5646 2487 5678 :
2517 5625 2826 5686 CATIIOLICI.
2856 5627 2982 5694 Quis
3003 5628 3138 5680 enim
3155 5624 3366 5688 dubitet,
3383 5631 3488 5695 etc.

2124 5713 2144 5739 ε
2185 5700 2282 5753 Ms.
2327 5698 2487 5760 idem,
2519 5696 2897 5767 conjugnlibus.
