4238 6260
602 381 697 438 sn
945 359 949 364 ’
1669 375 2008 431 APPENDIX
2048 377 2136 430 Al)
2175 376 2795 434 PRA-JDESTINATUM.

3779 384 3892 441 673

609 501 700 558 aes
724 501 1004 570 gloriosos.
1039 497 1105 552 Et
1133 513 1200 552 ne
1245 496 1441 552 alicubi
1478 494 1635 565 hujus
1681 509 1805 550 esse
1834 494 2070 548 aestimes
2094 492 2192 548 de-
2219 496 2273 557 Α
2297 511 2456 580 quam
2486 496 2672 564 utique
2717 495 3188 564 comprobavimus
3216 511 3324 551 non
3354 496 3518 552 modo
3568 495 3892 568 conjugibns

602 591 933 654 trimentum,
959 588 1164 656 majora
1193 585 1538 657 repugnando
1566 601 1728 655 quam
1759 585 2060 654 adjuvando
2081 585 2189 638 lar-

599 683 768 750 gitur;
797 679 922 748 quia
967 678 1091 733 dum
1143 678 1380 747 adjuvat,
1425 680 1657 733 fructum
1694 677 1911 732 exhibet
1939 677 2184 745 generis;

511 797 518 804 -
597 771 725 827 dum
761 778 1042 840 repugnat,
1074 769 1282 825 confert
1308 770 1583 840 praemium
1617 768 1899 824 castitatis.
1933 767 2046 822 lllic
2073 767 2188 822 sine

597 861 753 932 culpa
800 866 1076 930 operatur,
1125 859 1214 915 hic
1240 867 1458 915 exercet
1501 873 1732 930 pugnam
1777 873 1897 912 cum
1941 872 2183 912 munere.

597 950 751 1007 Tolle
796 951 1314 1022 concupiscentiam,
1366 958 1420 1005 et
1474 958 1689 1005 cessant
1740 949 2015 1017 conjugia;
2060 948 2187 1003 tolle

598 1041 1112 1110 concupiscentiam,
1146 1048 1201 1096 et
1229 1047 1440 1096 cessant
1460 1041 1678 1111 praemia
1707 1039 1987 1113 castitatis.
2019 1039 2187 1105 Quale

598 1132 724 1197 hoc,
753 1146 910 1202 rogo,
939 1133 1140 1187 malum
1169 1140 1280 1196 est,
1311 1131 1455 1201 quod
1484 1132 1713 1202 duplicis
1732 1132 1860 1186 boni
1885 1147 2046 1186 causa
2067 1146 2187 1187 esse

602 1231 963 1290 monstretur;
992 1223 1136 1292 quod
1165 1223 1299 1278 alios
1338 1223 1390 1276 in
1419 1223 1782 1291 generationis
1810 1222 2004 1290 gaudio
2033 1223 2186 1276 exhi-

594 1311 709 1378 bet,
755 1313 892 1368 alios
932 1313 986 1368 in
1036 1312 1306 1381 triumpho
1331 1313 1578 1367 virtutis?
1604 1311 1708 1367 Alii
1749 1313 1893 1368 enim
1940 1327 2038 1382 per
2063 1328 2184 1368 cam

595 1411 891 1473 operantur
918 1403 1081 1468 licite,
1101 1401 1192 1456 alii
1214 1417 1312 1472 per
1335 1418 1453 1456 eam
1481 1403 1736 1458 dimicant
1761 1402 2010 1471 gloriose.
2029 1403 2185 1468 Quod

593 1493 639 1548 si
670 1493 832 1548 etiam
866 1493 918 1547 in
949 1493 1196 1548 omnibus
1224 1494 1337 1548 haec
1361 1493 1557 1547 dicitur
1575 1508 1694 1548 esse
1721 1501 2022 1562 peccatum,
2052 1509 2185 1547 con-

592 1591 701 1639 stat
729 1591 782 1638 et
810 1583 1081 1652 coniuges,
1114 1591 1168 1638 et
1197 1584 1554 1649 continentes,
1586 1592 1642 1639 et
1661 1583 1895 1652 virgines
1921 1599 2018 1654 per
2044 1584 2184 1640 hanc

592 1689 712 1729 esse
761 1673 1124 1739 damnandos;
1155 1674 1405 1728 omnibus
1445 1674 1588 1728 enim
1616 1674 1792 1728 inesse
1841 1675 2184 1742 cognoscitur

592 1777 690 1835 per
710 1773 978 1818 naturam.
1011 1763 1118 1819 Nos
1145 1780 1252 1818 non
1298 1765 1371 1818 ita
1397 1779 1518 1819 esse
1545 1764 1843 1818 sentimus:
1873 1763 1968 1819 sed
1991 1765 2178 1820 lauda-

2291 582 2632 643 fecunditatis
2658 586 3003 656 adiutorium,
3029 587 3123 642 sed
3152 589 3313 642 etiam
3339 587 3742 644 continentibus
3770 591 3890 660 pa!-

2290 696 2433 734 mam
2473 695 2635 750 posse
2663 677 2856 733 atl‘erre
2888 679 3116 734 virtutis.
3143 679 3316 734 Vultis
3342 697 3502 736 nosse
3529 681 3728 736 bonam
3750 683 3890 741 hanc

2289 787 2408 827 esse
2440 769 2972 841 concupiscentiam?
3014 771 3284 842 mysteriis
3311 785 3430 825 eam
3455 773 3786 841 mmparabo
3805 773 3890 827 di-

2289 863 2444 916 vinis.
2468 860 2585 916 Non
2613 861 2757 916 enim
2786 861 2960 916 solum
2981 860 3218 930 appetita
3241 862 3404 927 mala,
3428 862 3522 918 sed
3550 863 3714 917 etiam
3742 865 3884 920 bona

2288 960 2610 1024 prmsumpta
2639 951 3018 1006 condemnant.
3052 950 3203 1008 Pone
3233 953 3468 1022 aliquem
3502 963 3630 1010 ante
3676 955 3884 1026 baptis-

2288 1044 2448 1098 matis
2477 1043 2920 1098 illuminationem
2959 1059 3156 1113 corpus
3203 1045 3414 1100 Domini
3443 1050 3880 1118 pnesumpsisse;

2287 1138 2526 1206 nunquid
2559 1152 2665 1191 non
2696 1136 2795 1192 iste
2823 1136 2890 1190 de
2919 1137 3047 1192 boni
3071 1126 3490 1208 praésumptione
3515 1139 3882 1198 damnabitur?

2287 1227 2440 1294 Quod
2469 1229 2611 1283 enim
2634 1229 2752 1282 aliis
2780 1229 3036 1283 collatum
3061 1229 3356 1284 secundum
3386 1231 3632 1286 ordinem
3669 1235 3879 1291 confert

2286 1321 2533 1385 salutem,
2558 1320 2662 1375 hoc
2683 1320 2802 1374 aliis
2829 1320 3233 1377 damnationem
3277 1321 3405 1378 facit
3431 1331 3580 1378 extra
3608 1325 3877 1394 ordinem,

2285 1421 2437 1468 extra
2490 1423 2702 1483 tempus
2746 1421 3045 1484 acceptum.
3078 1414 3338 1470 Similiter
3364 1416 3411 1470 si
3458 1425 3670 1487 usurpet
3703 1418 3874 1474 laicus

2285 1505 2666 1570 sacerdotium,
2716 1505 2802 1560 vel
2843 1505 2888 1559 si
2929 1505 3254 1559 sacrificium
3305 1505 3500 1562 offerre
3544 1517 3869 1577 praesumat;

2284 1596 2522 1665 nunquid
2555 1611 2662 1650 non
2693 1595 2795 1650 iste
2823 1595 2891 1649 de
2919 1611 3028 1650 non
3057 1609 3313 1651 concessa
3343 1596 3442 1650 sibi
3483 1605 3750 1666 potestate
3775 1599 3872 1655 da-

2282 1690 2546 1745 mnandus
2573 1689 2689 1744 est?
2716 1687 2873 1754 Quod
2901 1688 2945 1742 si
2975 1687 3041 1742 de
3072 1697 3180 1742 tam
3209 1688 3410 1742 sanctis
3437 1689 3598 1744 rebus
3617 1706 3874 1760 praesum-

2283 1782 2396 1853 ptio
2417 1796 2570 1835 reum
2597 1779 2742 1844 facit,
2775 1794 2882 1833 non
2911 1779 3080 1845 actio,
3103 1786 3307 1848 quanto
3347 1781 3518 1848 magis
3544 1781 3598 1834 in
3618 1785 3874 1854 concupi«

591 1871 711 1909 mus
739 1870 857 1909 eam
887 1854 1128 1910 ordinem
1157 1871 1312 1909 suum
1357 1854 1767 1919 custodientem,
1798 1861 1854 1910 et
1881 1855 1994 1910 Deo
2021 1871 2178 1912 reve-
2208 1869 2256 1928 Β
2284 1871 2509 1937 δοεηιία,
2545 1886 2650 1924 non
2682 1869 2824 1924 aeuo
2864 1883 3017 1923 suum
3059 1867 3302 1923 ordinem
3331 1876 3539 1934 tenens,
3596 1871 3693 1925 sed
3721 1881 3872 1931 ειη,

591 1945 821 2000 rentiam
843 1944 1206 2000 exhibentem.
1240 1945 1307 1998 Et
1335 1944 1455 2001 ideo
1485 1946 1538 2000 in
1568 1945 1852 2014 baptizatis
1880 1947 2043 2000 etiam
2065 1948 2179 2018 ipsa

592 2023 947 2097 benedicitur,
978 2051 1086 2090 non
1114 2035 1347 2102 fugatur,
1369 2043 1425 2090 et
1452 2042 1676 2111 ornatur
1695 2036 1866 2103 magis
1885 2051 2045 2105 quam
2073 2038 2180 2092 tol-

590 2126 734 2181 litur.
759 2126 862 2193 Qui
889 2127 1032 2181 enim
1061 2125 1263 2182 fontem
1287 2142 1440 2196 aqua:
1459 2127 1712 2197 perennis
1740 2142 1882 2182 nunc
1907 2127 2181 2184 benedixit

591 2227 652 2274 ut
677 2233 1083 2275 renasceremur
1109 2218 1440 2297 spiritaliter,
1468 2219 1583 2289 ipse
1607 2227 1733 2274 tunc
1759 2219 2032 2274 benedixit
2056 2237 2182 2276 con-

591 2311 748 2381 juges
776 2320 834 2366 ut
871 2311 1159 2368 carnaliter
1184 2326 1544 2367 nasceremur.
1583 2308 1737 2366 Hunc
1765 2325 1894 2379 ergo
1923 2313 2178 2382 concupi-

591 2402 813 2460 scentiae
837 2410 1061 2469 motum,
1081 2403 1222 2458 sicut
1244 2410 1438 2458 cetera
1459 2402 1562 2456 alia
1583 2402 1842 2465 membra,
1867 2417 1897 2455 a
1919 2400 2178 2458 Creatore

587 2496 939 2566 suscepimus.
965 2495 1020 2550 Si
1049 2495 1170 2550 ideo
1213 2501 1296 2550 est
1333 2494 1768 2564 concupiscentia
1798 2494 2018 2558 malum,
2050 2495 2175 2564 quia

587 2601 686 2659 per
712 2587 853 2642 hanc
879 2584 1498 2656 aliquotiesadulterium
1519 2585 1752 2653 geritur;
1774 2598 1905 2653 ergo
1923 2592 2176 2640 etmanus

585 2678 727 2736 mala
755 2686 868 2744 est,
902 2678 1028 2748 quia
1075 2692 1173 2748 per
1219 2678 1359 2732 hanc
1405 2675 1753 2732 homicidium
1815 2685 2170 2748 perpetratur.

587 2770 851 2826 Accusate
891 2778 948 2826 et
985 2771 1248 2840 linguam,
1279 2769 1404 2839 quia
1433 2784 1531 2839 per
1579 2769 1747 2838 ipsam
1775 2767 2177 2839 blasphematur

585 2863 759 2928 Deus;
789 2862 1046 2917 damnate
1067 2869 1124 2916 et
1143 2861 1358 2932 pedem,
1387 2860 1532 2931 quod
1560 2860 1837 2916 hominem
1865 2859 2080 2914 duxerit
2109 2860 2176 2914 ad

583 2955 828 3026 lupanar.
859 2954 950 3010 Sic
978 2953 1038 3008 fit
1066 2961 1124 3008 ut
1153 2970 1258 3009 non
1306 2953 1421 3009 sola
1450 2953 1906 3023 concupiscentia,
1931 2952 2024 3008 sed
2054 2953 2174 3008 uni-

583 3059 735 3100 versa
762 3060 795 3098 a
819 3045 973 3100 vobis
994 3045 1236 3100 membra
1256 3045 1594 3100 damnentur.
1627 3044 2002 3114 Respondeam
2023 3044 2175 3099 vobis

580 3150 679 3192 ore
729 3136 1018 3201 catholico,
1047 3137 1303 3206 quoniam
1328 3136 1470 3191 sicut
1500 3150 1691 3190 manus
1737 3134 1877 3190 facta
1919 3143 2032 3201 est,
2064 3151 2172 3190 non

2283 1961 2525 2017 ordinem
2551 1960 2782 2025 vadens,
2814 1967 3038 2014 vocatur
3064 1959 3117 2013 in
3142 1959 3385 2026 crimine,
3411 1968 3467 2015 et
3491 1960 3619 2016 facit
3651 1963 3872 2018 maledi-

2280 2062 2426 2110 ctum
2448 2061 2600 2108 extra
2620 2053 2862 2108 ordinem
2887 2058 3126 2118 euntem,
3157 2067 3317 2121 quem
3345 2053 3687 2109 benedictum
3707 2054 3873 2111 Crea-

2280 2153 2368 2201 tor
2393 2147 2448 2200 in
2477 2161 2576 2201 suo
2623 2145 2813 2200 ordine
2856 2145 3177 2200 collocavit?
3200 2144 3354 2210 Quod
3381 2145 3428 2200 si
3456 2146 3530 2200 ita
3559 2154 3664 2211 est,
3707 2149 3873 2205 immo

2278 2239 2402 2308 quia
2432 2237 2505 2291 ita
2532 2245 2633 2300 est,
2665 2236 2790 2306 quid
2843 2236 3116 2306 patimini,
3176 2235 3434 2303 infelices,
3476 2238 3568 2307 qui
3618 2242 3865 2296 volentes

2279 2329 2556 2383 exinanire
2601 2327 2940 2397 baptismatis
2979 2326 3460 2394 restaurationem,
3509 2329 3689 2384 dicitis
3730 2331 3872 2388 hanc

2277 2419 2767 2489 concupiscentiam
2795 2417 2914 2472 ideo
2935 2419 3279 2484 remansisse,
3299 2434 3368 2474 ne
3392 2427 3502 2495 tota
3523 2435 3592 2475 ex
3611 2423 3868 2488 amussim

2278 2510 2484 2566 homini
2514 2517 2733 2580 peccata
2763 2508 3074 2564 viderentur
3113 2508 3356 2564 indulta?
3401 2509 3512 2564 Cur
3548 2527 3654 2565 non
3697 2512 3867 2580 magis

2277 2601 2404 2655 hinc
2428 2600 2582 2655 vobis
2609 2599 2771 2655 debet
2799 2614 2921 2655 esse
2949 2600 3205 2682 suspicio,
3233 2600 3373 2656 hanc
3393 2615 3501 2655 non
3529 2615 3648 2656 esse
3673 2615 3864 2671 pecca-

2281 2698 2413 2755 tum,
2445 2689 2589 2760 quod
2632 2689 2684 2744 in
2724 2690 3009 2763 baptizatis
3036 2690 3340 2745 hominibus
3380 2707 3488 2746 non
3525 2691 3766 2746 deletur?
3803 2690 3863 2750 Si

2281 2774 2424 2829 enim
2449 2781 2592 2829 esset
2611 2781 2913 2844 peccatum,
2940 2773 3126 2842 utique
3171 2774 3311 2829 sicut
3336 2782 3526 2830 caetera
3563 2775 3860 2831 tolleretur.

2277 2863 2444 2930 Igitur
2461 2863 2554 2932 qui
2583 2877 2681 2932 per
2707 2863 3195 2932 concupiscentiam
3215 2865 3552 2934 baptismatis
3574 2865 3717 2921 dona
3742 2866 3862 2921 exi-

2279 2955 2466 3009 nanire
2485 2954 2826 3019 contenditis,
2856 2955 3190 3010 conditorem
3207 2957 3653 3027 concupiscentia
3679 2957 3865 3012 diabo-

2278 3045 2390 3100 lum
2413 3061 2534 3100 esse
2561 3045 2905 3100 monstratis:
2933 3060 3031 3115 per
3058 3060 3218 3114 quem
3243 3045 3450 3102 docetis
3473 3056 3529 3102 et
3553 3046 3862 3103 Creatorem

2217 3147 2224 3152 '
2277 3134 2330 3188 in
2360 3151 2457 3190 sua
2488 3136 2805 3204 operatione
2843 3135 2969 3190 dum
2996 3136 3254 3191 conderet
3276 3137 3554 3204 defecisse,
3580 3147 3636 3192 et
3657 3138 3863 3208 baptis-

583 3229 651 3284 ad
678 3227 1051 3293 occidendum,
1074 3227 1170 3284 sed
1198 3228 1265 3283 ad
1292 3225 1654 3296 operandum;
1683 3233 1739 3280 et
1769 3226 1946 3295 lingua
1975 3242 2082 3280 non
2107 3227 2174 3282 ad
2200 3227 2248 3290 C
2279 3241 2426 3279 mum
2455 3226 2780 3281 tribuentem
2793 3242 2859 3282 ex
2889 3227 3100 3296 integro
3129 3243 3236 3283 non
3260 3229 3494 3299 potuisse
3521 3243 3856 3284 succurrere.
3935 3270 3940 3273 ς

582 3317 1080 3389 blasphemandum,
1113 3317 1208 3373 sed
1231 3317 1300 3372 ad
1319 3317 1544 3386 gloriam
1567 3315 1839 3372 Creatoris
1858 3324 1914 3371 et
1941 3317 2171 3383 laudem;
2280 3314 2565 3370 Habebunt
2611 3316 2886 3372 vobiscum
2936 3326 3143 3387 partem
3184 3318 3273 3387 qui
3298 3334 3392 3373 vos
3417 3318 3484 3372 ad
3515 3334 3575 3373 se
3624 3319 3854 3376 libenter

581 3417 637 3466 ct
664 3410 1126 3472 membra‘omnia,
1159 3425 1267 3465 non
1295 3415 1355 3463 ut
1380 3407 1525 3462 vitiis
1565 3408 1832 3473 serviant,
1863 3408 1957 3464 sed
1978 3409 2174 3465 divinis
2201 3395 2210 3404 ’
2277 3407 2581 3462 admittunt.
2609 3407 2877 3478 Scriptum
2915 3417 3000 3464 est
3023 3410 3161 3464 enim
3201 3425 3323 3464 reos
3355 3409 3487 3473 fore,
3519 3425 3628 3464 non
3668 3409 3846 3466 solum

585 3501 868 3573 praeceptis
889 3501 1166 3567 insistant;
1212 3501 1286 3556 ita
1316 3506 1372 3556 et
1399 3499 1832 3570 concupiscentia
1859 3507 2063 3554 naturae
2091 3507 2174 3555 est
2273 3497 2364 3566 qui
2393 3498 2730 3568 iniquitatem
2762 3498 2981 3564 faciunt,
3015 3499 3108 3554 sed
3136 3500 3300 3554 etiam
3327 3515 3421 3556 eos
3453 3516 3595 3570 quos
3617 3501 3697 3556 eis
3718 3516 3852 3557 con-

579 3593 760 3661 insita,
809 3608 917 3649 non
945 3591 1014 3647 ad
1038 3591 1468 3670 adulterandum,
1499 3589 1594 3646 sed
1639 3590 1709 3646 ad
1757 3589 2122 3660 generandum
2151 3607 2164 3644 :
2264 3589 2470 3669 _stiterit
2489 3591 2823 3646 consensisse
2853 3589 3028 3661 (Rom.
3061 3607 3097 3657 l,
3129 3590 3250 3662 52).

648 3815 817 3871 Non.
859 3815 989 3870 Post
1007 3823 1108 3870 tres
1129 3814 1286 3871 libros
1309 3813 1654 3884 praecedentes
1667 3812 1923 3884 habentur,
1947 3809 2084 3880 apud
2095 3809 2432 3884 Simondum
2461 3819 2703 3884 excerpta
2723 3811 2826 3865 duo
2835 3809 3350 3884 _Com_mentariorum
3380 3809 3595 3884 Antonii
3614 3809 3845 3884 Jun‘ioris

577 3888 635 3942 in
663 3885 921 3958 Psalmos,
954 3886 1133 3958 quibus
1183 3879 1892 3958 οιςιεήάᾷῑιιιῇρτόρίηίῃιξιιιε,⁸
1908 3879 2063 3934 immo
2093 3881 2336 3935 identitas
2366 3879 2622 3958 doctrinm
2660 3882 2796 3934 inter
2825 3880 3264 3958 Prwdestinatum
3285 3888 3341 3958 et
3365 3881 3662 3958 ᾼνῃοῡὶριηι.
3687 3879 3843 3951 Cujus

579 3973 694 4011 cum
706 3957 822 4027 jam
840 3949 1202 4028 protulerinqu
1215 3973 1342 4028 opus
1365 3949 1632 4028 (quaoth
1660 3949 1728 4007 ad
1751 3952 1846 4007 hoc
1874 3951 2115 4004 lectorem
2140 3967 2450 4006 revocemus.
2491 3951 2780 4006 Videantur
2804 3968 2927 4023 ergo
2947 3949 3331 4006 Commentario
3357 3952 3412 4004 in
3437 3949 3676 4004 Psalmos
3704 3949 3843 4007 cxvn

578 4022 850 4082 ct'ciLvu.
880 4027 1055 4098 Supra
1074 4027 1174 4082 col.
1199 4022 1298 4079 491
1322 4034 1372 4080 et
1401 4023 1524 4077 565.
1547 4022 1698 4078 Eutr.

1862 4175 3838 4201 ~————.—_——_—_—_——_

595 4183 1856 4209 w—

1707 4298 2714 4415 ΔΙΙΡΙΡΙΞΕΕΙῑΙΞΞ-

1995 4598 2575 4707 ιΕοΤοΒι”

644 4789 744 4860 Qui
773 4798 895 4862 post
923 4787 1292 4862 Praxdestinati
1323 4787 1488 4862 nostri
1513 4787 1824 4862 editionem;
1847 4787 1939 4862 qui
1968 4801 2091 4862 cum
2120 4785 2352 4856 antiquis
2374 4783 2860 4862 Praedestinatianis
2888 4779 3354 4862 primusomnium
3387 4787 3830 4862 congressus-est,

574 4869 628 4919 et
653 4849 792 4934 post.
804 4860 1060 4934 epistolas
1091 4859 1414 4934 Rabaniqui
1442 4857 1658 4914 eosdem
1687 4857 1741 4911 in
1781 4849 2137 4934 Gothescalco
2166 4849 2511 4934 renascentes
2539 4855 2731 4934 iterum
2760 4849 3045 4934 oppressit,
3076 4851 3143 4932 d_e
3171 4851 3255 4932 his
3287 4865 3429 4934 nunc
3457 4849 3739 4934 etiamplli
3768 4865 3837 4932 ne

573 4919 806 5004 unquam
840 4919 1041 5004 fuerint
1066 4919 1410 5004 quaerendum
1437 4935 1646 5004 putant,
1676 4927 1957 5004 t_am_clara
1970 4927 2040 5004 in
2080 4927 2196 4981 luce
2224 4925 2367 5004 ultro
2395 4926 2753 4989 abeutientes,
2773 4919 2906 5004 .
2949 4932 3056 4975 tam
3098 4919 3354 5004 ipsiuquid
3381 4934 3567 5004 verum
3595 4920 3834 5004 sit,‘opi-

571 4988 698 5071 nor',
724 5020 832 5060 non
860 5001 1063 5066 vident,
1083 4988 1252 5070 'quam
1280 4988 1462 5054 videre
1489 5015 1547 5053 se
1575 4988 1928 5071 dissimulant.
1953 4996 2138 5071 Quare
2164 4995 2309 5063 quod
2345 4995 2483 5048 hanc
2518 4988 2873 5071 quoqu_e9_il_|is
2903 4988 3345 5071 operam—tribuo,
3380 4998 3438 5071 ut
3476 4988 3832 5071 Rnedestina-

571 5059 727 5130 tian'm
755 5073 990 5129 historia:
1028 5059 1304 5142 praecipua
1334 5084 1557 5142 quasque
1587 5069 1843 5142 digeram,
1887 5059 2003 5121 sub'
2017 5059 2286 5142 unumque
2307 5059 2597 5142 aspectum
2627 5059 3065 5142 subjiciam,’n.on
3097 5059 3300 5142 idango,
3328 5059 3538 5142 _ut‘.rei‘
3575 5068 3830 5142 tanquam

568 5128 740 5200 dubiae
759 5128 898 5215 apud
919 5128 1065 5213 ipso's
1095 5128 1251 5215 ﬁdem
1281 5128 1621 5215 faciam';__s_ed
1643 5128 1709 5192 ἷιι
1739 5128 1839 5215 ipsi
1863 5152 1958 5206 per
1985 5153 2123 5215 sese,
2150 5128 2276 5215 dum
2305 5128 2446 5215 inter
2473 5128 3046 5215 veterum'tcs‘timonia
3075 5130 3168 5198 qui
3194 5128 3608 5212 Pratdestinatos
3630 5130 3696 5215 ‘in
3717 5129 3840 5211 ha:-

566 5199 748 5269 reticis
776 5199 1079 5277 numerant,
1107 5220 1162 5265 et
1191 5211 1330 5265 inter
1367 5199 1593 5264 conCilia
1619 5223 1738 5277 quae
1756 5199 1897 5277 :illo's
1925 5199 2304 5265 condemnant,
2330 5202 2689 5277 Augustinum
2730 5201 2948 5277 audient
2984 5201 3179 5254 horum
3207 5215 3444 5277 errorem
3468 5201 3520 5253 in
3562 5207 3685 5253 ortu
3713 5199 3833 5277 ipso

557 5268 873 5352 castigasse,
903 5268 1077 5352 deque
1103 5281 1291 5336 iisdem
1323 5268 1653 5352 Prosperunf
1675 5285 1730 5331 et
1754 5276 2178 5352 llilarium,_tn_m
2207 5275 2347 5344 apud
2370 5268 2720 5352 Augustinum
2750 5288 2847 5352 per
2873 5271 3098 5352 litteras,
3131 5277 3242 5324 tum
3267 5268 3660 5352 Romaecoram
3689 5268 3834 5352 apud

499 5411 502 5416 ,
566 5339 912 5408 ϐωιθέῑὶηιιὲιι
935 5339 1155 5421 questos
1174 5367 1312 5416 esse,
1343 5351 1427 5405 vel
1448 5339 1700 5421 nolentes
1719 5339 2163 5421 agnoscanthuic
2385 5339 2537 5413 plura
2566 5339 2864 5421 suﬁragari,
2895 5341 3244 5412 pluribusque
3271 5354 3390 5394 eam
3418 5339 3515 5394 niti
3549 5339 3830 5421 prasidiis,

491 5411 502 5451 ί
565 5437 729 5492 quam
752 5408 1002 5492 putaram
1023 5438 1038 5485 ;
1061 5429 1115 5492 et
1143 5436 1248 5492 qua
1275 5408 1341 5492 de
1367 5436 1427 5475 re
1449 5419 1605 5492 aliter
1617 5408 2026 5492 _olim'se_nserit_
2043 5431 2202 5492 nemo
2234 5408 2492 5492 {ecquem
2514 5413 2657 5468 enim
2690 5408 2756 5492 ex
2773 5408 2996 5492 illorum
3027 5408 3611 5492 temporttm‘memoria
3639 5408 3830 5492 profer

566 5479 689 5549 r'ent
721 5479 813 5561 q'ui
832 5479 1205 5561 reclamarit?)
1229 5490 1372 5561 solos
1392 5489 1590 5560 pudeat
1615 5488 1759 5556 ipsos
1777 5485 2049 5540 reluctari.
2080 5479 2400 5561 Nondjﬂido
2422 5483 2636 5561 futuros.
2653 5483 2744 5552 qui
2767 5482 2979 5561 tandem
3010 5479 3374 5561 acquiescant,
3406 5479 3832 5561 et‘manusllent

564 5545 808 5637 iéiiiaiﬁ
831 5559 1090 5637 Viderint,
1115 5560 1165 5637 si
1187 5545 1279 5637 qui
1306 5545 1614 5637 obstrepere
1634 5545 1893 5637 .pergent,
1923 5571 2027 5637 qua
2058 5555 2430 5637 spedeinceps
2453 5561 2508 5607 et
2531 5545 2723 5637 quibus
2752 5545 3254 5637 armispugnaturi‘
3421 5548 3563 5637 liam
3579 5545 3830 5637 ἐξιῇ-φῖ-

563 5633 860 5698 destinatis,
901 5631 1030 5702 quin
1058 5620 1113 5686 et
1140 5620 1338 5702 fuerint
1364 5646 1423 5685 re
1450 5620 1586 5699 ipsa,
1619 5620 1672 5682 ei
1702 5620 2195 5702 haeretici'fucrint,
2228 5633 2339 5688 tuo,
2371 5620 2430 5678 ut
2457 5620 2636 5702 spero,
2679 5624 2868 5702 lector,
2919 5620 3120 5691 judicio
3157 5620 3376 5676 dubium
3420 5635 3528 5674 non
3564 5620 3675 5700 erit
3715 5634 3830 5702 nec

564 5689 865 5776 obscurum,
897 5689 1021 5776 post
1049 5711 1158 5757 tam
1201 5701 1368 5756 multa
1417 5689 1489 5755 et.
1517 5689 1623 5756 tam
1653 5706 1799 5755 certa
1847 5697 2164 5753 documenta
2183 5689 2313 5766 qua:
2341 5689 2692 5766 comprobant
2742 5689 2958 5750 vincere
2987 5709 3080 5749 eos
3121 5707 3228 5747 non
3278 5705 3436 5760 posse
3485 5689 3578 5758 qui
3605 5695 3828 5744 contra-

562 5773 766 5834 dicunt.
