4238 6260
606 416 709 481 683

1677 396 2015 463 APPENDIX
2054 398 2144 459 AD
2160 394 2166 403 ’
2180 402 2341 459 Pthii}
2351 398 2806 461 DESTINATUM.

3769 399 3879 458 684

602 540 912 593 mensuram
936 522 1109 600 gratia
1149 525 1493 598 prmced'ente-
1529 530 1587 577 et
1631 529 1828 577 conatu
1872 525 2185 589 assurgente
2210 525 2261 584 Λ
2289 518 2523 580 recentia
2553 525 2751 600 statuta
2795 516 3037 583 concilii,
3086 515 3282 571 damno
3327 516 3608 573 vobiscum
3638 532 3878 576 sensum

603 638 711 683 non
753 623 1014 693 sequitur,
1067 618 1259 690 dignus
1304 616 1415 672 erit
1462 613 1558 684 qui
1613 622 1643 668 a
1695 612 1863 667 sacris
1915 609 2187 665 liminibus

602 700 867 772 arceatur.
893 711 1007 783 Ego
1037 716 1216 767 tamen
1229 707 1562 765 individuam
1584 704 1880 761 bonitatem
1900 710 2049 758 tuam
2069 707 2187 757 toto

598 809 827 865 sinceras
842 802 1197 873 benignitatis
1224 799 1474 870 amplexu
1513 798 1569 851 in
1613 796 1703 850 via
1744 793 2012 859 retinens,
2043 792 2186 846 intra

599 899 791 957 matris
816 895 1069 952 Ecclesia:
1096 891 1357 962 gremium
1400 896 1719 960 permanere
1753 884 2037 957 repudiato
2081 882 2187 938 hoc

599 1000 788 1048 errore
830 986 1113 1043 desidero.-
1138 984 1242 1051 Qui
1283 982 1331 1038 si
1358 981 1478 1038 cito
1522 985 1805 1051 respuatur
1821 1016 1837 1043 ,
1884 975 2184 1045 ignorantia

598 1081 765 1137 tuisse
789 1076 1074 1141 videbitur;
1095 1072 1586 1145 blasphemiam“)
1604 1066 1957 1141 reputabitur,
1989 1066 2034 1121 si
2064 1079 2187 1136 per-

599 1160 851 1227 tinac'iter
885 1166 1218 1224 defendatur.
1260 1162 1492 1221 Clavem
1536 1174 1767 1230 namque
1809 1159 1861 1214 in
1909 1164 2186 1214 auctorem

602 1265 978 1330 retorquemus
1008 1256 1293 1322 invidiam,
1322 1255 1368 1311 si
1394 1255 1637 1310 dicamus
1663 1249 1809 1321 quod
1832 1250 1888 1305 ‘ei
1916 1248 2187 1319 possibilia

600 1361 766 1409 tatem
798 1346 1146 1422 capessendis
1163 1348 1352 1404 salutis
1374 1345 1610 1402 noluerit
1628 1344 1760 1401 dare
1786 1343 1880 1413 qui
1903 1342 2065 1413 periit
2082 1379 2096 1404 ,
2135 1340 2186 1394 ei

600 1447 864 1502 duntaxat
889 1445 982 1514 qui
1008 1454 1203 1515 cepere
1238 1442 1356 1511 jam
1392 1446 1588 1510 posset
1620 1437 1831 1491 arbitrii
1858 1434 2181 1497 libertatem,

599 1554 724 1596 cum
744 1540 965 1595 minime
988 1534 1189 1607 negans
1213 1536 1481 1607 possimus
1505 1533 1646 1605 quod
1670 1531 1905 1588 mandati
1933 1530 2185 1602 praevari-

599 1639 837 1687 catorem
885 1631 937 1685 in
964 1629 1149 1699 judicii
1194 1628 1277 1684 sui
1320 1625 1718 1681 examinatione
1757 1622 2051 1678 damnabit.
2083 1620 2185 1687 Qui

599 1722 745 1778 enim
765 1735 871 1777 non
900 1729 983 1776 est
1005 1718 1275 1775 obnoxius
1300 1718 1368 1773 de
1395 1722 1665 1787 suscepto,
1696 1714 1882 1769 nescio
1909 1711 2183 1782 quomodo

580 1788 724 1871 .reus
749 1812 918 1884 possit
939 1818 1059 1868 esse
1075 1810 1143 1867 de
1162 1808 1400 1881 perdito;
1430 1822 1497 1864 ac
1516 1808 1600 1864 sic
1622 1813 1911 1878 peccantes
1931 1805 1986 1859 in
2014 1803 2183 1859 Deum

2277 611 2435 682 illum
2473 610 2566 679 qui
2590 594 2733 665 dicit
2776 609 3023 665 humanae
3050 607 3369 665 obedientite
3414 610 3656 667 laborem
3681 610 3879 669 divina:

2285 704 2470 773 gratim
2497 718 2604 759 non
2634 717 2753 759 esse
2774 701 3133 772 jungendum;
3164 701 3258 771 qui
3286 700 3415 758 dicit
3434 709 3559 773 post
3586 703 3751 774 primi
3775 705 3877 761 ho-

2286 795 2446 850 minis
2460 794 2667 867 lapsum
2689 810 2757 852 ex
2779 801 2894 851 toto
2917 793 3196 851 arbitrium
3213 793 3506 850 voluntatis
3523 796 3871 865 exstinctum;

2286 880 2379 957 qui
2407 887 2537 943 dicit
2561 888 2708 959 quod
2751 886 2996 951 Christus
3042 882 3300 941 Dominus
3320 894 3384 951 et
3408 884 3663 945 Salvator
3689 898 3875 947 noster

2286 987 2516 1035 mortem
2545 994 2651 1035 non
2678 994 2778 1050 pro
2806 978 3047 1035 omnium
3068 978 3242 1033 salute
3270 978 3594 1047 susceperit;
3624 979 3719 1047 qui
3744 981 3875 1035 dicit

2285 1071 2431 1142 quod
2457 1071 2791 1144 prmscientia
2820 1070 2913 1126 Dei
2954 1069 3229 1125 hominem
3274 1068 3539 1125 violenter
3584 1073 3873 1141 compellat

2286 1158 2353 1219 ad
2384 1171 2635 1226 mortem,
2665 1162 2751 1219 vel
2778 1160 2921 1233 quod
2948 1175 3072 1217 cum
3102 1160 3196 1215 Dei
3224 1169 3448 1229 pereant
3476 1162 3756 1239 voluntate
3781 1163 3872 1234 qui

2285 1265 2539 1327 pereunt;
2596 1255 2696 1325 qui
2751 1254 2881 1309 dicit
2928 1252 3072 1321 quod
3126 1260 3251 1323 pest
3284 1240 3579 1321 acceptum
3636 1254 3870 1321 legitime

2286 1349 2605 1420 baptismum
2635 1347 2687 1400 in
2718 1344 2885 1400 Adam
2916 1345 3175 1400 moriatur
3204 1346 3507 1415 quicunque
3545 1346 3866 1416 deliquerit;

2286 1439 2379 1510 qui
2404 1434 2533 1494 dicit
2572 1436 2708 1495 alios
2736 1437 3022 1508 deputatus
3051 1438 3117 1491 ad
3154 1429 3416 1503 mortem,
3449 1436 3578 1492 alios
3602 1437 3669 1492 ad
3697 1438 3867 1494 vitam

2285 1530 2721 1602 praedestinatos;
2751 1530 2844 1598 qui
2863 1528 2993 1585 dicit
3021 1529 3088 1583 ab
3110 1512 3281 1583 Adam
3313 1542 3479 1597 usque
3510 1528 3577 1583 ad
3594 1527 3867 1587 Christum

2286 1608 2463 1679 nullos
2491 1636 2555 1677 ex
2592 1622 2839 1689 gentibus
2868 1635 2964 1691 per
2998 1622 3230 1691 primum
3260 1620 3355 1675 Dei
3384 1622 3631 1691 gratiam,
3678 1623 3731 1677 id
3759 1632 3867 1693 est,

2286 1728 2383 1786 per
2409 1714 2581 1783 legem
2609 1722 2842 1779 natnne,
2877 1714 2929 1767 in
2960 1709 3247 1767 adventum
3276 1710 3474 1771 Christi
3502 1714 3667 1771 fuisse
3693 1716 3869 1772 salva-

2286 1814 2399 1872 tos,
2430 1814 2486 1861 et
2504 1806 2649 1875 quod
2670 1805 2895 1860 liberum
2916 1798 3192 1862 arbitrium
3213 1805 3269 1877 in
3295 1804 3469 1876 primo
3496 1817 3720 1877 parente
3746 1826 3869 1880 per-

599 1905 751 1977 cujus
774 1905 829 1959 in
855 1905 1043 1976 primis
1060 1901 1386 1961 assemimns
1404 1900 1657 1969 gratiam,
1679 1898 1732 1953 in
1758 1895 2044 1968 postremis
2067 1894 2181 1965 ejus
2212 1898 2256 1960 Β
2284 1896 2542 1963 diderint;
2572 1898 2664 1965 qui
2692 1897 2822 1951 dicit
2839 1896 3174 1967 patriarchas
3191 1897 3595 1981 acyrophetas,
3619 1900 3707 1956 vel
3725 1916 3870 1957 sum-

598 1996 899 2052 videbimur
917 1996 1231 2066 impugnare
1246 1991 1523 2062 justitiam.
1549 1990 1717 2060 Hujus
1738 1998 1918 2044 autem
1939 1988 2179 2059 epistola:

599 2088 875 2158 exemplar
923 2101 1133 2141 mecum
1176 2085 1413 2145 retineo,
1462 2084 1513 2137 in
1557 2088 1828 2161 conventu
1872 2090 2178 2137 sanctorum

510 2162 519 2170 ’
599 2179 913 2243 antistitum,
945 2178 990 2234 si
1014 2178 1093 2232 ita
1120 2188 1341 2231 necesse
1362 2174 1546 2239 fuerit,
1564 2160 1975 2244 proferendum.
2008 2171 2180 2239 Quam

597 2272 645 2327 si
671 2269 1066 2340 suscipiendam
1108 2267 1375 2339 putaverit
1400 2266 1709 2324 fraternitas
1749 2274 1839 2321 tua
1864 2307 1877 2331 ,
1926 2272 2019 2320 aut
2055 2265 2182 2320 sub-

597 2362 851 2434 scriptam
866 2367 1031 2416 manu
1052 2360 1266 2431 propria
1289 2370 1416 2414 mox
1438 2359 1698 2423 remittat,
1723 2367 1816 2414 aut
1833 2357 2182 2428 sequentibus

598 2451 811 2524 scriptis
838 2453 1058 2508 omnino
1086 2465 1163 2507 se
1210 2450 1543 2521 improbasse
1581 2450 1924 2522 respondeat.
1955 2448 2109 2517 Quod
2138 2449 2183 2504 si

600 2557 721 2597 eam
768 2542 1149 2611 subscriptam,
1204 2548 1267 2596 ut
1316 2541 1459 2607 dixi,
1519 2541 1879 2597 transmittere
1924 2542 2179 2605 nolueris,

596 2641 783 2706 aperte
800 2633 979 2689 adhuc
996 2642 1054 2688 te
1072 2633 1127 2687 in
1144 2616 1332 2689 errore
1352 2634 1641 2704 persistere
1661 2633 1777 2705 ipso
1800 2635 2013 2691 silentio
2032 2650 2181 2689 com-

598 2726 881 2799 probabis;
908 2742 970 2781 ae
990 2725 1215 2796 proinde
1229 2726 1341 2796 jam
1368 2727 1751 2783 necessitatem
1772 2726 1903 2781 mihi
1932 2725 2095 2781 facies
2114 2726 2181 2780 ad

596 2834 880 2890 personam
903 2827 1047 2873 tuam
1066 2819 1293 2889 publicis
1318 2820 1671 2875 conventibus
1698 2817 2089 2890 exponendam.
2116 2818 2184 2873 Et

594 2907 718 2967 ideo
742 2909 1037 2965 secundum
1062 2908 1178 2965 haec
1202 2923 1323 2979 quae
1351 2926 1382 2965 a
1407 2920 1649 2966 rue-sunt
1680 2911 1885 2967 directa
1921 2911 2183 2975 rescribe,

596 3007 774 3056 utrem
796 3015 867 3056 ea
895 3001 1121 3057 remotis
1161 3002 1595 3069 circuitionibus,
1642 3010 1737 3058 aut
1783 3012 2044 3072 agnoscas
2090 3007 2185 3058 aut

594 3106 836 3163 respuas.
884 3093 955 3147 Et
982 3095 1091 3149 alia
1135 3112 1312 3162 manu,
1344 3096 1574 3152 Faustus
1622 3097 1899 3167 exemplar
1939 3097 2183 3166 epistola:

593 3194 729 3255 metu
755 3184 924 3253 relegi
946 3193 1002 3240 et
1028 3185 1339 3257 subscripsi.

2283 2000 2401 2043 mos
2428 2000 2669 2059 quosque
2715 1994 3059 2055 sanctorum,
3108 1990 3271 2044 etiam
3312 1991 3868 2069 ante/redemptionis

2283 2090 2526 2151 tempora
2554 2080 2693 2137 intra
2721 2079 3026 2152 paradisum
3044 2079 3308 2150 deguisse.
3336 2080 3463 2139 Hau:
3486 2082 3693 2152 omnia,
3715 2082 3869 2155 quasi

2283 2174 2445 2245 impia
2493 2181 2549 2230 et
2598 2173 2893 2242 sacrilegiis
2947 2174 3151 2242 repleta
3192 2170 3515 2229 condemno.
3564 2174 3645 2229 Ita
3686 2184 3866 2231 autem

2283 2281 2467 2322 assero
2495 2266 2721 2335 gratiam
2749 2264 2879 2331 Dei,
2908 2272 2965 2320 ut
2996 2265 3240 2320 adnisum
3268 2265 3501 2321 hominis
3529 2274 3586 2321 et
3613 2276 3863 2323 conatum

2282 2358 2466 2428 satia:
2499 2346 2724 2427 semper
2768 2354 3075 2427 adjungam,
3125 2363 3180 2411 et
3225 2356 3529 2413 libertatem
3578 2356 3869 2415 voluntatis

2281 2452 2530 2507 humanae
2558 2466 2665 2507 non
2684 2451 3025 2515 exstinctam,
3057 2449 3153 2505 sed
3176 2456 3513 2505 attenuatam
3541 2460 3596 2507 et
3622 2452 3866 2508 inﬁrma-

2281 2551 2393 2597 tam
2420 2555 2537 2598 esse
2564 2543 2936 2613 pronuntiem,
2987 2548 3043 2596 et
3088 2540 3377 2611 periclitari
3404 2556 3524 2597 eum
3552 2544 3641 2613 qui
3685 2544 3865 2603 salvus
3936 2572 3945 2577 -

2283 2644 2404 2710 est,
2458 2645 2512 2692 et
2557 2651 2680 2692 eum
2726 2634 2815 2705 qui
2866 2632 3025 2707 periit
3076 2635 3317 2705 potuisse
3353 2635 3562 2691 salvari.
3591 2634 3863 2695 Christum

2284 2710 2450 2782 etiam
2489 2725 2659 2781 Deum
2704 2733 2761 2781 et
2810 2725 3172 2791 Salvatorem,
3226 2734 3479 2797 quantum
3532 2728 3765 2797 pertinet
3792 2729 3864 2787 ad

2284 2816 2498 2873 divitias
2540 2817 2797 2872 bonitatis
2842 2831 2980 2883 suae,
3027 2817 3259 2887 pretium
3309 2819 3492 2872 mortis
3536 2834 3633 2889 pro
3680 2822 3864 2877 omni-

2284 2910 2385 2965 bus
2446 2908 2705 2964 obtulisse
2728 2951 2743 2976 ,
2809 2917 2866 2965 et
2921 2894 3045 2980 quia
3105 2909 3311 2965 nullum
3364 2911 3540 2982 perire
3590 2912 3723 2968 velit
3772 2914 3870 2983 qui

2284 2992 2369 3057 est
2412 3002 2649 3057 salvator
2698 3002 2935 3080 omnium
2961 3041 2976 3068 ,
3034 3004 3269 3081 maxime
3316 3002 3573 3075 ﬁdelium,
3616 3006 3767 3065 dives
3815 3006 3873 3065 in

2288 3094 2535 3173 omnibus
2558 3094 2650 3164 qui
2680 3095 2934 3151 invocant
2977 3095 3144 3154 illum.
3180 3095 3248 3153 Et
3273 3098 3400 3167 quia
3429 3098 3484 3155 in
3515 3101 3679 3156 tantis
3705 3103 3865 3158 rebus

2284 3187 2627 3243 conscientiae
2654 3187 3122 3256 satisfaciendum,
3151 3192 3370 3246 memini
3401 3208 3489 3247 me
3518 3204 3643 3249 ante
3670 3194 3866 3251 dixisse

663 3272 790 3357 illeo
804 3274 954 3357 enim
970 3286 1097 3357 vera
1117 3284 1173 3330 et
1191 3279 1709 3357 ger‘mana_epistolm
1729 3288 1813 3357 est
1831 3279 2184 3357 subscriptio,
2201 3282 2248 3343 C
2277 3277 2423 3347 quod
2459 3277 2839 3350 Christus'pro
2876 3279 2961 3336 his
2998 3287 3204 3337 tantum
3232 3280 3369 3353 quos
3398 3284 3700 3342 credituros
3716 3285 3874 3357 ‘prm

592 3345 1071 3432 pnicuin‘auctoris
1096 3361 1293 3402 nomen
1322 3345 1626 3432 prmlerens,
1655 3350 1801 3431 quod
1829 3350 2004 3431 solum
2032 3345 2176 3432 ῥέει-ἠέ

590 3408 676 3470 ter
715 3422 775 3470 et
819 3408 1170 3488 Hincmarus,
1219 3426 1274 3472 et
1318 3408 1530 3473 veteres
1573 3408 1761 3488 optimi
1808 3419 2007 3488 quique
2033 3408 2176 3478 'libri

588 3492 993 3557 repraesentant.
1027 3478 1207 3540 Altera
1228 3496 1428 3554 autem,
1448 3478 1675 3557 vulgatis
1698 3478 1955 3544 hactenus
1983 3491 2176 3548 editio-

588 3554 770 3638 nibus,
800 3569 921 3624 quas
966 3554 1194 3638 Auxanii
1219 3554 1577 3638 aliorumque:
1599 3576 1719 3638 cum
1748 3559 1947 3615 Fausto
1980 3574 2186 3617 novem‘

983 3627 1200 3700 nomina
1215 3627 1490 3700 subnotat,
1513 3627 1615 3684 etsi
1642 3637 1885 3685 veterum
1911 3644 2173 3700 quorum-

619 3640 964 3696 prscoporum
983 3641 1200 3682 nomina
1218 3640 1490 3693 subnotat,
1513 3640 1615 3684 etsi
1642 3640 1885 3685 veterum
1911 3644 2173 3700 quorum-

586 3640 724 3770 Eant
738 3695 982 3770 codicum
1012 3697 1420 3770 suil‘ragio‘non
1447 3709 1626 3767 caret,
1658 3702 1840 3770 spuria
1869 3708 2048 3757 tamen
2090 3710 2175 3759 est

586 3756 728 3835 haud
752 3756 999 3835 dubie‘et
1041 3756 1234 3823 aliena.
1268 3765 1397 3834 Quae
1438 3778 1493 3823 et
1534 3770 1586 3824 in
1614 3756 1857 3826 errorem
1887 3756 2174 3828 nonnullos

590 3834 821 3910 induxit;
851 3840 912 3891 ut
939 3836 1006 3910 ab
1035 3834 1335 3910 Arelatensi
1357 3840 1594 3910 concilio
1634 3841 1720 3895 vel
1767 3857 1797 3895 a
1826 3840 2171 3910 Lugdunensi

584 3904 942 3986 subscriptam
962 3906 1160 3986 Fausti
1177 3908 1462 3978 epistolam
1485 3910 1797 3986 crederent;
1825 3918 1879 3966 et
1916 3904 2165 3986 adversa:

581 3974 679 4031 riis
703 3974 904 4048 nostris
929 3974 1228 4048 calumnia!
1249 3993 1437 4033 ansam
1465 3981 1710 4048 praebuit,
1744 3974 1803 4035 ut
1830 3997 1930 4036 nos
1954 3983 2172 4038 concilii

582 4050 780 4132 nam?"
802 4044 943 4132 Pais
967 4047 1080 4132 ,ιξρί
1127 4045 1310 4132 Fausti
1348 4044 1861 4132 θρξβὲοιωηαίσςξεηξ
1890 4051 2166 4132 tribuere;

583 4115 728 4203 quod
862 4114 1224 4203 falsissimum.
1251 4114 1549 4203 Hac'igitur‘
1568 4117 1750 4203 Fausti
1778 4120 2170 4203 epistola‘exci-

583 4185 728 4257 tatus
769 4185 1003 4243 Lucidus
1048 4188 1116 4241 ad
1158 4200 1218 4243 se
1262 4186 1449 4253 rediit,
1501 4194 1556 4243 et
1601 4189 1746 4257 quod
1772 4185 1865 4245 diu
1886 4200 2170 4248 cunctatus

583 4251 777 4323 fuerat,
1091 4257 1309 4326 agnovit
1324 4251 1535 4327 ,_atque
1563 4251 1636 4312 ei
1658 4260 1873 4315 concilii
1900 4263 2168 4318 sententia

582 4326 895 4398 retractavit
922 4324 1160 4403 libellum
1187 4327 1263 4381 illi
1291 4324 1523 4382 oll‘erens
1560 4327 1863 4397 hujusmodi
1891 4350 1902 4384 :
2048 4364 2053 4367 η

583 4435 866 4507 Exemplar
913 4436 1072 4491 libelli
1121 4436 1308 4564 Ladd;
1344 4438 1633 4562 gesutgleri
1674 4444 1920 4514 pristinos
1965 4462 2167 4503 ermres

1223 4525 1280 4563 re
1311 4526 1341 4564 ο
1408 4525 1442 4561 η
1660 4542 1661 4545 η

1223 4525 1251 4562 1⁵
1251 4525 1511 4565 evocatum
1660 4542 1661 4545 π

582 4589 821 4649 Dominis
864 4593 1185 4652 beatissimis
1232 4606 1289 4653 et
1349 4600 1404 4654 in
1459 4602 1672 4657 Christo
1718 4588 2164 4667 reverentissimis

2248 3368 2434 3423 ascivit
2487 3369 2830 3438 advenisset,
2884 3373 3177 3429 sententias
3237 3371 3550 3433 Dominicas
3603 3394 3875 3447 sequens.-

2275 3459 2469 3530 qnibus
2496 3460 2573 3515 ait
2612 3479 2626 3515 :
2669 3459 2841 3516 Filius
2880 3462 3114 3536 lmrm’nia~
3131 3479 3233 3518 non
3259 3468 3398 3520 venit
3423 3468 3744 3535 ministrari,
3776 3470 3867 3525 sed

2274 3552 2599 3621 ministrare,
2644 3564 2691 3610 et
2738 3554 2967 3612 animam
3005 3573 3151 3613 suam
3173 3556 3587 3631 redemptionem
3617 3563 3743 3619 dare
3767 3584 3863 3635 pro

2274 3645 2472 3706 multis.
2522 3645 2591 3703 Et
2637 3645 2808 3702 illud:
2855 3647 2957 3705 Hic
3003 3659 3081 3704 est
3125 3650 3265 3705 calix
3304 3654 3572 3724 sanguinis
3617 3658 3716 3709 mei
3745 3660 3863 3729 novi

2277 3735 2590 3791 Testamenti
2616 3739 2705 3810 qui
2742 3754 2835 3809 pro
2864 3740 3039 3794 multis
3067 3740 3361 3810 eiundelur
3406 3744 3457 3796 in
3504 3747 3860 3801 mnissionem

2272 3839 2614 3900 peccatorum.
2649 3830 2745 3887 Vel
2794 3830 2919 3887 illud
2962 3820 3212 3904 'Apostoii
3247 3853 3259 3887 :
3302 3834 3442 3890 Sicut
3483 3843 3727 3889 statutum
3776 3847 3858 3891 est

2273 3919 2563 3974 hominibus
2590 3912 2754 3988 mori,
2792 3923 2881 3999 ita
2907 3917 2965 3978 el
2985 3924 3217 3980 Christus
3264 3925 3414 3981 seruet
3454 3924 3648 3981 oblatus
3676 3937 3753 3981 est
3782 3928 3857 3982 ad

2270 4010 2550 4064 multorum
2577 4011 2930 4068 exhauriendo
2950 4024 3181 4085 peccata.
3216 4016 3368 4073 Nunc
3393 4032 3547 4084 vero,
3577 4033 3859 4074 sacrorum
3934 4018 3939 4025 ’

2270 4102 2700 4158 testimoniorum
2746 4107 3088 4175 auctoritate,
3138 4123 3257 4179 qua:
3304 4110 3514 4167 abunde
3559 4104 3658 4182 per
3685 4115 3857 4182 spatia

2268 4182 2570 4255 divinarum
2610 4193 2954 4253 inveniuntur
2993 4196 3422 4270 Scripturarum,
3472 4202 3539 4257 ex
3584 4204 3856 4260 seniorum

2266 4281 2511 4338 doctrina
2549 4286 2759 4343 ratione
2797 4288 3096 4358 patefacta,
3147 4290 3321 4347 libens
3364 4293 3539 4348 fateor
3582 4293 3852 4349 Christum

2265 4374 2429 4429 etiam
2471 4391 2571 4446 pro
2617 4376 2841 4448 perditis
2889 4380 3191 4449 advenisse,
3242 4383 3366 4453 quia
3414 4383 3604 4439 eodem
3638 4384 3853 4440 nolente

2264 4465 2565 4535 perierunt:
2592 4466 2780 4538 Neque
2808 4470 2952 4526 enim
2998 4469 3081 4527 fas
3110 4476 3213 4539 est,
3255 4473 3398 4528 circa
3430 4489 3526 4529 eos
3556 4474 3729 4529 solum
3758 4476 3849 4545 qui

2264 4556 2515 4613 videntur
2541 4548 2661 4632 esse
2684 4552 2914 4629 ,sa'lvati,
2947 4562 3222 4620 immensae
3261 4564 3476 4619 divitias
3502 4566 3760 4622 bonitatis
3787 4583 3850 4621 ac

1826 4638 2244 4712 Ῠ⁸ῗ¹ζξ¹³³¹ξξ¹¹³υ
2266 4638 2528 4707 beneﬁcia
2555 4651 2734 4708 divina
2760 4654 3023 4711 concludi.
3073 4655 3207 4712 Nam
3236 4656 3280 4712 si
3309 4655 3581 4712 Christum
3612 4658 3695 4712 liis
3733 4660 3861 4712 tan-'

651 4672 930 4771 Patribus,
978 4685 1225 4756 Leontio,
1273 4680 1552 4760 Eufronio,
1595 4684 1861 4761 Fonteio,
1891 4696 2159 4771 Viventio,

648 4761 931 4863 Mamerto,
979 4776 1236 4861 Patienti,
1288 4781 1552 4849 Veriano,
1603 4783 1848 4844 Auxanio
1871 4829 1887 4855 ,
1943 4761 2159 4860 Fausto,

645 4858 838 4955 Paulo,
862 4858 1147 4939 Megethio,
1173 4872 1383 4939 Graaco,
1414 4872 1694 4947 Eutropio,
1724 4877 1970 4949 Leontio,
2001 4858 2161 4941 Clau;

647 4954 759 5026 dio,
791 4954 1067 5028 Marcello,
1109 4963 1310 5033 Croco,
1351 4966 1576 5036 Basilio,
1609 4969 1855 5040 Claudio,
1890 4960 2157 5043 Ursicino,

645 5044 1003 5121 Praetextato,
1034 5050 1359 5126 Pragmatio,
1393 5056 1751 5130 Theoplasto,
1783 5056 2031 5131 Leontio,
2069 5066 2159 5123 Vi-

650 5136 833 5229 ventio
858 5155 903 5229 ﬂ,
928 5132 1156 5229 Iuliano,
1188 5137 1430 5229 Amicali,
1449 5138 1665 5217 Joanni,
1687 5144 1921 5223 Opilioni
1941 5165 1997 5212 et
2019 5156 2160 5215 Lici-

650 5227 741 5319 nio
769 5226 1034 5319 episeop'is
1060 5226 1311 5301 Lucidus
1326 5239 1635 5311 presbyter.
1762 5228 1763 5231 η

640 5354 927 5426 Correptio
944 5370 1124 5418 vestra
1149 5365 1294 5421 salus
1320 5367 1534 5436 publica
1555 5412 1568 5438 ,
1600 5377 1657 5423 et
1680 5374 1946 5427 sententia
1975 5384 2154 5433 vestra

572 5446 836 5504 medicina
857 5457 958 5504 est.
984 5449 1137 5509 Unde
1164 5464 1220 5510 et
1236 5471 1341 5528 ego
1362 5472 1632 5515 summum
1662 5464 1962 5519 remedium
1991 5467 2150 5533 duco,

572 5549 632 5597 ut
657 5539 958 5610 praeteritos
984 5555 1197 5601 errores
1219 5551 1522 5608 accusando
1567 5567 1848 5619 excusem,
1886 5564 1941 5610 et
1968 5560 2155 5613 saluti-

572 5630 681 5687 l'cra
702 5632 1040 5688 co;'li'e.,si0ne
1061 5648 1145 5689 me
1164 5634 1381 5692 diluam.
1407 5637 1640 5697 Proinde
1654 5642 1805 5711 juxta
1830 5646 2154 5706 nncdicandi

2267 4750 2381 4798 tum
2408 4730 2660 4799 remedia
2706 4732 2950 4801 attulisse
2995 4746 3223 4802 dicimus
3262 4748 3353 4816 qui
3399 4747 3662 4818 redempti
3704 4758 3845 4811 sunt,

2266 4833 2567 4889 videbimur
2592 4834 2871 4892 absolvere
2911 4851 3020 4893 non
3066 4837 3395 4908 redemptos,
3441 4853 3580 4907 quos
3620 4854 3718 4909 pro
3760 4855 3847 4893 rc-

2264 4927 2574 4997 demptione
2601 4937 2908 5000 contempta
2928 4939 3141 4987 ennstat
3158 4944 3279 4988 esse
3302 4933 3623 5002 puniendos.
3656 4933 3848 4989 Assem

2264 5019 2446 5085 etiam,
2478 5036 2577 5089 per
2620 5024 2886 5078 rationem
2929 5032 2985 5079 et
3030 5025 3274 5080 ordinem
3313 5027 3667 5090 smculorum,
3718 5027 3861 5097 alios

2265 5107 2385 5176 lege
2411 5112 2613 5178 gratiae,
2642 5113 2777 5168 alios
2804 5114 2921 5182 lege
2949 5113 3138 5185 Moysi,
3161 5115 3295 5171 alios
3314 5116 3433 5185 lege
3463 5127 3671 5173 natura}
3688 5134 3847 5186 quam

2266 5198 2410 5253 Deus
2436 5200 2491 5253 in
2511 5202 2758 5256 ‘omuium
2787 5203 3040 5260 sontibus
3066 5205 3396 5277 scripsit,-in
3444 5224 3541 5279 spe
3589 5209 3847 5264 adventus

2266 5290 2465 5346 Christi
2494 5292 2657 5348 fuisse
2702 5294 2966 5364 salvatos;
3019 5304 3197 5354 tamen
3240 5299 3311 5355 ab
3338 5298 3491 5355 initio
3520 5301 3735 5366 mundi,
3783 5301 3849 5355 ah

2265 5378 2513 5448 originali
2533 5399 2696 5450 nexu,
2728 5386 2831 5441 nisi
2857 5387 3245 5445 intercessione
3272 5391 3410 5446 sacri
3439 5394 3715 5461 sanguinis
3741 5408 3846 5447 non

2262 5473 2556 5531 absolutos.
2580 5474 2844 5534 Proﬁteor
2870 5480 3032 5535 etiam
3058 5488 3291 5538 aeternos
3311 5484 3462 5552 ignes
3483 5493 3539 5539 et
3558 5486 3867 5540 infernales

2256 5562 2504 5621 ﬂammas
2533 5568 2682 5624 factis
2705 5571 3022 5641 capitalibus
3048 5583 3374 5644 praeparatas
3400 5593 3415 5628 :
3441 5577 3567 5645 quia
3597 5588 3848 5646 perseve-

2255 5664 2438 5711 rantes
2467 5657 2728 5715 humanas
2754 5664 2940 5719 culnas
2984 5666 3178 5721 merito
3223 5666 3470 5736 sequitur
3505 5667 3687 5723 divina
3719 5682 3845 5725 seu-

642 5813 668 5846 η
697 5805 973 5875 leucadio,
1004 5823 1061 5867 ut
1091 5813 1281 5880 igitur
1308 5820 1437 5872 tom.
1469 5817 1491 5871 Ι
1519 5819 1879 5881 Concino‘rum
1915 5826 2129 5892 Gallim;
2160 5837 2215 5884 et
2253 5826 2551 5900 iiincmam,
2584 5854 2703 5903 cap-
2736 5848 2759 5893 i
2796 5841 2885 5896 lib.
2918 5843 2983 5898 de
3015 5838 3518 5900 Prredestinatione.
