4238 6260
621 344 730 407 695

1884 343 1931 398 Μ
1939 342 2195 399 AMERTI
2235 342 2599 401 CLAUDIAM

3794 351 3911 410 696

621 462 897 537 praemissa
932 460 1076 532 quod
1127 459 1274 515 illam
1314 457 1731 530 impugnandam
1780 456 1879 511 sibi
1922 457 2210 527 stunpscrit
2239 461 2285 518 Α
2314 459 2454 513 haud
2482 462 2678 531 pigeat,
2712 461 2797 515 ubi
2839 462 2967 533 quid
3013 462 3082 518 de
3135 464 3453 535 quaestione,
3487 470 3664 517 utrum
3713 464 3909 535 Angeli

621 554 907 626 presbyter
933 563 1118 608 noster
1145 550 1486 607 Viennensis.
1511 549 1780 619 lntegram
1808 566 1940 604 vero
1962 550 2206 605 eamdem

621 644 904 709 epistolam
932 642 1137 713 primus
1176 641 1349 720 edidit.
1394 633 1648 698 Canisiu's'
1670 644 1745 713 (a)
1772 680 1786 705 ,
1818 656 1886 696 ex
1919 656 2026 710 quo
2053 640 2207 695 dein-

617 749 749 805 ceps
776 733 832 789 in
858 732 1211 789 bibliothecas
1238 731 1459 788 Patrum
1487 732 1846 789 Parisiensem
1877 733 1950 804 (ὁ)
1981 740 2035 787 et
2065 730 2207 801 Lug-

617 824 916 881 dunensem
946 822 1017 894 (c)
1049 823 1284 878 transiit.
1313 822 1419 879 Sed
1467 831 1527 879 ut
1567 823 1634 879 ad
1674 821 1988 878 Mamertum
2021 821 2210 877 redea—

618 931 758 981 mus,
810 924 923 972 tres
951 915 1069 986 ejus
1112 915 1279 971 libros
1320 924 1507 972 contra
1560 914 1820 971 Faustum
1865 913 2208 969 elucubratos

617 1008 831 1064 eximiis
852 1008 1136 1078 praeconiis
1166 1008 1365 1079 passim
1404 1007 1587 1063 laudat
1609 1007 1970 1062 Arvernorum
1992 1006 2205 1076 episco-

619 1114 738 1172 pus,
764 1116 833 1157 ex
855 1100 1051 1170 quibus
1077 1100 1189 1156 haec
1214 1107 1420 1155 tantum
1448 1099 1723 1168 seligimus
1752 1098 1829 1170 (d)
1865 1116 1877 1151 :
1918 1116 1935 1149 ι
1966 1095 2203 1164 Librum,

616 1191 810 1262 inquit,
841 1190 906 1246 de
933 1192 1092 1247 Statu
1117 1192 1307 1245 anima:
1340 1191 1508 1247 tribus
1536 1190 1900 1249 voluminibub
1921 1189 2203 1256 illustrem,

616 1281 910 1339 Mamertus
963 1280 1311 1348 Claudianus,
1348 1281 1723 1352 peritissimus
1774 1281 2204 1337 Christianorum

616 1374 968 1446 philosophus
994 1383 1050 1430 et
1077 1374 1444 1444 quormnlibet
1466 1374 1676 1444 primus
1692 1372 2044 1439 eruditorum,
2078 1372 2205 1428 totis

522 1448 532 1457 ’
614 1473 839 1522 sectatae
871 1466 1227 1537 philosophia:
1273 1465 1547 1532 membris,
1606 1464 1813 1521 artibus
1857 1465 2205 1535 partibusque

585 1598 591 1606 η
614 1571 837 1615 comere
861 1563 919 1611 et
944 1556 1196 1611 excolere
1217 1555 1456 1622 curavit,
1485 1569 1679 1611 novem
1700 1569 1835 1625 quas
1865 1562 2062 1611 vocant
2091 1554 2204 1611 Mu-

614 1664 723 1717 sas,
753 1647 1071 1719 disciplinas
1095 1648 1343 1718 aperiens
1371 1662 1511 1715 esse,
1539 1663 1646 1703 non
1675 1646 1920 1702 feminas.
1965 1645 2206 1716 Namque

615 1742 671 1797 iu
698 1740 911 1812 paginis
932 1740 1057 1813 ejus
1077 1738 1275 1809 vigilax
1295 1739 1467 1795 lector
1486 1738 1724 1794 inveniet
1746 1737 1956 1795 veriora
1984 1736 2203 1794 nomina

2311 554 2563 623 corporei
2601 570 2671 609 an
2700 554 3008 626 incorporei
3034 555 3170 622 sint,
3202 554 3531 611 credendum
3550 554 3787 625 inquirit
3816 558 3905 627 (ἱ).

2382 642 2445 698 V.
2486 643 2691 702 Horum
2720 654 2900 702 autem
2944 646 3107 701 trium
3152 646 3435 702 Claudiani
3475 646 3737 703 librorum
3783 647 3905 704 edi-

2310 736 2513 794 tionem
2540 738 2693 810 prelo
2743 739 3199 810 consignavimus,
3226 754 3391 811 quam
3438 739 3685 796 Andreas
3712 738 3907 796 Schol.-

2308 838 2396 886 tus
2417 839 2542 901 post
2575 830 2924 889 collationem
2945 847 2976 887 a
3002 831 3214 889 Joanne
3253 832 3527 890 Wowerio
3568 848 3694 889 cum
3733 849 3905 890 mem-

2308 921 2493 978 branis
2539 920 2897 980 Plantinianis
2920 915 3243 980 "institutam
3290 926 3582 990 recensuit,
3614 927 3905 997 exegitque

2307 1028 2429 1068 cum
2474 1014 2542 1068 ad
2593 1015 2871 1086 exemplar
2897 1030 3042 1072 anno
3087 1014 3225 1071 1520
3263 1016 3487 1073 Basilea:
3531 1015 3714 1074 studio
3755 1016 3902 1075 Petri

2307 1100 2587 1161 Mosellani
2613 1105 2889 1176 vulgatum
2910 1121 2943 1163 e
2956 1106 3190 1164 Cellensi
3215 1105 3519 1164 Germaniae
3544 1108 3900 1175 bibliotheca,

2308 1209 2420 1253 tum
2451 1198 2508 1254 in
2535 1199 2723 1270 primis
2751 1200 2819 1256 ad
2845 1201 3197 1257 vetustiorem
3222 1201 3466 1258 codicem
3491 1201 3899 1259 Tornacensem

2306 1288 2647 1346 bibliothecae
2674 1289 3151 1348 Benedictinorum
3180 1290 3250 1347 ad
3277 1299 3525 1347 sanctum
3554 1291 3846 1348 Martinam
3884 1314 3898 1348 :

2304 1394 2416 1450 quo
2440 1394 2667 1436 munere
2692 1380 3006 1452 perfunctus
3034 1382 3149 1437 loca
3171 1398 3332 1453 prope
3360 1382 3760 1438 innumerabilia
3789 1384 3897 1439 sibi

2304 1470 2471 1528 luisse
2498 1474 2747 1529 restituta
2768 1473 3067 1543 profitetur.
3099 1493 3117 1526 ι
3155 1472 3383 1530 Lutetiae
3402 1475 3561 1541 enim,
3587 1476 3778 1545 inquit,
3807 1477 3897 1532 bis

2304 1572 2456 1620 terve
2497 1564 2573 1620 ita
2613 1579 2778 1636 opera
2815 1566 3199 1638 typographica
3228 1582 3352 1624 eum
3390 1576 3663 1624 auctorem
3691 1569 3746 1624 in
3787 1568 3896 1625 Pa-

2305 1662 2447 1710 trutn
2494 1664 2738 1712 veterum
2789 1656 3120 1713 Bibliotheca
3176 1657 3587 1724 deformarunt,
3644 1661 3783 1715 nihil
3839 1670 3897 1716 ut

2302 1761 2496 1802 sanum
2551 1749 2889 1819 integrumve
2936 1751 2991 1807 in
3036 1751 3257 1807 horrido
3313 1752 3406 1809 illo
3453 1753 3670 1809 dicendi
3699 1768 3896 1824 genere

615 1832 1020 1898 Cammnarum,
1048 1846 1171 1903 quae
1214 1831 1490 1903 propriam
1517 1830 1586 1887 de
1612 1845 1671 1886 se
1696 1830 1799 1886 sibi
1827 1830 2045 1900 pariunt
2072 1844 2203 1884 nun-
2229 1830 2280 1892 B
2305 1838 2410 1910 [egi
2454 1850 2640 1911 posset
2675 1851 2770 1898 aut
2821 1843 3067 1914 intelligi,
3117 1845 3314 1902 nedum
3364 1847 3433 1902 ad
3460 1848 3895 1918 cognoscendum

616 1927 978 1999 cupationem.
1000 1924 1116 1981 Illic
1142 1924 1288 1980 enim
1309 1933 1367 1980 et
1391 1925 1742 1993 grammatica
1762 1922 1969 1989 dividit,
1997 1929 2054 1979 et
2077 1936 2203 1978 ora-

590 2084 591 2087 η
616 2018 757 2074 toria
776 2017 1062 2084 deelamat,
1087 2024 1142 2072 et
1166 2015 1504 2072 arithmetica
1525 2022 1795 2079 numerat,
1827 2022 1883 2070 et
1908 2013 2202 2084 geometria

616 2109 857 2173 metitur,
889 2118 947 2164 et
973 2107 1179 2163 musica
1211 2106 1499 2178 ponderat,
1540 2112 1596 2161 et
1621 2105 1900 2162 dialectica
1943 2105 2200 2176 disputat,

516 2206 524 2214 ‘
612 2209 670 2257 et
698 2200 989 2271 astrologia
1038 2200 1348 2272 pramoseit,
1399 2208 1456 2257 et
1499 2198 1915 2256 architectonica
1942 2199 2120 2265 struit,
2148 2203 2207 2254 et

615 2293 840 2349 metrica
872 2291 1201 2349 modulatur.
1241 2310 1261 2346 ι
1295 2290 1424 2347 Haec
1469 2291 1578 2347 ille.
1608 2289 1678 2347 At
1704 2291 1864 2360 longe
1890 2289 2204 2348 cumulatis-

613 2383 767 2440 simis
795 2382 1043 2440 laudibus
1082 2383 1303 2440 eosdem
1334 2383 1501 2440 libros
1527 2391 1689 2453 auget
1732 2384 1962 2454 ipsemet
2008 2383 2205 2439 Arver-

614 2473 797 2529 nensis
815 2474 1042 2531 antistes
1066 2473 1120 2530 in
1140 2473 1337 2531 litteris
1354 2475 1564 2531 auctori
1581 2472 1881 2530 Claudiano
1910 2474 2201 2543 inscriptis,

611 2578 750 2635 quas
792 2561 929 2620 infra
974 2563 1183 2622 duabus
1218 2563 1340 2620 aliis
1393 2563 1637 2635 epistolis
1683 2563 1986 2635 presbyteri
2033 2563 2204 2621 nostri

615 2652 934 2712 Viennensis
972 2654 1208 2711 intextas
1254 2655 1511 2727 reperies.
1558 2654 1627 2711 Et
1650 2655 1767 2727 jure
1794 2656 2010 2727 quidem
2044 2656 2206 2711 tantis

614 2743 865 2803 laudibus
891 2744 1113 2803 effertur
1134 2744 1494 2814 Claudianus;
1524 2747 1726 2819 quippe
1743 2746 1834 2817 qui
1868 2747 2091 2813 scilicet,
2125 2748 2207 2803 in-

619 2837 739 2906 quit
764 2850 992 2909 maguus
1020 2836 1285 2895 Baronius
1305 2837 1401 2911 (e),
1424 2853 1531 2895 una
1549 2852 1671 2895 eum
1698 2837 2017 2909 theologicis
2027 2837 2207 2894 iacul-

614 2927 838 2995 tatibus,
881 2928 1092 2986 ceteris
1130 2943 1348 3000 quoque
1375 2930 1616 2988 scientiis
1639 2928 1871 3002 polleret
1899 2948 1912 2985 :
1955 2938 2014 2986 ut
2047 2930 2206 3002 plane

615 3020 859 3095 veritatis
900 3029 1251 3087 assertorem,
1284 3038 1395 3081 non
1433 3033 1615 3083 autem
1657 3023 1992 3084 adulatorem
2045 3022 2206 3083 Sido-

615 3112 765 3171 nium
789 3111 954 3170 fuisse
981 3126 1300 3184 cognoscas.
1787 3112 1795 3123 ’

2304 1930 2522 1987 subtilia
2575 1933 2663 1988 illa
2718 1934 3086 1992 invitarent.»
3138 1935 3455 2006 llujusmodi
3509 1953 3642 1995 vero
3686 1938 3895 1997 Sehotli

2305 2025 2470 2083 editio
2497 2027 2727 2098 primum
2758 2029 2959 2100 prodiit
2984 2045 3132 2086 anno
3168 2030 3326 2097 1618,
3357 2032 3413 2088 in
3441 2032 3777 2091 bibliotheca
3806 2036 3895 2090 Pa-

2304 2125 2447 2173 trum
2493 2117 2825 2189 Coloniensi,
2874 2124 3102 2195 repetita
3140 2123 3399 2196 deinceps
3442 2125 3499 2180 in
3553 2124 3895 2195 Lugdunensi

2304 2222 2453 2266 anno
2483 2210 2641 2266 1677.
2685 2212 2821 2269 Cum
2854 2228 2986 2271 vero
3012 2215 3172 2271 nobis
3200 2216 3347 2273 haud
3381 2226 3529 2273 esset
3553 2218 3609 2275 in
3644 2231 3895 2293 promptu

2305 2300 2475 2356 editio
2494 2300 2857 2372 Coloniensis,
2888 2305 3235 2376 Lugdunensi
3275 2309 3357 2365 usi
3376 2325 3564 2368 sumus
3592 2311 3660 2383 (j)
3690 2330 3706 2366 :
3738 2327 3897 2384 quam

2308 2398 2490 2476 tamen
2536 2393 2781 2465 pluribus
2808 2397 2864 2453 in
2908 2397 3041 2455 locis
3073 2401 3215 2458 male
3237 2400 3480 2457 habitam
3502 2419 3633 2461 cum
3674 2421 3737 2461 ea
3765 2424 3898 2464 eon~

2307 2482 2526 2541 tulimus
2570 2500 2691 2555 quae
2717 2489 2954 2545 occurrit
2982 2491 3099 2571 sive
3128 2492 3181 2547 in
3227 2491 3548 2551 bibliotheca
3601 2495 3707 2552 PP.
3734 2496 3895 2556 Pari-

2304 2573 2471 2631 siensi
2498 2576 2598 2647 (Ir),
2624 2577 2738 2634 sive
2760 2578 2815 2635 in
2839 2578 3381 2654 Ortbodoxograpbis
3401 2586 3484 2658 (ι).
3517 2585 3652 2643 Hinc
3690 2589 3893 2648 factum

2308 2674 2366 2721 ut
2391 2682 2501 2723 non
2531 2669 2705 2725 solum
2734 2672 3011 2744 complura
3060 2675 3443 2748 typographica
3472 2679 3663 2735 menda
3693 2679 3893 2739 fuerint

2305 2761 2538 2824 sublata.
2570 2778 2757 2820 verum
2784 2767 2951 2823 etiam
2980 2771 3144 2826 multa
3192 2773 3484 2842 integritati
3521 2774 3791 2843 restituta,
3838 2786 3893 2833 ut

2306 2853 2438 2910 inita
2461 2860 2868 2928 comparatione
2893 2878 2955 2917 ac
2974 2878 3041 2919 ex
3062 2866 3265 2921 notulis
3285 2864 3542 2938 subjectis
3561 2879 3898 2939 compertum

2306 2944 2417 3011 flet.
2450 2945 2716 3006 Praeterea
2737 2950 2978 3021 longiora
3000 2956 3201 3025 capita,
3232 2972 3340 3026 quo
3356 2956 3566 3029 facilior
3586 2957 3751 3014 lectio
3773 2973 3897 3030 pros

2290 3038 2557 3107 cederet,
2588 3041 2934 3101 insectiones
2960 3045 3320 3104 distinximus.
3357 3048 3465 3106 Sed
3490 3049 3621 3104 illud
3642 3050 3696 3105 in
3720 3051 3897 3121 primis

2306 3131 2579 3187 commodi
2611 3134 2860 3202 accessit,
2908 3136 3052 3205 quod
3083 3152 3146 3193 ex
3172 3137 3360 3194 eadem
3392 3136 3683 3195 Parisiensi
3712 3140 3875 3198 biblio

689 3200 802 3300 IV.“
824 3200 1001 3259 Unum
1035 3213 1227 3300 tamen
1270 3205 1358 3300 hic
1388 3205 1649 3300 adnotare
1689 3207 1921 3266 fortasse
1948 3209 2150 3280 iuverit
2184 3228 2197 3264 ί
2228 3207 2276 3274 C
2306 3220 2462 3277 theca
2475 3222 2569 3294 (m)
2582 3200 3083 3283 commentariolum
3098 3228 3889 3300 desumpsimusSidonioabco

614 3292 972 3350 Claudianum
995 3293 1249 3351 nimirum
1274 3296 1329 3352 in
1369 3312 1433 3353 ea
1454 3297 1621 3355 fuisse
1645 3301 1915 3357 sententia
1947 3302 2047 3373 (f),
2076 3318 2204 3360 con-

616 3394 759 3439 stare
798 3384 1043 3457 angelum
1090 3395 1141 3441 et
1185 3403 1403 3457 corpore
1448 3398 1499 3446 et
1526 3393 1733 3461 spiritu,
1779 3397 2043 3466 praecipua
2070 3397 2207 3451 inter

616 3485 885 3530 creaturas
910 3476 1165 3549 dignitate
1185 3482 1428 3551 formato.
1460 3479 1632 3548 Quem
1660 3484 1728 3540 ad
1768 3485 1944 3542 locum
1970 3488 2084 3543 haec
2112 3488 2206 3545 ad—

619 3564 781 3653 vertit
801 3563 1028 3621 Huetius
1058 3565 1136 3640 (g)
1162 3585 1175 3620 :
1209 3586 1229 3621 ι
1262 3567 1580 3627 Mamertum
1603 3588 1699 3630 sua
1724 3574 1937 3653 videtur
1951 3576 2207 3638 fefellisse

616 3652 758 3709 ratio
791 3672 803 3707 :
836 3670 961 3711 nam
979 3656 1199 3713 vitalem
1227 3658 1402 3731 ipsum
1438 3663 1687 3733 spiritum
1713 3652 1800 3724 vel
1827 3668 2204 3742 incorporeum

614 3757 736 3800 esse
762 3744 925 3812 dicet,
955 3746 1043 3803 vel
1065 3762 1388 3820 corporeum
1421 3771 1433 3806 :
1478 3753 1526 3810 si
1555 3755 1934 3828 incorporeum
1963 3775 2084 3818 esse
2112 3777 2205 3820 ve-

613 3836 697 3903 lit,
721 3853 889 3907 quare
914 3854 1026 3897 non
1068 3850 1238 3898 totam
1287 3844 1472 3903 itidem
1500 3847 1690 3920 Angeli
1718 3859 1963 3909 naturam
1990 3870 2092 3925 pro
2121 3855 2203 3912 in-

612 3944 875 4001 corporea
921 3932 1193 4001 admittat,
1243 3952 1404 3995 causa
1452 3956 1563 3996 non
1591 3952 1676 4000 est
1708 3961 1722 3997 :
1754 3946 1797 4000 si
1847 3960 2200 4018 corporeum;

614 4030 673 4076 ut
693 4023 899 4105 nullum
927 4040 1126 4097 corpus
1146 4042 1214 4084 ex
1242 4029 1360 4099 ejus
1379 4036 1651 4090 sententia
1670 4044 1869 4105 sponte
1894 4052 1991 4093 sua
2021 4039 2202 4096 vivere

611 4123 831 4186 potest:
863 4130 994 4188 ergo
1022 4119 1131 4175 alio
1165 4120 1357 4192 spiritu
1385 4124 1654 4184 excitante
1696 4128 1936 4186 vivescat
1979 4147 2201 4191 necesse

611 4214 717 4302 est.
748 4205 949 4264 Eadem
976 4224 1143 4281 porro
1188 4211 1257 4268 de
1302 4215 1465 4271 tertio
1513 4216 1604 4273 illo
1632 4218 1842 4288 spiritu,
1877 4230 2040 4294 atque
2068 4224 2227 4302 item.

610 4295 681 4353 de
707 4308 921 4367 quarto,
970 4308 1028 4356 et
1069 4303 1149 4359 sic
1195 4302 1250 4358 in
1297 4304 1568 4364 infinitum
1608 4321 1854 4368 recurret
1891 4311 2133 4386 quaestio.
2174 4340 2191 4374 ι

612 4387 886 4482 llactenus
913 4390 980 4447 V.
1006 4391 1069 4447 Ο.
1098 4392 1352 4466 Ejusdem
1381 4413 1601 4470 quoque
1640 4400 1885 4479 Mamerti
1931 4409 1999 4464 de
2026 4410 2199 4482 Ange-

610 4480 786 4535 lorum
814 4484 1133 4555 corporibus
1184 4487 1381 4557 placita
1430 4495 1862 4565 perstringuntur
1915 4502 1967 4559 in
2009 4480 2193 4563 lira—si-

610 4569 861 4667 chellano
880 4572 1087 4667 indice
1114 4574 1373 4635 librorum
1397 4589 1865 4656 expurgaudorum
1899 4595 1999 4667 (It).

610 4676 731 4765 rum
755 4662 899 4765 haud
913 4680 1117 4765 paucos
1134 4684 1203 4726 ex
1222 4674 1457 4746 antiquis
1479 4678 1729 4739 Patribus
1747 4686 1801 4742 in
1817 4662 2059 4748 eamdem
2078 4695 2196 4765 opi—

608 4754 831 4813 nionem
846 4758 1161 4853 declinasse
1199 4780 1535 4839 compertum
1582 4775 1865 4839 habemus.
1900 4784 2017 4853 Qua
2046 4754 2197 4848 dcere

609 4855 808 4921 praeter
845 4851 1120 4912 laudatum
1148 4856 1421 4929 liuetium,
1471 4864 1822 4930 Muratorium
1871 4851 2022 4936 item‘
2047 4882 2196 4941 adire

675 5147 757 5230 ζει)
791 5147 1006 5230 Sigeis-,2
1034 5147 1198 5230 Tata-
1230 5156 1440 5230 tamal.
1474 5173 1571 5230 ιιι).
1599 5160 1848 5219 ὅθι-565.

675 5147 732 5216 (a
795 5147 1003 5234 Canis"
1034 5147 1198 5208 Thes.
1230 5160 1363 5210 tom.
1397 5156 1440 5224 l,
1474 5173 1571 5230 pp.
1599 5160 1848 5219 561-565.

1098 5220 1206 5279 PP.
1264 5222 1434 5284 Paris.
1489 5244 1618 5286 ann.
1665 5231 1800 5287 1614
1823 5273 1838 5300 ,
1892 5242 2023 5295 tom.
2082 5239 2187 5308 111,

702 5352 753 5476 9
793 5352 1174 5439 Βξὺιίὸὶιι..ΡΡ.
1210 5362 1377 5447 Lugd.
1414 5376 1545 5426 tom.
1580 5371 1706 5438 Vill,
1731 5388 1820 5444 pp.
1856 5375 1955 5429 516
1987 5394 2137 5450 seqq.

739 5426 760 5491 )
798 5422 1010 5491 Snlon.,
1032 5428 1125 5484 lib.
1157 5448 1210 5491 ν,
1238 5446 1394 5491 etnst.
1424 5439 1473 5491 2.

973 5464 1010 5489 .,
1035 5439 1125 5504 ltt)_.
1157 5448 1210 5495 ν,
1238 5439 1394 5504 epist.
1424 5439 1473 5491 2.

793 5490 1013 5580 garonq
1046 5498 1111 5580 ad
1131 5490 1483 5580 ann.'491l,§
1516 5509 1603 5564 58.

676 5562 752 5655 ςιλ
794 5562 1004 5655 Stud»
1031 5567 1267 5655 aestas.
1312 5562 1498 5655 anei.
1525 5562 1617 5636 ia.
1651 5598 1684 5648 ι,
1872 5585 1948 5639 ιι.

669 5633 754 5759 ἕρ)
794 5633 976 5701 liuet,
1030 5637 1364 5711 0rigeniau.,
1413 5633 1844 5725 Ιίὺξῖιζέεῖιῖίῖ,
1872 5633 2077 5726 quiest.

609 5707 638 5778 ί
707 5745 722 5778 2
746 5720 871 5778 ΡίέΒ·
901 5706 962 5761 ⁷1
987 5751 989 5755 τ

676 5747 1058 5846 ῖῖιὶνῖιίαέίὶῆη
1096 5779 1212 5849 lud.
1255 5791 1386 5841 tom.
1429 5786 1469 5855 l,
1505 5804 1663 5861 pagg.
1725 5793 1821 5849 111
1876 5811 2015 5869 seq.,
2053 5801 2182 5857 edit.

2309 3312 2433 3369 dem
2461 3312 2754 3372 Claudiano
2784 3316 3116 3389 inscriptum,
3160 3329 3321 3389 atque
3342 3319 3411 3375 ad
3440 3321 3584 3376 idem
3613 3336 3895 3391 argumen-

2309 3413 2423 3458 tum
2441 3404 2503 3457 de
2519 3405 2674 3460 Statu
2694 3408 2883 3463 anima:
2904 3408 3215 3478 respiciens.
3239 3407 3421 3465 Mirari
3444 3426 3575 3468 vero
3598 3413 3741 3468 subit
3760 3413 3891 3483 ejus-

2291 3495 2451 3552 modi
2481 3498 2981 3555 commentariolum
3011 3499 3063 3553 iu
3095 3500 3331 3556 editione
3366 3498 3711 3570 Lugdunensi
3737 3503 3895 3559 fuisse

2306 3589 2565 3645 omissum
2596 3594 2687 3662 (an
2734 3592 2897 3646 etiam
2927 3607 2955 3646 a
2980 3594 3202 3649 Sehotto
3234 3593 3285 3648 iu
3326 3593 3673 3652 Coloniensi?
3693 3598 3736 3668 ),
3776 3613 3895 3654 eum

2306 3688 2487 3738 tamen
2518 3691 2746 3751 utraque
2773 3682 3294 3755 Orthodoxographa
3341 3700 3460 3739 cum
3492 3684 3742 3752 Heroldi,
3784 3696 3894 3743 tum

2294 3768 2523 3845 ‘Gryumi
2550 3790 2695 3829 anno
2730 3772 2867 3828 1555
2893 3783 2947 3828 et
2977 3772 3110 3829 1569
3141 3777 3278 3847 ripis
3319 3776 3704 3834 Basileensibus
3733 3780 3888 3834 evul-

2304 3876 2427 3935 gata
2458 3867 2589 3922 illud
2610 3865 2924 3935 exhibeant,
2970 3868 3037 3922 ad
3079 3885 3196 3938 qua:
3244 3878 3521 3941 propterea
3558 3869 3885 3942 exemplaria

2304 3969 2548 4016 nostrum
2578 3960 2858 4029 diligenter
2886 3963 3179 4032 exegimus.
3524 3976 3537 3984 ·

2378 4050 2460 4106 Vl.
2481 4052 2598 4108 Jant
2618 4069 2745 4107 vero
2765 4064 2873 4111 tres
2888 4056 2952 4109 de
2967 4065 3102 4109 statu
3119 4056 3891 4128 animmlibroscxcipiuntdua'

2301 4143 2854 4216 Mamertiﬁlaudiani
2875 4148 3134 4218 epistolas
3155 4148 3221 4202 Et
3236 4151 3404 4206 altera
3425 4151 3640 4220 quidem
3660 4150 3727 4206 ad
3742 4148 3888 4207 Sidoc

2302 4239 2468 4302 nium,
2485 4240 2569 4293 cui
2592 4253 2884 4311 eaqueque
2902 4241 3179 4312 subjicitur
3199 4259 3303 4313 qua
3322 4244 3463 4299 idem
3479 4244 3730 4301 Sidonius
3740 4243 3885 4301 Clau-

2301 4333 2463 4387 diano
2484 4333 2771 4403 respondet
2798 4351 2807 4387 :
2843 4334 3008 4391 altera
3031 4351 3160 4411 vero
3190 4337 3259 4392 ad
3287 4337 3887 4408 Sapaudumrhetorcm

2304 4421 2656 4479 Viennensem
2682 4442 2694 4487 ;
2719 4424 2784 4479 ad
2806 4440 2965 4493 quem
2994 4427 3234 4483 scribens
3256 4428 3482 4499 ipsemet
3509 4427 3762 4485 Sidonius
3793 4429 3886 4503 (η),

2298 4530 2422 4571 eum
2441 4516 2510 4571 ita
2527 4515 2724 4584 laudat,
2740 4526 2795 4572 ut
2809 4516 3136 4584 Quintiliano
3153 4528 3207 4574 et
3222 4518 3462 4577 Palladio
3474 4523 3695 4579 summis
3709 4523 3884 4580 rheto-

2032 4597 2197 4657 Caete-
2221 4584 2276 4647 Ῑ)
2300 4607 2449 4665 ribus
2476 4623 2792 4680 comparare
2838 4610 2978 4665 haud
2996 4610 3261 4666 vereatur.
3296 4611 3446 4669 ll'anc
3467 4623 3646 4670 autem
3675 4615 3885 4684 elegan-

2306 4701 2567 4755 tissimam
2586 4698 2864 4756 Claudiani
2886 4702 3167 4773 epistolam
3186 4705 3387 4773 primus
3412 4720 3481 4760 ex
3503 4706 3719 4761 archiva
3747 4708 3885 4776 regio

2306 4793 2593 4849 Parisiensi
2624 4807 2654 4848 e
2689 4794 2924 4849 tenebris
2953 4795 3091 4849 eruit
3121 4795 3367 4851 Baluzius
3397 4797 3502 4869 (ο),
3535 4798 3631 4853 sed
3662 4800 3881 4854 nonnul-

2306 4884 2370 4943 lis
2404 4887 2457 4942 in
2486 4886 2619 4942 locis
2651 4887 2826 4942 minus
2850 4886 3206 4953 emendatam,
3239 4898 3296 4943 ut
3329 4889 3394 4943 ad
3426 4890 3742 4959 paginarum
3772 4891 3884 4945 lim.

2300 5173 2453 5233 Rom.
2489 5174 2644 5232 1608.

2369 5247 2432 5369 Eii)
2476 5247 2693 5328 Murat?
2731 5246 2799 5303 de
2843 5248 3026 5329 lngen.
3062 5250 3292 5319 tnoder.,
3325 5253 3415 5309 lib.
3445 5270 3491 5321 ι,
3516 5270 3637 5325 cap.
3672 5256 3764 5323 15,
3798 5274 3884 5329 pp.

2298 5313 2366 5369 10
2429 5331 2568 5385 seq.,
2593 5317 2722 5373 edtt.
2760 5316 2929 5373 Paris.

3003 5398 3135 5475 tum.
3168 5391 3267 5475 ηρ*
3285 5410 3374 5466 pp.
3412 5395 3747 5452 1015-1071.
3769 5466 3795 5475 υ

2302 5458 2442 5581 ϋὸἕί)
2486 5456 2621 5511 Bibl.
2666 5456 2769 5513 PP.
2801 5456 2997 5525 Paris,
3037 5471 3166 5517 tom.
3202 5456 3497 5536 lVTpart.
3545 5484 3560 5522 ι
3644 5484 3736 5539 pp.
3766 5466 3885 5520 599-

2372 5603 2433 5679 μ)
2463 5595 2784 5680 Orthodox.,
2819 5615 2916 5683 pp.
2942 5599 3267 5659 1250-1505.
3351 5670 3377 5689 υ
3485 5676 3510 5690 ν

2370 5668 2626 5746 ’1111)ηβ1-Μ.
2663 5667 2764 5746 PP.
2799 5669 2994 5746 Ρέιγις.2
3020 5673 3052 5726 1.
3088 5689 3160 5746 c_.,
3186 5690 3277 5746 pp.
3311 5675 3565 5731 God-6.18.

2369 5740 2446 5820 tu)
2469 5738 2679 5820 §idou.,
2827 5744 3068 5820 v,'_epist.
3103 5738 3190 5820 1_|_)_.

2365 5806 2440 5875 to)
2472 5806 2674 5880 Baluz.,
2710 5806 3091 5870 MiSeeilftom.
3119 5813 3205 5883 Vl,
3233 5829 3335 5888 pag
3385 5815 3511 5879 5511,
