4238 6260
390 333 494 442 ϐέἾ
1179 353 1186 358 ’
1236 377 1325 435 DE
1361 375 1587 436 STATU
1627 376 1865 435 ANle
1905 377 2086 437 LIBRI
2125 378 2323 438 TRES.
2343 412 2415 424 —
2445 377 2834 438 PIUEFATIO.
3567 383 3677 445 698

389 500 521 557 bum
566 496 860 554 innuimus.
893 493 1154 550 Caeterum
1183 491 1251 547 de
1296 489 1550 562 Sapaudo
1589 490 1744 562 plura
1775 491 1998 563 erudite.
2011 505 2060 560 Α
2087 507 2208 562 qua:
2236 491 2522 547 laudantur
2548 507 2581 547 a
2627 489 2868 548 Sidonio.
2902 491 3147 564 Scriptus
3174 501 3257 550 est
3283 495 3528 552 versibus
3567 505 3678 556 tro-

389 593 681 650 obscrvata
710 589 896 644 videas
915 586 1056 657 apud
1083 583 1333 640 Historiae
1351 583 1628 638 litterarize
1647 579 1865 638 Gallica:
1885 598 1984 639 an-
2085 584 2308 648 chaieis,
2337 583 2534 653 quibus
2568 583 2756 640 inserti
2796 585 3087 655 aliquando
3133 587 3390 660 pyrricbii
3443 591 3675 648 numeri.

389 691 574 740 ctores
603 679 702 754 (a).
732 677 828 734 His
855 693 1019 750 porro
1045 675 1252 732 duabus
1285 674 1529 746 epistolis
1555 688 1771 731 cannon
1794 674 1981 730 subdi-
2041 681 2048 690 ‘
2082 675 2452 734 Commaticus
2479 685 2592 743 est,
2614 677 2822 735 crebris
2849 678 3094 750 aptisque
3121 682 3427 752 commatiis
3453 682 3674 750 incisus,

389 774 600 837 dimus,
650 771 833 843 Pange
874 770 1050 842 lingua
1094 767 1306 840 gloriosi
1353 766 1592 838 prtelium
1645 766 1977 830 certaminis,

390 864 548 934 cujus
567 863 709 921 idem
729 861 981 919 Sidonius
999 860 1054 915 in
1093 859 1288 915 litteris
1315 858 1386 915 ad
1414 859 1590 930 ipsum
1626 857 1978 914 Claudianum

389 958 698 1028 meminisse
726 955 938 1012 videtur
963 955 1048 1010 his
1068 954 1250 1010 verbis
1267 954 1377 1027 (b):
1407 953 1532 1009 lam
1559 970 1677 1009 vero
1699 952 1763 1008 de
1789 952 1979 1025 hymno

389 1060 478 1108 tuo
511 1053 556 1107 si
581 1060 908 1123 percunctere
945 1047 1069 1121 quid
1096 1050 1336 1114 sentiam,
1362 1048 1694 1104 commaticus
1735 1056 1842 1113 est,
1886 1062 1977 1102 co-

386 1145 581 1216 piosus,
606 1141 787 1208 dulcis,
820 1141 987 1196 elatus
1024 1151 1074 1196 et
1107 1141 1360 1214 quoslibet
1402 1141 1592 1210 lyricos
1623 1136 1978 1209 dithyrambos

383 1235 679 1291 amenitate
702 1234 907 1304 poetica
934 1240 983 1288 et
1005 1233 1252 1288 historica
1272 1233 1486 1288 veritate
1522 1229 1973 1303 supereminet.....

379 1324 652 1382 Excrescit
691 1323 984 1396 amplitudo
1019 1325 1278 1396 proloquii
1307 1324 1578 1397 angustias
1616 1320 1896 1392 regulares,
1928 1327 1976 1372 el

380 1425 625 1490 tanquam
650 1434 814 1489 parvo
853 1433 983 1472 auro
1011 1416 1227 1489 grandis
1255 1431 1456 1489 gemma
1482 1415 1569 1471 vix
1612 1413 1833 1485 capitur,
1863 1419 1969 1467 etc.

377 1506 459 1564 Ad
505 1522 667 1578 quem
709 1508 888 1565 locum
936 1507 1299 1564 Sirmondus:
1338 1527 1357 1561 ι
1405 1507 1724 1572 Annotarat,
1775 1505 1968 1574 inquit,

368 1592 698 1658 scholiastes
724 1600 943 1678 quidam
978 1597 1552 1680 bymnumlsignillcari
1579 1597 1733 1668 cujus
1760 1597 1969 1652 initium

377 1701 479 1759 est,
510 1691 692 1765 Pange
710 1692 892 1765 lingua
919 1692 1135 1765 gloriosi
1153 1677 1392 1762 prtélium
1418 1689 1742 1744 certaminis.
1771 1686 1839 1744 Et
1851 1687 1970 1759 qui—
2014 1677 2018 1680 ’

2080 769 2367 826 sententiis
2395 784 2504 826 non
2552 769 2886 842 interruptis,
2929 770 3025 826 sed
3069 771 3306 829 molliter
3348 789 3470 830 cum
3517 791 3676 834 versu

2079 859 2416 917 cadentibus.
2459 859 2704 931 Denique
2741 860 3039 918 Claudiano
3067 866 3284 918 ca'rmen
3306 863 3412 920 hoc
3440 866 3675 923 vindicat

2080 968 2190 1011 non
2227 953 2403 1009 solum
2429 962 2586 1011 vetus
2611 953 2932 1013 scholiastes
2957 969 3118 1025 quem
3150 955 3278 1022 dixi,
3306 972 3488 1013 verum
3509 960 3673 1016 etiam

2077 1043 2404 1111 Gennadius,
2455 1063 2566 1102 non
2614 1047 2832 1117 quidem
2881 1056 2941 1103 ut
2985 1047 3161 1104 editus
3192 1057 3294 1114 est,
3317 1048 3412 1105 sed
3434 1060 3595 1120 prout
3615 1052 3671 1108 in

2077 1137 2265 1195 codice
2291 1139 2521 1195 emnobii
2562 1142 2618 1194 S.
2653 1138 2930 1195 Michaelis
2975 1139 3044 1196 dc
3072 1139 3279 1199 Tumba
3317 1142 3547 1213 vulgatis
3575 1159 3671 1200 au-

2077 1233 2215 1288 ctior
2231 1233 2285 1288 in
2304 1232 2584 1311 Claudiani
2607 1233 2878 1288 mentione
2898 1233 3095 1302 legitur
3106 1234 3192 1290 his
3211 1235 3419 1292 verbis:
3445 1236 3669 1307 Scripsit

2073 1335 2125 1380 et
2164 1325 2269 1380 alia
2312 1325 2582 1392 nonnulla,
2611 1327 2748 1381 inter
2793 1342 2906 1398 qua:
2951 1336 3000 1382 et
3047 1327 3292 1399 hymnum
3335 1330 3399 1384 de
3423 1331 3666 1400 passione

2074 1418 2306 1485 Domini,
2331 1419 2478 1490 cujus
2522 1421 2838 1490 principium
2863 1429 2961 1483 est,
2993 1417 3174 1489 Pange
3210 1421 3390 1490 lingua
3419 1421 3659 1491 gloriosi.

2073 1508 2199 1565 Fuit
2228 1520 2400 1566 autem
2422 1513 2588 1582 frater
2610 1508 2856 1566 Mamerti
2890 1509 3196 1567 Viennensis
3223 1511 3500 1584 episcopin
3537 1511 3661 1571 Haec

2072 1602 2179 1660 ille.
2208 1602 2320 1658 Alia
2346 1602 2561 1673 quidem
2588 1610 2838 1673 poemata
2858 1601 3473 1672 pleriquerecentiorum
3499 1603 3660 1660 Clau-

2070 1690 2231 1750 diano
2253 1681 2569 1750 attribuunt
2591 1712 2606 1748 :
2629 1709 2749 1763 qua:
2779 1702 2956 1752 tamen
2983 1694 3098 1752 sive
3124 1693 3414 1750 Damasum
3441 1709 3658 1766 papam,

373 1784 499 1840 dem
529 1785 726 1858 stylum
755 1785 962 1840 redolet
987 1783 1294 1849 cultiorem.
1321 1797 1484 1853 quam
1525 1782 1810 1839 Fortunali
1847 1795 1968 1838 esse
2067 1788 2183 1844 sive
2209 1786 2486 1842 Paulinum
2509 1787 2774 1843 Nolanum
2802 1796 3078 1844 auctorem
3113 1796 3440 1857 agnoscunt;
3468 1802 3658 1860 quem-

371 1876 564 1944 soleat,
595 1876 682 1932 cui
703 1885 882 1932 tamen
902 1875 1052 1932 illum
1075 1875 1315 1932 tribuunt
1335 1874 1544 1945 antiqui
1564 1875 1727 1930 etiam
1744 1873 1969 1944 scripto-
2003 1888 2044 1949 Β
2070 1877 2358 1934 admodum
2408 1886 2531 1948 post
2577 1877 2977 1934 Tillemontium
3025 1879 3129 1950 (c).
3162 1877 3410 1935 Historia:
3437 1877 3656 1938 Gallica:

373 1983 462 2025 res
489 1977 544 2025 et
569 1969 802 2026 codices.
841 1968 897 2024 In
921 1983 1046 2025 eum
1071 1977 1334 2042 praeterea
1371 1969 1508 2027 scite
1546 1968 1746 2025 cadunt
1761 1967 1952 2032 omnia

448 2103 526 2174 (ᾳ)
546 2099 691 2174 Hist.
716 2101 882 2174 litter.
909 2099 978 2157 de
996 2101 1050 2156 la
1067 2100 1293 2174 France,
1325 2111 1454 2160 tom.
1483 2100 1549 2170 II,
1571 2115 1694 2174 pag.
1725 2099 1850 2157 498.

367 2200 370 2202 η
447 2171 522 2244 (b)
540 2169 755 2238 Sidon.,
775 2170 866 2228 lib.
897 2187 970 2239 tv,
993 2171 1154 2244 epist.
1177 2171 1231 2228 3.

2064 1969 2339 2026 litterariae
2365 1969 2658 2041 scriptores
2684 1969 2879 2026 eruditi
2904 1969 3105 2040 Iitguido
3132 1971 3388 2028 evincunt
3409 1972 3510 2044 (ιι).

2140 2103 2216 2179 (ς)
2242 2102 2486 2179 _'l_‘_illem_.,
2511 2104 2868 2179 ΔΜιειῃηεξίξρι..
2903 2114 3032 2162 tom.
3067 2106 3216 2179 XVI,
3233 2121 3356 2179 pag.

2134 2173 2216 2246 (d)
2241 2173 2376 2231 Hist.
2408 2173 2571 2234 littér.
2598 2175 2668 2232 de
2687 2176 2738 2232 la
2767 2176 2991 2242 France,
3025 2185 3155 2234 tom.
3177 2173 3250 2247 Il,’
3273 2173 3394 2250 pag.
3418 2175 3542 2234 453.

297 4559 304 4568 ο
353 4509 512 4562 agere
561 4493 876 4550 laboriosius
917 4494 1261 4563 judicassem.
1311 4493 1624 4562 Quanquam
1655 4509 1753 4564 pro
1798 4492 1934 4546 virili

1006 2429 1896 2603 MAMEBTI
1974 2375 3014 2543 Chaunum

823 2781 1152 2925 DE
1289 2780 3188 2929 STATU-ANIMfE

1648 3023 1956 3107 LIBRI
2028 3021 2358 3106 TRES.

1550 3194 2463 3226 *-

1751 3318 2242 3428 ibraefatio.

1647 3505 2350 3534 m—

547 3631 1004 3687 I‘RAFEC'I'ORIO
1029 3631 1350 3696 PATRICIO,
1373 3631 1755 3686 DOC'I‘ISSIIO
1778 3631 1858 3682 ΕΤ
1885 3629 2125 3684 ΟΡΤΙΜΟ
2149 3631 2300 3685 VIRO
2319 3632 2373 3686 (Σ.
2402 3631 2626 3685 SOLLIU
2649 3632 2908 3685 SIDONIO
2935 3633 3340 3686 CLAUDIANUS
3365 3636 3500 3688 SAL.

432 3759 733 3818 Editiouem
781 3759 1084 3818 libellorum
1131 3774 1268 3830 quos
1313 3757 1382 3815 de
1409 3758 1599 3813 animae
1627 3756 1781 3812 Statu
1809 3771 1941 3812 con-
1969 3761 2016 3823 (ζ
2049 3764 2179 3819 tum,
2215 3764 2268 3808 et
2298 3767 2680 3823 usquequaque
2707 3754 3137 3822 perquiritatum,
3172 3761 3285 3808 toto
3311 3753 3524 3824 agmine
3553 3757 3633 3816 sui

357 3854 486 3919 didi,
543 3852 802 3910 reticendi
857 3859 1046 3908 cautus
1093 3860 1149 3905 et
1201 3849 1452 3920 loquendi
1498 3863 1696 3918 pensus
1723 3847 1941 3911 arbiter,
2007 3921 2012 3926 ι
2052 3850 2103 3904 in
2151 3851 2322 3905 aciem
2353 3847 2625 3909 eductum,
2661 3855 2984 3901 eteonscrta
3017 3845 3295 3902 nobiscum
3325 3863 3485 3904 manu
3508 3865 3632 3905 con«

361 3943 492 3996 mihi
542 3943 834 4012 imperasti.
885 3940 988 3998 Fas
1037 3941 1135 3996 fuit
1187 3950 1386 3997 memet
1437 3939 1731 3995 doctissimi
1784 3947 1944 4008 atque
2047 3953 2312 4009 gressum,
2343 3938 2621 4000 viceritne,
2681 3936 2988 4001 cesseritve,
3047 3944 3102 3991 tu
3133 3938 3414 4005 potissime
3466 3940 3632 3996 diser-

360 4033 710 4088 amantissimi
759 4033 844 4086 vel
891 4033 1092 4102 peritia:
1147 4032 1358 4097 cedere,
1419 4031 1502 4086 vel
1557 4032 1778 4088 credere
1808 4033 1941 4086 ami-
2049 4043 2222 4089 torum
2251 4029 2390 4087 t‘erto
2419 4028 2760 4086 sententiam.
2795 4027 2899 4084 Sed
2943 4037 3002 4083 ut
3045 4028 3270 4098 quisque
3316 4031 3550 4085 lecturus
3602 4047 3633 4088 o

357 4123 516 4178 citize.
551 4121 676 4188 Sed,
728 4131 786 4178 ut
817 4131 927 4179 tute
954 4125 1165 4194 egregie
1211 4132 1545 4194 compertum
1573 4132 1744 4189 tenes,
1787 4123 1942 4178 multi
2044 4119 2358 4195 imitatione
2385 4123 2646 4195 percipiat
2674 4119 2795 4193 styli
2817 4120 2986 4176 nostri
3014 4120 3207 4176 seriem
3241 4138 3254 4172 :

356 4215 460 4272 hoc
502 4215 641 4272 idem
672 4216 822 4282 mihi,
853 4223 908 4272 et
933 4216 1072 4272 idem
1105 4216 1204 4287 ipsi
1237 4225 1413 4272 tecum
1452 4218 1628 4286 magni
1650 4215 1936 4271 admodum
2115 4217 2324 4272 l’rimus
2349 4217 2482 4272 liber
2523 4215 2575 4268 in
2603 4215 2683 4269 sui
2713 4213 3009 4284 primordio
3031 4213 3267 4269 breviter
3287 4215 3496 4276 astruit,
3529 4214 3630 4270 itu-

353 4307 454 4361 viri
505 4308 778 4376 negotium
831 4296 1048 4373 dedere,
1097 4308 1240 4378 quod
1288 4316 1497 4378 egomet
1548 4308 1688 4364 baud
1737 4317 1938 4364 temere
2041 4303 3624 4378 passibilemdivinitatemnulliprorsusnll'eetuisubjacere.

351 4401 728 4470 suscepissent,
786 4401 994 4480 nisi_id
1049 4415 1304 4472 spernere
1351 4401 1723 4472 periculosius,
1775 4414 1934 4470 quam
2043 4397 2187 4462 Post,
2212 4399 2278 4453 de
2300 4399 2488 4452 animm
2516 4407 2658 4452 statu
2675 4397 3010 4452 variumcum
3031 4395 3337 4451 adversario
3362 4397 3628 4454 luctamen

2039 4491 2289 4545 alternat.
2323 4491 2402 4544 Ab
2431 4491 2558 4546 biuc
2583 4490 2766 4546 itidem
2798 4491 2864 4546 ad
2893 4491 3239 4547 erudiendum
3293 4491 3344 4546 iu
3399 4509 3462 4547 ea
3507 4509 3626 4563 quae

352 4594 506 4655 parte
529 4600 704 4640 meum
729 4601 941 4656 quoque
964 4584 1139 4656 fuerit,
1171 4585 1254 4639 vel
1279 4601 1384 4642 non
1402 4584 1751 4649 admonitum,
1778 4592 1935 4654 prout
2038 4590 2162 4637 sunt
2191 4584 2528 4648 obscuriora,
2559 4583 2836 4649 lectorem,
2885 4585 3159 4656 quippiam
3189 4601 3252 4641 ex
3288 4589 3627 4656 geotnetricis

2035 4683 2086 4729 et
2119 4673 2475 4728 aritltmetieis
2508 4683 2667 4742 atque
2688 4676 2848 4729 etiam
2877 4691 2940 4729 ex
2969 4675 3284 4744 dialecticis,
3309 4687 3361 4734 et
3400 4681 3626 4734 nonnul-

2035 4765 2099 4818 lis
2149 4773 2308 4834 prout
2357 4763 2594 4818 interfuit
2640 4765 2782 4828 usui,
2837 4765 3360 4836 pbilosopbomenon
3407 4770 3622 4836 regulis.

345 4877 436 4914 sus
463 4853 708 4931 quisque,
743 4861 785 4916 si
820 4876 925 4918 non
971 4861 1144 4916 otiose
1173 4867 1437 4930 capessat,
1465 4865 1520 4911 ut
1551 4869 1650 4923 ego
1677 4855 1928 4919 arbitror,
2035 4855 2275 4910 modeste
2305 4857 2368 4911 a'c
2396 4854 2689 4922 moderate,
2719 4865 2775 4912 et
2801 4871 2960 4926 quam
2991 4860 3166 4928 potuit
3211 4859 3445 4928 parciter
3491 4876 3621 4927 pue-

345 4951 510 5006 multa
568 4952 761 5007 exinde
812 4951 1059 5007 derivare
1097 4949 1333 5020 poterit:
1367 4963 1486 5018 qum
1535 4946 1635 5001 etsi
1691 4946 1930 5014 angustis
2034 4950 2238 5013 libavit,
2275 4948 2454 5003 habita
2480 4948 2768 5006 identidem
2811 4965 2930 5006 cum
2955 4951 3175 5006 adversa
3196 4959 3349 5019 parte
3371 4946 3621 5014 congres-

345 5044 648 5100 emanantia
671 5043 897 5108 venulis,
927 5041 979 5097 iu
1009 5056 1233 5111 magnos
1264 5049 1440 5095 tamen
1475 5053 1660 5092 amnes
1688 5037 1928 5105 longiore
2031 5039 2183 5093 sione
2212 5057 2222 5091 :
2269 5038 2454 5108 sicque
2483 5039 2706 5109 adjectis
2737 5043 2936 5096 nostris
2965 5042 3167 5110 aliquot
3188 5040 3302 5092 sine
3323 5037 3618 5092 alienarunt

344 5148 603 5202 procursu
633 5135 1017 5190 exuberabunt.
1051 5131 1163 5202 Ego
1185 5148 1314 5187 vero
1353 5139 1405 5186 et
1435 5129 1707 5209 fraudatus
1738 5129 1762 5167 ι)
1790 5137 1925 5185 tein-
1955 5141 2003 5202 υ
2033 5131 2500 5209 interpolamento,
2527 5134 2686 5189 tinem
2711 5134 2844 5188 liber
2871 5132 3077 5198 accepit

340 5222 508 5292 poris,
534 5232 588 5279 et
609 5233 901 5296 oecupatus
933 5224 1115 5292 animi,
1149 5225 1280 5280 satis
1327 5223 1506 5288 habui,
1551 5208 1812 5292 quantum
1857 5219 1925 5276 ad
2103 5208 2384 5276 Secundus
2432 5231 2556 5293 post
2601 5220 2941 5291 principium,
2992 5218 3060 5268 de
3088 5228 3360 5276 mensura,
3393 5231 3614 5272 numero
3687 5279 3693 5285 _

347 4691 506 4747 posse
520 4677 724 4741 subest,
750 4691 991 4733 asserere
1015 4678 1312 4732 veritatem.
1357 4677 1557 4746 Scripsi
1589 4675 1748 4742 igitur
1763 4689 1930 4744 pauca

349 4768 481 4832 lucc,
516 4767 678 4828 veluti
709 4767 952 4837 quaedam
983 4769 1253 4824 rationum
1283 4769 1486 4823 semina
1521 4785 1532 4818 :
1563 4781 1681 4834 quae
1728 4765 1933 4820 studio-

282 5297 286 5302 ’
340 5315 540 5384 negotii
587 5316 1047 5386 prtecmineutiam
1101 5322 1342 5384 spectat,
1403 5327 1565 5384 quam
1614 5312 1923 5370 succinetim
2027 5323 2082 5368 et
2109 5313 2347 5384 pondere
2376 5330 2482 5370 non
2505 5313 2698 5373 otiose,
2721 5313 2856 5365 etut
2881 5315 3122 5370 autumo,
3155 5321 3261 5359 non
3286 5306 3612 5364 infructuose

272 5562 280 5570 ,
333 5497 628 5565 sequenda.
659 5497 802 5555 Sane
828 5499 1149 5571 opusculum
1177 5497 1304 5556 illud
1331 5497 1449 5552 sine
1491 5505 1711 5553 auctore
1737 5496 1921 5568 prodi-

337 5414 502 5477 atque
532 5407 609 5462 uti
639 5407 826 5478 digito,
861 5408 942 5464 vel
969 5408 1232 5464 denotare
1259 5408 1495 5474 vitanda,
1527 5408 1612 5463 vel
1637 5406 1925 5464 ostendere
1973 5415 1978 5420 '
2027 5404 2277 5462 dissertat
2304 5423 2315 5458 :
2367 5405 2456 5459 ubi
2505 5403 2550 5458 si
2581 5400 2828 5468 cognitor
2851 5397 2992 5452 adsit
3021 5397 3277 5462 intentus,
3310 5397 3411 5452 sub
3440 5398 3610 5452 admi-

2028 5497 2205 5554 niculo
2248 5498 2463 5568 pietatis.
2485 5510 2578 5565 per
2608 5491 2965 5580 tlill‘erentitrm
2995 5499 3362 5548 creaturarum
3391 5490 3606 5559 gradus,

2023 5655 2210 5716 Neque
2237 5655 2393 5708 aliter
2425 5650 2548 5716 legit
2589 5649 2832 5706 eamdem
2859 5652 3265 5716 inscriptionem
3291 5650 3606 5710 Sirmoudus

2029 5724 2092 5777 ad
2115 5717 2317 5778 Sidonii
2346 5735 2508 5791 opera
2532 5717 2632 5776 sub
2673 5720 2879 5791 initium
2908 5731 2964 5780 et
2991 5717 3134 5778 alibi.

2098 5795 2123 5832 ιο
2165 5793 2245 5846 ΑΙ.
2279 5789 2571 5861 tempore...
2599 5789 2794 5848 animo.

409 5667 434 5726 ’ἢ
469 5656 743 5714 Ccnsuere
771 5658 1010 5712 nonnulli
1041 5655 1323 5726 legendum
1346 5653 1617 5726 Praefecto
1646 5657 1910 5726 prtetorio.

491 5727 620 5805 nibil
661 5728 993 5805 mutandum.
1026 5725 1279 5782 Sidonius
1305 5725 1395 5779 llb.
1429 5725 1491 5788 i,’
1527 5725 1911 5805 epist.-7,.pag_.

332 5795 437 5850 858
457 5815 466 5849 :
486 5796 632 5852 Abite
652 5798 942 5862 degeneres,
964 5811 1012 5853 et
1035 5810 1426 5855 Ρκιεῖεςτοιιιιε
1445 5796 1676 5850 muribus
1697 5795 1897 5864 indigni
