4232 6264
598 273 705 331 699
813 238 854 280 ⁸
1275 223 1289 231 ’
1870 244 2181 303 MAMERTI

2309 238 2603 329 AUDiANi.
3510 324 3517 331 Ι
3777 230 3888 286 700

601 384 669 445 ad
723 396 891 453 usque
946 375 1258 435 nonnullam
1300 365 1576 427 creatriels
1616 361 1857 421 omnium
1882 359 2182 422 Trinitatis,
2213 361 2266 422 Α
2289 324 2497 453 tissime
2523 356 2763 453 virorum
2788 351 2951 453 quod,
2970 350 3238 408 lectitabis
3280 366 3313 453 ε.
3339 356 3399 405 tu
3425 324 3590 453 modo
3617 347 3773 420 faxis,
3800 349 3889 405 uti

600 439 784 540 sinon
804 439 918 547 iam
946 470 1203 529 felicitate
1241 459 1685 534 contemplanda,
1716 464 1864 515 certe
1916 453 2191 510 robustius
2296 446 2625 547 memineris,
2678 460 2785 547 non
2813 443 3035 547 ‘absq‘ue
3062 457 3190 497 cura
3238 441 3323 547 tui
3361 439 3589 543 prodire.
3607 447 3882 547 oportere,

605 568 887 630 credenda:
913 561 1193 638 perveniet
1220 554 1548 613 ﬁrmitatem.
1581 551 1713 607 Post
1738 550 1865 607 hinc
1910 556 2072 613 totus,
2098 561 2191 607 us:-
2252 602 2253 605 η

604 676 711 735 que
738 660 806 716 ad
833 665 1033 713 metam
1061 654 1165 720 sui,
1196 651 1335 708 liber
1362 648 1590 705 testibus
1612 645 1804 701 utitur.

674 751 890 810 Tertius
921 745 1323 819 aliquantulum
1340 742 1396 798 in
1423 740 1508 796 sui
1534 735 1832 810 primordio
1858 736 2192 803 argumenta-

603 854 708 904 tur.
741 841 889 910 Post,
921 829 1135 896 saucios
1162 848 1229 894 ex
1258 834 1483 890 adversa
1521 830 1638 888 acie
1660 827 1908 900 palantes
1953 822 2189 893 illsequi’

606 945 711 994 tur.
746 935 973 991 Demum
1000 944 1130 987 vero
1170 940 1271 984 nec
1296 930 1617 998 aspernatur
1642 935 1853 993 pacem,
1903 932 2004 974 nec
2057 931 2190 971 con.

607 1027 809 1087 dictum
837 1024 1028 1083 metuit
1057 1018 1391 1079 adversantis
1418 1015 1611 1088 ignoti.
1660 1011 1743 1070 EI
1786 1008 1962 1082 legisti
2010 1005 2191 1066 erudi~

748 1154 829 1211 Al.
860 1134 1312 1224 conscriptione...
1339 1147 1589 1203 editione.

2295 539 2443 611 quod
2468 537 2731 610 publicari
2750 534 2929 607 jubes.
2957 532 3142 603 Neque
3168 530 3360 600 egode
3386 530 3590 600 negotii
3618 531 3881 601 pondere,

2294 631 2391 687 sed
2418 630 2486 687 de
2515 629 2743 686 actionis
2770 614 2989 683 levitate
3012 623 3388 680 dubitaverim.
3434 620 3665 678 Proinde
3705 622 3887 679 consi-

2294 725 2426 782 lium
2455 732 2611 783 tuum
2633 722 2858 778 asserito
2886 729 2941 776 et
2967 717 3290 773 defensitato
3316 735 3328 770 ε
3361 716 3619 787 quoniam
3647 716 3691 771 si
3722 717 3774 771 ill
3804 716 3886 773 his

2294 834 2452 874 secus
2497 813 2699 886 aliquid
2749 827 2850 883 ego
2880 821 2907 850 ⁸
2935 808 3348 881 conscriptionis
3398 807 3777 879 periclitabor;
3831 815 3889 862 tu

2298 909 2565 967 editionis.
2599 909 2752 975 Vale,
2782 915 2839 965 et
2864 908 2986 979 vige
3009 906 3166 964 bonis
3192 898 3415 974 viribus,
3439 902 3642 960 veteris
3668 914 3889 959 repara-

2300 1013 2387 1063 tor
2406 1003 2729 1078 eloquentire

622 1264 3871 1319 —_—______m__—_——_——————————'—I——ﬂ—I‘——-

1652 1322 2167 1510 LIBER.
2213 1344 2856 1500 palmus.-

1235 1586 1465 1650 CAPUT
1498 1588 1539 1644 Ι.
1560 1589 1569 1610 '

2301 1578 2679 1639 mussitantes,
2727 1571 3109 1633 blandimentis
3155 1571 3586 1629 leuocinantibus
3609 1611 3627 1638 ,
3674 1572 3891 1640 ignaros

611 1692 691 1754 De
715 1688 1040 1771 opinionibus
1060 1686 1485 1771 imperitorum-ct
1502 1680 1765 1771 pervicaci
1792 1680 1847 1732 in
1872 1667 2167 1748 defensioni
2182 1699 2196 1711 -
2225 1649 2273 1713 Β
2297 1684 2479 1771 rerum
2523 1668 2713 1770 sedulo
2746 1673 3065 1771 precentur,
3095 1674 3156 1720 ut
3181 1680 3294 1771 sua)
3314 1665 3649 1771 potissimum
3669 1673 3895 1771 senta-n—

1190 1757 1283 1813 m
1314 1753 1627 1828 pertinacia.

686 1874 936 1945 Magnum
978 1870 1033 1928 in
1070 1876 1270 1941 genere
1290 1870 1303 1945 _'
1322 1866 1578 1930 humano,
1636 1854 1765 1917 Solii
1806 1858 2014 1923 Sidoni,
2037 1855 2204 1911 frater

615 1942 1000 2034 amantissime,
1052 1942 1342 2020 multorum
1375 1957 1564 2015 vitium
1594 1959 1677 2012 est
1707 1964 1966 2022 arrogans
1985 1949 2204 2021 imperi-

616 2068 712 2131 tia,
743 2070 800 2120 e't
824 2062 1079 2135 pervicax
1106 2060 1164 2114 in
1190 2054 1537 2123 defendendis
1556 2064 1839 2124 perperam
1866 2046 2205 2119 praesumptis

616 2152 965 2226 opinionibus
989 2147 1305 2221 pertinacia.
1332 2145 1471 2201 Nam
1495 2142 1740 2215 plerique
1776 2138 2085 2199 mortalium
2111 2143 2206 2191 aut

616 2262 715 2319 per
741 2259 936 2300 sensus
953 2240 1198 2312 corporis
1218 2250 1604 2309 eorporearum
1632 2247 1812 2288 rerum
1839 2230 2045 2285 haustis
2072 2229 2205 2282 ima-

604 2336 851 2405 ginibus,
903 2332 1068 2388 veluti
1120 2326 1440 2400 quibusdam
1486 2340 1665 2381 rerum
1706 2322 1927 2389 umbris,
1959 2322 2206 2376 obtutum

623 2408 821 2482 mentis
842 2423 1089 2489 illudunt,
1118 2428 1212 2477 aut
1234 2418 1442 2475 tenellis
1465 2414 1641 2473 adhuc
1668 2412 1906 2470 infantia!
1936 2408 2209 2483 quondam

620 2533 731 2572 sure
769 2514 1202 2587 persuasionibus
1227 2513 1281 2567 in
1317 2516 1597 2565 senectute
1622 2506 1966 2579 puerascunt.
2008 2501 2065 2558 Si
2101 2516 2207 2572 qua

620 2607 726 2663 illis
772 2605 983 2662 dicendi
1031 2604 1186 2674 copia
1237 2610 1337 2668 est,
1371 2598 1629 2669 neglectis
1670 2610 1853 2653 rerum
1898 2595 2091 2660 causis,
2123 2603 2210 2650 ra-

620 2698 786 2754 tionis
815 2696 1048 2751 animam
1097 2698 1378 2766 spernunt,
1428 2700 1483 2745 et
1512 2690 1797 2745 verborum
1836 2701 2064 2757 corpora
2089 2684 2211 2740 dili-

620 2798 768 2860 gunt.
824 2788 1068 2859 Cumque
1105 2778 1305 2857 duplici
1335 2783 1403 2841 ad
1427 2783 1711 2853 veritatem
1735 2780 1985 2843 veniatur
2016 2780 2122 2845 via,
2154 2780 2213 2834 ut

550 2881 564 2895 '
623 2888 715 2936 aut
743 2879 1102 2951 praeiudicata:
1132 2874 1441 2932 auctoritati
1468 2873 1855 2931 credulitatem”
1898 2872 2208 2937 subdamus,

579 3036 582 3039 Α
625 2980 720 3025 aut
747 2970 812 3024 ad
841 2969 1119 3024 scientiam
1142 2968 1554 3024 ratiocinatione
1576 2965 1886 3030 tendamus;
1914 2964 2046 3019 nihil
2066 2962 2211 3033 quod

2249 1794 2252 1797 -
2302 1760 2390 1815 tiae
2419 1760 2784 1829 acquiescant,
2814 1756 3032 1825 sibimet
3058 1756 3421 1825 assentiamur
3452 1774 3466 1809 ε
3500 1750 3631 1810 illud
3652 1757 3767 1811 veri
3785 1757 3895 1827 ple-

2302 1866 2455 1917 num,
2489 1849 2618 1905 illud
2639 1864 2760 1906 esse
2780 1846 3138 1913 salutiferum,
3166 1848 3310 1917 quod
3332 1847 3435 1917 ipsi
3456 1847 3705 1913 doceant,
3730 1847 3895 1903 etiam

2304 1942 2591 2000 delirando
2618 1940 2961 2001 conﬁrmant.
2992 1940 3051 1996 Si
3080 1941 3458 2013 auctoritatem
3489 1956 3743 2011 quaeras,
3767 1944 3894 1998 sub-

2299 2036 2494 2106 jiciunt
2519 2035 2821 2091 istiusmodi
2850 2050 3136 2090 causarum
3164 2040 3374 2090 secreta
3396 2034 3528 2089 adiri
3555 2049 3893 2105 nequaquam

2305 2145 2485 2201 posse,
2518 2126 2621 2186 nisi
2644 2124 2992 2184 subtilissima
3013 2132 3196 2181 rerum
3227 2122 3557 2196 indagatrice
3584 2125 3816 2181 ratione.
3836 2126 3894 2182 Si

2307 2222 2550 2278 eamdem
2597 2222 2650 2275 in
2705 2219 2934 2275 articulo
2974 2208 3246 2290 reposces,
3304 2212 3562 2286 adjiciunt
3590 2218 3895 2272 auctoritati

2306 2316 2485 2386 potius
2513 2320 2768 2384 oportere
2797 2307 3042 2377 concedi,
3065 2324 3242 2379 neque
3262 2306 3641 2378 naufmgosum
3670 2316 3892 2378 propter

2307 2413 2746 2479 argmnentorutn
2793 2406 3025 2460 latentes
3079 2403 3343 2473 quosdam
3395 2401 3648 2472 scopulos
3673 2400 3891 2470 pelagus

2306 2492 2684 2569 disputationis
2739 2494 2959 2549 intrare.
3020 2490 3098 2547 ita
3155 2493 3477 2547 auctoritate
3516 2491 3802 2556 rationem,
3838 2499 3898 2545 ut

2309 2591 2690 2646 auctoritatem
2719 2587 2936 2657 obiectu
2990 2587 3218 2643 rationis
3272 2585 3515 2651 eludunt,
3560 2594 3615 2640 et
3669 2593 3898 2654 utroque

2307 2684 2503 2739 horum
2520 2682 2594 2761 ad
2624 2680 2676 2736 id
2705 2687 2948 2745 utuntur,
2974 2686 3033 2734 ut
3057 2687 3250 2734 neutro
3271 2685 3507 2733 utantur.
3530 2675 3598 2732 At
3611 2678 3653 2731 si
3676 2676 3896 2732 eosdem

2308 2774 2495 2844 paulo
2520 2760 2761 2828 strictius
2816 2760 3024 2826 erctum
3061 2770 3438 2849 ἀπερυιειμσιιε
3466 2769 3718 2834 includat,
3741 2770 3897 2824 aiunt

2309 2864 2581 2934 quosdam.
2601 2878 2725 2919 esse
2768 2872 3103 2928 sanctorum,
3122 2864 3319 2933 quibtts
3342 2862 3705 2931 hujuscemodi
3725 2863 3796 2918 sit
3818 2862 3901 2918 fa-

2310 2949 2575 3031 cillimum,
2637 2956 2849 3011 solvere
2897 2956 3256 3026 quaestiones;
3306 2971 3365 3013 se
3414 2957 3481 3011 ab
3518 2954 3692 3010 aliena
3729 2942 3911 3025 magis.

628 3060 712 3114 vel
739 3058 1031 3113 auctoritas
1054 3057 1259 3128 jubeat,
1293 3057 1379 3112 vel
1407 3057 1546 3112 ratio
1575 3054 1817 3122 suadeat,
1869 3031 2208 3124 potissimum
2234 3031 2281 3095 (ἶ
2311 3047 2632 3104 auctoritate
2668 3046 2935 3116 pendere;
2975 3044 3105 3101 illud
3141 3061 3200 3101 se
3254 3046 3515 3111 maxime,
3562 3046 3705 3115 quod
3754 3046 3892 3101 alius

627 3149 900 3215 ducentes,
957 3158 1137 3221 spreta
1181 3148 1454 3219 paucitate
1499 3147 1803 3210 doctorum,
1850 3145 2080 3200 illudunt
2107 3145 2210 3199 im-

627 3238 849 3309 peritos,
873 3253 991 3307 quae
1019 3238 1252 3291 maxima
1281 3231 1445 3291 turba'
1462 3242 1562 3291 est.
1581 3233 1691 3290 Sed
1711 3243 1766 3289 et
1794 3234 1895 3304 ipsi
1918 3236 1986 3289 ab
2010 3233 2212 3311 eisdem

628 3345 763 3400 quos
783 3329 992 3394 fallunt,
1026 3329 1302 3397 reciproca
1333 3327 1581 3382 illusione
1601 3324 1877 3380 falluntur.
1905 3324 2214 3380 Laudanttu'

629 3438 879 3493 namque,
912 3422 1150 3492 falsoque
1178 3419 1518 3474 laudantibus
1566 3417 1823 3484 credunt;
1863 3434 1972 3488 quo
2018 3418 2213 3473 mentis

629 3514 833 3570 sanitas
886 3514 1120 3568 maxime
1175 3512 1524 3583 periclitatur.
1573 3510 1796 3567 Accedit
1821 3510 1891 3566 ad
1919 3496 2022 3567 hoc
2049 3500 2213 3567 etiam

630 3603 945 3660 lacessentis
973 3606 1193 3674 semper
1232 3601 1417 3657 livoris
1464 3600 1713 3667 intentio,
1737 3601 2024 3657 invidentis
2050 3601 2214 3656 animi

633 3696 837 3751 crimen
864 3704 919 3751 et
947 3711 1128 3766 poena.
1159 3693 1292 3749 Nam
1317 3694 1362 3750 si
1381 3693 1509 3764 quid
1534 3692 1602 3748 ab
1629 3693 1714 3748 his
1740 3700 1877 3763 quos
1906 3693 2089 3764 iniquo
2131 3693 2222 3768 la-.

633 3796 851 3843 cessuut
906 3788 1056 3854 odio,
1083 3788 1150 3843 ad
1180 3788 1468 3864 utilitatem
1497 3784 1767 3857 publicam
1796 3787 1909 3842 veri
1935 3786 2212 3858 prodant,

634 3880 906 3935 diversum
953 3881 1198 3951 protinus
1226 3886 1492 3955 astruunt,
1522 3879 1624 3935 etsi
1653 3879 1795 3934 idem
1834 3878 2087 3933 sentiant.
2139 3876 2217 3933 Ac

626 3964 712 4026 ‘sic
754 3970 1078 4035 inexhausta
1126 3956 1443 4040 ﬁrmatoque
1491 3969 1637 4035 odio,
1692 3984 1811 4024 cum
1841 3969 1923 4023 his
1949 3984 2085 4037 quos
2114 3966 2217 4023 sibi

633 4063 811 4117 odisse
840 4063 1141 4118 institutum
1170 4070 1276 4128 est,
1318 4075 1658 4131 nequaquam
1704 4067 1951 4115 metuunt
1975 4059 2217 4117 veritatis

635 4156 825 4211 fecisse
859 4155 1147 4225 jacturam.
1178 4155 1420 4209 Oderunt
1448 4152 1610 4221 igitur
1636 4152 1957 4223 proximum,
1991 4152 2220 4208 oderunt

635 4257 691 4302 et
718 4247 906 4302 Deum.
939 4248 1117 4322 Atque
1144 4248 1197 4302 in
1219 4247 1303 4302 his
1330 4246 1539 4302 duobus
1564 4252 1952 4313 praeceptorum
1981 4246 2219 4313 omnium

637 4337 908 4406 totiusque
957 4336 1090 4405 legis
1144 4344 1326 4405 spreta
1377 4334 1729 4404 plenitudine,
1781 4351 1888 4389 non
1920 4336 2218 4392 mirandum

638 4435 738 4488 est,
764 4427 809 4480 si
837 4425 923 4480 vel
953 4426 1020 4478 de
1041 4426 1152 4481 Deo
1182 4424 1267 4478 vel
1286 4423 1354 4479 de
1383 4424 1600 4479 homine
1620 4426 1787 4494 probe
1817 4443 1921 4481 non
1961 4429 2215 4493 sentiant,
2247 4411 2296 4471 ι)

638 4516 731 4582 qui
768 4523 1052 4584 utrumque
1101 4530 1131 4568 a
1183 4529 1243 4569 se
1269 4514 1394 4592 odio
1429 4515 1697 4572 mediante
1720 4517 2086 4589 longinquam.
2118 4519 2222 4576 Sed

643 4612 779 4666 istuc
816 4610 1127 4666 eorumdem
1158 4609 1483 4681 'quanquam
1525 4612 1783 4682 plectibili
1825 4615 1956 4669 vitio
1979 4631 2219 4683 moveor,

641 4702 833 4757 exilius
879 4708 1092 4769 tamen;
1123 4703 1248 4774 quia
1278 4703 1379 4759 etsi
1426 4704 1804 4781 malivolentia:
1854 4707 1907 4761 in
1954 4707 2087 4765 alios
2116 4709 2222 4763 tela

646 4793 959 4877 moliuntur,
990 4794 1091 4863 ipsi
1119 4794 1289 4863 magis
1326 4795 1557 4865 propriis
1587 4796 1830 4852 transﬁxi
1866 4798 2084 4863 ictibus,
2110 4799 2223 4852 vul-

645 4901 773 4942 nera
795 4901 915 4955 qua:
940 4884 1135 4942 inferre
1155 4896 1443 4951 conantur,
1472 4887 1747 4958 excipiunt
1772 4909 1784 4943 :
1813 4906 2044 4961 namque
2069 4891 2222 4946 odio-

641 4994 761 5034 rum
789 4977 1040 5050 stimulis,
1088 4976 1403 5035 eorumdem
1441 4977 1591 5048 prius
1633 4960 1929 5048 puniuntur
1957 4960 2220 5037 auctores.

642 5071 775 5126 illud
801 5072 970 5125 multo
999 5067 1311 5135 maximum,
1344 5076 1400 5125 et
1446 5069 1605 5138 longe
1631 5071 1983 5139 periculosius
2022 5072 2227 5128 crimen

644 5175 726 5218 est
752 5181 764 5217 :
794 5164 940 5232 quod
963 5162 1241 5218 catholica:
1261 5161 1478 5217 sanitati
1500 5161 1783 5231 opiniones
1803 5163 2045 5219 inimicas
2064 5143 2227 5219 stulte

646 5256 979 5325 concipiunt,
1027 5270 1168 5311 vane
1219 5252 1522 5325 proferunt,
1552 5255 1782 5325 superbe
1811 5263 2075 5323 astruunt,
2106 5273 2226 5331 cum

649 5347 950 5401 temeritate
977 5348 1238 5416 scribunt,
1260 5364 1387 5405 cum
1411 5362 1576 5420 prava
1597 5348 1893 5404 intentione
1914 5349 2224 5405 defendunt.

648 5436 716 5491 Et
741 5437 997 5507 quoniam
1024 5438 1334 5511 humanitus
1359 5456 1456 5511 per
1478 5437 1891 5511 imprudentiam
1921 5440 2054 5511 lapsi
2083 5449 2225 5507 sunt,

649 5528 855 5597 eligunt
905 5527 1141 5584 audaciae
1193 5533 1303 5585 sure
1337 5532 1548 5602 culpam
1574 5531 1839 5603 pervicaci
1868 5532 2231 5589 obstinatione

649 5616 1059 5686 defendere,“
1081 5619 1369 5676 videmur
1410 5623 1651 5693 potuisse
1690 5638 1935 5695 peccare.
1965 5623 2044 5679 Ita
2089 5627 2231 5682 enim

650 5711 837 5776 palam
873 5712 1167 5771 sententias
1194 5723 1318 5770 suas
1346 5718 1611 5783 nstruont,
1640 5722 1697 5772 ut
1719 5716 1857 5774 clam
1887 5710 2237 5777 nihilominus

2312 3140 2553 3196 sanxerit
2571 3155 2689 3197 esse
2709 3148 3006 3195 secuturos.
3042 3138 3167 3195 Haec
3187 3140 3307 3208 quis
3334 3138 3492 3202 ferat,
3532 3139 3746 3208 ulloque
3770 3138 3897 3193 ferri

2314 3239 2470 3302 pacto
2497 3246 2658 3302 posse
2681 3230 2904 3301 iudicet,
2954 3231 3231 3285 hominum
3251 3232 3559 3301 quempiam
3580 3238 3635 3285 et
3673 3230 3899 3285 inliciari

2313 3322 2613 3387 scientiam,
2672 3330 2726 3377 et
2770 3322 3044 3377 vindicare
3072 3323 3411 3377 doctrinam?
3438 3321 3681 3391 Cogitata
3707 3337 3822 3388 sua,
3854 3322 3902 3378 si

2314 3416 2588 3472 discussor
2615 3417 2772 3482 absit,
2803 3426 3077 3480 astruere;
3122 3416 3165 3471 si
3214 3400 3397 3483 adsit,‘
3420 3416 3668 3486 operire?
3698 3414 3783 3478 At,
3818 3415 3903 3469 in-

2314 3500 2456 3576 quis,
2487 3523 2745 3578 quorsum
2767 3525 2948 3564 sermo
2980 3508 3357 3580 progreditur?
3378 3509 3491 3579 Ego
3516 3526 3647 3565 vero
3675 3510 3905 3578 longius-

2317 3599 2437 3655 cule
2462 3615 2623 3669 quam
2655 3601 2798 3656 volui
2826 3601 3079 3672 praefatus
3103 3618 3242 3667 sum,
3270 3602 3427 3657 dum
3471 3602 3906 3672 praesumentium

2316 3693 2464 3763 piget
2492 3694 2777 3762 uedetque.
2829 3692 3012 3764 Nuper
3035 3694 3236 3749 etenim
3264 3692 3460 3748 offendi
3488 3692 3768 3764 quosdam,
3811 3695 3903 3760 qui

2317 3784 2613 3840 chartulam
2662 3784 2948 3854 quamdam
2979 3785 3177 3857 oppido
3206 3785 3437 3840 studiose
3469 3782 3797 3839 lectitabant.
3830 3784 3899 3838 Et

2317 3877 2440 3947 quia
2463 3877 2768 3933 mortalium
2799 3878 2985 3947 generi
3010 3892 3126 3934 mos
3153 3888 3232 3933 cst
3257 3878 3378 3931 novi
3417 3876 3595 3946 operis
3614 3876 3900 3945 agnitione

2318 3966 2515 4039 pellici,
2547 3967 2615 4022 ad
2664 3966 2715 4022 id
2744 3969 3145 4039 percipiendum
3181 3966 3362 4024 sedulo
3386 3968 3617 4023 animum
3646 3966 3903 4023 intende-

2318 4066 2441 4114 rant
2471 4078 2483 4112 :
2516 4060 2618 4115 hoc
2646 4058 2786 4115 idem
2815 4060 2947 4116 mihi
2973 4077 3036 4117 ac
3065 4063 3108 4117 si
3135 4062 3351 4130 cognitu
3381 4059 3739 4116 necessarium
3762 4056 3905 4113 ultro

2321 4150 2704 4219 ingerentibus,
2736 4153 3001 4224 inspicere
3030 4152 3189 4223 plane
3220 4168 3326 4208 non
3362 4152 3543 4232 abnui.

2947 4284 3180 4341 CAPUT
3218 4285 3281 4340 li.

2604 4398 2674 4455 Se
2692 4402 2747 4453 in
2774 4399 2959 4455 librum
2986 4403 3099 4455 sine
3125 4409 3340 4478 auctore
3366 4399 3629 4455 incidisse.

2396 4536 2572 4591 Prima
2622 4536 2866 4607 opusculi
2905 4515 3070 4594 facies
3114 4535 3180 4592 de
3223 4536 3461 4605 ingenito
3489 4531 3913 4603 genitoqueDeo

2323 4626 2717 4685 sublimissimae
2755 4629 3065 4699 quaestionis
3119 4628 3208 4684 vix
3264 4627 3468 4683 foribus
3497 4628 3773 4691 oberrans,
3800 4641 3914 4679 non

2323 4737 2514 4792 parum
2542 4720 2862 4777 catholicam
2889 4738 2999 4792 pra:
3037 4737 3095 4776 sc
3137 4720 3359 4786 ferebat,
3382 4728 3435 4774 et
3461 4720 3505 4775 si
3529 4718 3688 4786 longe
3717 4715 3916 4787 impari

2324 4799 2685 4883 disputatione
2733 4813 3054 4867 sententiam
3082 4835 3093 4866 ;
3128 4806 3200 4867 ita
3246 4828 3411 4883 penes
3440 4826 3525 4865 me
3553 4808 3914 4865 ratiocinandi

2327 4903 2600 4958 levitatem
2653 4904 2832 4970 gravis
2887 4894 3049 4958 causa
3104 4902 3369 4974 pensavit.
3423 4901 3522 4956 Ubi
3551 4899 3916 4969 iegendipro-

2326 5007 2512 5062 gressu
2563 4994 2825 5064 reliquum
2880 4994 3127 5051 lectionis
3164 4994 3385 5059 accessi,
3416 4991 3766 5047 animadverti
3797 4990 3923 5060 qui-

2328 5085 2551 5140 busdam
2581 5084 3147 5142 circumlocutionibus
3189 5085 3239 5141 id
3290 5085 3563 5156 impendio
3603 5083 3920 5139 molientem

2282 5232 2287 5239 ,
2329 5190 2570 5242 asserere
2611 5177 2799 5246 opella:
2845 5178 3012 5247 ipsius
3038 5186 3333 5239 auctorem,
3368 5185 3427 5231 ut
3456 5172 3715 5230 Divinitas
3738 5173 3920 5244 passi-

2329 5267 2450 5339 bilis
2469 5267 2797 5323 crederetur.
2830 5267 3126 5325 Pcrcoutor
3152 5270 3219 5325 de
3243 5268 3460 5325 nomine
3492 5288 3503 5323 :
3532 5284 3632 5324 nec
3652 5283 3925 5338 responso

2330 5373 2431 5413 nec
2458 5358 2660 5428 scripto
2682 5360 2946 5429 proditur.
2978 5358 3149 5432 Coepi,
3184 5361 3374 5428 fateor,
3401 5361 3520 5416 talis
3545 5359 3794 5429 equidem
3822 5375 3926 5430 pa-

2274 5513 2282 5516 ,
2330 5449 2468 5517 ginte
2505 5450 2704 5521 stylum
2764 5448 2963 5523 oppido
3001 5452 3142 5509 ferre
3168 5461 3498 5525 suspectum,
3548 5460 3603 5507 et
3646 5460 3707 5506 llt
3760 5451 3815 5507 in
3845 5453 3933 5508 eis

2330 5541 2566 5595 solemus
2594 5541 2746 5607 locis,
2776 5557 2895 5611 qum
2921 5544 3006 5599 vel
3029 5544 3267 5600 humoris
3288 5543 3486 5600 assidui
3514 5542 3933 5599 subteriuvione

2332 5631 2594 5698 cedentia,
2648 5634 2729 5688 vel
2774 5634 2878 5690 levi
2924 5651 3107 5705 prono
3125 5638 3354 5705 lubrica,
3386 5637 3471 5693 vel
3498 5652 3637 5693 cavo
3661 5635 3932 5708 pendula,

2332 5722 2416 5781 vel
2437 5722 2655 5779 sudibus
2683 5740 2870 5794 aspera
2900 5734 3040 5794 sunt,
3067 5740 3329 5797 suspenso
3349 5728 3580 5796 vestigio
3626 5726 3732 5782 iter
3768 5725 3942 5783 inco-
