4232 6264
282 302 378 358 701

1493 296 1577 353 DE
1612 297 1839 355 STATU
1880 300 2121 357 ΑΝΙΜᾸΞ
2162 303 2289 361 LIB.
2330 306 2370 362 1.

3474 315 3581 372 702

282 421 492 500 gnitum
540 414 725 485 potius
761 419 975 467 tentare
1002 424 1164 481 quam
1200 425 1447 477 currere;
1480 411 1657 468 donec
1686 414 1879 481 tertiis,
1910 421 1962 485 Α
1989 434 2097 489 quo
2127 418 2251 489 quia
2281 421 2582 477 accidentia
2631 440 2738 480 non
2789 425 2907 495 fuit,
2941 426 3163 484 allectus
3192 401 3311 485 esse
3340 443 3449 483 non
3479 447 3578 500 po-

282 491 342 568 ut
366 510 477 565 illic
505 514 608 572 est,
640 512 853 577 partem
872 502 1188 577 qugesﬁonis
1216 501 1508 571 ingredior.
1535 503 1636 559 Hic
1650 504 1763 575 jam
1779 520 1888 562 non

283 573 659 679 exploranda,—
700 597 795 652 sed
844 573 1182 665 exﬁodenda
1235 597 1506 651 sententia
1544 573 1889 667 nequaquam

283 695 443 767 pensi
494 691 764 748 sermonis
813 685 1100 759 apparuit:
1132 688 1267 743 satis
1314 688 1503 743 sedulo
1533 687 1748 746 efficere
1790 704 1887 747 cu-

281 790 464 861 piens,
495 786 542 840 si
582 798 689 853 quo
716 788 874 853 pacto
902 787 1085 849 queat,
1118 787 1177 833 ut
1203 780 1382 835 anima
1434 796 1632 852 corpus
1660 797 1781 839 esse
1811 783 1889 839 vi-

284 881 501 936 deatur.
535 875 689 931 Nulla
720 874 880 941 igitur
907 869 1319 939 argumentandi
1347 871 1568 938 virtute,
1612 874 1783 930 nulla.
1801 872 1887 943 ju-

284 974 452 1029 bente
481 970 620 1039 lege,
653 967 796 1022 nulla
846 965 1209 1036 persuadente
1261 965 1497 1032 ratione,
1543 966 1597 1021 in
1637 967 1742 1023 hoc
1791 984 1884 1025 ne-

288 1065 582 1139 quidquam
611 1058 857 1116 videlicet
882 1058 1102 1128 negotio
1134 1058 1293 1113 tritus
1348 1074 1528 1114 sermo
1576 1057 1775 1116 ﬁnitur.
1810 1059 1888 1118 Ac

288 1156 423 1217 mihi
474 1157 704 1235 primum
742 1167 985 1223 quaerere
1034 1151 1195 1207 cordi
1215 1158 1318 1218 est,
1366 1152 1625 1222 quidnam
1656 1154 1886 1210 rationis

288 1252 580 1317 exstiterit,
610 1255 671 1304 ut
718 1253 900 1302 tantas
949 1246 1181 1301 initurus
1210 1259 1417 1311 causas,
1446 1244 1623 1316 deque
1654 1255 1762 1303 tam
1792 1264 1885 1304 su-

182 1356 189 1363 '
285 1345 539 1404 blimibus
567 1341 866 1404 locuturus,
914 1336 1041 1392 sciri
1087 1336 1354 1391 vitaverit.
1387 1334 1444 1390 Si
1470 1334 1609 1392 bene
1638 1339 1887 1394 conscius

252 1446 259 1458 ‘
286 1440 550 1509 disputas,
573 1448 670 1489 cur
697 1445 894 1487 nomen
926 1427 1201 1485 occultas?
1222 1428 1268 1482 si
1295 1428 1515 1497 agnosci
1546 1430 1759 1497 metuis,
1784 1432 1887 1484 'cur

290 1545 423 1603 opus
449 1525 674 1601 prodis?
713 1538 786 1578 ne
825 1521 1031 1610 dicam,
1055 1535 1149 1575 cur
1171 1520 1271 1574 ista
1293 1517 1625 1573 conscribis?
1655 1520 1737 1573 An
1766 1535 1884 1574 ma—

296 1633 466 1682 lorum
490 1635 655 1692 super
674 1618 779 1672 hoc
799 1614 1024 1670 forsitan
1049 1612 1297 1683 exempla
1320 1611 1579 1667 sectaris?
1598 1610 1707 1667 Sed
1727 1611 1887 1667 video

295 1716 614 1791 prophetas,
665 1702 1060 1776 evangelistas,‘
1100 1703 1395 1777 apostolos,
1444 1710 1568 1774 post
1592 1700 1759 1756 "etiam
1789 1704 1886 1757 au-

294 1808 651 1865 thentiCorum
676 1810 699 1841 ε
754 1798 1109 1872 plurimorum
1150 1802 1492 1860 tractatores,
1525 1810 1620 1850 sua
1648 1794 1883 1866 propriis
1913 1792 1961 1851 Β

296 1895 650 1954 voluminibus
671 1891 888 1947 nomina
911 1895 1242 1959 prmnotasse
1268 1903 1280 1940 :
1314 1887 1451 1941 alios
1472 1886 1636 1941 etiam
1658 1900 1883 1955 operum

298 1977 509 2047 suorum
531 1984 766 2059 propriis
791 1980 1069 2037 vocabulis
1097 1978 1381 2035 inchoasse
1409 1976 1689 2048 principia,
1724 1984 1782 2030 ut
1802 1985 1887 2032 est

291 2082 455 2140 Illud:
481 2081 669 2135 Petrus
684 2072 949 2147 apostolus
972 2071 1185 2135 Christi,
1210 2079 1260 2124 et
1282 2070 1510 2136 Paulus;
1535 2084 1636 2125 nec
1662 2085 1769 2125 non
1793 2070 1884 2125 alii

291 2186 457 2246 atque
495 2171 586 2247 alii
606 2169 916 2225 fundatores
944 2150 1201 2220 Ecclesia:
1225 2171 1388 2235 atque
1427 2161 1730 2217 eruditores
1759 2179 1771 2214 :
1804 2160 1885 2216 vi-

291 2268 490 2325 delicet
510 2260 854 2337 pnecavenda
875 2258 991 2314 fore
1014 2265 1280 2344 noverant
1295 2257 1726 2328 apocryphorum
1745 2270 1885 2339 vana

292 2359 378 2416 vel
402 2357 580 2426 noxia.
597 2352 702 2409 Sed
723 2367 789 2407 ne
810 2351 889 2406 sic
917 2348 1137 2419 quidem
1167 2348 1440 2403 fallacium
1469 2346 1883 2402 temerariorum

292 2455 449 2511 vitari
501 2448 753 2518 ﬁgmenta
797 2449 1108 2518 potuerunt.
1168 2440 1307 2497 Hinc
1336 2448 1420 2497 est
1458 2439 1600 2513 quod
1630 2441 1888 2512 pleraque

294 2543 466 2611 Pauli,
496 2542 897 2608 multorumque
917 2544 1232 2591 sanctorum
1256 2532 1533 2589 vocabulis
1562 2538 1882 2604 praenotata,

294 2623 540 2694 sanitas}
570 2629 851 2689 catholicae
879 2626 1137 2684 Ecclesiae
1165 2633 1367 2681 nostra:
1391 2640 1499 2680 non
1525 2624 1735 2697 recipit,
1759 2625 1887 2695 quia

295 2743 401 2786 non
454 2724 727 2781 lenocinio
777 2720 1011 2777 nominis
1066 2716 1248 2789 operis
1279 2716 1532 2771 meritum
1554 2723 1765 2786 pensat,
1792 2714 1887 2769 sed

296 2828 572 2887 auctorem
600 2814 701 2870 sibi
728 2811 852 2885 styli
888 2808 1112 2865 veritate
1136 2807 1407 2863 conciliat.
1441 2804 1729 2860 Enimvero
1758 2803 1887 2859 illud

297 2912 439 2986 quod
482 2904 585 2966 ista
612 2906 807 2978 pagina
828 2903 1165 2975 propalatur‘,
1190 2899 1541 2970 ejusdemque
1573 2905 1762 2953 auctor
1790 2910 1886 2952 oc-

297 3007 515 3071 culitur,
564 3000 783 3057 evidens
819 2997 944 3057 facit
998 2996 1274 3060 indicium,
1324 2993 1595 3060 eumdem,
1625 2992 1828 3051 scilicet
1855 3004 1886 3043 a

298 3115 409 3170 quo
456 3097 527 3151 sit
582 3092 899 3164 composita,
951 3085 1115 3146 fuisse
1156 3090 1490 3144 damnatum.
1524 3084 1725 3138 Nemo.
1744 3082 1887 3136 enim

298 3156 477 3249 studet
502 3156 781 3250 occulta-ri,
806 3184 909 3239 nisi
931 3184 1022 3254 qui
1042 3182 1295 3238 formidat
1309 3178 1547 3263 agnosci.
1566 3176 1679 3263 Ego
1706 3183 1887 3229 tamen
1912 3156 1961 3221 Ο

299 3285 426 3343 satis
451 3280 637 3338 mirari
663 3293 895 3351 nequeo,
920 3292 1015 3331 cur
1044 3276 1099 3330 in
1129 3274 1322 3329 eodem
1344 3262 1575 3328 vitandae
1605 3281 1759 3323 noxae
1779 3282 1889 3321 non

301 3375 458 3431 fuerit
505 3370 762 3436 studium,
821 3371 876 3425 in
904 3385 1014 3439 quo
1053 3364 1422 3440 supprimendi
1452 3361 1686 3418 nominis
1712 3354 1891 3432 potuit

303 3482 419 3529 esse
434 3460 693 3538 judicium
704 3504 716 3519 .

684 3624 685 3627 γ
915 3547 1147 3606 CAPUT
1185 3546 1271 3604 Ill.
1451 3605 1459 3610 _

306 3651 452 3719 Quod
477 3646 738 3705 Divinitas
773 3640 1118 3726 intrassibjlis
1145 3640 1274 3726 nulli
1307 3655 1517 3714 prorsus
1545 3639 1751 3711 aifectui
1781 3637 1896 3694 sub-

998 3721 1197 3785 jaceat.
1254 3721 1261 3723 ·
1575 3760 1587 3770 .
1754 3738 1755 3741 η

371 3834 412 3890 l.
455 3833 561 3891 Sed
602 3832 671 3888 ad
715 3829 1055 3903 propositum
1102 3834 1463 3894 revertentes,
1519 3826 1634 3897 ipsa
1685 3825 1894 3901 praefati

304 3927 481 3998 operis
522 3924 690 3985 verba
745 3936 1045 3993 ponamus:
1082 3919 1151 3975 ad
1177 3919 1328 3975 illum
1377 3918 1625 3978 videlicet
1650 3919 1735 3973 cui
1766 3919 1915 3973 taliae

301 4018 556 4081 destinat,
611 4028 773 4085 quem
826 4012 1049 4084 perinde
1101 4020 1264 4082 atque
1291 4028 1350 4067 se
1378 4011 1611 4067 celatum
1640 4027 1761 4067 esse
1788 4012 1899 4066 stn-

270 4110 440 4174 ,duit,
472 4108 549 4162 sic
578 4106 690 4160 ait:
727 4104 928 4171 Quazris
968 4121 1000 4157 a
1046 4122 1124 4159 me
1169 4105 1422 4179 quomodo
1446 4105 1605 4177 juxta
1661 4104 1897 4160 substan-

304 4203 433 4259 tiam
466 4197 568 4253 Dei
603 4198 657 4251 in
705 4195 923 4268 epistola
950 4195 1174 4267 quadam
1202 4196 1394 4251 dictum
1440 4197 1524 4250 sit.
1560 4196 1627 4250 Et
1657 4197 1762 4265 hic,
1795 4212 1895 4252 nec

303 4291 474 4361 cujus,
534 4281 651 4344 nec.
684 4287 751 4343 ad
780 4302 963 4359 quem,
994 4301 1094 4343 nec
1114 4286 1182 4343 de
1207 4302 1314 4359 quo
1343 4287 1571 4358 epistola
1592 4286 1732 4343 foret
1759 4288 1897 4343 indi-

304 4393 483 4441 catum
522 4372 709 4443 voluit.
745 4380 1144 4459 Continuatquc
1194 4379 1260 4436 de
1287 4378 1441 4435 Deo:
1478 4378 1574 4434 Nil
1602 4382 1763 4434 sensit
1808 4388 1897 4450 ρη-

238 4474 245 4477 ’
306 4476 480 4530 ticutis
533 4489 734 4541 sensus,
792 4466 883 4526 sed
911 4470 1526 4555 compatientis.aﬂ'ecttt.
1559 4469 1890 4545 Subjunxit:

1993 512 2114 568 tuit.
2147 511 2253 568 Sed
2282 514 2489 584 adjicis,
2520 515 2663 585 Ergo
2691 518 2837 588 quod
2888 520 2942 575 in
2997 520 3218 575 homine
3264 517 3489 577 allectus
3526 531 3583 578 et

1989 606 2161 675 gratia
2188 648 2204 674 ,
2266 607 2321 663 in
2361 607 2473 663 Deo
2513 611 2680 666 virtus
2710 619 2793 667 est
2821 619 2875 667 et
2903 620 3113 667 natura.
3146 611 3213 667 Et
3249 627 3367 683 quae
3390 614 3442 668 in
3466 612 3580 670 Deo

1988 701 2160 757 virtus
2187 709 2289 770 est,
2321 717 2444 758 cum
2489 702 2613 758 data
2654 702 2815 759 fuerit
2869 705 3095 771 homini,
3140 720 3246 760 non
3276 710 3359 761 est
3388 706 3576 761 virtus.

1988 790 2133 849 Deus
2178 793 2320 850 enim
2367 794 2559 867 procul
2587 797 2751 852 dubio
2792 797 2965 854 virtus
2991 806 3101 863 est;
3132 797 3225 871 qui
3255 799 3299 853 si
3330 798 3581 853 immuta-

1988 884 2112 941 bilis
2143 895 2245 955 est,
2279 891 2444 943 etiam
2468 904 2589 943 cum
2621 905 2678 944 se
2699 889 2907 944 homini
2934 888 3162 956 dederit,
3194 891 3364 945 virtus
3393 890 3448 944 in
3480 882 3580 945 ho-

1990 980 2135 1035 mine
2155 989 2255 1036 est.
2281 979 2424 1050 Ergo
2449 981 2594 1053 quod
2616 983 2669 1036 in
2690 979 2802 1036 Deo
2834 982 3002 1037 virtus
3040 989 3143 1049 est,
3184 990 3239 1038 et
3268 982 3320 1038 in
3359 982 3579 1038 homine

1991 1073 2160 1129 virtus
2185 1079 2269 1129 est
2298 1091 2312 1126 :
2344 1073 2448 1128 hoc
2472 1080 2680 1127 tantum
2710 1071 2983 1141 diﬂerens,
3009 1073 3153 1144 quod
3183 1073 3290 1130 illic
3330 1074 3579 1130 substan-

1991 1162 2213 1228 tialiter,
2243 1164 2331 1220 hic
2360 1165 2765 1221 accessibiliter.
2794 1161 2947 1220 Unde
2981 1164 3238 1221 Dominus
3260 1165 3326 1220 ad
3355 1174 3577 1237 aposto-

1988 1256 2072 1311 los
2097 1275 2108 1309 :
2144 1255 2350 1320 Sedete,
2374 1257 2565 1327 inquit,
2587 1258 2641 1311 in
2670 1258 2889 1324 civitate,
2915 1258 3085 1332 quoad
3109 1274 3267 1329 usque
3285 1244 3577 1313 induamini

1988 1350 2174 1405 virtute
2199 1362 2265 1404 ex
2291 1348 2399 1404 alto
2429 1348 2579 1422 (Luc.
2602 1366 2751 1414 xxxv,
2775 1348 2887 1422 45).
2906 1348 2973 1405 Et
3000 1350 3261 1423 propheta
3294 1368 3306 1402 :
3340 1347 3572 1421 Diligam

1989 1451 2058 1509 te,
2095 1440 2330 1506 Domine,
2360 1442 2521 1494 virtus
2537 1458 2649 1496 mea
2672 1438 2842 1510 (Psal.
2873 1458 2998 1507 xvn,
3034 1441 3109 1510 1).
3142 1440 3220 1495 Tu
3259 1455 3387 1495 vero
3408 1439 3577 1494 Deum

1988 1533 2042 1587 in
2065 1548 2125 1588 se
2151 1532 2401 1587 virtutem
2431 1547 2570 1596 esse,
2605 1540 2662 1587 et
2688 1533 2743 1586 in
2772 1532 2991 1587 homine
3011 1531 3143 1586 dicis
3174 1546 3281 1585 non
3308 1544 3445 1585 esse.
3470 1527 3577 1584 Sed

1990 1623 2114 1678 talis
2166 1623 2445 1678 sententia:
2489 1637 2653 1677 causa
2706 1608 2825 1678 luce
2871 1621 3139 1691 liquidior,
3171 1628 3272 1677 est.
3322 1620 3578 1692 Sequitur

1988 1715 2214 1781 scilicet,
2246 1721 2310 1769 ut‘
2332 1729 2491 1784 quem
2516 1714 2650 1770 dicis
2669 1714 2826 1779 allici,
2861 1724 3069 1769 astruas
3088 1713 3427 1768 commutari.

2058 1806 2121 1862 ll.
2180 1807 2257 1864 Ac
2311 1808 2441 1863 mihi
2497 1810 2729 1880 primum
2781 1809 3083 1880 proprietas
3131 1807 3291 1877 hujus
3342 1804 3576 1861 nominis

1988 1901 2220 1955 maxime
2248 1900 2585 1957 discutienda
2615 1909 2717 1957 est.
2749 1898 2985 1958 Affectus
3010 1915 3206 1972 nempe
3235 1899 3302 1955 ab
3342 1914 3409 1955 eo
3437 1899 3574 1955 dici-

1986 1998 2075 2046 tur
2103 1991 2247 2060 quod
2288 1991 2491 2063 aliquid
2540 1990 2753 2048 alliciat.
2787 1991 3056 2066 Quidquid
3098 1999 3279 2046 autem
3326 1989 3574 2057 afficitur,

1987 2080 2360 2154 patituraPati
2399 2098 2529 2139 vero
2572 2099 2681 2139 non
2731 2084 2812 2139 est
2852 2082 2952 2138 nisi
2983 2080 3248 2155 passibilis
3274 2087 3579 2153 creatmque

1986 2174 2317 2229 substantim.
2352 2172 2481 2241 Qua:
2514 2183 2535 2213 θ
2577 2175 2829 2249 quoniam
2860 2190 2891 2228 a
2939 2188 3146 2229 summa
3182 2173 3414 2228 essentia
3460 2186 3579 2242 qua:

1989 2260 2130 2320 Deus
2174 2272 2275 2331 est,
2327 2274 2385 2319 ut
2432 2266 2704 2330 existeret,
2738 2273 2929 2321 vocata
2977 2265 3044 2320 de
3084 2264 3250 2319 nihilo
3292 2270 3406 2330 est;
3439 2263 3579 2318 inter

1989 2358 2121 2414 illud
2148 2358 2215 2414 de
2244 2374 2352 2429 quo
2382 2358 2542 2426 facta,
2576 2366 2630 2415 et
2658 2358 2790 2415 illud
2832 2376 2863 2414 a
2911 2375 3021 2431 quo
3050 2354 3209 2425 facta,
3242 2365 3325 2412 est
3352 2356 3527 2412 media
3548 2365 3575 2410 ἐ

1990 2450 2064 2505 ita
2092 2452 2459 2522 superioribus
2488 2450 2627 2506 allici
2657 2458 2836 2525 potest
2872 2459 2936 2505 ut
2964 2449 3228 2523 proficiat,
3259 2449 3399 2505 sicut
3440 2446 3579 2504 infe-

1990 2543 2222 2599 rioribus
2250 2550 2309 2597 ut
2336 2540 2568 2597 deficiat.
2616 2540 2693 2598 De
2733 2543 2910 2596 anima
2939 2541 3139 2613 quippe
3178 2541 3371 2617 loquor
3391 2530 3579 2594 hama-

1992 2649 2080 2688 na.
2113 2633 2277 2705 Igitur
2297 2650 2398 2689 nec
2422 2634 2644 2689 nihilum
2667 2632 2807 2690 allici
2837 2634 3018 2704 aliquo
3048 2640 3207 2706 pacto
3228 2640 3428 2704 potest,
3452 2632 3578 2702 quia

1991 2728 2347 2783 substantiam
2378 2744 2484 2782 non
2510 2728 2672 2783 habet
2706 2746 2718 2780 :
2754 2742 2853 2782 nec
2892 2726 3052 2793 Deus,
3094 2726 3218 2797 quia
3259 2722 3580 2782 detrimenta

1990 2836 2100 2874 non
2129 2821 2312 2887 sentit,
2346 2828 2701 2889 augmentave
2745 2835 2852 2874 non
2891 2819 3101 2890 recipit.
3134 2817 3457 2872 Allieiuntur
3482 2831 3581 2871 au-

1991 2898 2101 2964 tem
2123 2910 2322 2975 media,
2351 2911 2490 2965 sicut
2512 2926 2674 2981 supra
2699 2910 2902 2965 dictum
2924 2918 3023 2977 est,
3048 2899 3134 2964 vel
3156 2924 3254 2981 pro
3272 2907 3471 2963 affectu
3495 2907 3582 2966 vel

1973 2999 2226 3056 defectu.
2260 3000 2433 3068 Enim
2482 3016 2614 3056 vero
2663 3000 2919 3071 quidquid
2972 2998 3222 3066 afficitur,
3267 2998 3487 3070 patitur,
3530 2988 3583 3053 et

1991 3094 2249 3175 quidquid
2276 3097 2480 3168 patitur
2507 3111 2616 3152 non
2645 3111 2763 3152 esse
2789 3095 2958 3150 Deum
2986 3109 3147 3150 nemo
3182 3107 3435 3148 sanorum
3466 3088 3584 3147 infi-

1993 3187 2107 3243 cias
2150 3186 2306 3242 iverit
2338 3205 2349 3240 :
2384 3187 2510 3258 quia
2540 3194 2827 3256 utrumque
2867 3193 3054 3241 mutuo
3092 3185 3479 3255 reciprocatur.
3515 3177 3585 3237 Ut

1996 3292 2097 3333 nec
2124 3278 2382 3332 mutabile
2410 3277 2512 3333 nisi
2540 3277 2813 3350 passibile,
2844 3292 2945 3331 nec
2974 3276 3228 3351 passibile
3253 3274 3426 3346 possit
3464 3289 3585 3330 esse

1974 3359 2099 3425 nisi
2119 3369 2395 3425 mutabile.
2415 3368 2570 3436 Quod
2591 3376 2771 3425 autem
2787 3369 3230 3441 philosophorum
3252 3367 3582 3432 testimonio,

1997 3458 2420 3516 misericordiam
2464 3469 2627 3531 atque
2668 3459 2931 3531 justitiam
2966 3466 3022 3514 et
3068 3458 3369 3514 istiusmodi
3413 3459 3586 3515 bonas

1997 3553 2310 3610 ali'ectiones
2338 3554 2606 3625 paSsibilis
2646 3553 2774 3608 dicit
2802 3568 2922 3608 esse
2965 3560 3227 3607 creatum
3262 3552 3586 3620 easdemque

1974 3648 2051 3702 'in
2072 3647 2183 3703 Deo
2206 3647 2583 3713 essentialiter,
2611 3661 2717 3701 non
2740 3645 3160 3711 accessibiliter;
3190 3643 3334 3699 haud
3356 3640 3585 3697 intendit

1977 3739 2178 3793 animo
2206 3739 2307 3793 sibi
2336 3736 2769 3794 semetadversa
2798 3736 3059 3807 proferre,
3088 3734 3213 3805 quia
3242 3732 3456 3789 affectio
3496 3744 3585 3788 π·-

1999 3830 2173 3884 cessio
2210 3837 2311 3885 est.
2358 3829 2474 3885 Non
2517 3837 2697 3884 autem
2742 3827 2942 3898 aliquid
2987 3826 3101 3883 Deo
3138 3826 3378 3882 accidit:
3424 3825 3586 3897 igitur

1999 3921 2268 3977 affectioni
2299 3932 2407 3977 non
2436 3920 2697 3991 subjacet.
2730 3918 2862 3974 Nam
2891 3919 3149 3992 quidquid
3179 3916 3426 3984 afﬁcitur,
3456 3928 3586 3973 con-

2001 4016 2178 4071 trariis
2206 4014 2735 4085 congruentibusque
2755 4013 2957 4084 pariter
2977 4010 3271 4068 obnoxium
3302 4008 3581 4085 ambifarie

1999 4109 2246 4164 subditur
2266 4108 2519 4180 pas‘sioni.
2546 4106 2806 4175 Quocirca
2836 4106 2882 4162 si
2907 4121 3113 4161 summa
3135 4104 3395 4160 Divinitas
3421 4102 3586 4162 sensit

1937 4256 1943 4262 .
2000 4202 2378 4273 compatientis
2419 4200 2633 4267 affectu,
2663 4199 2824 4255 etiam
2853 4199 3006 4253 malae
3044 4197 3310 4271 passionis
3345 4195 3587 4267 subiacet

1999 4296 2237 4349 stimulo.
2283 4295 2478 4359 Sensit,
2511 4292 2672 4359 dicis;
2719 4292 2904 4362 utique
2940 4290 3142 4347 sentire
3183 4289 3431 4345 accidens
3471 4287 3587 4361 ejus

2000 4395 2101 4451 est,
2135 4388 2226 4456 qui
2266 4394 2393 4441 ante
2423 4400 2532 4441 non
2560 4385 2745 4441 sensit.
2772 4382 3084 4439 Eternitati
3108 4388 3289 4436 autem
3310 4381 3434 4451 quia
3465 4372 3587 4451 pas-

1999 4481 2205 4534 sionem
2234 4478 2430 4535 Christi
2460 4479 2785 4552 scmpiterne
2826 4478 2999 4545 scivit,
3033 4486 3089 4532 ut
3116 4481 3245 4547 pote
3272 4490 3433 4548 quam
3476 4475 3589 4546 ipsa

307 4566 459 4621 Istud
485 4582 574 4619 nec
622 4556 955 4637 philosophos
983 4542 1252 4635 ignorasse
1279 4558 1305 4616 ε’
1334 4563 1474 4633 quia,
1502 4546 1697 4632 inquit,
1729 4564 1785 4616 in
1810 4542 1893 4617 Ito-

2000 4572 2283 4643 disposuit,
2308 4568 2573 4642 passionis
2600 4578 2844 4643 tempore
2871 4571 2995 4627 novi
3027 4569 3177 4636 nihil,
3210 4567 3355 4641 quod
3383 4558 3587 4635 nosset,

307 4660 445 4712 mine
482 4658 696 4711 diversa:
724 4648 990 4722 actiones,
1020 4655 1076 4709 id
1102 4663 1199 4717 est,
1243 4654 1472 4725 justitia,
1514 4655 1891 4719 misericordia,

306 4752 577 4817 sanctitas,
615 4767 693 4805 res
733 4740 1026 4804 accidentes
1058 4758 1212 4813 sunt;
1246 4758 1296 4802 et
1324 4748 1443 4803 ideo
1466 4734 1687 4818 affectus
1714 4748 1898 4803 vocan-

308 4853 407 4896 tur.
440 4842 581 4914 Deus
602 4830 717 4897 vero
738 4842 819 4896 Itis
840 4857 943 4896 non
969 4828 1288 4913 passibiliter
1316 4841 1555 4911 afficitur.
1584 4841 1628 4893 υ
1659 4858 1761 4895 non
1783 4859 1899 4913 pas-

307 4934 559 4991 s’biliter!
586 4953 614 4989 ο
645 4934 903 5004 afﬁcitur!
933 4933 1051 5003 Quo
1095 4932 1354 4998 afficitur,
1399 4933 1443 4987 si
1501 4948 1608 4987 non
1661 4934 1896 5004 patitur?

307 5027 418 5082 Cur
445 5037 551 5088 tam
580 5028 725 5083 celer
747 5034 829 5082 est
858 5026 1119 5082 memoria
1144 5034 1234 5083 tua
1256 5026 1323 5080 ad
1350 5024 1675 5082 oblivionem
1705 5042 1893 5083 eorum

308 5122 471 5176 etiam
500 5137 615 5192 quae
643 5122 757 5192 ipse
799 5119 1127 5199 protuleris?
1177 5108 1443 5175 Justitiam
1490 5128 1544 5174 et
1596 5107 1907 5178 misericor¥

307 5214 470 5279 diam,
501 5215 626 5285 quia
655 5214 709 5270 in
738 5213 956 5271 homine
986 5211 1295 5271 accidentia:
1331 5213 1439 5267 sint
1462 5252 1478 5278 ,
1510 5212 1735 5269 allectus
1780 5230 1899 5271 esse

236 5357 245 5373 ,
307 5306 509 5362 dixisti.
536 5305 685 5376 Ergo
709 5306 755 5362 si
783 5306 836 5363 iu
860 5305 1105 5370 homine,
1135 5304 1603 5376 quia‘accidentim
1652 5313 1797 5373 sunt,
1831 5304 1901 5360 af-

195 5424 241 5476 ,ς
306 5396 483 5454 fectus
507 5406 660 5467 sunt;
686 5400 741 5475 in
766 5397 879 5455 Deo
901 5397 1029 5468 quia
1050 5396 1361 5454 accidentia:
1373 5412 1484 5454 non
1504 5405 1647 5465 sunt,
1677 5386 1900 5456 allectus

308 5506 419 5549 non
459 5499 605 5549 sunt.
635 5489 759 5548 Non
787 5503 917 5563 ergo
945 5491 1118 5546 sensit
1161 5490 1542 5563 compatientis
1567 5487 1764 5548 affectu
1793 5511 1806 5548 :
1844 5482 1897 5547 in

385 5692 412 5756 ξι
449 5684 535 5756 Al.
566 5658 837 5756 plurimos.
877 5753 885 5756 _
921 5754 929 5756 Α
1054 5676 1059 5680 ’
1269 5754 1277 5756 _
1334 5736 1339 5743 .

384 5753 413 5794 δ
450 5754 537 5810 Al.
568 5753 788 5814 Sanitas
810 5753 933 5815 ﬁdei
961 5761 1155 5810 nostra!
1173 5754 1442 5812 catholica:
1470 5770 1573 5809 non
1593 5754 1773 5837 recipit

2003 4680 2067 4720 ne
2097 4664 2274 4719 dicam
2302 4663 2454 4737 quod
2477 4665 2720 4732 sentiret,
2744 4665 2992 4721 accessit.

2073 4757 2154 4820 Ill.
2183 4756 2289 4813 Sed
2317 4754 2447 4827 quid
2487 4773 2628 4831 nunc
2650 4770 2751 4828 ego
2779 4758 2847 4812 de
2875 4754 3073 4811 affectu
3116 4755 3407 4821 disseram;
3440 4770 3591 4810 eum-

2000 4852 2230 4923 demque
2272 4848 2656 4920 impassibilem
2702 4847 2819 4904 fore
2872 4846 3194 4921 disputando
3241 4847 3589 4909 convincam;

2003 4958 2123 4998 cum
2149 4942 2193 4995 is
2224 4941 2336 5013 ipse
2364 4940 2451 4995 cui
2479 4938 2917 5007 contradicimus,
2966 4937 3107 4993 haud
3134 4936 3294 4992 dubie
3324 4934 3494 4987 fassus
3523 4931 3590 4985 sit

2003 5031 2258 5091 οηιοίῐίκο
2286 5032 2491 5088 homini
2520 5031 2689 5089 Deum
2718 5032 2882 5090 fuisse
2910 5043 3271 5105 compassum.
3304 5023 3589 5091 Quidnam,

1994 5122 2206 5199 quasso,
2231 5125 2372 5180 istud
2401 5132 2502 5193 est,
2525 5125 2641 5181 Non
2672 5125 2840 5180 sensit
2867 5121 3122 5203 patientis
3148 5131 3329 5179 sensu,
3353 5113 3447 5168 sed
3470 5128 3591 5167 sen~

1974 5216 1981 5223 ’
2007 5220 2077 5275 sit
2105 5218 2478 5293 compatientis
2520 5215 2757 5273 aliectu?
2784 5211 2921 5285 Quid
2956 5218 3039 5268 est
3078 5208 3237 5263 sensit
3263 5204 3459 5279 quidve
3490 5216 3590 5261 nan

2008 5314 2208 5375 sensit?
2235 5313 2340 5367 Aut
2364 5310 2638 5384 quomodo
2666 5321 2852 5378 passus
2880 5310 2981 5369 est,
3013 5302 3058 5356 si
3090 5315 3195 5355 non
3226 5297 3590 5354 scnsit?Nun-

1970 5467 1975 5474 ,
2007 5406 2132 5479 quid
2161 5406 2205 5461 si
2245 5404 2511 5476 quispiam
2542 5401 2704 5465 dicat,
2729 5395 2979 5451 Ambulat
3006 5393 3113 5460 ille,
3141 5399 3196 5448 e‘t
3218 5392 3308 5448 ille
3335 5393 3591 5448 coambu~

2008 5499 2100 5565 lat,
2149 5507 2242 5554 aut
2288 5496 2527 5571 loquitur
2554 5493 2663 5556 ille,
2703 5497 2757 5544 et
2802 5487 2891 5544 ille
2932 5487 3289 5560 colloquitur;
3333 5498 3514 5542 nonne
3540 5491 3591 5569 et

2079 5693 2101 5721 ο
2132 5682 2213 5737 Al.
2246 5680 2691 5759 quemadmodum
