4238 6260
716 304 825 363 703

1999 293 2314 360 MAMERTI
2351 303 2718 364 CLAUDIAM

3900 319 4021 376 70}

681 418 1114 486 .tolloquentem
1145 415 1310 486 loqui,
1352 422 1408 471 et
1434 414 1864 471 coambulantem
1909 415 2186 471 ambulare
2226 415 2292 470 si-

2405 421 2508 483 tes,
2539 429 2661 486 quae
2689 417 2814 472 talia
2871 420 3118 489 profecto
3147 431 3274 478 sunt
3319 423 3516 480 merito
3567 423 3650 479 vel
3697 425 3917 495 viribus,
3947 438 4014 487 ut

714 509 970 580 gniﬁcat?
1009 508 1116 563 Aut
1151 507 1196 562 si
1235 507 1358 576 quis
1385 506 1539 562 aiat:
1570 506 1815 562 Mortuus
1855 505 1948 562 ille
1989 516 2093 575 est,
2133 513 2190 562 et
2215 507 2307 562 ille

713 607 1080 656 commortuus
1103 615 1118 666 ;
1152 613 1332 654 nonne
1357 610 1644 668 utrumque
1672 583 1944 653 mortuum
1981 598 2146 655 fuisse
2168 613 2304 655 con-

714 690 928 745 lirmat?
955 687 1087 744 Nam
1129 689 1222 759 qui
1265 689 1636 755 commoritur,
1669 689 1866 759 utique
1882 689 2128 745 moritur.
2161 687 2304 760 Ergo

711 791 766 837 et
793 781 884 852 qui
914 781 1259 852 compatitur,
1291 780 1478 850 utique
1501 781 1721 852 patitur.
1753 779 1918 837 Passa
1941 788 2026 836 est
2052 781 2230 850 igitur,
2257 781 2304 836 si

710 889 992 946 compassa
1031 873 1311 939 Divinitas,
1351 888 1483 944 ergo
1519 883 1576 930 et
1621 873 1867 948 fortassis
1895 864 2128 932 mortua.
2163 875 2232 932 At
2258 876 2302 932 si

712 967 854 1024 istud
884 967 1046 1024 etiam
1083 967 1322 1037 cogitatu
1365 967 1514 1024 nefas
1541 974 1625 1023 est
1659 983 1670 1020 :
1704 983 1812 1023 non
1843 981 1974 1038 ergo
2002 965 2192 1040 passus
2221 976 2303 1023 est

712 1059 854 1116 Deus
883 1079 896 1114 :
928 1059 1090 1130 igitur
1109 1074 1210 1117 nec
1236 1055 1495 1116 allectus.
1513 1057 1616 1116 Ubi
1638 1067 1722 1116 est
1751 1074 1892 1117 nunc
1919 1057 2302 1130 compatientis

714 1151 938 1208 'tll'cctus
957 1154 981 1206 Υ
2059 1146 2080 1157 ’

781 1243 868 1299 IV.
887 1241 1022 1300 "Post
1051 1243 1267 1314 subjicit
1295 1261 1308 1299 :
1333 1241 1472 1312 Quid
1498 1243 1816 1314 prophetico
1845 1242 2036 1313 spiritu
2056 1250 2299 1298 veterum

709 1339 912 1408 quique
949 1329 1259 1394 sanctorum
1290 1334 1631 1406 proterendis
1655 1333 2078 1406 coerceadisquc
2105 1348 2298 1391 carna-

710 1430 834 1485 liter
860 1429 1273 1500 humauitusque
1317 1429 1649 1499 sapientibus
1692 1429 1898 1499 tropice
1941 1429 2300 1499 prophetave-

709 1529 872 1589 runt;
902 1522 1150 1592 inquiens
1182 1522 1439 1592 scriptum
1473 1515 1488 1576 ἐ
1516 1521 1759 1586 Domine,
1789 1537 1854 1575 ne
1892 1522 1946 1575 in
1975 1523 2058 1576 ira
2087 1529 2172 1576 tua
2211 1537 2298 1574 ar-

707 1629 837 1684 guas
867 1629 950 1670 me
982 1612 1154 1685 (l’sal.
1187 1627 1388 1676 xxxvn,
1413 1611 1492 1682 2).
1527 1611 1593 1668 Ει
1620 1601 1638 1668 ἰ
1665 1600 1868 1668 duravit
1901 1612 2172 1676 Dominus,
2204 1627 2299 1667 nec

707 1721 822 1759 eum
849 1702 1107 1776 pwnitebit
1133 1703 1305 1776 (Psal.
1335 1720 1440 1770 eix,
1474 1704 1551 1775 ὦ).
1597 1703 1676 1758 Ab
1705 1705 1830 1761 hinc
1857 1705 2104 1776 superius
2133 1705 2296 1760 etiam

2412 504 2600 561 eadem
2621 507 2914 578 improbari
2943 511 3012 566 sit
3035 510 3262 580 justum,
3287 513 3593 585 impugnari
3619 530 3728 570 non
3749 532 4008 578 necessa-

2409 599 2547 652 rium
2581 615 2594 651 :
2626 599 2694 654 ad
2724 601 3032 657 testimonia
3056 603 3145 658 illa
3175 605 3476 672 veniamus,
3506 619 3628 676 qua:
3653 621 3726 663 ex
3745 607 4012 680 Apostolo

2407 689 2463 746 in
2491 692 2850 762 patrocinium
2872 695 2953 749 sui
2984 704 3260 752 mutuatus
3289 706 3392 754 est.
3422 697 3510 755 Ait
3539 699 3687 756 enim
3719 718 3734 757 :
3771 699 3884 759 Cur
3901 705 4008 762 dici

2409 795 2516 870 non
2542 783 2732 862 possit,
2763 783 2942 840 Sensit
2971 787 3336 858 compatientis
3367 789 3576 860 aﬂecm,
3607 793 3824 863 quando
3861 795 4008 867 Apo-

2405 873 2576 930 stolus
2603 875 3117 948 dicendum-putavit
3148 897 3160 934 :
3199 879 3484 948 Nunquam
3506 881 3791 942 Dominum
3821 889 4008 960 gloria:

2385 967 2792 1035 cruci/iasissent
2834 968 2875 1040 (I
2905 969 3022 1024 Cor.
3057 987 3114 1032 ιι,
3157 971 3256 1040 8)?
3295 971 3432 1028 Cum
3477 975 3620 1031 sicut
3657 975 3748 1032 lux
3799 979 4005 1035 nullam

2403 1056 2607 1114 sentire
2635 1060 2804 1129 possit
2850 1061 3349 1138 plagamyulneris,
3394 1065 3472 1120 ita
3521 1075 3576 1122 et
3629 1077 3820 1126 auctor
3869 1071 4012 1131 lucis

2405 1148 2606 1204 nullam
2647 1163 2860 1220 poenam
2903 1155 3134 1210 senserit
3169 1155 3456 1226 passionis.
3499 1155 3685 1216 Potest
3713 1174 3844 1230 ergo
3874 1162 4004 1226 dici,

2405 1237 2514 1294 Sed
2551 1241 2711 1295 sensit
2751 1245 3110 1313 compatientis
3139 1245 3373 1316 affectu?
3398 1256 3578 1318 potest
3603 1247 3841 1320 quidem,
3875 1253 4003 1322 quia

2403 1332 2578 1386 omnia
2601 1331 2786 1400 licent;
2821 1333 2916 1389 sed
2945 1350 3051 1392 non
3081 1323 3300 1406 debent,
3338 1337 3464 1410 quia
3495 1356 3600 1398 non
3625 1342 3801 1400 omnia
3823 1343 4004 1417 (ediﬁ-

2402 1433 2524 1478 cant
2547 1423 2589 1494 (I
2619 1423 2742 1482 Cor.
2769 1441 2841 1492 vi,
2875 1426 2964 1496 1?.)

2475 1514 2560 1570 VI.
2604 1515 2788 1572 Risum
2816 1521 3072 1576 tamenin
3101 1521 3205 1578 isto
3225 1525 3680 1594 comparationum
3708 1541 3774 1586 ac
3794 1528 4004 1599 prolo-

2401 1609 2676 1680 cutionum
2707 1617 2916 1667 tuarum
2957 1625 3157 1682 genere
3195 1622 3384 1670 tenere
3433 1617 3521 1671 vix
3550 1633 3791 1687 possum.
3821 1617 4000 1676 Paulo

2402 1700 2551 1770 prius
2572 1709 2880 1758 astruxeras
2910 1703 3078 1759 Deum
3101 1695 3352 1763 desinere
3373 1721 3498 1764 esse
3524 1709 3802 1778 virtutem,
3836 1710 3996 1768 idcir-

705 1813 805 1868 pcr
841 1796 1192 1882 philosophos
1220 1791 1546 1853 accidentias
1587 1797 1699 1853 Deo
1745 1813 1852 1854 non
1881 1797 2088 1867 objicit,
2123 1804 2180 1853 et
2206 1797 2293 1854 hic
2328 1797 2371 1858 Β
2398 1807 2570 1864 coque
2596 1794 2823 1860 mutari;
2865 1811 3006 1854 nunc
3031 1796 3214 1853 itidem
3237 1800 3504 1856 sententia
3527 1799 3789 1860 ﬂaccente
3815 1803 3995 1862 decla-

706 1903 804 1959 per
840 1889 1132 1960 prophetas
1161 1889 1325 1944 etiam
1355 1889 1607 1945 vitiorum
1658 1890 2012 1946 necessitates
2042 1889 2289 1960 imponit.

703 1977 839 2048 Quia
865 1995 953 2036 res
979 1994 1098 2050 qua:
1127 1978 1421 2050 ﬁguraliter
1447 1979 1774 2052 accipienda:
1814 1992 1958 2046 sunt,
2006 1981 2109 2036 nisi
2147 1981 2298 2036 solli-

703 2073 809 2130 cite
833 2071 974 2128 intro
1003 2071 1374 2143 inspiciantur,
1409 2087 1516 2129 non
1546 2071 1613 2126 ad
1644 2071 2006 2128 viviﬁcantem
2046 2074 2294 2143 spiritum

703 2164 1034 2235 pervenitur,
1055 2162 1152 2222 sed
1174 2163 1230 2219 in
1249 2163 1529 2220 occidente
1549 2163 1728 2220 littera
1749 2171 2079 2219 remanetur.
2104 2163 2268 2233 Sequi
2284 2193 2297 2203 -

703 2263 793 2312 tur
816 2255 1042 2324 scilicet,
1065 2263 1124 2311 ut
1145 2245 1677 2312 incontaminabilem
1699 2254 1968 2326 praecelsa:
1988 2253 2294 2324 Divinitatis

701 2345 994 2402 essentiam
1044 2346 1354 2417 passibilem
1383 2346 1520 2406 fore
1572 2345 1890 2412 credamus,
1941 2347 1986 2400 si
2038 2347 2291 2402 vaticinia

701 2436 1088 2511 prophetarum
1127 2440 1431 2510 allegoricis
1460 2441 1694 2496 animata
1735 2440 1958 2496 secretis
2005 2441 2055 2495 in
2101 2440 2292 2496 litterae

700 2541 908 2588 tantum
961 2547 1192 2604 corpore
1243 2534 1560 2603 cogitemus.
1615 2524 1752 2601 Quia
1797 2548 1916 2588 cum
1961 2533 2292 2604 propheticis

699 2625 931 2683 oraculis
969 2625 1054 2683 vel
1086 2627 1241 2684 irasci
1272 2627 1356 2684 vel
1395 2627 1661 2698 paenitere
1688 2637 2036 2693 memoratur,
2069 2617 2292 2684 cll'ectus

698 2717 885 2773 harum
926 2717 1178 2774 videlicet
1228 2717 1538 2789 passionum
1586 2716 1964 2774 considerandi
2003 2729 2149 2784 sunt,
2179 2733 2288 2773 non

697 2807 937 2865 allectus.
973 2799 1309 2878 Porro'quia
1356 2809 1664 2866 neotericus
1700 2809 1936 2879 scriptor
1973 2811 2126 2880 juxta
2156 2825 2286 2880 pro-

699 2901 924 2970 phetica:
963 2900 1251 2956 locutionis
1297 2902 1624 2972 exemplum,
1666 2901 2134 2958 meditatiunculas
2161 2918 2287 2958 suas

698 2999 940 3046 autumat
967 2991 1166 3048 debere
1194 2995 1406 3064 pensari
1429 3011 1444 3060 ;
1493 3010 1598 3048 non
1626 2986 1977 3050 tractatorcm'
1999 2995 2286 3066 proﬁtetur

699 3095 754 3136 se
784 3081 905 3149 iste,
933 3083 1027 3137 sed
1057 3093 1252 3148 vatem,
1279 3099 1401 3139 cum
1439 3086 1660 3154 virginis
1691 3095 1713 3123 ⁸
1747 3094 1934 3157 partus
1977 3103 2072 3142 ore
2099 3097 2281 3142 vatum

2404 1900 2518 1941 mas
2553 1887 2698 1956 quod
2735 1887 2874 1944 sicut
2919 1889 3007 1943 lux
3057 1890 3260 1946 nullam
3313 1893 3518 1948 sentire
3570 1894 3743 1964 possit
3783 1895 3992 1966 plagam

2403 1977 2658 2041 vulneris,
2710 1979 2780 2033 ita
2811 1989 2868 2034 et
2895 1991 3085 2036 auctor
3128 1982 3262 2039 lucis
3292 1983 3492 2040 nullam
3523 2000 3740 2054 poenam
3769 1989 3990 2044 senserit

2401 2069 2684 2138 passionis.
2711 2069 2848 2138 Ergo
2874 2072 3081 2141 plagam
3109 2074 3196 2128 lux
3230 2075 3342 2130 sola
3375 2090 3482 2130 non
3513 2074 3991 2149 sentit.-Nunquid-

2400 2175 2524 2214 nam
2571 2168 2732 2222 terra,
2767 2172 2860 2216 aut
2908 2178 3066 2232 aqua,
3119 2172 3210 2220 aut
3258 2178 3352 2220 aer
3398 2165 3703 2238 cujuspiam
3751 2169 3988 2226 vulneris

2398 2251 2607 2321 plagam
2654 2255 2856 2310 sentit?
2888 2254 3014 2310 Amr
3034 2255 3123 2310 lux
3174 2255 3419 2312 fortassis
3456 2258 3695 2316 animata
3742 2259 3852 2316 sit?
3881 2260 3987 2316 Aut

2397 2344 2674 2413 quodlibet
2701 2361 2899 2416 corpus
2937 2346 3231 2403 inanimum
3261 2344 3463 2404 sentire
3494 2351 3703 2419 potest?
3732 2349 3842 2406 Aut
3867 2366 3990 2406 cor-

2398 2450 2495 2504 pus
2523 2446 2604 2490 est
2625 2436 2814 2506 ullum,
2840 2439 2986 2507 quod
3014 2440 3116 2492 etsi
3150 2439 3341 2494 vulnus
3371 2456 3476 2496 non
3499 2440 3676 2506 sentit,
3705 2440 3987 2496 vulnerari

2397 2542 2502 2582 non
2541 2528 2749 2598 possit?
2789 2527 3074 2584 Vulnerari
3106 2529 3268 2599 igitur
3297 2531 3388 2585 lux
3416 2535 3611 2601 potest,
3641 2531 3746 2588 etsi
3779 2531 3985 2588 sentire

2393 2625 2502 2675 non
2533 2627 2738 2690 potest;
2770 2621 2897 2691 quia
2927 2621 3064 2676 sicut
3095 2637 3201 2677 nox
3232 2622 3473 2678 immissa
3518 2622 3736 2678 luminis
3775 2623 3973 2694 rumpi-

2395 2721 2500 2776 tur,
2530 2713 2604 2768 ita
2643 2713 2735 2767 lux
2765 2713 3000 2769 tenebris
3027 2713 3363 2770 vulneratur.
3409 2711 3563 2771 Unde
3597 2715 3980 2784 iocundissime

2391 2804 2738 2877 Asclepiades
2766 2792 2892 2860 lusit
2917 2814 3078 2876 poeta
3101 2806 3430 2873 notissimus,
3463 2805 3652 2864 dicens
3681 2825 3698 2864 :

2515 2961 2885 3026 Absentemque
2907 2960 3038 3026 diem
3055 2973 3148 3010 nox
3162 2944 3287 3026 agit
3299 2961 3496 3026 aemula,

2513 3023 2670 3081 Quam
2691 3023 2772 3072 lux
2794 3033 2907 3074 cum
2930 3023 3098 3074 lacero
3123 3023 3249 3076 vieta
3266 3023 3392 3088 fugit
3417 3023 3562 3090 peplo

679 3157 1082 3250 iobservaverit,
1115 3183 1174 3228 ttt
1215 3174 1464 3231 vaticinia
1511 3177 1783 3232 reserarit.
1817 3175 1985 3234 Secus
2014 3167 2176 3248 igitur
2201 3187 2284 3234 est
2312 3162 2358 3226 (ἶ
2458 3177 2596 3244 Quid
2624 3177 2777 3246 dicis,
2805 3187 2863 3234 ut
2901 3179 2988 3235 lux
3018 3179 3230 3250 plagam
3260 3197 3370 3238 non
3398 3184 3584 3251 sentit,
3629 3183 3700 3239 ita
3723 3183 3973 3242 Divinitas

699 3278 760 3319 ac
800 3263 941 3318 ratio
969 3263 1224 3334 postulat.
1253 3265 1492 3336 mystico.
1509 3267 1892 3337 prophetarum
1921 3269 2060 3340 ston
2103 3261 2287 3325 texere

674 3340 686 3434 α’
699 3343 950 3428 periodos
979 3357 1265 3412 oratorias.
1299 3357 1420 3425 Quo
1452 3357 1507 3412 lit
1549 3367 1606 3414 ut
1632 3357 1720 3414 ille
1748 3359 1838 3430 qui
1869 3361 2042 3416 aliena
2073 3362 2287 3432 exposi-

698 3455 872 3502 turum
898 3461 958 3504 se
995 3447 1246 3518 spondet,
1277 3462 1384 3504 non
1423 3449 1594 3520 possit
1621 3451 1839 3520 exponi.
1876 3451 2040 3522 Igitur
2067 3462 2158 3508 aut
2189 3469 2284 3508 va-

696 3544 806 3594 tum
835 3538 1014 3596 verbis
1060 3546 1382 3613 non.utere,
1433 3548 1526 3596 aut
1573 3542 1883 3600 vaticinare.
1937 3541 2285 3614 Nequaquam

668 3629 940 3702 profecto
969 3631 1224 3688 conducit
1261 3633 1346 3688 vel
1375 3635 1626 3704 praisenti
1672 3637 1982 3692 vaticinium
2032 3641 2282 3710 tempori,

670 3724 779 3786 ,vel
815 3726 1130 3796 prophetica
1177 3727 1377 3783 locutio
1404 3729 1700 3785 tractatori.
1737 3729 1999 3797 Quocirca
2021 3733 2283 3802 quidquid

671 3818 746 3888 _in
776 3807 1145 3876 defensionem
1189 3808 1264 3877 tui
1295 3836 1359 3875 ex
1391 3821 1710 3892 prophetico
1733 3837 1983 3890 sermone
2012 3832 2285 3880 mutuatus

693 3925 768 3974 es,
803 3910 1120 3968 adversatur
1149 3912 1243 3968 tibi
1273 3915 1452 3984 potius
1479 3927 1642 3982 quam
1673 3914 2000 3983 opitulatur;
2033 3916 2158 3985 quia
2199 3917 2283 3970 vel

693 4004 915 4074 quaesita
945 4003 1188 4060 defensio
1236 4005 1433 4061 fatetur
1462 4004 1903 4066 imbecillitatem,
1960 4005 2042 4060 vel
2098 4007 2284 4062 incon-

669 4082 888 4163 gruens
914 4097 1274 4166 patrocinium
1306 4113 1412 4151 non
1443 4103 1636 4166 purgat
1661 4111 1920 4150 errorem.

669 4171 677 4178 ’
764 4185 828 4240 ν.
860 4185 1249 4244 lntemerabilis
1269 4202 1398 4256 ergo
1419 4185 1680 4242 Divinitas
1703 4180 2112 4258 haudquaquam
2135 4199 2282 4245 recte

667 4281 830 4348 afﬁci
861 4282 1074 4347 dicitur,
1107 4281 1232 4352 quia
1261 4282 1484 4336 ell'ectus
1511 4287 1593 4336 est
1620 4281 1687 4335 ab
1727 4279 1936 4350 opiﬁce,
1967 4281 2187 4358 allectus
2215 4284 2282 4338 ab

692 4385 877 4442 opere.
923 4369 1150 4436 Quando
1192 4369 1336 4426 enim
1381 4368 1521 4424 Deus
1562 4361 1869 4442 quempiam
1915 4374 2282 4443 temporalitcr

696 4463 868 4531 pttuit,
891 4459 1350 4533 :eternoconsilio
1381 4461 1468 4516 ille
1491 4463 1672 4532 utique
1699 4463 1903 4532 patitur
1926 4465 2017 4534 qui
2039 4465 2272 4535 punitur.

2387 3270 2580 3326 vulnus
2625 3270 2677 3324 in
2717 3270 2970 3341 passione
2999 3287 3105 3326 non
3133 3272 3345 3328 sensit?
3381 3272 3439 3328 Si
3471 3275 3547 3330 ita
3575 3283 3676 3342 est,
3709 3275 3974 3332 vulnerari

2389 3362 2533 3428 ergo
2560 3361 2755 3430 potuit,
2793 3361 2896 3415 etsi
2933 3361 3134 3416 sentire
3172 3377 3280 3416 non
3320 3363 3532 3432 potuit;
3565 3377 3837 3434 unumque
3883 3363 3973 3421 fuit

2389 3453 2837 3516 insensibilitatis,
2870 3452 3014 3508 aliud
3043 3454 3533 3524 corruptibilitatis.
3563 3455 3681 3513 Non
3710 3457 3851 3514 enim
3877 3468 3974 3528 pro

2389 3543 2892 3614 iucorruptibilitate
2917 3560 3023 3599 non
3053 3543 3226 3600 doluit
3260 3561 3272 3597 :
3305 3545 3350 3601 si
3379 3545 3654 3602 vulnerari
3685 3548 3840 3619 (non)
3879 3562 3976 3617 po-

2389 3636 2509 3700 tuit,
2537 3635 2663 3704 quia
2697 3636 2787 3688 lux
2810 3646 2862 3691 ct
2889 3633 3213 3691 insensibilis
3242 3644 3345 3699 est,
3376 3636 3576 3706 pariter
3594 3645 3650 3693 et
3671 3636 3979 3692 vulnerabi-

2366 3727 2472 3800 zlis.
2508 3727 2641 3783 Vide
2670 3743 2738 3784 ne
2767 3726 2990 3786 forsitan
3026 3727 3126 3781 istc
3168 3721 3422 3798 sit'quem
3451 3727 3605 3782 nobis
3633 3728 3983 3798 opprobran-

2387 3817 2512 3874 dum
2543 3832 2684 3883 rere,
2728 3817 2922 3874 altiore
2949 3819 3236 3890 prolapsus
3275 3833 3472 3874 errore.
3509 3816 3588 3872 Tu
3627 3818 3762 3875 dicis
3791 3819 3981 3875 lucent

2357 3978 2364 3984 ⁸
2388 3927 2704 3982 corpoream
2733 3911 2938 3967 homini
2961 3926 3298 3968 communem
3326 3911 3482 3966 simul
3512 3918 3568 3967 et
3587 3912 3796 3982 pecori,
3829 3921 3985 3969 cate-

2388 4017 2506 4064 nus,
2539 4010 2596 4055 ut
2638 4001 2806 4057 Deum
2837 4019 2943 4058 non
2985 4003 3188 4058 sentire
3231 4003 3435 4076 vulnus.
3464 4001 3724 4060 inllietum
3755 4012 3813 4060 et
3840 4021 3983 4074 quo-

2357 4077 2681 4148 ‘modolibet
2723 4093 3003 4163 pulchrum
3051 4107 3280 4164 corpus;
3312 4109 3512 4164 corpus
3550 4101 3732 4150 tamen
3762 4109 3980 4150 summo

2388 4185 2708 4253 incorporeo
2741 4201 2846 4238 non
2878 4185 3162 4246 assimilas.
3205 4183 3300 4240 sed
3342 4199 3614 4254 exaequas,
3667 4193 3722 4240 et
3764 4185 3816 4239 in
3864 4195 3977 4240 tam

2385 4276 2641 4346 plectibili
2663 4277 2929 4332 sententia
2947 4292 3054 4332 non
3078 4277 3400 4332 innocentiae
3417 4283 3623 4332 tantum
3639 4276 3980 4349 privilegiqu

2355 4353 2500 4430 ilibi,
2532 4369 2628 4421 sed
2675 4366 2849 4422 laudis
2877 4381 3116 4436 arrogas.
3169 4366 3234 4421 Et
3264 4383 3381 4432 nos,
3415 4367 3543 4437 quia
3571 4367 3979 4425 similitudinem

2385 4459 2502 4522 Dei,
2534 4468 2590 4514 ut
2630 4460 2751 4529 ejus
2793 4458 2951 4516 sicuti
2993 4466 3076 4513 est
3121 4458 3434 4525 similitudo,
3479 4457 3559 4514 sic
3598 4457 3978 4529 incorpoream

669 4541 976 4606 'Pateretur
1003 4549 1204 4622 aliquid
1239 4559 1294 4606 et
1319 4550 1552 4632 Densusi
1592 4545 1678 4608 vel
1710 4555 2079 4624 temporaliter
2098 4555 2275 4626 cujus-
2306 4539 2359 4602 Ι)
2383 4551 2644 4614 dicamus,
2679 4559 2828 4606 extra
2862 4551 3018 4606 ﬁdem
3046 4549 3161 4606 fore
3185 4550 3528 4622 pronuntias.
3553 4549 3660 4608 Sed
3689 4549 3802 4608 bare
3826 4560 3978 4622 post-

694 4641 835 4714 piam
865 4650 1086 4712 peccata
1131 4636 1502 4712 cognosceret,
1528 4643 1612 4698 vel
1641 4645 1898 4701 eitiud'em'
1917 4645 1983 4700 ad
2012 4662 2272 4701 cxercen-
2359 4639 2623 4698 'modum.
3418 4633 3441 4717 ς

691 4735 814 4791 dam
853 4733 1116 4806 justitiam
1158 4734 1432 4791 iracundia
1481 4747 1864 4794 commoveret.
1913 4737 2094 4794 Omne
2126 4740 2268 4793 cnim
2455 4735 2562 4790 VII.
2610 4735 2686 4791 lie
2733 4735 2925 4789 all'eetu
2965 4734 3180 4788 interim
3223 4733 3575 4790 disseramus.
3633 4733 3846 4804 Ergone
3892 4735 3979 4792 sic

692 4813 1098 4902 temporaneum
1131 4829 1330 4886 mobile
1357 4829 1802 4900 atquetnutabile
1850 4832 2192 4888 immutabilis
2219 4841 2274 4887 et
2352 4889 2358 4897 ,
2385 4829 2667 4884 cruciﬁxus
2689 4836 2772 4890 est
2792 4827 3052 4891 Christus,
3073 4836 3128 4882 ut
3153 4842 3376 4882 summie
3397 4825 3701 4884 Divinitatis
3721 4828 3976 4884 universo

691 4932 838 4978 stans
864 4913 1268 4994 sempiternitas
1292 4922 1534 4988 includit,
1563 4923 1802 4980 alliciens
1839 4923 2013 4993 aliqua
2041 4924 2271 4980 salubri-
2387 4921 2411 4960 ι’
2441 4921 2603 4974 modo
2641 4919 3026 4975 intemerabilis
3056 4918 3537 4990 incorruptibilitas
3567 4921 3819 4976 cruciﬁxa
3853 4937 3979 4976 cre-

658 5025 788 5085 qter,
822 5016 998 5085 aliqua
1040 5008 1384 5086 iudicialiter,
1417 5016 1592 5085 aliqua
1637 5015 1778 5094 allici
1819 5017 2017 5080 sincns,
2063 5017 2174 5086 ipsa
2206 5019 2274 5072 ab
2383 5008 2571 5071 datur;
2613 5010 2760 5064 dicas
2787 5009 2968 5073 velim,
3015 5008 3114 5066 nisi
3157 5008 3474 5077 injuriosum
3508 5011 3619 5063 'est.
3653 5009 3822 5076 Quem
3846 5019 3978 5079 post

2380 5099 2740 5155 humilitatem
2783 5101 2974 5154 mortis
3003 5115 3032 5154 a
3063 5115 3278 5154 sunnno
3308 5098 3438 5162 Deo,
3476 5099 3526 5154 id
3570 5108 3674 5165 est,
3709 5101 3820 5170 ipsa
3851 5099 3979 5153 Tri-

2381 5194 2548 5247 nitate
2577 5192 2870 5248 exaltatum
2903 5206 3022 5246 esse
3061 5189 3209 5246 credi
3261 5191 3332 5246 sit
3379 5190 3604 5256 licitum,
3658 5191 3744 5247 cui
3783 5207 3978 5246 nomen

2379 5286 2514 5360 quod
2543 5301 2699 5355 supra
2725 5301 2875 5340 omne
2899 5301 3086 5340 nomen
3117 5286 3184 5338 sit
3213 5283 3436 5356 (Philip.
3467 5300 3525 5347 II,
3558 5282 3636 5355 9),
3666 5282 3826 5338 fuisse
3853 5283 3979 5337 col-

2380 5384 2566 5446 latum,
2599 5380 2672 5434 illi
2696 5395 2888 5450 nempe
2917 5379 3166 5452 arbitror,
3193 5377 3284 5446 qui
3315 5377 3560 5432 obediena
3601 5379 3773 5449 {actus
3811 5363 3980 5448 nsque

2379 5474 2448 5528 ad
2468 5479 2681 5528 mortem
2705 5479 2925 5542 propter
2941 5467 3234 5524 'inefialiilis
3263 5466 3580 5523 humilitatis
3605 5467 3982 5523 obedientiam

2380 5562 2722 5622 incﬁabilitcr
2747 5560 3062 5616 sublimatus
3086 5561 3137 5616 in
3167 5561 3390 5630 gloriam
3413 5566 3495 5614 est
3517 5557 3612 5613 Dei
3637 5557 3846 5622 Patris;
3869 5573 3945 5612 au
3969 5590 3981 5601 -

689 5109 834 5162 oumi
877 5105 1074 5164 alI'ectu
1103 5107 1191 5164 vel
1239 5115 1390 5162 motu
1420 5109 1676 5179 temporis
1711 5117 1764 5164 et
1795 5109 1896 5163 loci
1925 5110 2056 5165 satis
2077 5109 2271 5174 aliena,

690 5197 915 5266 praedita
945 5199 1038 5255 illo
1061 5191 1281 5255 tantum
1299 5191 1451 5254 motu
1475 5201 1566 5270 qui
1585 5199 1791 5256 stabilis
1817 5201 2029 5267 dicitur,
2055 5217 2122 5256 ex
2144 5215 2268 5270 qua,

691 5295 747 5341 et
775 5301 871 5358 per
899 5303 1080 5358 quam,
1111 5299 1166 5346 et
1195 5291 1246 5346 in
1277 5307 1381 5362 qua
1411 5299 1491 5346 est
1519 5279 1680 5346 om'nc
1706 5291 1850 5360 quod
1879 5292 1998 5347 solo
2029 5279 2274 5362 tempore

657 5385 744 5462 .et
791 5379 1010 5462 abipsa
1056 5388 1262 5436 tantum
1310 5392 1575 5446 movetur,
1619 5391 1674 5439 et
1713 5397 1874 5439 onmc
1911 5383 2054 5454 quod
2095 5395 2149 5438 et
2178 5399 2273 5454 per

691 5460 906 5545 tempus
933 5479 985 5528 et
1032 5471 1206 5527 locum
1235 5473 1302 5528 ab
1332 5474 1418 5529 illa
1444 5482 1715 5538 movetur,
1765 5490 1872 5530 non
1901 5473 2031 5530 solo
2067 5483 2270 5530 tantum

691 5578 953 5626 tempore.
979 5564 1084 5622 Sed
1115 5565 1294 5622 istha:c
1324 5568 1472 5622 alias.
1508 5567 1656 5624 Nunc
1682 5577 1860 5624 autem
1893 5567 2056 5628 missa
2076 5566 2273 5626 facien-

761 5757 789 5786 ι
817 5745 897 5801 Au
931 5743 1168 5800 uarium?
1188 5741 1376 5796 Statim
1407 5756 1535 5798 vero
1566 5743 1633 5796 aI.
1668 5758 1759 5796 ora
1784 5751 1969 5798 vatum.

2475 5741 2478 5744 ’
2501 5741 2584 5800 Al.
2623 5741 2828 5800 mundo.
3106 5722 3157 5749 ’γ’
3214 5718 3262 5753 τ’,
