  <div class='ocr_page' id='page_1' title='image "/cluster/home/n/w/nwhite01/storage/ocr_20150623/53/hvd.32044073505232/358.png"; bbox 0 0 4238 6260; ppageno 0'>
   <div class='ocr_carea' id='block_1_1' title="bbox 318 314 422 384">
    <p class='ocr_par' dir='ltr' id='par_1_1' title="bbox 318 314 422 384">
     <span class='ocr_line' id='line_1_1' title="bbox 318 314 422 384; baseline 0.019 -2"><span class='ocrx_word' id='word_1_1' title='bbox 318 314 422 384; x_wconf 78' lang='lat'><strong>705</strong></span> 
     </span>
    </p>
   </div>
   <div class='ocr_carea' id='block_1_2' title="bbox 1533 277 2403 413">
    <p class='ocr_par' dir='ltr' id='par_1_2' title="bbox 1533 277 2403 413">
     <span class='ocr_line' id='line_1_2' title="bbox 1533 277 2403 413; baseline 0.001 -34"><span class='ocrx_word' id='word_1_2' title='bbox 1533 277 1877 399; x_wconf 68' lang='lat' dir='ltr'><strong>pssum</strong></span> <span class='ocrx_word' id='word_1_3' title='bbox 1919 322 2165 401; x_wconf 58' lang='lat' dir='ltr'><strong>Aulum</strong></span> <span class='ocrx_word' id='word_1_4' title='bbox 2196 320 2403 413; x_wconf 48' lang='lat'><strong>1.13.}.</strong></span> 
     </span>
    </p>
   </div>
   <div class='ocr_carea' id='block_1_3' title="bbox 3483 330 3590 389">
    <p class='ocr_par' dir='ltr' id='par_1_3' title="bbox 3483 330 3590 389">
     <span class='ocr_line' id='line_1_3' title="bbox 3483 330 3590 389; baseline 0 0"><span class='ocrx_word' id='word_1_5' title='bbox 3483 330 3590 389; x_wconf 64' lang='lat'><strong>106</strong></span> 
     </span>
    </p>
   </div>
   <div class='ocr_carea' id='block_1_4' title="bbox 317 434 3593 513">
    <p class='ocr_par' dir='ltr' id='par_1_4' title="bbox 317 434 3593 513">
     <span class='ocr_line' id='line_1_4' title="bbox 317 434 3593 513; baseline -0 -16"><span class='ocrx_word' id='word_1_6' title='bbox 317 440 468 498; x_wconf 81' lang='lat' dir='ltr'><strong>dehis</strong></span> <span class='ocrx_word' id='word_1_7' title='bbox 499 453 607 494; x_wconf 89' lang='lat' dir='ltr'><strong>non</strong></span> <span class='ocrx_word' id='word_1_8' title='bbox 634 446 790 513; x_wconf 81' lang='lat' dir='ltr'><strong>lateri</strong></span> <span class='ocrx_word' id='word_1_9' title='bbox 814 438 1059 511; x_wconf 88' lang='lat' dir='ltr'><strong>eumdem</strong></span> <span class='ocrx_word' id='word_1_10' title='bbox 1087 438 1271 508; x_wconf 66' lang='lat' dir='ltr'><strong>glorire</strong></span> <span class='ocrx_word' id='word_1_11' title='bbox 1299 434 1605 503; x_wconf 90' lang='lat' dir='ltr'><strong>Dominum,</strong></span> <span class='ocrx_word' id='word_1_12' title='bbox 1628 452 1790 508; x_wconf 99' lang='lat' dir='ltr'><strong>quem</strong></span> <span class='ocrx_word' id='word_1_13' title='bbox 1820 438 1901 493; x_wconf 89' lang='lat' dir='ltr'><strong>fa-</strong></span> <span class='ocrx_word' id='word_1_14' title='bbox 1923 441 1973 500; x_wconf 77' lang='grc' dir='ltr'><strong>Α</strong></span> <span class='ocrx_word' id='word_1_15' title='bbox 2007 438 2182 494; x_wconf 78' lang='lat' dir='ltr'><strong>Sensit</strong></span> <span class='ocrx_word' id='word_1_16' title='bbox 2208 437 2573 511; x_wconf 81' lang='lat' dir='ltr'><strong>compatientis</strong></span> <span class='ocrx_word' id='word_1_17' title='bbox 2591 436 2801 508; x_wconf 73' lang='lat' dir='ltr'><strong>a/fectu,</strong></span> <span class='ocrx_word' id='word_1_18' title='bbox 2830 454 2938 497; x_wconf 91' lang='lat' dir='ltr'><strong>non</strong></span> <span class='ocrx_word' id='word_1_19' title='bbox 2966 440 3061 511; x_wconf 98' lang='lat' dir='ltr'><strong>ait,</strong></span> <span class='ocrx_word' id='word_1_20' title='bbox 3090 440 3236 513; x_wconf 90' lang='lat' dir='ltr'><strong>quod</strong></span> <span class='ocrx_word' id='word_1_21' title='bbox 3261 441 3315 498; x_wconf 87' lang='lat' dir='ltr'><strong>in</strong></span> <span class='ocrx_word' id='word_1_22' title='bbox 3343 442 3593 513; x_wconf 83' lang='lat' dir='ltr'><strong>passione</strong></span> 
     </span>
    </p>
   </div>
   <div class='ocr_carea' id='block_1_5' title="bbox 319 518 1894 601">
    <p class='ocr_par' dir='ltr' id='par_1_5' title="bbox 319 518 1894 601">
     <span class='ocr_line' id='line_1_5' title="bbox 319 518 1894 601; baseline -0.001 -14"><span class='ocrx_word' id='word_1_23' title='bbox 319 526 451 588; x_wconf 85' lang='lat' dir='ltr'><strong>teris</strong></span> <span class='ocrx_word' id='word_1_24' title='bbox 478 531 713 587; x_wconf 87' lang='lat' dir='ltr'><strong>hominis</strong></span> <span class='ocrx_word' id='word_1_25' title='bbox 741 530 942 586; x_wconf 85' lang='lat' dir='ltr'><strong>ﬁlium?</strong></span> <span class='ocrx_word' id='word_1_26' title='bbox 964 530 1157 586; x_wconf 85' lang='lat' dir='ltr'><strong>Verum</strong></span> <span class='ocrx_word' id='word_1_27' title='bbox 1192 518 1368 585; x_wconf 86' lang='lat' dir='ltr'><strong>tuillo</strong></span> <span class='ocrx_word' id='word_1_28' title='bbox 1391 529 1537 601; x_wconf 91' lang='lat' dir='ltr'><strong>quod</strong></span> <span class='ocrx_word' id='word_1_29' title='bbox 1565 530 1764 586; x_wconf 89' lang='lat' dir='ltr'><strong>dictum</strong></span> <span class='ocrx_word' id='word_1_30' title='bbox 1793 538 1894 595; x_wconf 89' lang='lat' dir='ltr'><strong>est,</strong></span> 
     </span>
    </p>
   </div>
   <div class='ocr_carea' id='block_1_6' title="bbox 319 619 1895 696">
    <p class='ocr_par' dir='ltr' id='par_1_6' title="bbox 319 619 1895 696">
     <span class='ocr_line' id='line_1_6' title="bbox 319 619 1895 696; baseline -0.003 -18"><span class='ocrx_word' id='word_1_31' title='bbox 319 622 603 696; x_wconf 82' lang='lat' dir='ltr'><strong>Nunquam</strong></span> <span class='ocrx_word' id='word_1_32' title='bbox 626 621 902 677; x_wconf 86' lang='lat' dir='ltr'><strong>Dominum</strong></span> <span class='ocrx_word' id='word_1_33' title='bbox 920 620 1100 692; x_wconf 67' lang='lat' dir='ltr'><strong>gloriae</strong></span> <span class='ocrx_word' id='word_1_34' title='bbox 1123 620 1503 690; x_wconf 72' lang='lat' dir='ltr'><strong>cruciﬁxisseut</strong></span> <span class='ocrx_word' id='word_1_35' title='bbox 1526 619 1570 691; x_wconf 82' lang='grc' dir='ltr'><strong>(Ι</strong></span> <span class='ocrx_word' id='word_1_36' title='bbox 1592 619 1712 674; x_wconf 89' lang='lat' dir='ltr'><strong>Cor.</strong></span> <span class='ocrx_word' id='word_1_37' title='bbox 1737 636 1793 685; x_wconf 84' lang='grc' dir='ltr'>ιι,</span> <span class='ocrx_word' id='word_1_38' title='bbox 1819 619 1895 688; x_wconf 91' lang='lat'><strong>8),</strong></span> 
     </span>
    </p>
   </div>
   <div class='ocr_carea' id='block_1_7' title="bbox 322 710 1898 781">
    <p class='ocr_par' dir='ltr' id='par_1_7' title="bbox 322 710 1898 781">
     <span class='ocr_line' id='line_1_7' title="bbox 322 710 1898 781; baseline -0.002 -11"><span class='ocrx_word' id='word_1_39' title='bbox 322 713 375 770; x_wconf 87' lang='lat' dir='ltr'><strong>in</strong></span> <span class='ocrx_word' id='word_1_40' title='bbox 417 714 468 768; x_wconf 93' lang='lat' dir='ltr'><strong>id</strong></span> <span class='ocrx_word' id='word_1_41' title='bbox 499 713 576 768; x_wconf 91' lang='lat' dir='ltr'><strong>uti</strong></span> <span class='ocrx_word' id='word_1_42' title='bbox 617 713 786 779; x_wconf 87' lang='lat' dir='ltr'><strong>voles,</strong></span> <span class='ocrx_word' id='word_1_43' title='bbox 821 720 878 766; x_wconf 93' lang='grc' dir='ltr'><strong>ιιι</strong></span> <span class='ocrx_word' id='word_1_44' title='bbox 924 710 1063 766; x_wconf 84' lang='lat' dir='ltr'><strong>haud</strong></span> <span class='ocrx_word' id='word_1_45' title='bbox 1090 710 1252 766; x_wconf 86' lang='lat' dir='ltr'><strong>dubie</strong></span> <span class='ocrx_word' id='word_1_46' title='bbox 1292 710 1562 777; x_wconf 88' lang='lat' dir='ltr'><strong>credatur,</strong></span> <span class='ocrx_word' id='word_1_47' title='bbox 1611 711 1755 781; x_wconf 89' lang='lat' dir='ltr'><strong>quod</strong></span> <span class='ocrx_word' id='word_1_48' title='bbox 1784 712 1898 781; x_wconf 89' lang='lat' dir='ltr'><strong>ipsa</strong></span> 
     </span>
    </p>
   </div>
   <div class='ocr_carea' id='block_1_8' title="bbox 323 801 1898 873">
    <p class='ocr_par' dir='ltr' id='par_1_8' title="bbox 323 801 1898 873">
     <span class='ocr_line' id='line_1_8' title="bbox 323 801 1898 873; baseline -0.003 -13"><span class='ocrx_word' id='word_1_49' title='bbox 323 804 581 861; x_wconf 85' lang='lat' dir='ltr'><strong>Divinitas</strong></span> <span class='ocrx_word' id='word_1_50' title='bbox 599 813 763 873; x_wconf 89' lang='lat' dir='ltr'><strong>queat</strong></span> <span class='ocrx_word' id='word_1_51' title='bbox 790 803 946 868; x_wconf 78' lang='lat' dir='ltr'><strong>allici,</strong></span> <span class='ocrx_word' id='word_1_52' title='bbox 968 801 1015 858; x_wconf 89' lang='lat' dir='ltr'><strong>si</strong></span> <span class='ocrx_word' id='word_1_53' title='bbox 1042 803 1217 873; x_wconf 87' lang='lat' dir='ltr'><strong>potuit</strong></span> <span class='ocrx_word' id='word_1_54' title='bbox 1245 801 1503 872; x_wconf 85' lang='lat' dir='ltr'><strong>cruciﬁgi.</strong></span> <span class='ocrx_word' id='word_1_55' title='bbox 1522 802 1690 873; x_wconf 84' lang='lat' dir='ltr'><strong>Igitur</strong></span> <span class='ocrx_word' id='word_1_56' title='bbox 1710 811 1898 873; x_wconf 89' lang='lat' dir='ltr'><strong>aperto</strong></span> 
     </span>
    </p>
   </div>
   <div class='ocr_carea' id='block_1_9' title="bbox 322 891 1898 966">
    <p class='ocr_par' dir='ltr' id='par_1_9' title="bbox 322 891 1898 966">
     <span class='ocr_line' id='line_1_9' title="bbox 322 891 1898 966; baseline -0.003 -16"><span class='ocrx_word' id='word_1_57' title='bbox 322 894 607 966; x_wconf 88' lang='lat' dir='ltr'><strong>proloquio</strong></span> <span class='ocrx_word' id='word_1_58' title='bbox 647 891 994 948; x_wconf 88' lang='lat' dir='ltr'><strong>manifestasti</strong></span> <span class='ocrx_word' id='word_1_59' title='bbox 1030 892 1354 946; x_wconf 86' lang='lat' dir='ltr'><strong>sententiam</strong></span> <span class='ocrx_word' id='word_1_60' title='bbox 1385 900 1552 947; x_wconf 89' lang='lat' dir='ltr'><strong>tuam.</strong></span> <span class='ocrx_word' id='word_1_61' title='bbox 1599 891 1729 946; x_wconf 83' lang='lat' dir='ltr'><strong>Nam</strong></span> <span class='ocrx_word' id='word_1_62' title='bbox 1776 906 1898 947; x_wconf 92' lang='lat' dir='ltr'><strong>cum</strong></span> 
     </span>
    </p>
   </div>
   <div class='ocr_carea' id='block_1_10' title="bbox 324 983 1897 1054">
    <p class='ocr_par' dir='ltr' id='par_1_10' title="bbox 324 983 1897 1054">
     <span class='ocr_line' id='line_1_10' title="bbox 324 983 1897 1054; baseline -0.004 -11"><span class='ocrx_word' id='word_1_63' title='bbox 324 987 523 1043; x_wconf 89' lang='lat' dir='ltr'><strong>idcirco</strong></span> <span class='ocrx_word' id='word_1_64' title='bbox 550 984 687 1040; x_wconf 88' lang='lat' dir='ltr'><strong>afﬁci</strong></span> <span class='ocrx_word' id='word_1_65' title='bbox 709 985 873 1040; x_wconf 88' lang='lat' dir='ltr'><strong>Deum</strong></span> <span class='ocrx_word' id='word_1_66' title='bbox 894 983 1438 1054; x_wconf 84' lang='lat' dir='ltr'><strong>irrcprehensibiliter</strong></span> <span class='ocrx_word' id='word_1_67' title='bbox 1466 992 1516 1039; x_wconf 90' lang='lat' dir='ltr'><strong>te</strong></span> <span class='ocrx_word' id='word_1_68' title='bbox 1536 984 1735 1039; x_wconf 89' lang='lat' dir='ltr'><strong>dixisse</strong></span> <span class='ocrx_word' id='word_1_69' title='bbox 1754 983 1897 1039; x_wconf 90' lang='lat' dir='ltr'><strong>arbi-</strong></span> 
     </span>
    </p>
   </div>
   <div class='ocr_carea' id='block_1_11' title="bbox 325 1075 1923 1147">
    <p class='ocr_par' dir='ltr' id='par_1_11' title="bbox 325 1075 1923 1147">
     <span class='ocr_line' id='line_1_11' title="bbox 325 1075 1923 1147; baseline 0 -14"><span class='ocrx_word' id='word_1_70' title='bbox 325 1078 482 1133; x_wconf 87' lang='lat' dir='ltr'><strong>treris</strong></span> <span class='ocrx_word' id='word_1_71' title='bbox 500 1077 750 1147; x_wconf 86' lang='lat' dir='ltr'><strong>quoniam</strong></span> <span class='ocrx_word' id='word_1_72' title='bbox 768 1075 954 1145; x_wconf 73' lang='lat' dir='ltr'><strong>gloria:</strong></span> <span class='ocrx_word' id='word_1_73' title='bbox 976 1075 1259 1132; x_wconf 88' lang='lat' dir='ltr'><strong>Dominum</strong></span> <span class='ocrx_word' id='word_1_74' title='bbox 1281 1075 1594 1131; x_wconf 89' lang='lat' dir='ltr'><strong>crucifixum</strong></span> <span class='ocrx_word' id='word_1_75' title='bbox 1610 1075 1923 1145; x_wconf 69' lang='lat' dir='ltr'><strong>Apostolus</strong></span> 
     </span>
    </p>
   </div>
   <div class='ocr_carea' id='block_1_12' title="bbox 323 1158 1898 1236">
    <p class='ocr_par' dir='ltr' id='par_1_12' title="bbox 323 1158 1898 1236">
     <span class='ocr_line' id='line_1_12' title="bbox 323 1158 1898 1236; baseline -0.002 -11"><span class='ocrx_word' id='word_1_76' title='bbox 323 1167 470 1235; x_wconf 90' lang='lat' dir='ltr'><strong>dicit,</strong></span> <span class='ocrx_word' id='word_1_77' title='bbox 495 1175 549 1223; x_wconf 90' lang='lat' dir='ltr'><strong>et</strong></span> <span class='ocrx_word' id='word_1_78' title='bbox 575 1158 887 1223; x_wconf 80' lang='lat' dir='ltr'><strong>cruciﬁxum</strong></span> <span class='ocrx_word' id='word_1_79' title='bbox 914 1167 1099 1235; x_wconf 63' lang='lat' dir='ltr'><strong>gloriae</strong></span> <span class='ocrx_word' id='word_1_80' title='bbox 1130 1167 1415 1222; x_wconf 89' lang='lat' dir='ltr'><strong>Dominum</strong></span> <span class='ocrx_word' id='word_1_81' title='bbox 1445 1168 1523 1222; x_wconf 85' lang='lat' dir='ltr'><strong>sic</strong></span> <span class='ocrx_word' id='word_1_82' title='bbox 1544 1168 1713 1236; x_wconf 81' lang='lat' dir='ltr'><strong>accipi</strong></span> <span class='ocrx_word' id='word_1_83' title='bbox 1756 1167 1898 1222; x_wconf 90' lang='lat' dir='ltr'><strong>veri-</strong></span> 
     </span>
    </p>
   </div>
   <div class='ocr_carea' id='block_1_13' title="bbox 322 1255 1899 1322">
    <p class='ocr_par' dir='ltr' id='par_1_13' title="bbox 322 1255 1899 1322">
     <span class='ocr_line' id='line_1_13' title="bbox 322 1255 1899 1322; baseline 0.001 -11"><span class='ocrx_word' id='word_1_84' title='bbox 322 1265 403 1313; x_wconf 89' lang='lat' dir='ltr'><strong>tas</strong></span> <span class='ocrx_word' id='word_1_85' title='bbox 427 1257 665 1322; x_wconf 90' lang='lat' dir='ltr'><strong>suadeat,</strong></span> <span class='ocrx_word' id='word_1_86' title='bbox 696 1271 768 1311; x_wconf 89' lang='lat' dir='ltr'><strong>ne</strong></span> <span class='ocrx_word' id='word_1_87' title='bbox 810 1256 1068 1312; x_wconf 88' lang='lat' dir='ltr'><strong>Divinitas</strong></span> <span class='ocrx_word' id='word_1_88' title='bbox 1091 1255 1345 1311; x_wconf 84' lang='lat' dir='ltr'><strong>cruciﬁxa</strong></span> <span class='ocrx_word' id='word_1_89' title='bbox 1372 1257 1623 1311; x_wconf 73' lang='lat' dir='ltr'><strong>credatur</strong></span> <span class='ocrx_word' id='word_1_90' title='bbox 1649 1274 1661 1308; x_wconf 90' lang='lat'><strong>:</strong></span> <span class='ocrx_word' id='word_1_91' title='bbox 1688 1264 1743 1310; x_wconf 88' lang='lat' dir='ltr'><strong>tu</strong></span> <span class='ocrx_word' id='word_1_92' title='bbox 1773 1271 1899 1312; x_wconf 86' lang='lat' dir='ltr'><strong>vero</strong></span> 
     </span>
    </p>
   </div>
   <div class='ocr_carea' id='block_1_14' title="bbox 318 1345 1901 1414">
    <p class='ocr_par' dir='ltr' id='par_1_14' title="bbox 318 1345 1901 1414">
     <span class='ocr_line' id='line_1_14' title="bbox 318 1345 1901 1414; baseline -0.001 -11"><span class='ocrx_word' id='word_1_93' title='bbox 318 1346 459 1404; x_wconf 81' lang='lat' dir='ltr'><strong>afﬁci</strong></span> <span class='ocrx_word' id='word_1_94' title='bbox 488 1347 832 1403; x_wconf 87' lang='lat' dir='ltr'><strong>Divinitatem</strong></span> <span class='ocrx_word' id='word_1_95' title='bbox 856 1346 1104 1402; x_wconf 83' lang='lat' dir='ltr'><strong>obnixius</strong></span> <span class='ocrx_word' id='word_1_96' title='bbox 1131 1355 1523 1414; x_wconf 80' lang='lat' dir='ltr'><strong>argumentare,</strong></span> <span class='ocrx_word' id='word_1_97' title='bbox 1548 1345 1901 1401; x_wconf 86' lang='lat' dir='ltr'><strong>defensitandi</strong></span> 
     </span>
    </p>
   </div>
   <div class='ocr_carea' id='block_1_15' title="bbox 320 1434 1900 1507">
    <p class='ocr_par' dir='ltr' id='par_1_15' title="bbox 320 1434 1900 1507">
     <span class='ocr_line' id='line_1_15' title="bbox 320 1434 1900 1507; baseline -0.003 -13"><span class='ocrx_word' id='word_1_98' title='bbox 320 1438 516 1495; x_wconf 88' lang='lat' dir='ltr'><strong>erroris</strong></span> <span class='ocrx_word' id='word_1_99' title='bbox 544 1438 741 1494; x_wconf 90' lang='lat' dir='ltr'><strong>studio.</strong></span> <span class='ocrx_word' id='word_1_100' title='bbox 775 1436 928 1492; x_wconf 85' lang='lat' dir='ltr'><strong>Haud</strong></span> <span class='ocrx_word' id='word_1_101' title='bbox 956 1437 1339 1494; x_wconf 72' lang='lat' dir='ltr'><strong>animadvertis</strong></span> <span class='ocrx_word' id='word_1_102' title='bbox 1365 1437 1575 1507; x_wconf 59' lang='lat' dir='ltr'><strong>paruulo</strong></span> <span class='ocrx_word' id='word_1_103' title='bbox 1601 1434 1728 1491; x_wconf 90' lang='lat' dir='ltr'><strong>illud</strong></span> <span class='ocrx_word' id='word_1_104' title='bbox 1755 1435 1900 1505; x_wconf 88' lang='lat' dir='ltr'><strong>quod</strong></span> 
     </span>
    </p>
   </div>
   <div class='ocr_carea' id='block_1_16' title="bbox 319 1527 1901 1598">
    <p class='ocr_par' dir='ltr' id='par_1_16' title="bbox 319 1527 1901 1598">
     <span class='ocr_line' id='line_1_16' title="bbox 319 1527 1901 1598; baseline -0.003 -12"><span class='ocrx_word' id='word_1_105' title='bbox 319 1532 374 1586; x_wconf 87' lang='lat' dir='ltr'><strong>in</strong></span> <span class='ocrx_word' id='word_1_106' title='bbox 396 1530 615 1586; x_wconf 88' lang='lat' dir='ltr'><strong>homine</strong></span> <span class='ocrx_word' id='word_1_107' title='bbox 632 1528 849 1584; x_wconf 85' lang='lat' dir='ltr'><strong>Christo</strong></span> <span class='ocrx_word' id='word_1_108' title='bbox 870 1529 1302 1598; x_wconf 82' lang='lat' dir='ltr'><strong>persequentium</strong></span> <span class='ocrx_word' id='word_1_109' title='bbox 1325 1528 1498 1583; x_wconf 90' lang='lat' dir='ltr'><strong>scelus</strong></span> <span class='ocrx_word' id='word_1_110' title='bbox 1516 1527 1774 1591; x_wconf 82' lang='lat' dir='ltr'><strong>excreuit,</strong></span> <span class='ocrx_word' id='word_1_111' title='bbox 1798 1527 1901 1596; x_wconf 89' lang='lat' dir='ltr'><strong>ipsi</strong></span> 
     </span>
    </p>
   </div>
   <div class='ocr_carea' id='block_1_17' title="bbox 319 1617 1900 1684">
    <p class='ocr_par' dir='ltr' id='par_1_17' title="bbox 319 1617 1900 1684">
     <span class='ocr_line' id='line_1_17' title="bbox 319 1617 1900 1684; baseline -0.003 -8"><span class='ocrx_word' id='word_1_112' title='bbox 319 1619 613 1676; x_wconf 83' lang='lat' dir='ltr'><strong>inviolabili</strong></span> <span class='ocrx_word' id='word_1_113' title='bbox 640 1618 916 1674; x_wconf 86' lang='lat' dir='ltr'><strong>Divinitati</strong></span> <span class='ocrx_word' id='word_1_114' title='bbox 953 1618 1210 1675; x_wconf 89' lang='lat' dir='ltr'><strong>inﬁictum</strong></span> <span class='ocrx_word' id='word_1_115' title='bbox 1250 1618 1411 1675; x_wconf 89' lang='lat' dir='ltr'><strong>fuisse</strong></span> <span class='ocrx_word' id='word_1_116' title='bbox 1436 1628 1488 1673; x_wconf 90' lang='lat' dir='ltr'><strong>te</strong></span> <span class='ocrx_word' id='word_1_117' title='bbox 1516 1619 1715 1673; x_wconf 91' lang='lat' dir='ltr'><strong>dicere.</strong></span> <span class='ocrx_word' id='word_1_118' title='bbox 1746 1617 1900 1684; x_wconf 84' lang='lat' dir='ltr'><strong>Quod</strong></span> 
     </span>
    </p>
   </div>
   <div class='ocr_carea' id='block_1_18' title="bbox 318 1710 1900 1782">
    <p class='ocr_par' dir='ltr' id='par_1_18' title="bbox 318 1710 1900 1782">
     <span class='ocr_line' id='line_1_18' title="bbox 318 1710 1900 1782; baseline -0.002 -15"><span class='ocrx_word' id='word_1_119' title='bbox 318 1712 364 1767; x_wconf 92' lang='lat' dir='ltr'><strong>si</strong></span> <span class='ocrx_word' id='word_1_120' title='bbox 384 1712 458 1766; x_wconf 91' lang='lat' dir='ltr'><strong>ita</strong></span> <span class='ocrx_word' id='word_1_121' title='bbox 486 1719 584 1777; x_wconf 90' lang='lat' dir='ltr'><strong>est,</strong></span> <span class='ocrx_word' id='word_1_122' title='bbox 616 1710 729 1781; x_wconf 87' lang='lat' dir='ltr'><strong>pati</strong></span> <span class='ocrx_word' id='word_1_123' title='bbox 759 1726 856 1782; x_wconf 92' lang='lat' dir='ltr'><strong>pro</strong></span> <span class='ocrx_word' id='word_1_124' title='bbox 884 1711 1187 1767; x_wconf 89' lang='lat' dir='ltr'><strong>hominibus</strong></span> <span class='ocrx_word' id='word_1_125' title='bbox 1216 1710 1378 1772; x_wconf 84' lang='lat' dir='ltr'><strong>Deus,</strong></span> <span class='ocrx_word' id='word_1_126' title='bbox 1400 1719 1455 1764; x_wconf 92' lang='lat' dir='ltr'><strong>et</strong></span> <span class='ocrx_word' id='word_1_127' title='bbox 1495 1725 1599 1766; x_wconf 88' lang='lat' dir='ltr'><strong>non</strong></span> <span class='ocrx_word' id='word_1_128' title='bbox 1627 1719 1900 1779; x_wconf 89' lang='lat' dir='ltr'><strong>assumpto</strong></span> 
     </span>
    </p>
   </div>
   <div class='ocr_carea' id='block_1_19' title="bbox 318 1797 1903 1874">
    <p class='ocr_par' dir='ltr' id='par_1_19' title="bbox 318 1797 1903 1874">
     <span class='ocr_line' id='line_1_19' title="bbox 318 1797 1903 1874; baseline -0.002 -16"><span class='ocrx_word' id='word_1_129' title='bbox 318 1802 495 1874; x_wconf 89' lang='lat' dir='ltr'><strong>potuit</strong></span> <span class='ocrx_word' id='word_1_130' title='bbox 521 1802 759 1858; x_wconf 84' lang='lat' dir='ltr'><strong>homine.</strong></span> <span class='ocrx_word' id='word_1_131' title='bbox 790 1801 924 1869; x_wconf 90' lang='lat' dir='ltr'><strong>Quia</strong></span> <span class='ocrx_word' id='word_1_132' title='bbox 963 1802 1009 1858; x_wconf 85' lang='lat' dir='ltr'><strong>si</strong></span> <span class='ocrx_word' id='word_1_133' title='bbox 1038 1802 1089 1855; x_wconf 92' lang='lat' dir='ltr'><strong>in</strong></span> <span class='ocrx_word' id='word_1_134' title='bbox 1114 1802 1330 1856; x_wconf 88' lang='lat' dir='ltr'><strong>homine</strong></span> <span class='ocrx_word' id='word_1_135' title='bbox 1352 1797 1635 1871; x_wconf 81' lang='lat' dir='ltr'><strong>passibilis,</strong></span> <span class='ocrx_word' id='word_1_136' title='bbox 1668 1810 1724 1855; x_wconf 89' lang='lat' dir='ltr'><strong>et</strong></span> <span class='ocrx_word' id='word_1_137' title='bbox 1749 1808 1903 1855; x_wconf 82' lang='lat' dir='ltr'><strong>extra</strong></span> 
     </span>
    </p>
   </div>
   <div class='ocr_carea' id='block_1_20' title="bbox 318 1892 1905 1965">
    <p class='ocr_par' dir='ltr' id='par_1_20' title="bbox 318 1892 1905 1965">
     <span class='ocr_line' id='line_1_20' title="bbox 318 1892 1905 1965; baseline -0.003 -13"><span class='ocrx_word' id='word_1_138' title='bbox 318 1894 594 1952; x_wconf 88' lang='lat' dir='ltr'><strong>hominem</strong></span> <span class='ocrx_word' id='word_1_139' title='bbox 621 1894 796 1965; x_wconf 91' lang='lat' dir='ltr'><strong>potuit</strong></span> <span class='ocrx_word' id='word_1_140' title='bbox 823 1909 941 1949; x_wconf 88' lang='lat' dir='ltr'><strong>esse</strong></span> <span class='ocrx_word' id='word_1_141' title='bbox 982 1894 1268 1965; x_wconf 83' lang='lat' dir='ltr'><strong>passibilis.</strong></span> <span class='ocrx_word' id='word_1_142' title='bbox 1318 1893 1423 1949; x_wconf 86' lang='lat' dir='ltr'><strong>Sed</strong></span> <span class='ocrx_word' id='word_1_143' title='bbox 1470 1893 1717 1948; x_wconf 89' lang='lat' dir='ltr'><strong>eumdem</strong></span> <span class='ocrx_word' id='word_1_144' title='bbox 1765 1892 1905 1949; x_wconf 86' lang='lat' dir='ltr'><strong>forte</strong></span> 
     </span>
    </p>
   </div>
   <div class='ocr_carea' id='block_1_21' title="bbox 322 1986 1900 2055">
    <p class='ocr_par' dir='ltr' id='par_1_21' title="bbox 322 1986 1900 2055">
     <span class='ocr_line' id='line_1_21' title="bbox 322 1986 1900 2055; baseline -0.001 -13"><span class='ocrx_word' id='word_1_145' title='bbox 322 1987 619 2042; x_wconf 86' lang='lat' dir='ltr'><strong>contendas</strong></span> <span class='ocrx_word' id='word_1_146' title='bbox 645 1986 954 2042; x_wconf 67' lang='lat' dir='ltr'><strong>substantiae</strong></span> <span class='ocrx_word' id='word_1_147' title='bbox 984 1987 1229 2044; x_wconf 63' lang='lat' dir='ltr'><strong>humanae</strong></span> <span class='ocrx_word' id='word_1_148' title='bbox 1269 1986 1589 2055; x_wconf 88' lang='lat' dir='ltr'><strong>contagione</strong></span> <span class='ocrx_word' id='word_1_149' title='bbox 1619 1994 1900 2052; x_wconf 86' lang='lat' dir='ltr'><strong>mutatum,</strong></span> 
     </span>
    </p>
   </div>
   <div class='ocr_carea' id='block_1_22' title="bbox 322 2075 1908 2147">
    <p class='ocr_par' dir='ltr' id='par_1_22' title="bbox 322 2075 1908 2147">
     <span class='ocr_line' id='line_1_22' title="bbox 322 2075 1908 2147; baseline -0.001 -14"><span class='ocrx_word' id='word_1_150' title='bbox 322 2077 638 2146; x_wconf 86' lang='lat' dir='ltr'><strong>idcircoque</strong></span> <span class='ocrx_word' id='word_1_151' title='bbox 691 2085 814 2146; x_wconf 90' lang='lat' dir='ltr'><strong>post</strong></span> <span class='ocrx_word' id='word_1_152' title='bbox 858 2084 1185 2147; x_wconf 82' lang='lat' dir='ltr'><strong>assumptum</strong></span> <span class='ocrx_word' id='word_1_153' title='bbox 1213 2076 1483 2132; x_wconf 87' lang='lat' dir='ltr'><strong>hominem</strong></span> <span class='ocrx_word' id='word_1_154' title='bbox 1518 2076 1716 2131; x_wconf 87' lang='lat' dir='ltr'><strong>factum</strong></span> <span class='ocrx_word' id='word_1_155' title='bbox 1744 2075 1908 2132; x_wconf 86' lang='lat' dir='ltr'><strong>fuisse</strong></span> 
     </span>
    </p>
   </div>
   <div class='ocr_carea' id='block_1_23' title="bbox 323 2166 1906 2239">
    <p class='ocr_par' dir='ltr' id='par_1_23' title="bbox 323 2166 1906 2239">
     <span class='ocr_line' id='line_1_23' title="bbox 323 2166 1906 2239; baseline 0 -17"><span class='ocrx_word' id='word_1_156' title='bbox 323 2167 656 2239; x_wconf 89' lang='lat' dir='ltr'><strong>passibilem.</strong></span> <span class='ocrx_word' id='word_1_157' title='bbox 684 2166 799 2223; x_wconf 84' lang='lat' dir='ltr'><strong>Neu</strong></span> <span class='ocrx_word' id='word_1_158' title='bbox 828 2166 989 2236; x_wconf 90' lang='lat' dir='ltr'><strong>igitur</strong></span> <span class='ocrx_word' id='word_1_159' title='bbox 1025 2167 1548 2238; x_wconf 66' lang='lat' dir='ltr'><strong>incorruptibilisest</strong></span> <span class='ocrx_word' id='word_1_160' title='bbox 1576 2167 1737 2223; x_wconf 87' lang='lat' dir='ltr'><strong>Deus.</strong></span> <span class='ocrx_word' id='word_1_161' title='bbox 1771 2166 1906 2234; x_wconf 84' lang='lat' dir='ltr'><strong>Quia</strong></span> 
     </span>
    </p>
   </div>
   <div class='ocr_carea' id='block_1_24' title="bbox 322 2258 1909 2331">
    <p class='ocr_par' dir='ltr' id='par_1_24' title="bbox 322 2258 1909 2331">
     <span class='ocr_line' id='line_1_24' title="bbox 322 2258 1909 2331; baseline -0.001 -16"><span class='ocrx_word' id='word_1_162' title='bbox 322 2260 585 2331; x_wconf 82' lang='lat' dir='ltr'><strong>quidquid</strong></span> <span class='ocrx_word' id='word_1_163' title='bbox 612 2260 924 2315; x_wconf 86' lang='lat' dir='ltr'><strong>deteriorari</strong></span> <span class='ocrx_word' id='word_1_164' title='bbox 948 2268 1143 2330; x_wconf 84' lang='lat' dir='ltr'><strong>potest,</strong></span> <span class='ocrx_word' id='word_1_165' title='bbox 1170 2268 1224 2313; x_wconf 91' lang='lat' dir='ltr'><strong>et</strong></span> <span class='ocrx_word' id='word_1_166' title='bbox 1251 2258 1520 2328; x_wconf 90' lang='lat' dir='ltr'><strong>corrumpi</strong></span> <span class='ocrx_word' id='word_1_167' title='bbox 1550 2258 1794 2329; x_wconf 87' lang='lat' dir='ltr'><strong>profecto</strong></span> <span class='ocrx_word' id='word_1_168' title='bbox 1816 2274 1909 2327; x_wconf 91' lang='lat' dir='ltr'><strong>po-</strong></span> 
     </span>
    </p>
   </div>
   <div class='ocr_carea' id='block_1_25' title="bbox 326 2348 1908 2421">
    <p class='ocr_par' dir='ltr' id='par_1_25' title="bbox 326 2348 1908 2421">
     <span class='ocr_line' id='line_1_25' title="bbox 326 2348 1908 2421; baseline -0.002 -16"><span class='ocrx_word' id='word_1_169' title='bbox 326 2358 450 2405; x_wconf 86' lang='lat' dir='ltr'><strong>test.</strong></span> <span class='ocrx_word' id='word_1_170' title='bbox 478 2349 583 2405; x_wconf 89' lang='lat' dir='ltr'><strong>Sed</strong></span> <span class='ocrx_word' id='word_1_171' title='bbox 611 2351 881 2421; x_wconf 90' lang='lat' dir='ltr'><strong>corrumpi</strong></span> <span class='ocrx_word' id='word_1_172' title='bbox 903 2348 1162 2405; x_wconf 87' lang='lat' dir='ltr'><strong>Divinitas</strong></span> <span class='ocrx_word' id='word_1_173' title='bbox 1189 2366 1295 2405; x_wconf 89' lang='lat' dir='ltr'><strong>non</strong></span> <span class='ocrx_word' id='word_1_174' title='bbox 1318 2358 1513 2420; x_wconf 85' lang='lat' dir='ltr'><strong>potest,</strong></span> <span class='ocrx_word' id='word_1_175' title='bbox 1541 2365 1639 2405; x_wconf 88' lang='lat' dir='ltr'><strong>nec</strong></span> <span class='ocrx_word' id='word_1_176' title='bbox 1668 2364 1908 2405; x_wconf 86' lang='lat' dir='ltr'><strong>commu-</strong></span> 
     </span>
    </p>
   </div>
   <div class='ocr_carea' id='block_1_26' title="bbox 326 2439 1164 2511">
    <p class='ocr_par' dir='ltr' id='par_1_26' title="bbox 326 2439 1164 2511">
     <span class='ocr_line' id='line_1_26' title="bbox 326 2439 1164 2511; baseline 0.001 -17"><span class='ocrx_word' id='word_1_177' title='bbox 326 2440 462 2506; x_wconf 88' lang='lat' dir='ltr'><strong>tari;</strong></span> <span class='ocrx_word' id='word_1_178' title='bbox 495 2439 658 2509; x_wconf 90' lang='lat' dir='ltr'><strong>igitur</strong></span> <span class='ocrx_word' id='word_1_179' title='bbox 695 2454 795 2496; x_wconf 91' lang='lat' dir='ltr'><strong>nec</strong></span> <span class='ocrx_word' id='word_1_180' title='bbox 822 2442 933 2511; x_wconf 87' lang='lat' dir='ltr'><strong>pati</strong></span> <span class='ocrx_word' id='word_1_181' title='bbox 969 2449 1164 2510; x_wconf 85' lang='lat' dir='ltr'><strong>potest.</strong></span> 
     </span>
    </p>
   </div>
   <div class='ocr_carea' id='block_1_27' title="bbox 399 2529 1909 2602">
    <p class='ocr_par' dir='ltr' id='par_1_27' title="bbox 399 2529 1909 2602">
     <span class='ocr_line' id='line_1_27' title="bbox 399 2529 1909 2602; baseline -0.001 -17"><span class='ocrx_word' id='word_1_182' title='bbox 399 2531 529 2586; x_wconf 80' lang='lat' dir='ltr'><strong>VIII.</strong></span> <span class='ocrx_word' id='word_1_183' title='bbox 568 2531 718 2586; x_wconf 87' lang='lat' dir='ltr'><strong>Nunc</strong></span> <span class='ocrx_word' id='word_1_184' title='bbox 745 2547 907 2602; x_wconf 89' lang='lat' dir='ltr'><strong>porro</strong></span> <span class='ocrx_word' id='word_1_185' title='bbox 936 2541 1197 2601; x_wconf 83' lang='lat' dir='ltr'><strong>superest,</strong></span> <span class='ocrx_word' id='word_1_186' title='bbox 1229 2540 1288 2587; x_wconf 91' lang='lat' dir='ltr'><strong>ut</strong></span> <span class='ocrx_word' id='word_1_187' title='bbox 1319 2542 1342 2569; x_wconf 71' lang='grc'><strong>³</strong></span> <span class='ocrx_word' id='word_1_188' title='bbox 1383 2532 1638 2600; x_wconf 88' lang='lat' dir='ltr'><strong>quoniam</strong></span> <span class='ocrx_word' id='word_1_189' title='bbox 1666 2529 1909 2585; x_wconf 77' lang='lat' dir='ltr'><strong>Christus</strong></span> 
     </span>
    </p>
   </div>
   <div class='ocr_carea' id='block_1_28' title="bbox 324 2622 1908 2693">
    <p class='ocr_par' dir='ltr' id='par_1_28' title="bbox 324 2622 1908 2693">
     <span class='ocr_line' id='line_1_28' title="bbox 324 2622 1908 2693; baseline -0.002 -15"><span class='ocrx_word' id='word_1_190' title='bbox 324 2622 489 2679; x_wconf 91' lang='lat' dir='ltr'><strong>homo</strong></span> <span class='ocrx_word' id='word_1_191' title='bbox 514 2638 671 2679; x_wconf 86' lang='lat' dir='ltr'><strong>verus</strong></span> <span class='ocrx_word' id='word_1_192' title='bbox 698 2632 756 2679; x_wconf 91' lang='lat' dir='ltr'><strong>et</strong></span> <span class='ocrx_word' id='word_1_193' title='bbox 782 2624 922 2679; x_wconf 89' lang='lat' dir='ltr'><strong>Deus</strong></span> <span class='ocrx_word' id='word_1_194' title='bbox 949 2638 1126 2687; x_wconf 71' lang='lat' dir='ltr'><strong>VBI&#39;US,</strong></span> <span class='ocrx_word' id='word_1_195' title='bbox 1152 2639 1219 2677; x_wconf 88' lang='lat' dir='ltr'><strong>ex</strong></span> <span class='ocrx_word' id='word_1_196' title='bbox 1247 2623 1447 2693; x_wconf 84' lang='lat' dir='ltr'><strong>duplici</strong></span> <span class='ocrx_word' id='word_1_197' title='bbox 1476 2623 1775 2678; x_wconf 83' lang='lat' dir='ltr'><strong>substantia</strong></span> <span class='ocrx_word' id='word_1_198' title='bbox 1804 2637 1908 2677; x_wconf 92' lang='lat' dir='ltr'><strong>una</strong></span> 
     </span>
    </p>
   </div>
   <div class='ocr_carea' id='block_1_29' title="bbox 326 2712 1906 2785">
    <p class='ocr_par' dir='ltr' id='par_1_29' title="bbox 326 2712 1906 2785">
     <span class='ocr_line' id='line_1_29' title="bbox 326 2712 1906 2785; baseline -0.001 -16"><span class='ocrx_word' id='word_1_199' title='bbox 326 2730 574 2785; x_wconf 77' lang='lat' dir='ltr'><strong>persona,</strong></span> <span class='ocrx_word' id='word_1_200' title='bbox 606 2724 662 2770; x_wconf 92' lang='lat' dir='ltr'><strong>et</strong></span> <span class='ocrx_word' id='word_1_201' title='bbox 687 2715 829 2770; x_wconf 90' lang='lat' dir='ltr'><strong>Deus</strong></span> <span class='ocrx_word' id='word_1_202' title='bbox 855 2716 1017 2770; x_wconf 90' lang='lat' dir='ltr'><strong>homo</strong></span> <span class='ocrx_word' id='word_1_203' title='bbox 1046 2724 1100 2769; x_wconf 91' lang='lat' dir='ltr'><strong>et</strong></span> <span class='ocrx_word' id='word_1_204' title='bbox 1129 2715 1290 2769; x_wconf 88' lang='lat' dir='ltr'><strong>homo</strong></span> <span class='ocrx_word' id='word_1_205' title='bbox 1318 2713 1459 2768; x_wconf 88' lang='lat' dir='ltr'><strong>Deus</strong></span> <span class='ocrx_word' id='word_1_206' title='bbox 1488 2723 1597 2778; x_wconf 91' lang='lat' dir='ltr'><strong>est;</strong></span> <span class='ocrx_word' id='word_1_207' title='bbox 1625 2712 1763 2767; x_wconf 89' lang='lat' dir='ltr'><strong>idem</strong></span> <span class='ocrx_word' id='word_1_208' title='bbox 1789 2714 1906 2781; x_wconf 88' lang='lat' dir='ltr'><strong>glo-</strong></span> 
     </span>
    </p>
   </div>
   <div class='ocr_carea' id='block_1_30' title="bbox 324 2803 1907 2875">
    <p class='ocr_par' dir='ltr' id='par_1_30' title="bbox 324 2803 1907 2875">
     <span class='ocr_line' id='line_1_30' title="bbox 324 2803 1907 2875; baseline -0.003 -12"><span class='ocrx_word' id='word_1_209' title='bbox 324 2808 420 2863; x_wconf 68' lang='lat' dir='ltr'><strong>ritc</strong></span> <span class='ocrx_word' id='word_1_210' title='bbox 450 2805 727 2871; x_wconf 89' lang='lat' dir='ltr'><strong>Dominus,</strong></span> <span class='ocrx_word' id='word_1_211' title='bbox 759 2815 814 2860; x_wconf 89' lang='lat' dir='ltr'><strong>et</strong></span> <span class='ocrx_word' id='word_1_212' title='bbox 845 2820 955 2860; x_wconf 87' lang='lat' dir='ltr'><strong>non</strong></span> <span class='ocrx_word' id='word_1_213' title='bbox 982 2806 1052 2860; x_wconf 87' lang='lat' dir='ltr'><strong>sit</strong></span> <span class='ocrx_word' id='word_1_214' title='bbox 1079 2803 1361 2860; x_wconf 86' lang='lat' dir='ltr'><strong>cruciﬁxus</strong></span> <span class='ocrx_word' id='word_1_215' title='bbox 1382 2820 1479 2875; x_wconf 89' lang='lat' dir='ltr'><strong>pro</strong></span> <span class='ocrx_word' id='word_1_216' title='bbox 1501 2803 1790 2859; x_wconf 85' lang='lat' dir='ltr'><strong>iuviolabili</strong></span> <span class='ocrx_word' id='word_1_217' title='bbox 1820 2804 1907 2859; x_wconf 91' lang='lat' dir='ltr'><strong>Di-</strong></span> 
     </span>
    </p>
   </div>
   <div class='ocr_carea' id='block_1_31' title="bbox 326 2896 1905 2966">
    <p class='ocr_par' dir='ltr' id='par_1_31' title="bbox 326 2896 1905 2966">
     <span class='ocr_line' id='line_1_31' title="bbox 326 2896 1905 2966; baseline -0.001 -14"><span class='ocrx_word' id='word_1_218' title='bbox 326 2898 572 2960; x_wconf 85' lang='lat' dir='ltr'><strong>vinitate,</strong></span> <span class='ocrx_word' id='word_1_219' title='bbox 598 2904 653 2951; x_wconf 90' lang='lat' dir='ltr'><strong>et</strong></span> <span class='ocrx_word' id='word_1_220' title='bbox 680 2896 962 2952; x_wconf 88' lang='lat' dir='ltr'><strong>cruciﬁxus</strong></span> <span class='ocrx_word' id='word_1_221' title='bbox 989 2896 1059 2951; x_wconf 88' lang='lat' dir='ltr'><strong>sit</strong></span> <span class='ocrx_word' id='word_1_222' title='bbox 1089 2896 1141 2950; x_wconf 89' lang='lat' dir='ltr'><strong>in</strong></span> <span class='ocrx_word' id='word_1_223' title='bbox 1170 2896 1385 2951; x_wconf 79' lang='lat' dir='ltr'><strong>licinine</strong></span> <span class='ocrx_word' id='word_1_224' title='bbox 1425 2913 1522 2965; x_wconf 90' lang='lat' dir='ltr'><strong>pro</strong></span> <span class='ocrx_word' id='word_1_225' title='bbox 1554 2896 1755 2951; x_wconf 88' lang='lat' dir='ltr'><strong>unitate</strong></span> <span class='ocrx_word' id='word_1_226' title='bbox 1780 2911 1905 2966; x_wconf 91' lang='lat' dir='ltr'><strong>per-</strong></span> 
     </span>
    </p>
   </div>
   <div class='ocr_carea' id='block_1_32' title="bbox 323 2982 1908 3058">
    <p class='ocr_par' dir='ltr' id='par_1_32' title="bbox 323 2982 1908 3058">
     <span class='ocr_line' id='line_1_32' title="bbox 323 2982 1908 3058; baseline 0 -16"><span class='ocrx_word' id='word_1_227' title='bbox 323 2982 498 3042; x_wconf 63' lang='lat' dir='ltr'><strong>sonie.</strong></span> <span class='ocrx_word' id='word_1_228' title='bbox 528 2984 713 3057; x_wconf 88' lang='lat' dir='ltr'><strong>Itaque</strong></span> <span class='ocrx_word' id='word_1_229' title='bbox 751 2986 889 3042; x_wconf 88' lang='lat' dir='ltr'><strong>miro</strong></span> <span class='ocrx_word' id='word_1_230' title='bbox 916 2997 1077 3056; x_wconf 89' lang='lat' dir='ltr'><strong>atque</strong></span> <span class='ocrx_word' id='word_1_231' title='bbox 1094 2985 1416 3055; x_wconf 85' lang='lat' dir='ltr'><strong>incogitabili</strong></span> <span class='ocrx_word' id='word_1_232' title='bbox 1438 2987 1597 3041; x_wconf 87' lang='lat' dir='ltr'><strong>modo</strong></span> <span class='ocrx_word' id='word_1_233' title='bbox 1619 3002 1805 3058; x_wconf 84' lang='lat' dir='ltr'><strong>passus</strong></span> <span class='ocrx_word' id='word_1_234' title='bbox 1825 2995 1908 3042; x_wconf 87' lang='lat' dir='ltr'><strong>est</strong></span> 
     </span>
    </p>
   </div>
   <div class='ocr_carea' id='block_1_33' title="bbox 327 3076 1907 3148">
    <p class='ocr_par' dir='ltr' id='par_1_33' title="bbox 327 3076 1907 3148">
     <span class='ocr_line' id='line_1_33' title="bbox 327 3076 1907 3148; baseline 0.001 -15"><span class='ocrx_word' id='word_1_235' title='bbox 327 3080 495 3134; x_wconf 89' lang='lat' dir='ltr'><strong>homo</strong></span> <span class='ocrx_word' id='word_1_236' title='bbox 537 3076 698 3143; x_wconf 86' lang='lat' dir='ltr'><strong>Dens,</strong></span> <span class='ocrx_word' id='word_1_237' title='bbox 730 3087 785 3133; x_wconf 88' lang='lat' dir='ltr'><strong>et</strong></span> <span class='ocrx_word' id='word_1_238' title='bbox 812 3094 921 3133; x_wconf 91' lang='lat' dir='ltr'><strong>non</strong></span> <span class='ocrx_word' id='word_1_239' title='bbox 951 3087 1032 3133; x_wconf 88' lang='lat' dir='ltr'><strong>est</strong></span> <span class='ocrx_word' id='word_1_240' title='bbox 1059 3093 1214 3148; x_wconf 88' lang='lat' dir='ltr'><strong>passa</strong></span> <span class='ocrx_word' id='word_1_241' title='bbox 1244 3078 1520 3132; x_wconf 78' lang='lat' dir='ltr'><strong>Divinitas.</strong></span> <span class='ocrx_word' id='word_1_242' title='bbox 1552 3078 1725 3134; x_wconf 85' lang='lat' dir='ltr'><strong>Cerne</strong></span> <span class='ocrx_word' id='word_1_243' title='bbox 1764 3095 1907 3135; x_wconf 89' lang='lat' dir='ltr'><strong>nunc</strong></span> 
     </span>
    </p>
   </div>
   <div class='ocr_carea' id='block_1_34' title="bbox 326 3166 1908 3243">
    <p class='ocr_par' dir='ltr' id='par_1_34' title="bbox 326 3166 1908 3243">
     <span class='ocr_line' id='line_1_34' title="bbox 326 3166 1908 3243; baseline 0.001 -15"><span class='ocrx_word' id='word_1_244' title='bbox 326 3166 519 3241; x_wconf 71' lang='lat' dir='ltr'><strong>igitur,</strong></span> <span class='ocrx_word' id='word_1_245' title='bbox 544 3171 596 3226; x_wconf 91' lang='lat' dir='ltr'><strong>in</strong></span> <span class='ocrx_word' id='word_1_246' title='bbox 622 3172 673 3227; x_wconf 89' lang='lat' dir='ltr'><strong>id</strong></span> <span class='ocrx_word' id='word_1_247' title='bbox 700 3166 907 3228; x_wconf 87' lang='lat' dir='ltr'><strong>tantum</strong></span> <span class='ocrx_word' id='word_1_248' title='bbox 936 3182 1098 3229; x_wconf 88' lang='lat' dir='ltr'><strong>temet</strong></span> <span class='ocrx_word' id='word_1_249' title='bbox 1126 3174 1368 3243; x_wconf 85' lang='lat' dir='ltr'><strong>Apostoli</strong></span> <span class='ocrx_word' id='word_1_250' title='bbox 1401 3174 1763 3229; x_wconf 83' lang='lat' dir='ltr'><strong>testimonium</strong></span> <span class='ocrx_word' id='word_1_251' title='bbox 1794 3175 1908 3229; x_wconf 85' lang='lat' dir='ltr'><strong>vin-</strong></span> 
     </span>
    </p>
   </div>
   <div class='ocr_carea' id='block_1_35' title="bbox 322 3265 1905 3336">
    <p class='ocr_par' dir='ltr' id='par_1_35' title="bbox 322 3265 1905 3336">
     <span class='ocr_line' id='line_1_35' title="bbox 322 3265 1905 3336; baseline 0 -15"><span class='ocrx_word' id='word_1_252' title='bbox 322 3266 553 3332; x_wconf 82' lang='lat' dir='ltr'><strong>dicasse,</strong></span> <span class='ocrx_word' id='word_1_253' title='bbox 589 3281 696 3320; x_wconf 90' lang='lat' dir='ltr'><strong>non</strong></span> <span class='ocrx_word' id='word_1_254' title='bbox 728 3274 785 3319; x_wconf 89' lang='lat' dir='ltr'><strong>ut</strong></span> <span class='ocrx_word' id='word_1_255' title='bbox 807 3282 871 3321; x_wconf 86' lang='lat' dir='ltr'><strong>ex</strong></span> <span class='ocrx_word' id='word_1_256' title='bbox 902 3265 1088 3321; x_wconf 90' lang='lat' dir='ltr'><strong>eodem</strong></span> <span class='ocrx_word' id='word_1_257' title='bbox 1118 3267 1281 3321; x_wconf 89' lang='lat' dir='ltr'><strong>robur</strong></span> <span class='ocrx_word' id='word_1_258' title='bbox 1302 3267 1564 3322; x_wconf 86' lang='lat' dir='ltr'><strong>sententia</strong></span> <span class='ocrx_word' id='word_1_259' title='bbox 1598 3276 1685 3323; x_wconf 91' lang='lat' dir='ltr'><strong>tua</strong></span> <span class='ocrx_word' id='word_1_260' title='bbox 1716 3282 1905 3336; x_wconf 77' lang='lat' dir='ltr'><strong>capes-</strong></span> 
     </span>
    </p>
   </div>
   <div class='ocr_carea' id='block_1_36' title="bbox 325 3356 1908 3426">
    <p class='ocr_par' dir='ltr' id='par_1_36' title="bbox 325 3356 1908 3426">
     <span class='ocr_line' id='line_1_36' title="bbox 325 3356 1908 3426; baseline 0 -16"><span class='ocrx_word' id='word_1_261' title='bbox 325 3366 488 3423; x_wconf 82' lang='lat' dir='ltr'><strong>seret,</strong></span> <span class='ocrx_word' id='word_1_262' title='bbox 512 3356 607 3411; x_wconf 88' lang='lat' dir='ltr'><strong>sed</strong></span> <span class='ocrx_word' id='word_1_263' title='bbox 631 3364 689 3411; x_wconf 88' lang='lat' dir='ltr'><strong>ut</strong></span> <span class='ocrx_word' id='word_1_264' title='bbox 708 3372 860 3410; x_wconf 65' lang='lat' dir='ltr'><strong>saevae</strong></span> <span class='ocrx_word' id='word_1_265' title='bbox 881 3358 1159 3412; x_wconf 64' lang='lat' dir='ltr'><strong>sententiae</strong></span> <span class='ocrx_word' id='word_1_266' title='bbox 1188 3357 1423 3426; x_wconf 75' lang='lat' dir='ltr'><strong>pravitas</strong></span> <span class='ocrx_word' id='word_1_267' title='bbox 1451 3374 1557 3412; x_wconf 89' lang='lat' dir='ltr'><strong>non</strong></span> <span class='ocrx_word' id='word_1_268' title='bbox 1589 3357 1799 3412; x_wconf 85' lang='lat' dir='ltr'><strong>lateret.</strong></span> <span class='ocrx_word' id='word_1_269' title='bbox 1828 3356 1908 3411; x_wconf 81' lang='lat' dir='ltr'><strong>Tu</strong></span> 
     </span>
    </p>
   </div>
   <div class='ocr_carea' id='block_1_37' title="bbox 323 3446 1906 3516">
    <p class='ocr_par' dir='ltr' id='par_1_37' title="bbox 323 3446 1906 3516">
     <span class='ocr_line' id='line_1_37' title="bbox 323 3446 1906 3516; baseline 0.001 -16"><span class='ocrx_word' id='word_1_270' title='bbox 323 3447 530 3502; x_wconf 82' lang='lat' dir='ltr'><strong>scilicet</strong></span> <span class='ocrx_word' id='word_1_271' title='bbox 557 3447 703 3501; x_wconf 84' lang='lat' dir='ltr'><strong>velut</strong></span> <span class='ocrx_word' id='word_1_272' title='bbox 732 3446 1023 3516; x_wconf 88' lang='lat' dir='ltr'><strong>stipulante</strong></span> <span class='ocrx_word' id='word_1_273' title='bbox 1050 3446 1149 3500; x_wconf 89' lang='lat' dir='ltr'><strong>tibi</strong></span> <span class='ocrx_word' id='word_1_274' title='bbox 1176 3462 1273 3515; x_wconf 88' lang='lat' dir='ltr'><strong>per</strong></span> <span class='ocrx_word' id='word_1_275' title='bbox 1302 3446 1616 3515; x_wconf 81' lang='lat' dir='ltr'><strong>Apostolum</strong></span> <span class='ocrx_word' id='word_1_276' title='bbox 1660 3447 1906 3508; x_wconf 88' lang='lat' dir='ltr'><strong>veritate,</strong></span> 
     </span>
    </p>
   </div>
   <div class='ocr_carea' id='block_1_38' title="bbox 327 3536 1910 3607">
    <p class='ocr_par' dir='ltr' id='par_1_38' title="bbox 327 3536 1910 3607">
     <span class='ocr_line' id='line_1_38' title="bbox 327 3536 1910 3607; baseline -0.003 -14"><span class='ocrx_word' id='word_1_277' title='bbox 327 3538 464 3595; x_wconf 80' lang='lat' dir='ltr'><strong>allici</strong></span> <span class='ocrx_word' id='word_1_278' title='bbox 484 3539 825 3594; x_wconf 85' lang='lat' dir='ltr'><strong>Divinitatcm</strong></span> <span class='ocrx_word' id='word_1_279' title='bbox 852 3538 1014 3603; x_wconf 83' lang='lat' dir='ltr'><strong>dicis;</strong></span> <span class='ocrx_word' id='word_1_280' title='bbox 1048 3536 1142 3592; x_wconf 85' lang='lat' dir='ltr'><strong>sed</strong></span> <span class='ocrx_word' id='word_1_281' title='bbox 1161 3536 1449 3605; x_wconf 84' lang='lat' dir='ltr'><strong>Apostoius</strong></span> <span class='ocrx_word' id='word_1_282' title='bbox 1474 3537 1777 3607; x_wconf 70' lang='lat' dir='ltr'><strong>cruciﬁxum</strong></span> <span class='ocrx_word' id='word_1_283' title='bbox 1799 3537 1910 3607; x_wconf 79' lang='lat' dir='ltr'><strong>glo-</strong></span> 
     </span>
    </p>
   </div>
   <div class='ocr_carea' id='block_1_39' title="bbox 2001 527 3592 601">
    <p class='ocr_par' dir='ltr' id='par_1_39' title="bbox 2001 527 3592 601">
     <span class='ocr_line' id='line_1_39' title="bbox 2001 527 3592 601; baseline 0.003 -19"><span class='ocrx_word' id='word_1_284' title='bbox 2001 527 2133 583; x_wconf 89' lang='lat' dir='ltr'><strong>nihil</strong></span> <span class='ocrx_word' id='word_1_285' title='bbox 2158 528 2407 585; x_wconf 87' lang='lat' dir='ltr'><strong>senserit.</strong></span> <span class='ocrx_word' id='word_1_286' title='bbox 2433 528 2604 585; x_wconf 89' lang='lat' dir='ltr'><strong>Porro</strong></span> <span class='ocrx_word' id='word_1_287' title='bbox 2633 538 2691 584; x_wconf 93' lang='lat' dir='ltr'><strong>tu</strong></span> <span class='ocrx_word' id='word_1_288' title='bbox 2710 530 2865 598; x_wconf 90' lang='lat' dir='ltr'><strong>dicis,</strong></span> <span class='ocrx_word' id='word_1_289' title='bbox 2886 533 3034 601; x_wconf 88' lang='lat' dir='ltr'><strong>quod</strong></span> <span class='ocrx_word' id='word_1_290' title='bbox 3053 533 3196 591; x_wconf 88' lang='lat' dir='ltr'><strong>Deus</strong></span> <span class='ocrx_word' id='word_1_291' title='bbox 3223 549 3332 591; x_wconf 90' lang='lat' dir='ltr'><strong>non</strong></span> <span class='ocrx_word' id='word_1_292' title='bbox 3359 532 3592 589; x_wconf 89' lang='lat' dir='ltr'><strong>afﬁcitur</strong></span> 
     </span>
    </p>
   </div>
   <div class='ocr_carea' id='block_1_40' title="bbox 2001 609 3589 696">
    <p class='ocr_par' dir='ltr' id='par_1_40' title="bbox 2001 609 3589 696">
     <span class='ocr_line' id='line_1_40' title="bbox 2001 609 3589 696; baseline 0.006 -24"><span class='ocrx_word' id='word_1_293' title='bbox 2001 618 2362 690; x_wconf 89' lang='lat' dir='ltr'><strong>passibiliter;</strong></span> <span class='ocrx_word' id='word_1_294' title='bbox 2394 609 2525 689; x_wconf 87' lang='lat' dir='ltr'><strong>ergo</strong></span> <span class='ocrx_word' id='word_1_295' title='bbox 2553 618 2787 676; x_wconf 88' lang='lat' dir='ltr'><strong>afﬁcitur</strong></span> <span class='ocrx_word' id='word_1_296' title='bbox 2814 637 2924 677; x_wconf 88' lang='lat' dir='ltr'><strong>non</strong></span> <span class='ocrx_word' id='word_1_297' title='bbox 2947 625 3273 694; x_wconf 87' lang='lat' dir='ltr'><strong>passibiliter</strong></span> <span class='ocrx_word' id='word_1_298' title='bbox 3300 644 3314 681; x_wconf 91' lang='lat'><strong>:</strong></span> <span class='ocrx_word' id='word_1_299' title='bbox 3345 625 3490 696; x_wconf 88' lang='lat' dir='ltr'><strong>quod</strong></span> <span class='ocrx_word' id='word_1_300' title='bbox 3511 626 3589 681; x_wconf 87' lang='lat' dir='ltr'><strong>ita</strong></span> 
     </span>
    </p>
   </div>
   <div class='ocr_carea' id='block_1_41' title="bbox 2001 711 3590 785">
    <p class='ocr_par' dir='ltr' id='par_1_41' title="bbox 2001 711 3590 785">
     <span class='ocr_line' id='line_1_41' title="bbox 2001 711 3590 785; baseline 0.005 -20"><span class='ocrx_word' id='word_1_301' title='bbox 2001 718 2083 765; x_wconf 87' lang='lat' dir='ltr'><strong>est</strong></span> <span class='ocrx_word' id='word_1_302' title='bbox 2108 725 2173 766; x_wconf 92' lang='lat' dir='ltr'><strong>ac</strong></span> <span class='ocrx_word' id='word_1_303' title='bbox 2200 712 2244 766; x_wconf 91' lang='lat' dir='ltr'><strong>si</strong></span> <span class='ocrx_word' id='word_1_304' title='bbox 2268 711 2534 782; x_wconf 88' lang='lat' dir='ltr'><strong>quispiam</strong></span> <span class='ocrx_word' id='word_1_305' title='bbox 2580 712 2726 769; x_wconf 86' lang='lat' dir='ltr'><strong>dicat</strong></span> <span class='ocrx_word' id='word_1_306' title='bbox 2756 730 2771 766; x_wconf 89' lang='lat'>:</span> <span class='ocrx_word' id='word_1_307' title='bbox 2807 712 2926 771; x_wconf 90' lang='lat' dir='ltr'><strong>Stat</strong></span> <span class='ocrx_word' id='word_1_308' title='bbox 2953 715 3057 772; x_wconf 90' lang='lat' dir='ltr'><strong>iste</strong></span> <span class='ocrx_word' id='word_1_309' title='bbox 3102 731 3345 785; x_wconf 87' lang='lat' dir='ltr'><strong>currens,</strong></span> <span class='ocrx_word' id='word_1_310' title='bbox 3386 717 3590 774; x_wconf 87' lang='lat' dir='ltr'><strong>dormit</strong></span> 
     </span>
    </p>
   </div>
   <div class='ocr_carea' id='block_1_42' title="bbox 2000 801 3589 874">
    <p class='ocr_par' dir='ltr' id='par_1_42' title="bbox 2000 801 3589 874">
     <span class='ocr_line' id='line_1_42' title="bbox 2000 801 3589 874; baseline 0.006 -19"><span class='ocrx_word' id='word_1_311' title='bbox 2000 801 2092 857; x_wconf 91' lang='lat' dir='ltr'><strong>ille</strong></span> <span class='ocrx_word' id='word_1_312' title='bbox 2122 802 2345 871; x_wconf 84' lang='lat' dir='ltr'><strong>vigilans</strong></span> <span class='ocrx_word' id='word_1_313' title='bbox 2370 821 2380 855; x_wconf 91' lang='lat'>:</span> <span class='ocrx_word' id='word_1_314' title='bbox 2402 804 2545 872; x_wconf 86' lang='lat' dir='ltr'><strong>quod</strong></span> <span class='ocrx_word' id='word_1_315' title='bbox 2573 804 2759 874; x_wconf 91' lang='lat' dir='ltr'><strong>utique</strong></span> <span class='ocrx_word' id='word_1_316' title='bbox 2780 821 2888 859; x_wconf 92' lang='lat' dir='ltr'><strong>non</strong></span> <span class='ocrx_word' id='word_1_317' title='bbox 2908 806 3039 861; x_wconf 88' lang='lat' dir='ltr'><strong>sinit</strong></span> <span class='ocrx_word' id='word_1_318' title='bbox 3064 808 3459 864; x_wconf 87' lang='lat' dir='ltr'><strong>contrariorum</strong></span> <span class='ocrx_word' id='word_1_319' title='bbox 3479 809 3589 865; x_wconf 87' lang='lat' dir='ltr'><strong>dis-</strong></span> 
     </span>
    </p>
   </div>
   <div class='ocr_carea' id='block_1_43' title="bbox 2000 892 3633 971">
    <p class='ocr_par' dir='ltr' id='par_1_43' title="bbox 2000 892 3633 971">
     <span class='ocr_line' id='line_1_43' title="bbox 2000 892 3633 971; baseline 0.004 -23"><span class='ocrx_word' id='word_1_320' title='bbox 2000 893 2296 962; x_wconf 86' lang='lat' dir='ltr'><strong>crepantia.</strong></span> <span class='ocrx_word' id='word_1_321' title='bbox 2329 892 2465 960; x_wconf 83' lang='lat' dir='ltr'><strong>Quid</strong></span> <span class='ocrx_word' id='word_1_322' title='bbox 2494 894 2654 963; x_wconf 80' lang='lat' dir='ltr'><strong>igitur</strong></span> <span class='ocrx_word' id='word_1_323' title='bbox 2683 893 2899 966; x_wconf 89' lang='lat' dir='ltr'><strong>proﬁcit</strong></span> <span class='ocrx_word' id='word_1_324' title='bbox 2932 898 3077 966; x_wconf 90' lang='lat' dir='ltr'><strong>quod</strong></span> <span class='ocrx_word' id='word_1_325' title='bbox 3111 898 3331 967; x_wconf 90' lang='lat' dir='ltr'><strong>adjicis,</strong></span> <span class='ocrx_word' id='word_1_326' title='bbox 3361 899 3587 971; x_wconf 80' lang='lat' dir='ltr'><strong>passibi-</strong></span> <span class='ocrx_word' id='word_1_327' title='bbox 3630 954 3633 955; x_wconf 30' lang='grc' dir='ltr'><em>ν</em></span> 
     </span>
    </p>
   </div>
   <div class='ocr_carea' id='block_1_44' title="bbox 2002 986 3586 1062">
    <p class='ocr_par' dir='ltr' id='par_1_44' title="bbox 2002 986 3586 1062">
     <span class='ocr_line' id='line_1_44' title="bbox 2002 986 3586 1062; baseline 0.005 -22"><span class='ocrx_word' id='word_1_328' title='bbox 2002 987 2136 1049; x_wconf 82' lang='lat' dir='ltr'><strong>liter,</strong></span> <span class='ocrx_word' id='word_1_329' title='bbox 2171 1001 2292 1041; x_wconf 92' lang='lat' dir='ltr'><strong>cum</strong></span> <span class='ocrx_word' id='word_1_330' title='bbox 2333 986 2437 1042; x_wconf 89' lang='lat' dir='ltr'><strong>dici</strong></span> <span class='ocrx_word' id='word_1_331' title='bbox 2480 988 2760 1045; x_wconf 86' lang='lat' dir='ltr'><strong>verissime</strong></span> <span class='ocrx_word' id='word_1_332' title='bbox 2797 990 3214 1061; x_wconf 89' lang='lat' dir='ltr'><strong>plenissimeque</strong></span> <span class='ocrx_word' id='word_1_333' title='bbox 3244 992 3433 1062; x_wconf 87' lang='lat' dir='ltr'><strong>possit,</strong></span> <span class='ocrx_word' id='word_1_334' title='bbox 3482 1009 3586 1048; x_wconf 86' lang='lat' dir='ltr'><strong>non</strong></span> 
     </span>
    </p>
   </div>
   <div class='ocr_carea' id='block_1_45' title="bbox 2002 1070 3585 1153">
    <p class='ocr_par' dir='ltr' id='par_1_45' title="bbox 2002 1070 3585 1153">
     <span class='ocr_line' id='line_1_45' title="bbox 2002 1070 3585 1153; baseline 0.007 -23"><span class='ocrx_word' id='word_1_335' title='bbox 2002 1077 2221 1148; x_wconf 72' lang='lat' dir='ltr'><strong>afﬁcitur</strong></span> <span class='ocrx_word' id='word_1_336' title='bbox 2250 1076 2421 1133; x_wconf 72' lang='lat' dir='ltr'><strong>Deus?</strong></span> <span class='ocrx_word' id='word_1_337' title='bbox 2447 1070 2566 1133; x_wconf 88' lang='lat' dir='ltr'><strong>Non</strong></span> <span class='ocrx_word' id='word_1_338' title='bbox 2594 1086 2922 1141; x_wconf 81' lang='lat' dir='ltr'><strong>carctnaevo</strong></span> <span class='ocrx_word' id='word_1_339' title='bbox 2945 1081 3265 1152; x_wconf 77' lang='lat' dir='ltr'><strong>suspicionis</strong></span> <span class='ocrx_word' id='word_1_340' title='bbox 3284 1081 3464 1153; x_wconf 90' lang='lat' dir='ltr'><strong>biceps</strong></span> <span class='ocrx_word' id='word_1_341' title='bbox 3486 1083 3585 1141; x_wconf 89' lang='lat' dir='ltr'><strong>ista</strong></span> 
     </span>
    </p>
   </div>
   <div class='ocr_carea' id='block_1_46' title="bbox 2002 1166 3583 1243">
    <p class='ocr_par' dir='ltr' id='par_1_46' title="bbox 2002 1166 3583 1243">
     <span class='ocr_line' id='line_1_46' title="bbox 2002 1166 3583 1243; baseline 0.006 -21"><span class='ocrx_word' id='word_1_342' title='bbox 2002 1168 2323 1240; x_wconf 91' lang='lat' dir='ltr'><strong>prolocutio.</strong></span> <span class='ocrx_word' id='word_1_343' title='bbox 2359 1169 2523 1225; x_wconf 88' lang='lat' dir='ltr'><strong>Deum</strong></span> <span class='ocrx_word' id='word_1_344' title='bbox 2554 1186 2663 1226; x_wconf 91' lang='lat' dir='ltr'><strong>non</strong></span> <span class='ocrx_word' id='word_1_345' title='bbox 2702 1171 2837 1228; x_wconf 90' lang='lat' dir='ltr'><strong>dicis</strong></span> <span class='ocrx_word' id='word_1_346' title='bbox 2877 1173 3011 1243; x_wconf 88' lang='lat' dir='ltr'><strong>pati,</strong></span> <span class='ocrx_word' id='word_1_347' title='bbox 3042 1166 3204 1243; x_wconf 83' lang='lat' dir='ltr'><strong>quem</strong></span> <span class='ocrx_word' id='word_1_348' title='bbox 3239 1174 3371 1231; x_wconf 90' lang='lat' dir='ltr'><strong>dicis</strong></span> <span class='ocrx_word' id='word_1_349' title='bbox 3419 1174 3583 1231; x_wconf 90' lang='lat' dir='ltr'><strong>affici.</strong></span> 
     </span>
    </p>
   </div>
   <div class='ocr_carea' id='block_1_47' title="bbox 2003 1257 3586 1333">
    <p class='ocr_par' dir='ltr' id='par_1_47' title="bbox 2003 1257 3586 1333">
     <span class='ocr_line' id='line_1_47' title="bbox 2003 1257 3586 1333; baseline 0.008 -21"><span class='ocrx_word' id='word_1_350' title='bbox 2003 1257 2228 1314; x_wconf 81' lang='lat' dir='ltr'><strong>Aﬁectio</strong></span> <span class='ocrx_word' id='word_1_351' title='bbox 2245 1269 2299 1314; x_wconf 89' lang='lat' dir='ltr'><strong>et</strong></span> <span class='ocrx_word' id='word_1_352' title='bbox 2316 1260 2497 1330; x_wconf 88' lang='lat' dir='ltr'><strong>passio</strong></span> <span class='ocrx_word' id='word_1_353' title='bbox 2520 1277 2682 1316; x_wconf 91' lang='lat' dir='ltr'><strong>unum</strong></span> <span class='ocrx_word' id='word_1_354' title='bbox 2702 1262 2951 1333; x_wconf 87' lang='lat' dir='ltr'><strong>idemque</strong></span> <span class='ocrx_word' id='word_1_355' title='bbox 2965 1263 3248 1333; x_wconf 90' lang='lat' dir='ltr'><strong>signiﬁcat.</strong></span> <span class='ocrx_word' id='word_1_356' title='bbox 3266 1266 3371 1321; x_wconf 88' lang='lat' dir='ltr'><strong>Aut</strong></span> <span class='ocrx_word' id='word_1_357' title='bbox 3385 1275 3586 1324; x_wconf 85' lang='lat' dir='ltr'><strong>utrum-</strong></span> 
     </span>
    </p>
   </div>
   <div class='ocr_carea' id='block_1_48' title="bbox 1962 1350 3580 1427">
    <p class='ocr_par' dir='ltr' id='par_1_48' title="bbox 1962 1350 3580 1427">
     <span class='ocr_line' id='line_1_48' title="bbox 1962 1350 3580 1427; baseline 0.006 -24"><span class='ocrx_word' id='word_1_358' title='bbox 1962 1363 2106 1417; x_wconf 60' lang='lat' dir='ltr'><strong>.que</strong></span> <span class='ocrx_word' id='word_1_359' title='bbox 2152 1350 2449 1417; x_wconf 87' lang='lat' dir='ltr'><strong>sustuleris,</strong></span> <span class='ocrx_word' id='word_1_360' title='bbox 2494 1360 2589 1406; x_wconf 86' lang='lat' dir='ltr'><strong>aut</strong></span> <span class='ocrx_word' id='word_1_361' title='bbox 2625 1352 2681 1407; x_wconf 93' lang='lat' dir='ltr'><strong>in</strong></span> <span class='ocrx_word' id='word_1_362' title='bbox 2728 1354 2901 1409; x_wconf 88' lang='lat' dir='ltr'><strong>altero</strong></span> <span class='ocrx_word' id='word_1_363' title='bbox 2947 1364 3236 1427; x_wconf 89' lang='lat' dir='ltr'><strong>utrumque</strong></span> <span class='ocrx_word' id='word_1_364' title='bbox 3262 1359 3580 1415; x_wconf 83' lang='lat' dir='ltr'><strong>servaveris.</strong></span> 
     </span>
    </p>
   </div>
   <div class='ocr_carea' id='block_1_49' title="bbox 2002 1439 3586 1521">
    <p class='ocr_par' dir='ltr' id='par_1_49' title="bbox 2002 1439 3586 1521">
     <span class='ocr_line' id='line_1_49' title="bbox 2002 1439 3586 1521; baseline 0.009 -28"><span class='ocrx_word' id='word_1_365' title='bbox 2002 1439 2119 1495; x_wconf 85' lang='lat' dir='ltr'><strong>Non</strong></span> <span class='ocrx_word' id='word_1_366' title='bbox 2159 1440 2319 1508; x_wconf 88' lang='lat' dir='ltr'><strong>igitur</strong></span> <span class='ocrx_word' id='word_1_367' title='bbox 2345 1441 2635 1499; x_wconf 84' lang='lat' dir='ltr'><strong>dicendum</strong></span> <span class='ocrx_word' id='word_1_368' title='bbox 2671 1446 2774 1511; x_wconf 87' lang='lat' dir='ltr'><strong>est,</strong></span> <span class='ocrx_word' id='word_1_369' title='bbox 2822 1444 2941 1502; x_wconf 88' lang='lat' dir='ltr'><strong>Non</strong></span> <span class='ocrx_word' id='word_1_370' title='bbox 2987 1445 3220 1503; x_wconf 88' lang='lat' dir='ltr'><strong>afﬁcitur</strong></span> <span class='ocrx_word' id='word_1_371' title='bbox 3265 1449 3586 1521; x_wconf 81' lang='lat' dir='ltr'><strong>passibiliter</strong></span> 
     </span>
    </p>
   </div>
   <div class='ocr_carea' id='block_1_50' title="bbox 2003 1528 3587 1609">
    <p class='ocr_par' dir='ltr' id='par_1_50' title="bbox 2003 1528 3587 1609">
     <span class='ocr_line' id='line_1_50' title="bbox 2003 1528 3587 1609; baseline 0.009 -26"><span class='ocrx_word' id='word_1_372' title='bbox 2003 1528 2164 1595; x_wconf 88' lang='lat' dir='ltr'><strong>Deus,</strong></span> <span class='ocrx_word' id='word_1_373' title='bbox 2192 1529 2304 1595; x_wconf 88' lang='lat' dir='ltr'><strong>sed,</strong></span> <span class='ocrx_word' id='word_1_374' title='bbox 2334 1529 2459 1609; x_wconf 74' lang='lat' dir='ltr'><strong>Non</strong></span> <span class='ocrx_word' id='word_1_375' title='bbox 2507 1531 2727 1602; x_wconf 68' lang='lat' dir='ltr'><strong>afﬁcitur</strong></span> <span class='ocrx_word' id='word_1_376' title='bbox 2757 1531 2915 1589; x_wconf 84' lang='lat' dir='ltr'><strong>Deus.</strong></span> <span class='ocrx_word' id='word_1_377' title='bbox 2947 1534 3003 1591; x_wconf 90' lang='lat' dir='ltr'><strong>Si</strong></span> <span class='ocrx_word' id='word_1_378' title='bbox 3049 1552 3159 1594; x_wconf 89' lang='lat' dir='ltr'><strong>non</strong></span> <span class='ocrx_word' id='word_1_379' title='bbox 3205 1538 3451 1605; x_wconf 86' lang='lat' dir='ltr'><strong>afficitur,</strong></span> <span class='ocrx_word' id='word_1_380' title='bbox 3478 1556 3587 1599; x_wconf 87' lang='lat' dir='ltr'><strong>non</strong></span> 
     </span>
    </p>
   </div>
   <div class='ocr_carea' id='block_1_51' title="bbox 2003 1626 3588 1706">
    <p class='ocr_par' dir='ltr' id='par_1_51' title="bbox 2003 1626 3588 1706">
     <span class='ocr_line' id='line_1_51' title="bbox 2003 1626 3588 1706; baseline 0.006 -26"><span class='ocrx_word' id='word_1_381' title='bbox 2003 1626 2169 1680; x_wconf 82' lang='lat' dir='ltr'><strong>sensit</strong></span> <span class='ocrx_word' id='word_1_382' title='bbox 2216 1628 2596 1696; x_wconf 87' lang='lat' dir='ltr'><strong>compaticntis</strong></span> <span class='ocrx_word' id='word_1_383' title='bbox 2641 1628 2855 1686; x_wconf 75' lang='lat' dir='ltr'><strong>affectu.</strong></span> <span class='ocrx_word' id='word_1_384' title='bbox 2899 1629 2958 1687; x_wconf 90' lang='lat' dir='ltr'><strong>Si</strong></span> <span class='ocrx_word' id='word_1_385' title='bbox 3003 1632 3172 1689; x_wconf 89' lang='lat' dir='ltr'><strong>sensit</strong></span> <span class='ocrx_word' id='word_1_386' title='bbox 3214 1635 3588 1706; x_wconf 88' lang='lat' dir='ltr'><strong>compatieutis</strong></span> 
     </span>
    </p>
   </div>
   <div class='ocr_carea' id='block_1_52' title="bbox 2005 1714 2921 1787">
    <p class='ocr_par' dir='ltr' id='par_1_52' title="bbox 2005 1714 2921 1787">
     <span class='ocr_line' id='line_1_52' title="bbox 2005 1714 2921 1787; baseline 0.007 -18"><span class='ocrx_word' id='word_1_387' title='bbox 2005 1714 2217 1776; x_wconf 80' lang='lat' dir='ltr'><strong>affectu,</strong></span> <span class='ocrx_word' id='word_1_388' title='bbox 2247 1726 2647 1787; x_wconf 79' lang='lat' dir='ltr'><strong>consequenter</strong></span> <span class='ocrx_word' id='word_1_389' title='bbox 2676 1719 2921 1776; x_wconf 88' lang='lat' dir='ltr'><strong>afﬁcitur.</strong></span> 
     </span>
    </p>
   </div>
   <div class='ocr_carea' id='block_1_53' title="bbox 2076 1804 3586 1883">
    <p class='ocr_par' dir='ltr' id='par_1_53' title="bbox 2076 1804 3586 1883">
     <span class='ocr_line' id='line_1_53' title="bbox 2076 1804 3586 1883; baseline 0.007 -24"><span class='ocrx_word' id='word_1_390' title='bbox 2076 1804 2165 1859; x_wconf 75' lang='lat' dir='ltr'><strong>IX.</strong></span> <span class='ocrx_word' id='word_1_391' title='bbox 2208 1805 2307 1861; x_wconf 87' lang='lat' dir='ltr'><strong>Aio</strong></span> <span class='ocrx_word' id='word_1_392' title='bbox 2337 1819 2455 1874; x_wconf 90' lang='lat' dir='ltr'><strong>ego,</strong></span> <span class='ocrx_word' id='word_1_393' title='bbox 2483 1807 2652 1864; x_wconf 71' lang='lat' dir='ltr'><strong>Nullis</strong></span> <span class='ocrx_word' id='word_1_394' title='bbox 2680 1810 2909 1866; x_wconf 89' lang='lat' dir='ltr'><strong>afﬁcitur</strong></span> <span class='ocrx_word' id='word_1_395' title='bbox 2931 1811 3111 1868; x_wconf 86' lang='lat' dir='ltr'><strong>divina</strong></span> <span class='ocrx_word' id='word_1_396' title='bbox 3138 1814 3474 1883; x_wconf 89' lang='lat' dir='ltr'><strong>substantia;</strong></span> <span class='ocrx_word' id='word_1_397' title='bbox 3507 1816 3586 1870; x_wconf 85' lang='lat' dir='ltr'><strong>in-</strong></span> 
     </span>
    </p>
   </div>
   <div class='ocr_carea' id='block_1_54' title="bbox 2004 1895 3584 1975">
    <p class='ocr_par' dir='ltr' id='par_1_54' title="bbox 2004 1895 3584 1975">
     <span class='ocr_line' id='line_1_54' title="bbox 2004 1895 3584 1975; baseline 0.009 -27"><span class='ocrx_word' id='word_1_398' title='bbox 2004 1895 2126 1965; x_wconf 83' lang='lat' dir='ltr'><strong>quis</strong></span> <span class='ocrx_word' id='word_1_399' title='bbox 2163 1904 2237 1962; x_wconf 91' lang='lat' dir='ltr'><strong>tu,</strong></span> <span class='ocrx_word' id='word_1_400' title='bbox 2287 1897 2424 1952; x_wconf 86' lang='lat' dir='ltr'><strong>[lens</strong></span> <span class='ocrx_word' id='word_1_401' title='bbox 2466 1915 2571 1953; x_wconf 87' lang='lat' dir='ltr'><strong>non</strong></span> <span class='ocrx_word' id='word_1_402' title='bbox 2612 1898 2860 1957; x_wconf 87' lang='lat' dir='ltr'><strong>afﬁcitur.</strong></span> <span class='ocrx_word' id='word_1_403' title='bbox 2909 1902 3218 1961; x_wconf 80' lang='lat' dir='ltr'><strong>Redeamus</strong></span> <span class='ocrx_word' id='word_1_404' title='bbox 3254 1906 3306 1960; x_wconf 92' lang='lat' dir='ltr'><strong>in</strong></span> <span class='ocrx_word' id='word_1_405' title='bbox 3340 1906 3584 1975; x_wconf 82' lang='lat' dir='ltr'><strong>gratiam.</strong></span> 
     </span>
    </p>
   </div>
   <div class='ocr_carea' id='block_1_55' title="bbox 2007 1984 3589 2068">
    <p class='ocr_par' dir='ltr' id='par_1_55' title="bbox 2007 1984 3589 2068">
     <span class='ocr_line' id='line_1_55' title="bbox 2007 1984 3589 2068; baseline 0.011 -30"><span class='ocrx_word' id='word_1_406' title='bbox 2007 1984 2387 2043; x_wconf 84' lang='lat' dir='ltr'><strong>Pessumdetur</strong></span> <span class='ocrx_word' id='word_1_407' title='bbox 2417 2005 2447 2043; x_wconf 90' lang='lat' dir='ltr'><strong>e</strong></span> <span class='ocrx_word' id='word_1_408' title='bbox 2475 1992 2671 2058; x_wconf 89' lang='lat' dir='ltr'><strong>medio,</strong></span> <span class='ocrx_word' id='word_1_409' title='bbox 2702 1994 2793 2063; x_wconf 90' lang='lat' dir='ltr'><strong>qui</strong></span> <span class='ocrx_word' id='word_1_410' title='bbox 2821 2002 2874 2048; x_wconf 89' lang='lat' dir='ltr'><strong>te</strong></span> <span class='ocrx_word' id='word_1_411' title='bbox 2899 1993 3141 2050; x_wconf 86' lang='lat' dir='ltr'><strong>fortassis</strong></span> <span class='ocrx_word' id='word_1_412' title='bbox 3161 1996 3423 2065; x_wconf 86' lang='lat' dir='ltr'><strong>ignarum,</strong></span> <span class='ocrx_word' id='word_1_413' title='bbox 3446 1996 3589 2068; x_wconf 88' lang='lat' dir='ltr'><strong>quod</strong></span> 
     </span>
    </p>
   </div>
   <div class='ocr_carea' id='block_1_56' title="bbox 2011 2082 3587 2154">
    <p class='ocr_par' dir='ltr' id='par_1_56' title="bbox 2011 2082 3587 2154">
     <span class='ocr_line' id='line_1_56' title="bbox 2011 2082 3587 2154; baseline 0.01 -24"><span class='ocrx_word' id='word_1_414' title='bbox 2011 2085 2161 2131; x_wconf 89' lang='lat' dir='ltr'><strong>certe</strong></span> <span class='ocrx_word' id='word_1_415' title='bbox 2190 2085 2357 2147; x_wconf 83' lang='lat' dir='ltr'><strong>patet,</strong></span> <span class='ocrx_word' id='word_1_416' title='bbox 2391 2087 2484 2134; x_wconf 89' lang='lat' dir='ltr'><strong>aut</strong></span> <span class='ocrx_word' id='word_1_417' title='bbox 2512 2082 2785 2137; x_wconf 88' lang='lat' dir='ltr'><strong>incautum</strong></span> <span class='ocrx_word' id='word_1_418' title='bbox 2815 2085 3074 2154; x_wconf 86' lang='lat' dir='ltr'><strong>respergit</strong></span> <span class='ocrx_word' id='word_1_419' title='bbox 3104 2086 3338 2141; x_wconf 87' lang='lat' dir='ltr'><strong>infamia.</strong></span> <span class='ocrx_word' id='word_1_420' title='bbox 3363 2088 3470 2144; x_wconf 85' lang='lat' dir='ltr'><strong>Sed</strong></span> <span class='ocrx_word' id='word_1_421' title='bbox 3502 2104 3587 2144; x_wconf 57' lang='lat' dir='ltr'><strong>sus</strong></span> 
     </span>
    </p>
   </div>
   <div class='ocr_carea' id='block_1_57' title="bbox 2009 2168 3565 2245">
    <p class='ocr_par' dir='ltr' id='par_1_57' title="bbox 2009 2168 3565 2245">
     <span class='ocr_line' id='line_1_57' title="bbox 2009 2168 3565 2245; baseline 0.006 -23"><span class='ocrx_word' id='word_1_422' title='bbox 2009 2168 2310 2237; x_wconf 80' lang='lat' dir='ltr'><strong>peradjicis,</strong></span> <span class='ocrx_word' id='word_1_423' title='bbox 2344 2178 2401 2224; x_wconf 89' lang='lat' dir='ltr'><strong>et</strong></span> <span class='ocrx_word' id='word_1_424' title='bbox 2423 2171 2738 2241; x_wconf 82' lang='lat' dir='ltr'><strong>Apostolum</strong></span> <span class='ocrx_word' id='word_1_425' title='bbox 2764 2173 2969 2230; x_wconf 82' lang='lat' dir='ltr'><strong>dixisse</strong></span> <span class='ocrx_word' id='word_1_426' title='bbox 3001 2176 3314 2245; x_wconf 86' lang='lat' dir='ltr'><strong>pronuntias</strong></span> <span class='ocrx_word' id='word_1_427' title='bbox 3340 2177 3409 2232; x_wconf 89' lang='lat' dir='ltr'><strong>de</strong></span> <span class='ocrx_word' id='word_1_428' title='bbox 3436 2176 3565 2232; x_wconf 90' lang='lat' dir='ltr'><strong>Chri</strong></span> 
     </span>
    </p>
   </div>
   <div class='ocr_carea' id='block_1_58' title="bbox 2008 2259 3692 2339">
    <p class='ocr_par' dir='ltr' id='par_1_58' title="bbox 2008 2259 3692 2339">
     <span class='ocr_line' id='line_1_58' title="bbox 2008 2259 3692 2339; baseline 0.002 -25"><span class='ocrx_word' id='word_1_429' title='bbox 2008 2266 2093 2314; x_wconf 90' lang='lat' dir='ltr'><strong>sto</strong></span> <span class='ocrx_word' id='word_1_430' title='bbox 2116 2259 2228 2329; x_wconf 85' lang='lat' dir='ltr'><strong>jam</strong></span> <span class='ocrx_word' id='word_1_431' title='bbox 2272 2260 2324 2314; x_wconf 91' lang='lat' dir='ltr'><strong>in</strong></span> <span class='ocrx_word' id='word_1_432' title='bbox 2358 2262 2507 2318; x_wconf 82' lang='lat' dir='ltr'><strong>caelis</strong></span> <span class='ocrx_word' id='word_1_433' title='bbox 2535 2264 2712 2332; x_wconf 88' lang='lat' dir='ltr'><strong>posito</strong></span> <span class='ocrx_word' id='word_1_434' title='bbox 2746 2282 2758 2316; x_wconf 90' lang='lat'>:</span> <span class='ocrx_word' id='word_1_435' title='bbox 2804 2263 3067 2321; x_wconf 83' lang='lat' dir='ltr'><strong>Habemus</strong></span> <span class='ocrx_word' id='word_1_436' title='bbox 3096 2268 3248 2322; x_wconf 80' lang='lat' dir='ltr'><strong>latent</strong></span> <span class='ocrx_word' id='word_1_437' title='bbox 3274 2263 3615 2339; x_wconf 78' lang='lat' dir='ltr'><strong>pontiﬁcem,</strong></span> <span class='ocrx_word' id='word_1_438' title='bbox 3684 2314 3692 2318; x_wconf 93' lang='lat'><em>_</em></span> 
     </span>
    </p>
   </div>
   <div class='ocr_carea' id='block_1_59' title="bbox 2009 2352 3588 2430">
    <p class='ocr_par' dir='ltr' id='par_1_59' title="bbox 2009 2352 3588 2430">
     <span class='ocr_line' id='line_1_59' title="bbox 2009 2352 3588 2430; baseline 0.008 -28"><span class='ocrx_word' id='word_1_439' title='bbox 2009 2352 2094 2420; x_wconf 77' lang='lat' dir='ltr'><strong>qui</strong></span> <span class='ocrx_word' id='word_1_440' title='bbox 2124 2352 2286 2420; x_wconf 79' lang='lat' dir='ltr'><strong>possit</strong></span> <span class='ocrx_word' id='word_1_441' title='bbox 2306 2354 2527 2423; x_wconf 80' lang='lat' dir='ltr'><strong>compati</strong></span> <span class='ocrx_word' id='word_1_442' title='bbox 2547 2353 2939 2424; x_wconf 83' lang='lat' dir='ltr'><strong>inﬁrmitatibus</strong></span> <span class='ocrx_word' id='word_1_443' title='bbox 2960 2357 3148 2412; x_wconf 76' lang='lat' dir='ltr'><strong>nostris</strong></span> <span class='ocrx_word' id='word_1_444' title='bbox 3170 2356 3356 2428; x_wconf 85' lang='lat' dir='ltr'><strong>(Hebr.</strong></span> <span class='ocrx_word' id='word_1_445' title='bbox 3380 2374 3451 2425; x_wconf 74' lang='grc' dir='ltr'><strong>ιν,</strong></span> <span class='ocrx_word' id='word_1_446' title='bbox 3477 2357 3588 2430; x_wconf 75' lang='grc'><strong>15).</strong></span> 
     </span>
    </p>
   </div>
   <div class='ocr_carea' id='block_1_60' title="bbox 1923 2441 3575 2515">
    <p class='ocr_par' dir='ltr' id='par_1_60' title="bbox 1923 2441 3575 2515">
     <span class='ocr_line' id='line_1_60' title="bbox 1923 2441 3575 2515; baseline 0.006 -21"><span class='ocrx_word' id='word_1_447' title='bbox 1923 2480 1928 2485; x_wconf 76' lang='grc'><strong>.</strong></span> <span class='ocrx_word' id='word_1_448' title='bbox 2010 2441 2075 2495; x_wconf 73' lang='lat' dir='ltr'><strong>Et</strong></span> <span class='ocrx_word' id='word_1_449' title='bbox 2098 2449 2349 2511; x_wconf 87' lang='lat' dir='ltr'><strong>tanquam</strong></span> <span class='ocrx_word' id='word_1_450' title='bbox 2372 2443 2499 2497; x_wconf 89' lang='lat' dir='ltr'><strong>nihil</strong></span> <span class='ocrx_word' id='word_1_451' title='bbox 2523 2443 2609 2500; x_wconf 92' lang='lat' dir='ltr'><strong>hic</strong></span> <span class='ocrx_word' id='word_1_452' title='bbox 2628 2445 2699 2499; x_wconf 90' lang='lat' dir='ltr'><strong>sit</strong></span> <span class='ocrx_word' id='word_1_453' title='bbox 2718 2447 3153 2515; x_wconf 88' lang='lat' dir='ltr'><strong>pertractandum</strong></span> <span class='ocrx_word' id='word_1_454' title='bbox 3180 2447 3575 2503; x_wconf 84' lang='lat' dir='ltr'><strong>discutiendum</strong></span> 
     </span>
    </p>
   </div>
   <div class='ocr_carea' id='block_1_61' title="bbox 2009 2533 3589 2606">
    <p class='ocr_par' dir='ltr' id='par_1_61' title="bbox 2009 2533 3589 2606">
     <span class='ocr_line' id='line_1_61' title="bbox 2009 2533 3589 2606; baseline 0.005 -23"><span class='ocrx_word' id='word_1_455' title='bbox 2009 2547 2134 2600; x_wconf 86' lang='lat' dir='ltr'><strong>que,</strong></span> <span class='ocrx_word' id='word_1_456' title='bbox 2158 2533 2482 2590; x_wconf 85' lang='lat' dir='ltr'><strong>satisfecisse</strong></span> <span class='ocrx_word' id='word_1_457' title='bbox 2512 2541 2565 2589; x_wconf 92' lang='lat' dir='ltr'><strong>te</strong></span> <span class='ocrx_word' id='word_1_458' title='bbox 2587 2535 2865 2606; x_wconf 90' lang='lat' dir='ltr'><strong>proposito</strong></span> <span class='ocrx_word' id='word_1_459' title='bbox 2891 2536 3155 2605; x_wconf 88' lang='lat' dir='ltr'><strong>gloriaris,</strong></span> <span class='ocrx_word' id='word_1_460' title='bbox 3181 2538 3496 2592; x_wconf 82' lang='lat' dir='ltr'><strong>transiturus</strong></span> <span class='ocrx_word' id='word_1_461' title='bbox 3525 2536 3589 2590; x_wconf 90' lang='lat' dir='ltr'><strong>ad</strong></span> 
     </span>
    </p>
   </div>
   <div class='ocr_carea' id='block_1_62' title="bbox 2012 2622 3589 2697">
    <p class='ocr_par' dir='ltr' id='par_1_62' title="bbox 2012 2622 3589 2697">
     <span class='ocr_line' id='line_1_62' title="bbox 2012 2622 3589 2697; baseline 0.004 -21"><span class='ocrx_word' id='word_1_462' title='bbox 2012 2622 2227 2677; x_wconf 90' lang='lat' dir='ltr'><strong>tertiam</strong></span> <span class='ocrx_word' id='word_1_463' title='bbox 2263 2624 2635 2693; x_wconf 65' lang='lat' dir='ltr'><strong>quaestionem.</strong></span> <span class='ocrx_word' id='word_1_464' title='bbox 2667 2625 2851 2696; x_wconf 91' lang='lat' dir='ltr'><strong>Igitur,</strong></span> <span class='ocrx_word' id='word_1_465' title='bbox 2878 2635 2936 2682; x_wconf 94' lang='lat' dir='ltr'><strong>ut</strong></span> <span class='ocrx_word' id='word_1_466' title='bbox 2962 2642 3121 2697; x_wconf 89' lang='lat' dir='ltr'><strong>quam</strong></span> <span class='ocrx_word' id='word_1_467' title='bbox 3147 2628 3455 2684; x_wconf 85' lang='lat' dir='ltr'><strong>brevissime</strong></span> <span class='ocrx_word' id='word_1_468' title='bbox 3483 2642 3589 2683; x_wconf 73' lang='lat' dir='ltr'><strong>rcs~</strong></span> 
     </span>
    </p>
   </div>
   <div class='ocr_carea' id='block_1_63' title="bbox 2011 2711 3589 2787">
    <p class='ocr_par' dir='ltr' id='par_1_63' title="bbox 2011 2711 3589 2787">
     <span class='ocr_line' id='line_1_63' title="bbox 2011 2711 3589 2787; baseline 0.004 -22"><span class='ocrx_word' id='word_1_469' title='bbox 2011 2726 2237 2782; x_wconf 87' lang='lat' dir='ltr'><strong>pensum</strong></span> <span class='ocrx_word' id='word_1_470' title='bbox 2265 2711 2514 2777; x_wconf 80' lang='lat' dir='ltr'><strong>referam,</strong></span> <span class='ocrx_word' id='word_1_471' title='bbox 2540 2712 2788 2786; x_wconf 71' lang='lat' dir='ltr'><strong>Pontifex</strong></span> <span class='ocrx_word' id='word_1_472' title='bbox 2815 2715 2925 2781; x_wconf 89' lang='lat' dir='ltr'><strong>ille,</strong></span> <span class='ocrx_word' id='word_1_473' title='bbox 2957 2716 3140 2783; x_wconf 89' lang='lat' dir='ltr'><strong>credo,</strong></span> <span class='ocrx_word' id='word_1_474' title='bbox 3170 2713 3254 2771; x_wconf 85' lang='lat' dir='ltr'><strong>est</strong></span> <span class='ocrx_word' id='word_1_475' title='bbox 3279 2716 3370 2787; x_wconf 87' lang='lat' dir='ltr'><strong>qui</strong></span> <span class='ocrx_word' id='word_1_476' title='bbox 3394 2716 3589 2787; x_wconf 61' lang='lat' dir='ltr'><strong>princis</strong></span> 
     </span>
    </p>
   </div>
   <div class='ocr_carea' id='block_1_64' title="bbox 2008 2801 3586 2876">
    <p class='ocr_par' dir='ltr' id='par_1_64' title="bbox 2008 2801 3586 2876">
     <span class='ocr_line' id='line_1_64' title="bbox 2008 2801 3586 2876; baseline 0.004 -21"><span class='ocrx_word' id='word_1_477' title='bbox 2008 2801 2200 2876; x_wconf 85' lang='lat' dir='ltr'><strong>paliter</strong></span> <span class='ocrx_word' id='word_1_478' title='bbox 2228 2802 2371 2871; x_wconf 89' lang='lat' dir='ltr'><strong>apud</strong></span> <span class='ocrx_word' id='word_1_479' title='bbox 2419 2802 2753 2859; x_wconf 87' lang='lat' dir='ltr'><strong>divinitatem</strong></span> <span class='ocrx_word' id='word_1_480' title='bbox 2797 2819 3020 2861; x_wconf 69' lang='lat' dir='ltr'><strong>summze</strong></span> <span class='ocrx_word' id='word_1_481' title='bbox 3050 2805 3325 2863; x_wconf 89' lang='lat' dir='ltr'><strong>Trinitatis</strong></span> <span class='ocrx_word' id='word_1_482' title='bbox 3365 2807 3586 2862; x_wconf 77' lang='lat' dir='ltr'><strong>humani</strong></span> 
     </span>
    </p>
   </div>
   <div class='ocr_carea' id='block_1_65' title="bbox 2008 2894 3587 2970">
    <p class='ocr_par' dir='ltr' id='par_1_65' title="bbox 2008 2894 3587 2970">
     <span class='ocr_line' id='line_1_65' title="bbox 2008 2894 3587 2970; baseline 0.003 -21"><span class='ocrx_word' id='word_1_483' title='bbox 2008 2895 2221 2963; x_wconf 88' lang='lat' dir='ltr'><strong>generis</strong></span> <span class='ocrx_word' id='word_1_484' title='bbox 2246 2894 2428 2950; x_wconf 88' lang='lat' dir='ltr'><strong>oblata</strong></span> <span class='ocrx_word' id='word_1_485' title='bbox 2474 2894 2757 2963; x_wconf 89' lang='lat' dir='ltr'><strong>sacriﬁcat,</strong></span> <span class='ocrx_word' id='word_1_486' title='bbox 2789 2906 3012 2966; x_wconf 89' lang='lat' dir='ltr'><strong>peccata</strong></span> <span class='ocrx_word' id='word_1_487' title='bbox 3039 2900 3240 2970; x_wconf 88' lang='lat' dir='ltr'><strong>expiat,</strong></span> <span class='ocrx_word' id='word_1_488' title='bbox 3288 2908 3413 2956; x_wconf 84' lang='lat' dir='ltr'><strong>vota</strong></span> <span class='ocrx_word' id='word_1_489' title='bbox 3440 2915 3587 2955; x_wconf 88' lang='lat' dir='ltr'><strong>com-</strong></span> 
     </span>
    </p>
   </div>
   <div class='ocr_carea' id='block_1_66' title="bbox 2008 2976 3591 3060">
    <p class='ocr_par' dir='ltr' id='par_1_66' title="bbox 2008 2976 3591 3060">
     <span class='ocr_line' id='line_1_66' title="bbox 2008 2976 3591 3060; baseline 0.005 -20"><span class='ocrx_word' id='word_1_490' title='bbox 2008 2976 2244 3041; x_wconf 72' lang='lat' dir='ltr'><strong>menda&#39;t.</strong></span> <span class='ocrx_word' id='word_1_491' title='bbox 2275 2985 2398 3057; x_wconf 88' lang='lat' dir='ltr'><strong>Ipse</strong></span> <span class='ocrx_word' id='word_1_492' title='bbox 2424 3000 2552 3055; x_wconf 90' lang='lat' dir='ltr'><strong>ergo</strong></span> <span class='ocrx_word' id='word_1_493' title='bbox 2583 3002 2742 3044; x_wconf 84' lang='lat' dir='ltr'><strong>verus</strong></span> <span class='ocrx_word' id='word_1_494' title='bbox 2777 2989 3029 3046; x_wconf 87' lang='lat' dir='ltr'><strong>sacerdos</strong></span> <span class='ocrx_word' id='word_1_495' title='bbox 3060 2999 3173 3056; x_wconf 90' lang='lat' dir='ltr'><strong>est;</strong></span> <span class='ocrx_word' id='word_1_496' title='bbox 3205 2992 3331 3060; x_wconf 88' lang='lat' dir='ltr'><strong>quia</strong></span> <span class='ocrx_word' id='word_1_497' title='bbox 3353 2992 3398 3047; x_wconf 88' lang='lat' dir='ltr'><strong>si</strong></span> <span class='ocrx_word' id='word_1_498' title='bbox 3427 2991 3591 3048; x_wconf 80' lang='lat' dir='ltr'><strong>Filius</strong></span> 
     </span>
    </p>
   </div>
   <div class='ocr_carea' id='block_1_67' title="bbox 2011 3076 3593 3149">
    <p class='ocr_par' dir='ltr' id='par_1_67' title="bbox 2011 3076 3593 3149">
     <span class='ocr_line' id='line_1_67' title="bbox 2011 3076 3593 3149; baseline 0.008 -20"><span class='ocrx_word' id='word_1_499' title='bbox 2011 3076 2124 3141; x_wconf 89' lang='lat' dir='ltr'><strong>Dei,</strong></span> <span class='ocrx_word' id='word_1_500' title='bbox 2158 3076 2449 3133; x_wconf 80' lang='lat' dir='ltr'><strong>secundum</strong></span> <span class='ocrx_word' id='word_1_501' title='bbox 2479 3078 2532 3132; x_wconf 87' lang='lat' dir='ltr'><strong>id</strong></span> <span class='ocrx_word' id='word_1_502' title='bbox 2576 3079 2719 3149; x_wconf 89' lang='lat' dir='ltr'><strong>quod</strong></span> <span class='ocrx_word' id='word_1_503' title='bbox 2746 3080 2969 3149; x_wconf 60' lang='lat' dir='ltr'><strong>aequalis</strong></span> <span class='ocrx_word' id='word_1_504' title='bbox 3016 3090 3099 3136; x_wconf 90' lang='lat' dir='ltr'><strong>est</strong></span> <span class='ocrx_word' id='word_1_505' title='bbox 3134 3079 3301 3147; x_wconf 87' lang='lat' dir='ltr'><strong>Patri,</strong></span> <span class='ocrx_word' id='word_1_506' title='bbox 3334 3099 3442 3138; x_wconf 91' lang='lat' dir='ltr'><strong>non</strong></span> <span class='ocrx_word' id='word_1_507' title='bbox 3484 3090 3593 3141; x_wconf 90' lang='lat' dir='ltr'><strong>tam</strong></span> 
     </span>
    </p>
   </div>
   <div class='ocr_carea' id='block_1_68' title="bbox 2012 3166 3594 3245">
    <p class='ocr_par' dir='ltr' id='par_1_68' title="bbox 2012 3166 3594 3245">
     <span class='ocr_line' id='line_1_68' title="bbox 2012 3166 3594 3245; baseline 0.007 -24"><span class='ocrx_word' id='word_1_508' title='bbox 2012 3182 2197 3236; x_wconf 90' lang='lat' dir='ltr'><strong>preces</strong></span> <span class='ocrx_word' id='word_1_509' title='bbox 2223 3166 2413 3232; x_wconf 89' lang='lat' dir='ltr'><strong>fundit,</strong></span> <span class='ocrx_word' id='word_1_510' title='bbox 2438 3183 2598 3237; x_wconf 86' lang='lat' dir='ltr'><strong>quam</strong></span> <span class='ocrx_word' id='word_1_511' title='bbox 2629 3179 2911 3239; x_wconf 88' lang='lat' dir='ltr'><strong>precantes</strong></span> <span class='ocrx_word' id='word_1_512' title='bbox 2951 3172 3168 3227; x_wconf 83' lang='lat' dir='ltr'><strong>exaudit</strong></span> <span class='ocrx_word' id='word_1_513' title='bbox 3193 3192 3202 3225; x_wconf 89' lang='lat'><strong>:</strong></span> <span class='ocrx_word' id='word_1_514' title='bbox 3229 3174 3392 3230; x_wconf 90' lang='lat' dir='ltr'><strong>homo</strong></span> <span class='ocrx_word' id='word_1_515' title='bbox 3415 3176 3594 3245; x_wconf 88' lang='lat' dir='ltr'><strong>potius</strong></span> 
     </span>
    </p>
   </div>
   <div class='ocr_carea' id='block_1_69' title="bbox 2009 3258 3593 3336">
    <p class='ocr_par' dir='ltr' id='par_1_69' title="bbox 2009 3258 3593 3336">
     <span class='ocr_line' id='line_1_69' title="bbox 2009 3258 3593 3336; baseline 0.006 -23"><span class='ocrx_word' id='word_1_516' title='bbox 2009 3258 2095 3313; x_wconf 92' lang='lat' dir='ltr'><strong>hie</strong></span> <span class='ocrx_word' id='word_1_517' title='bbox 2122 3258 2497 3328; x_wconf 85' lang='lat' dir='ltr'><strong>intelligendus</strong></span> <span class='ocrx_word' id='word_1_518' title='bbox 2526 3269 2627 3325; x_wconf 85' lang='lat' dir='ltr'><strong>est,</strong></span> <span class='ocrx_word' id='word_1_519' title='bbox 2668 3277 2830 3332; x_wconf 87' lang='lat' dir='ltr'><strong>quem</strong></span> <span class='ocrx_word' id='word_1_520' title='bbox 2860 3263 3165 3333; x_wconf 90' lang='lat' dir='ltr'><strong>pontiﬁcem</strong></span> <span class='ocrx_word' id='word_1_521' title='bbox 3201 3266 3489 3336; x_wconf 80' lang='lat' dir='ltr'><strong>Apostolus</strong></span> <span class='ocrx_word' id='word_1_522' title='bbox 3516 3269 3593 3322; x_wconf 74' lang='grc' dir='ltr'><strong>(Ιὶ-</strong></span> 
     </span>
    </p>
   </div>
   <div class='ocr_carea' id='block_1_70' title="bbox 2007 3350 3591 3428">
    <p class='ocr_par' dir='ltr' id='par_1_70' title="bbox 2007 3350 3591 3428">
     <span class='ocr_line' id='line_1_70' title="bbox 2007 3350 3591 3428; baseline 0.005 -22"><span class='ocrx_word' id='word_1_523' title='bbox 2007 3366 2152 3415; x_wconf 87' lang='lat' dir='ltr'><strong>cens,</strong></span> <span class='ocrx_word' id='word_1_524' title='bbox 2186 3350 2487 3420; x_wconf 85' lang='lat' dir='ltr'><strong>nostrisque</strong></span> <span class='ocrx_word' id='word_1_525' title='bbox 2518 3350 2917 3409; x_wconf 81' lang='lat' dir='ltr'><strong>inﬁrmitatibus</strong></span> <span class='ocrx_word' id='word_1_526' title='bbox 2959 3356 3191 3425; x_wconf 88' lang='lat' dir='ltr'><strong>compati</strong></span> <span class='ocrx_word' id='word_1_527' title='bbox 3221 3359 3591 3428; x_wconf 85' lang='lat' dir='ltr'><strong>pronuntians,</strong></span> 
     </span>
    </p>
   </div>
   <div class='ocr_carea' id='block_1_71' title="bbox 2006 3442 3592 3519">
    <p class='ocr_par' dir='ltr' id='par_1_71' title="bbox 2006 3442 3592 3519">
     <span class='ocr_line' id='line_1_71' title="bbox 2006 3442 3592 3519; baseline 0.002 -21"><span class='ocrx_word' id='word_1_528' title='bbox 2006 3442 2075 3498; x_wconf 84' lang='lat' dir='ltr'><strong>de</strong></span> <span class='ocrx_word' id='word_1_529' title='bbox 2095 3443 2211 3512; x_wconf 89' lang='lat' dir='ltr'><strong>ipso</strong></span> <span class='ocrx_word' id='word_1_530' title='bbox 2231 3442 2415 3498; x_wconf 86' lang='lat' dir='ltr'><strong>itidem</strong></span> <span class='ocrx_word' id='word_1_531' title='bbox 2440 3442 2600 3498; x_wconf 85' lang='lat' dir='ltr'><strong>dicit:</strong></span> <span class='ocrx_word' id='word_1_532' title='bbox 2630 3457 2649 3479; x_wconf 70' lang='grc' dir='ltr'><strong>ε’</strong></span> <span class='ocrx_word' id='word_1_533' title='bbox 2677 3443 2828 3498; x_wconf 84' lang='lat' dir='ltr'><strong>Jesus</strong></span> <span class='ocrx_word' id='word_1_534' title='bbox 2856 3444 3107 3509; x_wconf 81' lang='lat' dir='ltr'><strong>Christus,</strong></span> <span class='ocrx_word' id='word_1_535' title='bbox 3133 3449 3216 3515; x_wconf 85' lang='lat' dir='ltr'><strong>qui</strong></span> <span class='ocrx_word' id='word_1_536' title='bbox 3239 3458 3471 3519; x_wconf 85' lang='lat' dir='ltr'><strong>mortuus</strong></span> <span class='ocrx_word' id='word_1_537' title='bbox 3494 3459 3592 3515; x_wconf 75' lang='lat' dir='ltr'><strong>est,</strong></span> 
     </span>
    </p>
   </div>
   <div class='ocr_carea' id='block_1_72' title="bbox 2008 3535 3589 3605">
    <p class='ocr_par' dir='ltr' id='par_1_72' title="bbox 2008 3535 3589 3605">
     <span class='ocr_line' id='line_1_72' title="bbox 2008 3535 3589 3605; baseline 0.001 -18"><span class='ocrx_word' id='word_1_538' title='bbox 2008 3536 2162 3588; x_wconf 80' lang='lat' dir='ltr'><strong>intuta</strong></span> <span class='ocrx_word' id='word_1_539' title='bbox 2200 3535 2355 3587; x_wconf 84' lang='lat' dir='ltr'><strong>etiam</strong></span> <span class='ocrx_word' id='word_1_540' title='bbox 2383 3535 2466 3605; x_wconf 86' lang='lat' dir='ltr'><strong>qui</strong></span> <span class='ocrx_word' id='word_1_541' title='bbox 2497 3544 2545 3587; x_wconf 90' lang='lat' dir='ltr'><strong>et</strong></span> <span class='ocrx_word' id='word_1_542' title='bbox 2574 3536 2877 3594; x_wconf 63' lang='lat' dir='ltr'><strong>resurrexit,</strong></span> <span class='ocrx_word' id='word_1_543' title='bbox 2911 3537 2995 3605; x_wconf 81' lang='lat' dir='ltr'><strong>qui</strong></span> <span class='ocrx_word' id='word_1_544' title='bbox 3035 3546 3108 3588; x_wconf 73' lang='lat' dir='ltr'><strong>est</strong></span> <span class='ocrx_word' id='word_1_545' title='bbox 3149 3536 3200 3588; x_wconf 86' lang='lat' dir='ltr'><strong>in</strong></span> <span class='ocrx_word' id='word_1_546' title='bbox 3231 3536 3445 3589; x_wconf 71' lang='lat' dir='ltr'><strong>(latiora</strong></span> <span class='ocrx_word' id='word_1_547' title='bbox 3474 3535 3589 3599; x_wconf 85' lang='lat' dir='ltr'><strong>Dei,</strong></span> 
     </span>
    </p>
   </div>
   <div class='ocr_carea' id='block_1_73' title="bbox 330 3624 3591 3707">
    <p class='ocr_par' dir='ltr' id='par_1_73' title="bbox 330 3624 3591 3707">
     <span class='ocr_line' id='line_1_73' title="bbox 330 3624 3591 3707; baseline -0.003 -23"><span class='ocrx_word' id='word_1_548' title='bbox 330 3632 423 3683; x_wconf 76' lang='lat' dir='ltr'><strong>ria’</strong></span> <span class='ocrx_word' id='word_1_549' title='bbox 452 3629 731 3685; x_wconf 81' lang='lat' dir='ltr'><strong>Dominum</strong></span> <span class='ocrx_word' id='word_1_550' title='bbox 762 3631 814 3685; x_wconf 89' lang='lat' dir='ltr'><strong>in</strong></span> <span class='ocrx_word' id='word_1_551' title='bbox 843 3644 908 3684; x_wconf 83' lang='lat' dir='ltr'><strong>ea</strong></span> <span class='ocrx_word' id='word_1_552' title='bbox 938 3629 1019 3683; x_wconf 86' lang='lat' dir='ltr'><strong>sui</strong></span> <span class='ocrx_word' id='word_1_553' title='bbox 1051 3638 1204 3699; x_wconf 88' lang='lat' dir='ltr'><strong>parte</strong></span> <span class='ocrx_word' id='word_1_554' title='bbox 1232 3629 1376 3697; x_wconf 87' lang='lat' dir='ltr'><strong>cogit</strong></span> <span class='ocrx_word' id='word_1_555' title='bbox 1406 3629 1647 3698; x_wconf 80' lang='lat' dir='ltr'><strong>intelligi,</strong></span> <span class='ocrx_word' id='word_1_556' title='bbox 1674 3644 1779 3698; x_wconf 85' lang='lat' dir='ltr'><strong>qua</strong></span> <span class='ocrx_word' id='word_1_557' title='bbox 1809 3646 1908 3698; x_wconf 82' lang='lat' dir='ltr'><strong>po-</strong></span> <span class='ocrx_word' id='word_1_558' title='bbox 1942 3653 1978 3689; x_wconf 59' lang='grc' dir='ltr'><strong>ς</strong></span> <span class='ocrx_word' id='word_1_559' title='bbox 2002 3626 2092 3707; x_wconf 71' lang='lat' dir='ltr'><strong>qui</strong></span> <span class='ocrx_word' id='word_1_560' title='bbox 2114 3625 2270 3678; x_wconf 80' lang='lat' dir='ltr'><strong>etiam</strong></span> <span class='ocrx_word' id='word_1_561' title='bbox 2300 3625 2594 3694; x_wconf 74' lang='lat' dir='ltr'><strong>interpellat</strong></span> <span class='ocrx_word' id='word_1_562' title='bbox 2618 3641 2716 3695; x_wconf 78' lang='lat' dir='ltr'><strong>pro</strong></span> <span class='ocrx_word' id='word_1_563' title='bbox 2738 3624 2886 3679; x_wconf 81' lang='lat' dir='ltr'><strong>nobis</strong></span> <span class='ocrx_word' id='word_1_564' title='bbox 2918 3624 3091 3693; x_wconf 81' lang='lat' dir='ltr'><strong>(Rom.</strong></span> <span class='ocrx_word' id='word_1_565' title='bbox 3121 3643 3224 3688; x_wconf 75' lang='lat' dir='ltr'><strong>vnn,</strong></span> <span class='ocrx_word' id='word_1_566' title='bbox 3257 3626 3367 3696; x_wconf 67' lang='lat' dir='ltr'><strong>Si).</strong></span> <span class='ocrx_word' id='word_1_567' title='bbox 3400 3625 3491 3679; x_wconf 88' lang='lat' dir='ltr'><strong>Ille</strong></span> <span class='ocrx_word' id='word_1_568' title='bbox 3519 3643 3591 3707; x_wconf 83' lang='lat' dir='ltr'><strong>cr.</strong></span> 
     </span>
    </p>
   </div>
   <div class='ocr_carea' id='block_1_74' title="bbox 329 3717 1910 3787">
    <p class='ocr_par' dir='ltr' id='par_1_74' title="bbox 329 3717 1910 3787">
     <span class='ocr_line' id='line_1_74' title="bbox 329 3717 1910 3787; baseline 0.002 -16"><span class='ocrx_word' id='word_1_569' title='bbox 329 3719 429 3772; x_wconf 91' lang='lat' dir='ltr'><strong>tuit</strong></span> <span class='ocrx_word' id='word_1_570' title='bbox 448 3718 702 3787; x_wconf 84' lang='lat' dir='ltr'><strong>eruciﬁgi.</strong></span> <span class='ocrx_word' id='word_1_571' title='bbox 732 3718 850 3773; x_wconf 87' lang='lat' dir='ltr'><strong>Tibi</strong></span> <span class='ocrx_word' id='word_1_572' title='bbox 891 3719 1070 3787; x_wconf 84' lang='lat' dir='ltr'><strong>igitur,</strong></span> <span class='ocrx_word' id='word_1_573' title='bbox 1098 3718 1193 3773; x_wconf 90' lang='lat' dir='ltr'><strong>tibi</strong></span> <span class='ocrx_word' id='word_1_574' title='bbox 1214 3717 1503 3773; x_wconf 89' lang='lat' dir='ltr'><strong>admodum</strong></span> <span class='ocrx_word' id='word_1_575' title='bbox 1525 3719 1624 3773; x_wconf 89' lang='lat' dir='ltr'><strong>soli</strong></span> <span class='ocrx_word' id='word_1_576' title='bbox 1652 3720 1765 3773; x_wconf 77' lang='lat' dir='ltr'><strong>haec</strong></span> <span class='ocrx_word' id='word_1_577' title='bbox 1786 3720 1910 3774; x_wconf 88' lang='lat' dir='ltr'><strong>reli-</strong></span> 
     </span>
    </p>
   </div>
   <div class='ocr_carea' id='block_1_75' title="bbox 324 3806 1909 3876">
    <p class='ocr_par' dir='ltr' id='par_1_75' title="bbox 324 3806 1909 3876">
     <span class='ocr_line' id='line_1_75' title="bbox 324 3806 1909 3876; baseline 0.001 -15"><span class='ocrx_word' id='word_1_578' title='bbox 324 3814 413 3863; x_wconf 87' lang='lat' dir='ltr'><strong>cta</strong></span> <span class='ocrx_word' id='word_1_579' title='bbox 442 3809 707 3863; x_wconf 86' lang='lat' dir='ltr'><strong>sententia</strong></span> <span class='ocrx_word' id='word_1_580' title='bbox 736 3818 835 3872; x_wconf 91' lang='lat' dir='ltr'><strong>est,</strong></span> <span class='ocrx_word' id='word_1_581' title='bbox 883 3816 941 3864; x_wconf 90' lang='lat' dir='ltr'><strong>ut</strong></span> <span class='ocrx_word' id='word_1_582' title='bbox 987 3806 1376 3864; x_wconf 88' lang='lat' dir='ltr'><strong>intemerabilis</strong></span> <span class='ocrx_word' id='word_1_583' title='bbox 1405 3815 1566 3876; x_wconf 90' lang='lat' dir='ltr'><strong>atque</strong></span> <span class='ocrx_word' id='word_1_584' title='bbox 1595 3807 1909 3863; x_wconf 66' lang='lat' dir='ltr'><strong>incestimata</strong></span> 
     </span>
    </p>
   </div>
   <div class='ocr_carea' id='block_1_76' title="bbox 326 3896 1909 3966">
    <p class='ocr_par' dir='ltr' id='par_1_76' title="bbox 326 3896 1909 3966">
     <span class='ocr_line' id='line_1_76' title="bbox 326 3896 1909 3966; baseline 0.002 -14"><span class='ocrx_word' id='word_1_585' title='bbox 326 3896 609 3952; x_wconf 44' lang='lat' dir='ltr'><strong>Divinitas&#39;</strong></span> <span class='ocrx_word' id='word_1_586' title='bbox 651 3897 871 3965; x_wconf 81' lang='lat' dir='ltr'><strong>ﬂagellis</strong></span> <span class='ocrx_word' id='word_1_587' title='bbox 925 3912 1103 3964; x_wconf 73' lang='lat' dir='ltr'><strong>caesa,</strong></span> <span class='ocrx_word' id='word_1_588' title='bbox 1161 3896 1328 3953; x_wconf 89' lang='lat' dir='ltr'><strong>clavis</strong></span> <span class='ocrx_word' id='word_1_589' title='bbox 1390 3897 1663 3966; x_wconf 88' lang='lat' dir='ltr'><strong>transﬁxa,</strong></span> <span class='ocrx_word' id='word_1_590' title='bbox 1723 3898 1909 3955; x_wconf 88' lang='lat' dir='ltr'><strong>lancea</strong></span> 
     </span>
    </p>
   </div>
   <div class='ocr_carea' id='block_1_77' title="bbox 330 3990 1905 4062">
    <p class='ocr_par' dir='ltr' id='par_1_77' title="bbox 330 3990 1905 4062">
     <span class='ocr_line' id='line_1_77' title="bbox 330 3990 1905 4062; baseline 0.002 -18"><span class='ocrx_word' id='word_1_591' title='bbox 330 3990 640 4053; x_wconf 87' lang='lat' dir='ltr'><strong>transfossa,</strong></span> <span class='ocrx_word' id='word_1_592' title='bbox 672 3991 946 4047; x_wconf 84' lang='lat' dir='ltr'><strong>doloribus</strong></span> <span class='ocrx_word' id='word_1_593' title='bbox 973 3991 1186 4059; x_wconf 86' lang='lat' dir='ltr'><strong>aﬁecta,</strong></span> <span class='ocrx_word' id='word_1_594' title='bbox 1234 4000 1409 4048; x_wconf 89' lang='lat' dir='ltr'><strong>morte</strong></span> <span class='ocrx_word' id='word_1_595' title='bbox 1455 4000 1770 4062; x_wconf 90' lang='lat' dir='ltr'><strong>consumpta</strong></span> <span class='ocrx_word' id='word_1_596' title='bbox 1803 3992 1905 4059; x_wconf 90' lang='lat' dir='ltr'><strong>sit;</strong></span> 
     </span>
    </p>
   </div>
   <div class='ocr_carea' id='block_1_78' title="bbox 327 4080 1909 4151">
    <p class='ocr_par' dir='ltr' id='par_1_78' title="bbox 327 4080 1909 4151">
     <span class='ocr_line' id='line_1_78' title="bbox 327 4080 1909 4151; baseline 0.004 -17"><span class='ocrx_word' id='word_1_597' title='bbox 327 4080 453 4151; x_wconf 89' lang='lat' dir='ltr'><strong>quia</strong></span> <span class='ocrx_word' id='word_1_598' title='bbox 483 4080 537 4135; x_wconf 90' lang='lat' dir='ltr'><strong>in</strong></span> <span class='ocrx_word' id='word_1_599' title='bbox 559 4097 667 4136; x_wconf 89' lang='lat' dir='ltr'><strong>uno</strong></span> <span class='ocrx_word' id='word_1_600' title='bbox 696 4081 887 4137; x_wconf 89' lang='lat' dir='ltr'><strong>eodem</strong></span> <span class='ocrx_word' id='word_1_601' title='bbox 908 4082 1121 4140; x_wconf 86' lang='lat' dir='ltr'><strong>Christo</strong></span> <span class='ocrx_word' id='word_1_602' title='bbox 1148 4084 1173 4123; x_wconf 66' lang='grc' dir='ltr'><strong>ιι</strong></span> <span class='ocrx_word' id='word_1_603' title='bbox 1203 4083 1349 4140; x_wconf 89' lang='lat' dir='ltr'><strong>credi</strong></span> <span class='ocrx_word' id='word_1_604' title='bbox 1370 4082 1548 4139; x_wconf 89' lang='lat' dir='ltr'><strong>renuit</strong></span> <span class='ocrx_word' id='word_1_605' title='bbox 1566 4083 1711 4140; x_wconf 89' lang='lat' dir='ltr'><strong>aliud</strong></span> <span class='ocrx_word' id='word_1_606' title='bbox 1734 4085 1909 4140; x_wconf 87' lang='lat' dir='ltr'><strong>subdi-</strong></span> 
     </span>
    </p>
   </div>
   <div class='ocr_carea' id='block_1_79' title="bbox 326 4171 1909 4244">
    <p class='ocr_par' dir='ltr' id='par_1_79' title="bbox 326 4171 1909 4244">
     <span class='ocr_line' id='line_1_79' title="bbox 326 4171 1909 4244; baseline 0.004 -20"><span class='ocrx_word' id='word_1_607' title='bbox 326 4179 441 4227; x_wconf 89' lang='lat' dir='ltr'><strong>tum</strong></span> <span class='ocrx_word' id='word_1_608' title='bbox 490 4171 673 4236; x_wconf 88' lang='lat' dir='ltr'><strong>morti,</strong></span> <span class='ocrx_word' id='word_1_609' title='bbox 719 4171 862 4226; x_wconf 89' lang='lat' dir='ltr'><strong>aliud</strong></span> <span class='ocrx_word' id='word_1_610' title='bbox 912 4173 1166 4243; x_wconf 89' lang='lat' dir='ltr'><strong>passioni.</strong></span> <span class='ocrx_word' id='word_1_611' title='bbox 1214 4173 1324 4231; x_wconf 87' lang='lat' dir='ltr'><strong>Sed</strong></span> <span class='ocrx_word' id='word_1_612' title='bbox 1369 4182 1645 4244; x_wconf 91' lang='lat' dir='ltr'><strong>premente</strong></span> <span class='ocrx_word' id='word_1_613' title='bbox 1685 4175 1909 4230; x_wconf 90' lang='lat' dir='ltr'><strong>veritate</strong></span> 
     </span>
    </p>
   </div>
   <div class='ocr_carea' id='block_1_80' title="bbox 326 4251 1909 4337">
    <p class='ocr_par' dir='ltr' id='par_1_80' title="bbox 326 4251 1909 4337">
     <span class='ocr_line' id='line_1_80' title="bbox 326 4251 1909 4337; baseline 0.001 -19"><span class='ocrx_word' id='word_1_614' title='bbox 326 4251 502 4320; x_wconf 33' lang='lat' dir='ltr'><strong>verba.</strong></span> <span class='ocrx_word' id='word_1_615' title='bbox 536 4275 868 4332; x_wconf 83' lang='lat' dir='ltr'><strong>commutas,</strong></span> <span class='ocrx_word' id='word_1_616' title='bbox 921 4266 1191 4336; x_wconf 86' lang='lat' dir='ltr'><strong>inquiens,</strong></span> <span class='ocrx_word' id='word_1_617' title='bbox 1242 4266 1384 4337; x_wconf 89' lang='lat' dir='ltr'><strong>quod</strong></span> <span class='ocrx_word' id='word_1_618' title='bbox 1441 4268 1633 4337; x_wconf 84' lang='lat' dir='ltr'><strong>quibus</strong></span> <span class='ocrx_word' id='word_1_619' title='bbox 1680 4266 1909 4321; x_wconf 88' lang='lat' dir='ltr'><strong>afﬁcitur</strong></span> 
     </span>
    </p>
   </div>
   <div class='ocr_carea' id='block_1_81' title="bbox 325 4355 1910 4426">
    <p class='ocr_par' dir='ltr' id='par_1_81' title="bbox 325 4355 1910 4426">
     <span class='ocr_line' id='line_1_81' title="bbox 325 4355 1910 4426; baseline 0.002 -17"><span class='ocrx_word' id='word_1_620' title='bbox 325 4364 506 4410; x_wconf 84' lang='lat' dir='ltr'><strong>creata</strong></span> <span class='ocrx_word' id='word_1_621' title='bbox 528 4355 848 4419; x_wconf 88' lang='lat' dir='ltr'><strong>substantia,</strong></span> <span class='ocrx_word' id='word_1_622' title='bbox 875 4356 1295 4412; x_wconf 86' lang='lat' dir='ltr'><strong>substantialiter</strong></span> <span class='ocrx_word' id='word_1_623' title='bbox 1316 4357 1371 4413; x_wconf 91' lang='lat' dir='ltr'><strong>in</strong></span> <span class='ocrx_word' id='word_1_624' title='bbox 1401 4357 1513 4412; x_wconf 89' lang='lat' dir='ltr'><strong>Deo</strong></span> <span class='ocrx_word' id='word_1_625' title='bbox 1540 4358 1664 4426; x_wconf 80' lang='lat' dir='ltr'><strong>sint,</strong></span> <span class='ocrx_word' id='word_1_626' title='bbox 1699 4374 1803 4413; x_wconf 88' lang='lat' dir='ltr'><strong>non</strong></span> <span class='ocrx_word' id='word_1_627' title='bbox 1828 4372 1910 4412; x_wconf 80' lang='lat' dir='ltr'><strong>ac-</strong></span> 
     </span>
    </p>
   </div>
   <div class='ocr_carea' id='block_1_82' title="bbox 331 4447 1908 4519">
    <p class='ocr_par' dir='ltr' id='par_1_82' title="bbox 331 4447 1908 4519">
     <span class='ocr_line' id='line_1_82' title="bbox 331 4447 1908 4519; baseline 0.002 -22"><span class='ocrx_word' id='word_1_628' title='bbox 331 4447 663 4502; x_wconf 82' lang='lat' dir='ltr'><strong>ressibilitcr.</strong></span> <span class='ocrx_word' id='word_1_629' title='bbox 700 4448 865 4517; x_wconf 80' lang='lat' dir='ltr'><strong>Perge</strong></span> <span class='ocrx_word' id='word_1_630' title='bbox 910 4448 987 4504; x_wconf 89' lang='lat' dir='ltr'><strong>sic</strong></span> <span class='ocrx_word' id='word_1_631' title='bbox 1035 4447 1247 4514; x_wconf 88' lang='lat' dir='ltr'><strong>dicere;</strong></span> <span class='ocrx_word' id='word_1_632' title='bbox 1294 4462 1401 4504; x_wconf 92' lang='lat' dir='ltr'><strong>non</strong></span> <span class='ocrx_word' id='word_1_633' title='bbox 1450 4448 1501 4503; x_wconf 88' lang='lat' dir='ltr'><strong>in</strong></span> <span class='ocrx_word' id='word_1_634' title='bbox 1541 4456 1592 4503; x_wconf 90' lang='lat' dir='ltr'><strong>te</strong></span> <span class='ocrx_word' id='word_1_635' title='bbox 1634 4456 1908 4519; x_wconf 72' lang='lat' dir='ltr'><strong>respergat</strong></span> 
     </span>
    </p>
   </div>
   <div class='ocr_carea' id='block_1_83' title="bbox 2009 3706 3592 3787">
    <p class='ocr_par' dir='ltr' id='par_1_83' title="bbox 2009 3706 3592 3787">
     <span class='ocr_line' id='line_1_83' title="bbox 2009 3706 3592 3787; baseline 0.003 -18"><span class='ocrx_word' id='word_1_636' title='bbox 2009 3728 2077 3782; x_wconf 83' lang='lat' dir='ltr'><strong>go</strong></span> <span class='ocrx_word' id='word_1_637' title='bbox 2101 3714 2340 3784; x_wconf 76' lang='lat' dir='ltr'><strong>pontifex</strong></span> <span class='ocrx_word' id='word_1_638' title='bbox 2368 3715 2692 3785; x_wconf 87' lang='lat' dir='ltr'><strong>compatitur</strong></span> <span class='ocrx_word' id='word_1_639' title='bbox 2738 3714 2910 3778; x_wconf 81' lang='lat' dir='ltr'><strong>nobis,</strong></span> <span class='ocrx_word' id='word_1_640' title='bbox 2941 3716 3032 3783; x_wconf 88' lang='lat' dir='ltr'><strong>qui</strong></span> <span class='ocrx_word' id='word_1_641' title='bbox 3063 3724 3118 3770; x_wconf 90' lang='lat' dir='ltr'><strong>et</strong></span> <span class='ocrx_word' id='word_1_642' title='bbox 3147 3716 3453 3786; x_wconf 87' lang='lat' dir='ltr'><strong>interpellat</strong></span> <span class='ocrx_word' id='word_1_643' title='bbox 3497 3706 3592 3787; x_wconf 86' lang='lat' dir='ltr'><strong>pro</strong></span> 
     </span>
    </p>
   </div>
   <div class='ocr_carea' id='block_1_84' title="bbox 2012 3794 3592 3876">
    <p class='ocr_par' dir='ltr' id='par_1_84' title="bbox 2012 3794 3592 3876">
     <span class='ocr_line' id='line_1_84' title="bbox 2012 3794 3592 3876; baseline 0.003 -17"><span class='ocrx_word' id='word_1_644' title='bbox 2012 3806 2182 3859; x_wconf 87' lang='lat' dir='ltr'><strong>nobis.</strong></span> <span class='ocrx_word' id='word_1_645' title='bbox 2209 3804 2301 3860; x_wconf 86' lang='lat' dir='ltr'><strong>Ille</strong></span> <span class='ocrx_word' id='word_1_646' title='bbox 2332 3819 2460 3859; x_wconf 89' lang='lat' dir='ltr'><strong>vero</strong></span> <span class='ocrx_word' id='word_1_647' title='bbox 2480 3804 2570 3873; x_wconf 89' lang='lat' dir='ltr'><strong>qui</strong></span> <span class='ocrx_word' id='word_1_648' title='bbox 2593 3803 2959 3874; x_wconf 88' lang='lat' dir='ltr'><strong>interpellanti</strong></span> <span class='ocrx_word' id='word_1_649' title='bbox 2986 3794 3193 3873; x_wconf 88' lang='lat' dir='ltr'><strong>annuit,</strong></span> <span class='ocrx_word' id='word_1_650' title='bbox 3225 3805 3338 3876; x_wconf 88' lang='lat' dir='ltr'><strong>ipsa</strong></span> <span class='ocrx_word' id='word_1_651' title='bbox 3362 3806 3592 3865; x_wconf 86' lang='lat' dir='ltr'><strong>Trinitas</strong></span> 
     </span>
    </p>
   </div>
   <div class='ocr_carea' id='block_1_85' title="bbox 2012 3889 3587 3964">
    <p class='ocr_par' dir='ltr' id='par_1_85' title="bbox 2012 3889 3587 3964">
     <span class='ocr_line' id='line_1_85' title="bbox 2012 3889 3587 3964; baseline 0.003 -16"><span class='ocrx_word' id='word_1_652' title='bbox 2012 3911 2119 3951; x_wconf 87' lang='lat' dir='ltr'><strong>non</strong></span> <span class='ocrx_word' id='word_1_653' title='bbox 2149 3889 2373 3952; x_wconf 74' lang='lat' dir='ltr'><strong>habere!</strong></span> <span class='ocrx_word' id='word_1_654' title='bbox 2401 3895 2584 3963; x_wconf 88' lang='lat' dir='ltr'><strong>utique</strong></span> <span class='ocrx_word' id='word_1_655' title='bbox 2611 3908 2774 3963; x_wconf 88' lang='lat' dir='ltr'><strong>quem</strong></span> <span class='ocrx_word' id='word_1_656' title='bbox 2801 3893 2902 3948; x_wconf 80' lang='lat' dir='ltr'><strong>cibi</strong></span> <span class='ocrx_word' id='word_1_657' title='bbox 2945 3893 3287 3964; x_wconf 84' lang='lat' dir='ltr'><strong>interpellare</strong></span> <span class='ocrx_word' id='word_1_658' title='bbox 3334 3912 3587 3953; x_wconf 62' lang='lat' dir='ltr'><strong>necessa«</strong></span> 
     </span>
    </p>
   </div>
   <div class='ocr_carea' id='block_1_86' title="bbox 2009 3973 3639 4056">
    <p class='ocr_par' dir='ltr' id='par_1_86' title="bbox 2009 3973 3639 4056">
     <span class='ocr_line' id='line_1_86' title="bbox 2009 3973 3639 4056; baseline 0.001 -15"><span class='ocrx_word' id='word_1_659' title='bbox 2009 3988 2147 4042; x_wconf 89' lang='lat' dir='ltr'><strong>rium</strong></span> <span class='ocrx_word' id='word_1_660' title='bbox 2175 3985 2331 4050; x_wconf 89' lang='lat' dir='ltr'><strong>foret,</strong></span> <span class='ocrx_word' id='word_1_661' title='bbox 2363 3976 2547 4056; x_wconf 43' lang='lat' dir='ltr'><strong>si&#39;pati</strong></span> <span class='ocrx_word' id='word_1_662' title='bbox 2577 3973 2669 4040; x_wconf 85' lang='lat' dir='ltr'><strong>aut</strong></span> <span class='ocrx_word' id='word_1_663' title='bbox 2693 3974 2832 4039; x_wconf 83' lang='lat' dir='ltr'><strong>afﬁci</strong></span> <span class='ocrx_word' id='word_1_664' title='bbox 2863 3985 3128 4040; x_wconf 88' lang='lat' dir='ltr'><strong>ullatenus</strong></span> <span class='ocrx_word' id='word_1_665' title='bbox 3172 3987 3362 4056; x_wconf 90' lang='lat' dir='ltr'><strong>possit.</strong></span> <span class='ocrx_word' id='word_1_666' title='bbox 3393 3985 3588 4043; x_wconf 81' lang='lat' dir='ltr'><strong>Jamne</strong></span> <span class='ocrx_word' id='word_1_667' title='bbox 3608 3998 3639 4015; x_wconf 55' lang='grc' dir='ltr'><strong>’δ</strong></span> 
     </span>
    </p>
   </div>
   <div class='ocr_carea' id='block_1_87' title="bbox 2012 4059 3589 4148">
    <p class='ocr_par' dir='ltr' id='par_1_87' title="bbox 2012 4059 3589 4148">
     <span class='ocr_line' id='line_1_87' title="bbox 2012 4059 3589 4148; baseline 0 -14"><span class='ocrx_word' id='word_1_668' title='bbox 2012 4079 2283 4148; x_wconf 86' lang='lat' dir='ltr'><strong>intelligis,</strong></span> <span class='ocrx_word' id='word_1_669' title='bbox 2314 4077 2594 4134; x_wconf 89' lang='lat' dir='ltr'><strong>adversum</strong></span> <span class='ocrx_word' id='word_1_670' title='bbox 2626 4078 2805 4148; x_wconf 88' lang='lat' dir='ltr'><strong>potius</strong></span> <span class='ocrx_word' id='word_1_671' title='bbox 2848 4074 3089 4133; x_wconf 85' lang='lat' dir='ltr'><strong>veritatis</strong></span> <span class='ocrx_word' id='word_1_672' title='bbox 3130 4059 3495 4134; x_wconf 80' lang='lat' dir='ltr'><strong>testimonium</strong></span> <span class='ocrx_word' id='word_1_673' title='bbox 3534 4079 3589 4134; x_wconf 91' lang='lat' dir='ltr'><strong>in</strong></span> 
     </span>
    </p>
   </div>
   <div class='ocr_carea' id='block_1_88' title="bbox 2011 4170 3591 4242">
    <p class='ocr_par' dir='ltr' id='par_1_88' title="bbox 2011 4170 3591 4242">
     <span class='ocr_line' id='line_1_88' title="bbox 2011 4170 3591 4242; baseline 0.001 -16"><span class='ocrx_word' id='word_1_674' title='bbox 2011 4171 2367 4242; x_wconf 88' lang='lat' dir='ltr'><strong>patrocinium</strong></span> <span class='ocrx_word' id='word_1_675' title='bbox 2387 4170 2634 4226; x_wconf 86' lang='lat' dir='ltr'><strong>falsitatis</strong></span> <span class='ocrx_word' id='word_1_676' title='bbox 2654 4170 2888 4225; x_wconf 86' lang='lat' dir='ltr'><strong>assumi?</strong></span> <span class='ocrx_word' id='word_1_677' title='bbox 2908 4170 3171 4237; x_wconf 84' lang='lat' dir='ltr'><strong>Quoniam</strong></span> <span class='ocrx_word' id='word_1_678' title='bbox 3194 4170 3240 4226; x_wconf 89' lang='lat' dir='ltr'><strong>si</strong></span> <span class='ocrx_word' id='word_1_679' title='bbox 3262 4170 3387 4239; x_wconf 90' lang='lat' dir='ltr'><strong>quid</strong></span> <span class='ocrx_word' id='word_1_680' title='bbox 3413 4170 3591 4240; x_wconf 72' lang='lat' dir='ltr'><strong>hujus~</strong></span> 
     </span>
    </p>
   </div>
   <div class='ocr_carea' id='block_1_89' title="bbox 2012 4260 3592 4332">
    <p class='ocr_par' dir='ltr' id='par_1_89' title="bbox 2012 4260 3592 4332">
     <span class='ocr_line' id='line_1_89' title="bbox 2012 4260 3592 4332; baseline 0.002 -17"><span class='ocrx_word' id='word_1_681' title='bbox 2012 4263 2175 4328; x_wconf 86' lang='lat' dir='ltr'><strong>modi,</strong></span> <span class='ocrx_word' id='word_1_682' title='bbox 2200 4262 2338 4318; x_wconf 87' lang='lat' dir='ltr'><strong>sicut</strong></span> <span class='ocrx_word' id='word_1_683' title='bbox 2365 4276 2524 4332; x_wconf 87' lang='lat' dir='ltr'><strong>supra</strong></span> <span class='ocrx_word' id='word_1_684' title='bbox 2549 4260 2799 4329; x_wconf 86' lang='lat' dir='ltr'><strong>diximus,</strong></span> <span class='ocrx_word' id='word_1_685' title='bbox 2833 4262 2885 4317; x_wconf 91' lang='lat' dir='ltr'><strong>in</strong></span> <span class='ocrx_word' id='word_1_686' title='bbox 2905 4261 3098 4317; x_wconf 86' lang='lat' dir='ltr'><strong>divinis</strong></span> <span class='ocrx_word' id='word_1_687' title='bbox 3128 4261 3485 4318; x_wconf 82' lang='lat' dir='ltr'><strong>voluminibus</strong></span> <span class='ocrx_word' id='word_1_688' title='bbox 3514 4262 3592 4318; x_wconf 69' lang='lat' dir='ltr'><strong>in~</strong></span> 
     </span>
    </p>
   </div>
   <div class='ocr_carea' id='block_1_90' title="bbox 2012 4350 3592 4424">
    <p class='ocr_par' dir='ltr' id='par_1_90' title="bbox 2012 4350 3592 4424">
     <span class='ocr_line' id='line_1_90' title="bbox 2012 4350 3592 4424; baseline 0.004 -20"><span class='ocrx_word' id='word_1_689' title='bbox 2012 4351 2244 4417; x_wconf 82' lang='lat' dir='ltr'><strong>venitur,</strong></span> <span class='ocrx_word' id='word_1_690' title='bbox 2286 4350 2353 4405; x_wconf 84' lang='lat' dir='ltr'><strong>ad</strong></span> <span class='ocrx_word' id='word_1_691' title='bbox 2392 4350 2653 4408; x_wconf 89' lang='lat' dir='ltr'><strong>unitatem</strong></span> <span class='ocrx_word' id='word_1_692' title='bbox 2680 4366 2920 4424; x_wconf 65' lang='lat' dir='ltr'><strong>personae</strong></span> <span class='ocrx_word' id='word_1_693' title='bbox 2949 4352 3286 4409; x_wconf 87' lang='lat' dir='ltr'><strong>referendum</strong></span> <span class='ocrx_word' id='word_1_694' title='bbox 3322 4360 3424 4408; x_wconf 87' lang='lat' dir='ltr'><strong>est.</strong></span> <span class='ocrx_word' id='word_1_695' title='bbox 3457 4352 3592 4420; x_wconf 84' lang='lat' dir='ltr'><strong>Quia</strong></span> 
     </span>
    </p>
   </div>
   <div class='ocr_carea' id='block_1_91' title="bbox 2011 4441 3594 4512">
    <p class='ocr_par' dir='ltr' id='par_1_91' title="bbox 2011 4441 3594 4512">
     <span class='ocr_line' id='line_1_91' title="bbox 2011 4441 3594 4512; baseline 0.003 -17"><span class='ocrx_word' id='word_1_696' title='bbox 2011 4441 2150 4496; x_wconf 82' lang='lat' dir='ltr'><strong>sicut</strong></span> <span class='ocrx_word' id='word_1_697' title='bbox 2176 4441 2351 4495; x_wconf 88' lang='lat' dir='ltr'><strong>anima</strong></span> <span class='ocrx_word' id='word_1_698' title='bbox 2382 4449 2437 4495; x_wconf 91' lang='lat' dir='ltr'><strong>et</strong></span> <span class='ocrx_word' id='word_1_699' title='bbox 2476 4456 2671 4512; x_wconf 86' lang='lat' dir='ltr'><strong>corpus</strong></span> <span class='ocrx_word' id='word_1_700' title='bbox 2699 4457 2766 4497; x_wconf 86' lang='lat' dir='ltr'><strong>ex</strong></span> <span class='ocrx_word' id='word_1_701' title='bbox 2793 4442 3003 4499; x_wconf 87' lang='lat' dir='ltr'><strong>diversa</strong></span> <span class='ocrx_word' id='word_1_702' title='bbox 3029 4443 3327 4500; x_wconf 82' lang='lat' dir='ltr'><strong>substantia</strong></span> <span class='ocrx_word' id='word_1_703' title='bbox 3348 4458 3485 4505; x_wconf 86' lang='lat' dir='ltr'><strong>unus</strong></span> <span class='ocrx_word' id='word_1_704' title='bbox 3513 4451 3594 4500; x_wconf 85' lang='lat' dir='ltr'><strong>est</strong></span> 
     </span>
    </p>
   </div>
   <div class='ocr_carea' id='block_1_92' title="bbox 325 4506 3595 4611">
    <p class='ocr_par' dir='ltr' id='par_1_92' title="bbox 325 4506 3595 4611">
     <span class='ocr_line' id='line_1_92' title="bbox 325 4506 3595 4611; baseline 0.001 -18"><span class='ocrx_word' id='word_1_705' title='bbox 325 4539 692 4594; x_wconf 84' lang='lat' dir='ltr'><strong>sinceritatem</strong></span> <span class='ocrx_word' id='word_1_706' title='bbox 749 4539 985 4595; x_wconf 80' lang='lat' dir='ltr'><strong>veritatis</strong></span> <span class='ocrx_word' id='word_1_707' title='bbox 1046 4540 1387 4609; x_wconf 85' lang='lat' dir='ltr'><strong>ignorantia,</strong></span> <span class='ocrx_word' id='word_1_708' title='bbox 1453 4540 1797 4611; x_wconf 67' lang='lat' dir='ltr'><strong>priesumptio</strong></span> <span class='ocrx_word' id='word_1_709' title='bbox 1854 4549 1907 4593; x_wconf 87' lang='lat' dir='ltr'><strong>et</strong></span> <span class='ocrx_word' id='word_1_710' title='bbox 1937 4506 2194 4597; x_wconf 68' lang='lat' dir='ltr'><strong>Dhomo,</strong></span> <span class='ocrx_word' id='word_1_711' title='bbox 2226 4533 2298 4587; x_wconf 81' lang='lat' dir='ltr'><strong>ita</strong></span> <span class='ocrx_word' id='word_1_712' title='bbox 2329 4532 2469 4588; x_wconf 73' lang='lat' dir='ltr'><strong>Deus</strong></span> <span class='ocrx_word' id='word_1_713' title='bbox 2497 4529 2553 4588; x_wconf 73' lang='lat' dir='ltr'><strong>Ct</strong></span> <span class='ocrx_word' id='word_1_714' title='bbox 2580 4535 2742 4591; x_wconf 83' lang='lat' dir='ltr'><strong>homo</strong></span> <span class='ocrx_word' id='word_1_715' title='bbox 2786 4550 2852 4592; x_wconf 79' lang='lat' dir='ltr'><strong>ex</strong></span> <span class='ocrx_word' id='word_1_716' title='bbox 2893 4536 3105 4592; x_wconf 79' lang='lat' dir='ltr'><strong>diversa</strong></span> <span class='ocrx_word' id='word_1_717' title='bbox 3135 4536 3434 4592; x_wconf 81' lang='lat' dir='ltr'><strong>substantia</strong></span> <span class='ocrx_word' id='word_1_718' title='bbox 3456 4549 3595 4593; x_wconf 83' lang='lat' dir='ltr'><strong>unus</strong></span> 
     </span>
    </p>
   </div>
   <div class='ocr_carea' id='block_1_93' title="bbox 325 4629 1904 4699">
    <p class='ocr_par' dir='ltr' id='par_1_93' title="bbox 325 4629 1904 4699">
     <span class='ocr_line' id='line_1_93' title="bbox 325 4629 1904 4699; baseline -0.001 -14"><span class='ocrx_word' id='word_1_719' title='bbox 325 4629 684 4686; x_wconf 84' lang='lat' dir='ltr'><strong>mendacium.</strong></span> <span class='ocrx_word' id='word_1_720' title='bbox 718 4629 1016 4686; x_wconf 81' lang='lat' dir='ltr'><strong>Humanum</strong></span> <span class='ocrx_word' id='word_1_721' title='bbox 1047 4639 1129 4688; x_wconf 89' lang='lat' dir='ltr'><strong>est</strong></span> <span class='ocrx_word' id='word_1_722' title='bbox 1169 4646 1363 4699; x_wconf 89' lang='lat' dir='ltr'><strong>nempe</strong></span> <span class='ocrx_word' id='word_1_723' title='bbox 1393 4630 1704 4698; x_wconf 80' lang='lat' dir='ltr'><strong>delinquere</strong></span> <span class='ocrx_word' id='word_1_724' title='bbox 1749 4647 1760 4682; x_wconf 88' lang='lat'><strong>:</strong></span> <span class='ocrx_word' id='word_1_725' title='bbox 1806 4630 1904 4684; x_wconf 86' lang='lat' dir='ltr'><strong>htt-</strong></span> 
     </span>
    </p>
   </div>
   <div class='ocr_carea' id='block_1_94' title="bbox 325 4719 1962 4791">
    <p class='ocr_par' dir='ltr' id='par_1_94' title="bbox 325 4719 1962 4791">
     <span class='ocr_line' id='line_1_94' title="bbox 325 4719 1962 4791; baseline -0.002 -15"><span class='ocrx_word' id='word_1_726' title='bbox 325 4735 542 4777; x_wconf 87' lang='lat' dir='ltr'><strong>manum</strong></span> <span class='ocrx_word' id='word_1_727' title='bbox 572 4730 654 4777; x_wconf 81' lang='lat' dir='ltr'><strong>est</strong></span> <span class='ocrx_word' id='word_1_728' title='bbox 682 4736 781 4791; x_wconf 72' lang='lat' dir='ltr'><strong>pro</strong></span> <span class='ocrx_word' id='word_1_729' title='bbox 815 4721 1012 4777; x_wconf 86' lang='lat' dir='ltr'><strong>delicto</strong></span> <span class='ocrx_word' id='word_1_730' title='bbox 1037 4720 1324 4790; x_wconf 62' lang='lat' dir='ltr'><strong>paenitere.</strong></span> <span class='ocrx_word' id='word_1_731' title='bbox 1358 4719 1526 4774; x_wconf 84' lang='lat' dir='ltr'><strong>Nemo</strong></span> <span class='ocrx_word' id='word_1_732' title='bbox 1557 4719 1907 4788; x_wconf 82' lang='lat' dir='ltr'><strong>periculosius</strong></span> <span class='ocrx_word' id='word_1_733' title='bbox 1948 4780 1962 4786; x_wconf 88' lang='lat'>_</span> 
     </span>
    </p>
   </div>
   <div class='ocr_carea' id='block_1_95' title="bbox 324 4804 1909 4887">
    <p class='ocr_par' dir='ltr' id='par_1_95' title="bbox 324 4804 1909 4887">
     <span class='ocr_line' id='line_1_95' title="bbox 324 4804 1909 4887; baseline -0.001 -20"><span class='ocrx_word' id='word_1_734' title='bbox 324 4815 647 4885; x_wconf 81' lang='lat' dir='ltr'><strong>peccaverit,</strong></span> <span class='ocrx_word' id='word_1_735' title='bbox 671 4804 835 4884; x_wconf 70' lang='lat' dir='ltr'><strong>&#39;quam</strong></span> <span class='ocrx_word' id='word_1_736' title='bbox 874 4814 1229 4887; x_wconf 57' lang='lat' dir='ltr'><strong>qui‘peccata</strong></span> <span class='ocrx_word' id='word_1_737' title='bbox 1255 4813 1510 4870; x_wconf 84' lang='lat' dir='ltr'><strong>defendit.</strong></span> <span class='ocrx_word' id='word_1_738' title='bbox 1541 4814 1779 4882; x_wconf 62' lang='lat' dir='ltr'><strong>Namque</strong></span> <span class='ocrx_word' id='word_1_739' title='bbox 1811 4813 1909 4867; x_wconf 88' lang='lat' dir='ltr'><strong>im-</strong></span> 
     </span>
    </p>
   </div>
   <div class='ocr_carea' id='block_1_96' title="bbox 296 4892 1907 4974">
    <p class='ocr_par' dir='ltr' id='par_1_96' title="bbox 296 4892 1907 4974">
     <span class='ocr_line' id='line_1_96' title="bbox 296 4892 1907 4974; baseline 0.001 -20"><span class='ocrx_word' id='word_1_740' title='bbox 296 4892 661 4973; x_wconf 68' lang='lat' dir='ltr'><strong>passibilem,</strong></span> <span class='ocrx_word' id='word_1_741' title='bbox 719 4905 958 4974; x_wconf 88' lang='lat' dir='ltr'><strong>nullique</strong></span> <span class='ocrx_word' id='word_1_742' title='bbox 1004 4905 1218 4960; x_wconf 85' lang='lat' dir='ltr'><strong>afl&#39;ectui</strong></span> <span class='ocrx_word' id='word_1_743' title='bbox 1259 4903 1625 4973; x_wconf 82' lang='lat' dir='ltr'><strong>subjaeen’tem</strong></span> <span class='ocrx_word' id='word_1_744' title='bbox 1685 4918 1907 4957; x_wconf 73' lang='lat' dir='ltr'><strong>summa:</strong></span> 
     </span>
    </p>
   </div>
   <div class='ocr_carea' id='block_1_97' title="bbox 325 4977 1908 5064">
    <p class='ocr_par' dir='ltr' id='par_1_97' title="bbox 325 4977 1908 5064">
     <span class='ocr_line' id='line_1_97' title="bbox 325 4977 1908 5064; baseline 0.003 -19"><span class='ocrx_word' id='word_1_745' title='bbox 325 4993 631 5049; x_wconf 78' lang='lat' dir='ltr'><strong>Divittitalis</strong></span> <span class='ocrx_word' id='word_1_746' title='bbox 671 4987 982 5061; x_wconf 85' lang='lat' dir='ltr'><strong>essentiam,</strong></span> <span class='ocrx_word' id='word_1_747' title='bbox 1012 5004 1071 5049; x_wconf 92' lang='lat' dir='ltr'><strong>nt</strong></span> <span class='ocrx_word' id='word_1_748' title='bbox 1110 4977 1225 5051; x_wconf 83' lang='lat' dir='ltr'><strong>tute</strong></span> <span class='ocrx_word' id='word_1_749' title='bbox 1265 4993 1603 5064; x_wconf 87' lang='lat' dir='ltr'><strong>pronuntias,</strong></span> <span class='ocrx_word' id='word_1_750' title='bbox 1635 5009 1754 5048; x_wconf 87' lang='lat' dir='ltr'><strong>cum</strong></span> <span class='ocrx_word' id='word_1_751' title='bbox 1787 4993 1908 5061; x_wconf 77' lang='lat' dir='ltr'><strong>phi-</strong></span> 
     </span>
    </p>
   </div>
   <div class='ocr_carea' id='block_1_98' title="bbox 322 5082 1908 5152">
    <p class='ocr_par' dir='ltr' id='par_1_98' title="bbox 322 5082 1908 5152">
     <span class='ocr_line' id='line_1_98' title="bbox 322 5082 1908 5152; baseline 0.004 -17"><span class='ocrx_word' id='word_1_752' title='bbox 322 5082 566 5152; x_wconf 67' lang='lat' dir='ltr'><strong>Itisophis</strong></span> <span class='ocrx_word' id='word_1_753' title='bbox 620 5101 725 5141; x_wconf 92' lang='lat' dir='ltr'><strong>non</strong></span> <span class='ocrx_word' id='word_1_754' title='bbox 772 5101 1010 5150; x_wconf 78' lang='lat' dir='ltr'><strong>recusas.</strong></span> <span class='ocrx_word' id='word_1_755' title='bbox 1073 5085 1305 5143; x_wconf 81' lang='lat' dir='ltr'><strong>Proinde</strong></span> <span class='ocrx_word' id='word_1_756' title='bbox 1352 5085 1662 5141; x_wconf 90' lang='lat' dir='ltr'><strong>intestinum</strong></span> <span class='ocrx_word' id='word_1_757' title='bbox 1708 5085 1908 5141; x_wconf 87' lang='lat' dir='ltr'><strong>bellum</strong></span> 
     </span>
    </p>
   </div>
   <div class='ocr_carea' id='block_1_99' title="bbox 323 5177 1910 5253">
    <p class='ocr_par' dir='ltr' id='par_1_99' title="bbox 323 5177 1910 5253">
     <span class='ocr_line' id='line_1_99' title="bbox 323 5177 1910 5253; baseline 0.003 -23"><span class='ocrx_word' id='word_1_758' title='bbox 323 5178 557 5253; x_wconf 73' lang='lat' dir='ltr'><strong>pelleab</strong></span> <span class='ocrx_word' id='word_1_759' title='bbox 588 5179 786 5235; x_wconf 87' lang='lat' dir='ltr'><strong>animo.</strong></span> <span class='ocrx_word' id='word_1_760' title='bbox 811 5179 1035 5235; x_wconf 85' lang='lat' dir='ltr'><strong>Certum</strong></span> <span class='ocrx_word' id='word_1_761' title='bbox 1067 5180 1161 5236; x_wconf 91' lang='lat' dir='ltr'><strong>tibi</strong></span> <span class='ocrx_word' id='word_1_762' title='bbox 1183 5180 1252 5235; x_wconf 90' lang='lat' dir='ltr'><strong>sit</strong></span> <span class='ocrx_word' id='word_1_763' title='bbox 1281 5179 1565 5235; x_wconf 85' lang='lat' dir='ltr'><strong>veritatem</strong></span> <span class='ocrx_word' id='word_1_764' title='bbox 1586 5177 1740 5243; x_wconf 85' lang='lat' dir='ltr'><strong>falso,</strong></span> <span class='ocrx_word' id='word_1_765' title='bbox 1772 5179 1910 5234; x_wconf 88' lang='lat' dir='ltr'><strong>sicut</strong></span> 
     </span>
    </p>
   </div>
   <div class='ocr_carea' id='block_1_100' title="bbox 322 5262 1909 5340">
    <p class='ocr_par' dir='ltr' id='par_1_100' title="bbox 322 5262 1909 5340">
     <span class='ocr_line' id='line_1_100' title="bbox 322 5262 1909 5340; baseline 0.003 -20"><span class='ocrx_word' id='word_1_766' title='bbox 322 5268 608 5323; x_wconf 81' lang='lat' dir='ltr'><strong>essentiam</strong></span> <span class='ocrx_word' id='word_1_767' title='bbox 650 5269 843 5336; x_wconf 90' lang='lat' dir='ltr'><strong>nihilo,</strong></span> <span class='ocrx_word' id='word_1_768' title='bbox 893 5262 1307 5340; x_wconf 85' lang='lat' dir='ltr'><strong>haudquaquam</strong></span> <span class='ocrx_word' id='word_1_769' title='bbox 1355 5285 1516 5339; x_wconf 89' lang='lat' dir='ltr'><strong>posse</strong></span> <span class='ocrx_word' id='word_1_770' title='bbox 1563 5267 1909 5325; x_wconf 83' lang='lat' dir='ltr'><strong>misceri.Tu</strong></span> 
     </span>
    </p>
   </div>
   <div class='ocr_carea' id='block_1_101' title="bbox 321 5357 1909 5432">
    <p class='ocr_par' dir='ltr' id='par_1_101' title="bbox 321 5357 1909 5432">
     <span class='ocr_line' id='line_1_101' title="bbox 321 5357 1909 5432; baseline 0.003 -21"><span class='ocrx_word' id='word_1_771' title='bbox 321 5368 498 5413; x_wconf 85' lang='lat' dir='ltr'><strong>autem</strong></span> <span class='ocrx_word' id='word_1_772' title='bbox 536 5360 669 5417; x_wconf 88' lang='lat' dir='ltr'><strong>dicis</strong></span> <span class='ocrx_word' id='word_1_773' title='bbox 696 5360 856 5428; x_wconf 91' lang='lat' dir='ltr'><strong>afﬁci,</strong></span> <span class='ocrx_word' id='word_1_774' title='bbox 892 5377 1058 5432; x_wconf 88' lang='lat' dir='ltr'><strong>quem</strong></span> <span class='ocrx_word' id='word_1_775' title='bbox 1087 5357 1253 5431; x_wconf 84' lang='lat' dir='ltr'><strong>negas</strong></span> <span class='ocrx_word' id='word_1_776' title='bbox 1293 5361 1425 5432; x_wconf 88' lang='lat' dir='ltr'><strong>pati.</strong></span> <span class='ocrx_word' id='word_1_777' title='bbox 1456 5360 1512 5416; x_wconf 89' lang='lat' dir='ltr'><strong>Si</strong></span> <span class='ocrx_word' id='word_1_778' title='bbox 1541 5362 1686 5417; x_wconf 91' lang='lat' dir='ltr'><strong>enim</strong></span> <span class='ocrx_word' id='word_1_779' title='bbox 1715 5359 1909 5417; x_wconf 80' lang='lat' dir='ltr'><strong>affectu</strong></span> 
     </span>
    </p>
   </div>
   <div class='ocr_carea' id='block_1_102' title="bbox 323 5453 1967 5525">
    <p class='ocr_par' dir='ltr' id='par_1_102' title="bbox 323 5453 1967 5525">
     <span class='ocr_line' id='line_1_102' title="bbox 323 5453 1967 5525; baseline 0.002 -20"><span class='ocrx_word' id='word_1_780' title='bbox 323 5467 429 5505; x_wconf 86' lang='lat' dir='ltr'><strong>non</strong></span> <span class='ocrx_word' id='word_1_781' title='bbox 459 5464 628 5519; x_wconf 87' lang='lat' dir='ltr'><strong>caret,</strong></span> <span class='ocrx_word' id='word_1_782' title='bbox 653 5454 1099 5523; x_wconf 82' lang='lat' dir='ltr'><strong>impassibilitatis</strong></span> <span class='ocrx_word' id='word_1_783' title='bbox 1133 5454 1197 5510; x_wconf 87' lang='lat' dir='ltr'><strong>de</strong></span> <span class='ocrx_word' id='word_1_784' title='bbox 1225 5453 1415 5510; x_wconf 90' lang='lat' dir='ltr'><strong>eodem</strong></span> <span class='ocrx_word' id='word_1_785' title='bbox 1447 5454 1604 5509; x_wconf 87' lang='lat' dir='ltr'><strong>fallax</strong></span> <span class='ocrx_word' id='word_1_786' title='bbox 1646 5453 1911 5525; x_wconf 89' lang='lat' dir='ltr'><strong>professio</strong></span> <span class='ocrx_word' id='word_1_787' title='bbox 1962 5466 1967 5469; x_wconf 86' lang='lat'>&#39;</span> 
     </span>
    </p>
   </div>
   <div class='ocr_carea' id='block_1_103' title="bbox 321 5542 1931 5614">
    <p class='ocr_par' dir='ltr' id='par_1_103' title="bbox 321 5542 1931 5614">
     <span class='ocr_line' id='line_1_103' title="bbox 321 5542 1931 5614; baseline 0 -17"><span class='ocrx_word' id='word_1_788' title='bbox 321 5550 404 5597; x_wconf 62' lang='lat' dir='ltr'><strong>est</strong></span> <span class='ocrx_word' id='word_1_789' title='bbox 436 5560 448 5594; x_wconf 92' lang='lat'>:</span> <span class='ocrx_word' id='word_1_790' title='bbox 484 5542 727 5598; x_wconf 82' lang='lat' dir='ltr'><strong>Alterum</strong></span> <span class='ocrx_word' id='word_1_791' title='bbox 766 5544 925 5600; x_wconf 89' lang='lat' dir='ltr'><strong>alteri</strong></span> <span class='ocrx_word' id='word_1_792' title='bbox 969 5544 1255 5600; x_wconf 89' lang='lat' dir='ltr'><strong>immodice</strong></span> <span class='ocrx_word' id='word_1_793' title='bbox 1294 5544 1572 5614; x_wconf 86' lang='lat' dir='ltr'><strong>impugnat</strong></span> <span class='ocrx_word' id='word_1_794' title='bbox 1617 5563 1630 5597; x_wconf 90' lang='lat'>:</span> <span class='ocrx_word' id='word_1_795' title='bbox 1671 5544 1766 5612; x_wconf 86' lang='lat' dir='ltr'><strong>qui</strong></span> <span class='ocrx_word' id='word_1_796' title='bbox 1812 5543 1931 5609; x_wconf 54' lang='lat' dir='ltr'><strong>ait,</strong></span> 
     </span>
    </p>
   </div>
   <div class='ocr_carea' id='block_1_104' title="bbox 393 5654 1014 5726">
    <p class='ocr_par' dir='ltr' id='par_1_104' title="bbox 393 5654 1014 5726">
     <span class='ocr_line' id='line_1_104' title="bbox 393 5654 1014 5726; baseline 0.002 -17"><span class='ocrx_word' id='word_1_797' title='bbox 393 5663 418 5726; x_wconf 61' lang='grc'><strong>9</strong></span> <span class='ocrx_word' id='word_1_798' title='bbox 560 5655 1014 5726; x_wconf 80' lang='lat' dir='ltr'><strong>quemadmodum.</strong></span> 
     </span>
    </p>
   </div>
   <div class='ocr_carea' id='block_1_105' title="bbox 394 5725 899 5784">
    <p class='ocr_par' dir='ltr' id='par_1_105' title="bbox 394 5725 899 5784">
     <span class='ocr_line' id='line_1_105' title="bbox 394 5725 899 5784; baseline 0.006 -4"><span class='ocrx_word' id='word_1_799' title='bbox 394 5725 421 5765; x_wconf 71' lang='grc' dir='ltr'>ιο</span> <span class='ocrx_word' id='word_1_800' title='bbox 451 5725 535 5780; x_wconf 82' lang='lat' dir='ltr'><strong>Al.</strong></span> <span class='ocrx_word' id='word_1_801' title='bbox 567 5725 899 5784; x_wconf 74' lang='lat' dir='ltr'><strong>crederemus.</strong></span> 
     </span>
    </p>
   </div>
   <div class='ocr_carea' id='block_1_106' title="bbox 1984 4622 3595 4695">
    <p class='ocr_par' dir='ltr' id='par_1_106' title="bbox 1984 4622 3595 4695">
     <span class='ocr_line' id='line_1_106' title="bbox 1984 4622 3595 4695; baseline 0.004 -16"><span class='ocrx_word' id='word_1_802' title='bbox 1984 4633 2094 4679; x_wconf 87' lang='lat' dir='ltr'><strong>.est</strong></span> <span class='ocrx_word' id='word_1_803' title='bbox 2141 4622 2403 4677; x_wconf 84' lang='lat' dir='ltr'><strong>Christus.</strong></span> <span class='ocrx_word' id='word_1_804' title='bbox 2439 4623 2517 4679; x_wconf 82' lang='lat' dir='ltr'><strong>Ac</strong></span> <span class='ocrx_word' id='word_1_805' title='bbox 2545 4639 2642 4695; x_wconf 89' lang='lat' dir='ltr'><strong>per</strong></span> <span class='ocrx_word' id='word_1_806' title='bbox 2668 4626 2771 4681; x_wconf 88' lang='lat' dir='ltr'><strong>hoc</strong></span> <span class='ocrx_word' id='word_1_807' title='bbox 2816 4642 2936 4681; x_wconf 91' lang='lat' dir='ltr'><strong>cum</strong></span> <span class='ocrx_word' id='word_1_808' title='bbox 2965 4629 3034 4683; x_wconf 86' lang='lat' dir='ltr'><strong>sit</strong></span> <span class='ocrx_word' id='word_1_809' title='bbox 3084 4643 3223 4684; x_wconf 89' lang='lat' dir='ltr'><strong>unus</strong></span> <span class='ocrx_word' id='word_1_810' title='bbox 3267 4644 3334 4683; x_wconf 80' lang='lat' dir='ltr'><strong>ex</strong></span> <span class='ocrx_word' id='word_1_811' title='bbox 3382 4629 3595 4685; x_wconf 77' lang='lat' dir='ltr'><strong>diversa</strong></span> 
     </span>
    </p>
   </div>
   <div class='ocr_carea' id='block_1_107' title="bbox 2011 4710 3598 4791">
    <p class='ocr_par' dir='ltr' id='par_1_107' title="bbox 2011 4710 3598 4791">
     <span class='ocr_line' id='line_1_107' title="bbox 2011 4710 3598 4791; baseline 0.002 -21"><span class='ocrx_word' id='word_1_812' title='bbox 2011 4716 2329 4781; x_wconf 88' lang='lat' dir='ltr'><strong>substantia,</strong></span> <span class='ocrx_word' id='word_1_813' title='bbox 2364 4715 2478 4785; x_wconf 90' lang='lat' dir='ltr'><strong>ipse</strong></span> <span class='ocrx_word' id='word_1_814' title='bbox 2522 4731 2580 4772; x_wconf 90' lang='lat' dir='ltr'><strong>se</strong></span> <span class='ocrx_word' id='word_1_815' title='bbox 2607 4717 2999 4786; x_wconf 88' lang='lat' dir='ltr'><strong>quodammodo</strong></span> <span class='ocrx_word' id='word_1_816' title='bbox 3030 4719 3190 4786; x_wconf 85' lang='lat' dir='ltr'><strong>petit;</strong></span> <span class='ocrx_word' id='word_1_817' title='bbox 3236 4719 3350 4791; x_wconf 87' lang='lat' dir='ltr'><strong>ipse</strong></span> <span class='ocrx_word' id='word_1_818' title='bbox 3377 4710 3598 4791; x_wconf 75' lang='lat' dir='ltr'><strong>sequo~</strong></span> 
     </span>
    </p>
   </div>
   <div class='ocr_carea' id='block_1_108' title="bbox 2011 4805 3596 4877">
    <p class='ocr_par' dir='ltr' id='par_1_108' title="bbox 2011 4805 3596 4877">
     <span class='ocr_line' id='line_1_108' title="bbox 2011 4805 3596 4877; baseline 0.001 -17"><span class='ocrx_word' id='word_1_819' title='bbox 2011 4805 2298 4861; x_wconf 82' lang='lat' dir='ltr'><strong>dammodo</strong></span> <span class='ocrx_word' id='word_1_820' title='bbox 2346 4822 2467 4874; x_wconf 29' lang='lat' dir='ltr'><strong>pro.</strong></span> <span class='ocrx_word' id='word_1_821' title='bbox 2494 4808 2647 4861; x_wconf 84' lang='lat' dir='ltr'><strong>nobis</strong></span> <span class='ocrx_word' id='word_1_822' title='bbox 2691 4807 2927 4862; x_wconf 85' lang='lat' dir='ltr'><strong>exaudit.</strong></span> <span class='ocrx_word' id='word_1_823' title='bbox 2978 4808 3264 4865; x_wconf 87' lang='lat' dir='ltr'><strong>Iunumera</strong></span> <span class='ocrx_word' id='word_1_824' title='bbox 3311 4818 3434 4865; x_wconf 89' lang='lat' dir='ltr'><strong>sunt</strong></span> <span class='ocrx_word' id='word_1_825' title='bbox 3477 4823 3596 4877; x_wconf 69' lang='lat' dir='ltr'><strong>quin</strong></span> 
     </span>
    </p>
   </div>
   <div class='ocr_carea' id='block_1_109' title="bbox 2011 4890 3607 4969">
    <p class='ocr_par' dir='ltr' id='par_1_109' title="bbox 2011 4890 3607 4969">
     <span class='ocr_line' id='line_1_109' title="bbox 2011 4890 3607 4969; baseline -0.001 -18"><span class='ocrx_word' id='word_1_826' title='bbox 2011 4912 2171 4967; x_wconf 82' lang='lat' dir='ltr'><strong>super</strong></span> <span class='ocrx_word' id='word_1_827' title='bbox 2201 4897 2303 4950; x_wconf 90' lang='lat' dir='ltr'><strong>hoc</strong></span> <span class='ocrx_word' id='word_1_828' title='bbox 2330 4896 2434 4952; x_wconf 87' lang='lat' dir='ltr'><strong>diei</strong></span> <span class='ocrx_word' id='word_1_829' title='bbox 2464 4899 2913 4967; x_wconf 83' lang='lat' dir='ltr'><strong>promptissimum</strong></span> <span class='ocrx_word' id='word_1_830' title='bbox 2947 4900 3032 4955; x_wconf 87' lang='lat' dir='ltr'><strong>sit.</strong></span> <span class='ocrx_word' id='word_1_831' title='bbox 3067 4900 3173 4955; x_wconf 87' lang='lat' dir='ltr'><strong>Sed</strong></span> <span class='ocrx_word' id='word_1_832' title='bbox 3202 4899 3455 4969; x_wconf 85' lang='lat' dir='ltr'><strong>quoniam</strong></span> <span class='ocrx_word' id='word_1_833' title='bbox 3487 4890 3607 4950; x_wconf 85' lang='lat' dir='ltr'><strong>non</strong></span> 
     </span>
    </p>
   </div>
   <div class='ocr_carea' id='block_1_110' title="bbox 2011 4988 3598 5061">
    <p class='ocr_par' dir='ltr' id='par_1_110' title="bbox 2011 4988 3598 5061">
     <span class='ocr_line' id='line_1_110' title="bbox 2011 4988 3598 5061; baseline -0.003 -16"><span class='ocrx_word' id='word_1_834' title='bbox 2011 4988 2282 5058; x_wconf 80' lang='lat' dir='ltr'><strong>impendio</strong></span> <span class='ocrx_word' id='word_1_835' title='bbox 2317 4988 2621 5044; x_wconf 89' lang='lat' dir='ltr'><strong>emolienda</strong></span> <span class='ocrx_word' id='word_1_836' title='bbox 2647 5000 2788 5055; x_wconf 88' lang='lat' dir='ltr'><strong>sunt,</strong></span> <span class='ocrx_word' id='word_1_837' title='bbox 2831 5008 2951 5061; x_wconf 77' lang='lat' dir='ltr'><strong>qua:</strong></span> <span class='ocrx_word' id='word_1_838' title='bbox 2991 5009 3085 5061; x_wconf 89' lang='lat' dir='ltr'><strong>per</strong></span> <span class='ocrx_word' id='word_1_839' title='bbox 3112 5007 3172 5046; x_wconf 84' lang='lat' dir='ltr'><strong>se</strong></span> <span class='ocrx_word' id='word_1_840' title='bbox 3201 4991 3510 5051; x_wconf 83' lang='lat' dir='ltr'><strong>labascunt;</strong></span> <span class='ocrx_word' id='word_1_841' title='bbox 3541 5003 3598 5047; x_wconf 74' lang='lat' dir='ltr'><strong>in</strong></span> 
     </span>
    </p>
   </div>
   <div class='ocr_carea' id='block_1_111' title="bbox 2012 5079 3063 5151">
    <p class='ocr_par' dir='ltr' id='par_1_111' title="bbox 2012 5079 3063 5151">
     <span class='ocr_line' id='line_1_111' title="bbox 2012 5079 3063 5151; baseline -0.003 -15"><span class='ocrx_word' id='word_1_842' title='bbox 2012 5079 2416 5151; x_wconf 52' lang='lat' dir='ltr'><strong>praesentiarum</strong></span> <span class='ocrx_word' id='word_1_843' title='bbox 2443 5080 2512 5135; x_wconf 92' lang='lat' dir='ltr'><strong>de</strong></span> <span class='ocrx_word' id='word_1_844' title='bbox 2540 5079 2625 5135; x_wconf 89' lang='lat' dir='ltr'><strong>his</strong></span> <span class='ocrx_word' id='word_1_845' title='bbox 2658 5083 2757 5138; x_wconf 84' lang='lat' dir='ltr'><strong>ista</strong></span> <span class='ocrx_word' id='word_1_846' title='bbox 2778 5082 3063 5138; x_wconf 86' lang='lat' dir='ltr'><strong>sufficiant.</strong></span> 
     </span>
    </p>
   </div>
   <div class='ocr_carea' id='block_1_112' title="bbox 2638 5214 2990 5273">
    <p class='ocr_par' dir='ltr' id='par_1_112' title="bbox 2638 5214 2990 5273">
     <span class='ocr_line' id='line_1_112' title="bbox 2638 5214 2990 5273; baseline -0.017 0"><span class='ocrx_word' id='word_1_847' title='bbox 2638 5215 2862 5273; x_wconf 77' lang='lat' dir='ltr'><strong>CAPUT</strong></span> <span class='ocrx_word' id='word_1_848' title='bbox 2902 5214 2990 5268; x_wconf 73' lang='lat' dir='ltr'><strong>IV.</strong></span> 
     </span>
    </p>
   </div>
   <div class='ocr_carea' id='block_1_113' title="bbox 2438 5330 3184 5418">
    <p class='ocr_par' dir='ltr' id='par_1_113' title="bbox 2438 5330 3184 5389">
     <span class='ocr_line' id='line_1_113' title="bbox 2438 5330 3184 5389; baseline -0.009 0"><span class='ocrx_word' id='word_1_849' title='bbox 2438 5336 2516 5389; x_wconf 84' lang='lat' dir='ltr'><strong>De</strong></span> <span class='ocrx_word' id='word_1_850' title='bbox 2554 5336 2743 5388; x_wconf 77' lang='lat' dir='ltr'><strong>anima:</strong></span> <span class='ocrx_word' id='word_1_851' title='bbox 2765 5330 3002 5384; x_wconf 77' lang='lat' dir='ltr'><strong>humana:</strong></span> <span class='ocrx_word' id='word_1_852' title='bbox 3029 5335 3184 5384; x_wconf 78' lang='lat' dir='ltr'><strong>statu.</strong></span> 
     </span>
    </p>
   </div>
   <div class='ocr_carea' id='block_1_114' title="bbox 2087 5426 3600 5516">
    <p class='ocr_par' dir='ltr' id='par_1_114' title="bbox 2087 5426 3600 5516">
     <span class='ocr_line' id='line_1_114' title="bbox 2087 5426 3600 5516; baseline -0.001 -13"><span class='ocrx_word' id='word_1_853' title='bbox 2087 5426 2462 5504; x_wconf 35' lang='lat' dir='ltr'><strong>Status-nunc</strong></span> <span class='ocrx_word' id='word_1_854' title='bbox 2505 5444 2697 5498; x_wconf 73' lang='lat' dir='ltr'><strong>anima:</strong></span> <span class='ocrx_word' id='word_1_855' title='bbox 2749 5443 2991 5498; x_wconf 62' lang='lat' dir='ltr'><strong>humanae</strong></span> <span class='ocrx_word' id='word_1_856' title='bbox 3017 5483 3032 5509; x_wconf 95' lang='lat'><strong>,</strong></span> <span class='ocrx_word' id='word_1_857' title='bbox 3087 5443 3190 5500; x_wconf 89' lang='lat' dir='ltr'><strong>hoc</strong></span> <span class='ocrx_word' id='word_1_858' title='bbox 3215 5450 3327 5510; x_wconf 88' lang='lat' dir='ltr'><strong>est,</strong></span> <span class='ocrx_word' id='word_1_859' title='bbox 3358 5444 3600 5516; x_wconf 78' lang='lat' dir='ltr'><strong>imaginis</strong></span> 
     </span>
    </p>
   </div>
   <div class='ocr_carea' id='block_1_115' title="bbox 2019 5535 3600 5607">
    <p class='ocr_par' dir='ltr' id='par_1_115' title="bbox 2019 5535 3600 5607">
     <span class='ocr_line' id='line_1_115' title="bbox 2019 5535 3600 5607; baseline -0.001 -14"><span class='ocrx_word' id='word_1_860' title='bbox 2019 5538 2213 5595; x_wconf 76' lang='lat' dir='ltr'><strong>divina:</strong></span> <span class='ocrx_word' id='word_1_861' title='bbox 2255 5547 2480 5593; x_wconf 85' lang='lat' dir='ltr'><strong>vocatur</strong></span> <span class='ocrx_word' id='word_1_862' title='bbox 2526 5535 2578 5588; x_wconf 90' lang='lat' dir='ltr'><strong>in</strong></span> <span class='ocrx_word' id='word_1_863' title='bbox 2621 5535 2859 5591; x_wconf 88' lang='lat' dir='ltr'><strong>dubium.</strong></span> <span class='ocrx_word' id='word_1_864' title='bbox 2922 5536 3046 5593; x_wconf 62' lang='lat' dir='ltr'><strong>llaec</strong></span> <span class='ocrx_word' id='word_1_865' title='bbox 3092 5549 3287 5607; x_wconf 86' lang='lat' dir='ltr'><strong>nempe</strong></span> <span class='ocrx_word' id='word_1_866' title='bbox 3330 5543 3415 5591; x_wconf 81' lang='lat' dir='ltr'><strong>est</strong></span> <span class='ocrx_word' id='word_1_867' title='bbox 3442 5535 3600 5591; x_wconf 86' lang='lat' dir='ltr'><strong>tertia</strong></span> 
     </span>
    </p>
   </div>
   <div class='ocr_carea' id='block_1_116' title="bbox 2099 5647 2688 5708">
    <p class='ocr_par' dir='ltr' id='par_1_116' title="bbox 2099 5647 2688 5708">
     <span class='ocr_line' id='line_1_116' title="bbox 2099 5647 2688 5708; baseline -0.003 0"><span class='ocrx_word' id='word_1_868' title='bbox 2099 5664 2122 5693; x_wconf 78' lang='grc' dir='ltr'><strong>ο</strong></span> <span class='ocrx_word' id='word_1_869' title='bbox 2162 5652 2288 5708; x_wconf 69' lang='lat' dir='ltr'><strong>Ilaec</strong></span> <span class='ocrx_word' id='word_1_870' title='bbox 2316 5654 2385 5707; x_wconf 87' lang='lat' dir='ltr'><strong>al.</strong></span> <span class='ocrx_word' id='word_1_871' title='bbox 2417 5647 2688 5708; x_wconf 87' lang='lat' dir='ltr'><strong>omittunt.</strong></span> 
     </span>
    </p>
   </div>
  </div>
