4238 6260
621 426 726 509 707
744 402 750 409 ’

1892 416 2204 485 MAMERTI
2240 420 2604 503 CLAUDIAM

3811 417 3924 481 708

625 558 715 616 illa
742 554 988 626 qnmstio,
1014 566 1121 621 qua
1151 550 1256 607 iste
1283 549 1622 625 necessarius
1646 561 1801 603 meus
1827 542 2212 602 discernenda-
2240 543 2290 603 Α
2318 537 2528 626 potenti
2569 536 2716 626 bono
2754 531 2846 605 qui
2876 530 3023 626 fecit»
3046 530 3228 626 omnia
3262 528 3407 595 bona
3427 527 3583 594 valde
3610 535 3767 609 (Gen.
3800 554 3915 611 ππ,

623 662 744 705 rum
771 653 1085 703 naturarum
1110 656 1300 697 causas
1322 642 1601 711 ingressus
1617 679 1631 704 ,
1662 638 1909 709 spiritum
1940 636 2062 691 vitae
2088 648 2213 690 cor-

623 753 725 810 pus
752 751 873 793 esse
916 734 1267 806 pronuntiat:
1299 740 1544 788 astruens
1580 746 1643 785 se
1684 744 1849 798 super
1885 726 1991 782 hoc
2017 722 2214 796 [)ij-

623 833 813 888 dicatai
878 828 1214 885 auctoritatis
1260 825 1482 881 Patrum
1544 824 1678 880 scita
1741 819 2017 892 proferre;
2075 832 2214 886 quos

622 921 838 992 quidem
866 936 976 985 non
1000 926 1116 978 tam
1143 915 1347 986 aliquid
1374 914 1478 971 sibi
1519 920 1775 985 perceptu
1805 909 2002 965 mentis
2027 905 2214 976 cogni-

622 1022 735 1070 tum
763 1011 1015 1075 deﬁnisse
1034 1048 1052 1076 ,
1099 1023 1265 1087 quam
1305 1006 1549 1077 quadam
1596 1004 1846 1087 opinatos
1873 999 2039 1055 fuisse
2064 1012 2211 1054 com—

621 1111 904 1160 memorat.
945 1101 1015 1155 Et
1048 1101 1174 1170 quia
1202 1085 1352 1179 ipse,
1380 1084 1646 1167 quantum
1670 1094 1932 1166 loquitur,
1964 1105 2075 1146 non
2100 1098 2213 1144 tam

621 1196 860 1267 probaui:
887 1193 1085 1249 rationi
1129 1199 1224 1247 aut
1270 1191 1605 1247 intemeratae
1626 1184 1968 1251 auctoritati,
1998 1181 2095 1239 sed
2118 1182 2215 1237 bu-

620 1302 792 1342 manse
836 1280 1006 1354 magis
1055 1281 1301 1354 opinioni
1345 1279 1644 1345 concessit;
1693 1277 2017 1346 idimpenso
2047 1286 2212 1343 opere

620 1378 826 1443 nititur,
864 1385 927 1455 ut
952 1382 1134 1445 spreta
1160 1374 1487 1433 auctoritate
1516 1371 1737 1453 divina,
1770 1367 1968 1434 omissa
1996 1377 2212 1434 quoque

620 1470 828 1523 ratione
873 1468 1189 1538 perspicua,
1234 1466 1466 1532 clausis,
1494 1472 1560 1523 ut
1584 1464 1766 1528 aiunt,
1796 1461 1970 1517 oculis
1996 1458 2213 1514 sibimet

619 1560 992 1617 assentiamur.
1059 1557 1129 1613 At
1160 1557 1471 1627 quiminque
1495 1555 1564 1611 de
1590 1554 1710 1612 Deo
1737 1552 2005 1640 veraciter
2031 1566 2095 1607 ac
2121 1550 2211 1621 pie

619 1659 906 1708 semerunt
928 1684 944 1715 ,
988 1650 1128 1706 nihil
1178 1649 1249 1705 ab
1290 1663 1363 1704 eo
1406 1663 1520 1704 non
1564 1653 1804 1702 creatum
1848 1643 1995 1714 quod
2035 1641 2210 1699 creari

620 1743 956 1813 oportuerit,
1006 1749 1401 1812 consequenter
1456 1736 1783 1810 intelligunt.
1838 1737 2017 1793 Causa
2064 1737 2207 1793 enim

620 1833 970 1890 creaitdarum
998 1849 1177 1890 rerum
1208 1833 1423 1888 bonitas
1448 1831 1712 1905 creatoris
1735 1837 1840 1886 est.
1884 1828 1990 1896 Qui
2017 1840 2207 1884 creare

2316 625 2427 703 54),
2460 623 2848 701 perfectionem
2881 624 3233 697 plenitudinis
3261 642 3444 687 rerum
3469 628 3558 687 vel
3589 628 3645 685 in
3674 630 3919 691 minimis

2317 726 2561 777 truncam
2598 717 2815 792 facere,
2861 734 2975 779 non
3017 718 3194 776 dicam
3226 721 3519 792 potissima
3560 738 3674 785 non
3705 739 3913 782 creare.

2311 810 2420 867 Sed
2445 809 2690 867 fortassis
2727 818 3016 875 astruatur,
3055 819 3151 867 aut
3194 811 3574 886 incorpoream
3602 824 3912 875 creaturam

2317 901 2523 958 bonum
2535 916 2645 959 non
2662 916 2801 972 esse,
2818 911 2912 959 aut
2928 903 3131 959 bonum
3152 906 3324 963 creari
3345 922 3453 963 non
3471 910 3802 979 oportuisse,
3819 920 3916 967 aut

2312 994 2458 1066 quod
2503 996 2806 1067 oportuerit
2851 995 2971 1053 ﬁeri
2998 999 3324 1069 nequivisse.
3367 1002 3475 1059 Sed
3513 1018 3786 1067 summum
3812 1007 3914 1065 bo-

2311 1103 2441 1147 num
2469 1087 2821 1160 incorporem
2847 1098 3066 1156 creator
3093 1099 3204 1159 est;
3234 1108 3488 1163 magnum
3510 1096 3715 1161 bonum
3739 1098 3914 1157 incor-

2313 1195 2480 1250 porea
2507 1189 2773 1245 creatura.
2811 1180 3063 1253 Oportuit
3090 1183 3253 1253 igitur
3300 1201 3333 1243 a
3372 1201 3587 1247 summo
3613 1189 3761 1251 bono
3793 1189 3910 1246 ﬁeri

2313 1268 2566 1342 magnum
2592 1273 2816 1331 bonum.
2854 1272 2924 1329 Et
2946 1274 3125 1346 potuit
3157 1277 3505 1348 omnipotens
3522 1280 3727 1349 facere,
3750 1285 3912 1354 quod

2313 1364 2496 1421 debuit
2546 1367 2721 1422 bonus
2753 1366 2907 1423 velle.
2949 1367 3167 1425 Creavit
3192 1383 3325 1439 ergo
3356 1371 3726 1443 iocor-porcam
3767 1375 3909 1431 sub-

2311 1457 2582 1522 stantiam,
2612 1458 2705 1526 qui
2749 1473 2858 1513 non
2883 1457 3064 1515 facere
3098 1476 3209 1517 non
3256 1461 3462 1531 potuit,
3489 1464 3632 1533 quod
3656 1464 3775 1521 ﬁeri
3800 1466 3908 1523 dc-

2310 1547 2446 1604 buit.
2486 1548 2601 1605 Nisi
2629 1548 2770 1606 forte
2796 1549 3008 1607 dicatur
3034 1551 3237 1621 aliquid
3266 1551 3294 1595 ³³
3322 1553 3569 1613 debuisse
3586 1554 3724 1622 ﬁeri,
3747 1557 3905 1625 quod

2312 1638 2401 1699 ille
2428 1655 2538 1695 non
2565 1639 2774 1697 fecerit.
2834 1640 3186 1712 Consequens
3212 1657 3344 1714 ergo
3370 1645 3492 1713 erit,
3746 1647 3903 1706 illum

2308 1728 2520 1795 fecisse,
2550 1731 2824 1802 quodnon
2852 1731 3119 1795 debuerit.
3183 1790 3187 1794 ,
3292 1766 3293 1769 η
3540 1786 3545 1789 _
3744 1764 3747 1767 η

2378 1821 2444 1877 u.
2480 1821 3701 1901 Seddicesmibizsuliquidincorpomum
3741 1846 3902 1891 σαι-

622 1935 816 1997 petens
842 1927 1092 1983 universa
1118 1940 1241 1995 quae
1260 1925 1407 1992 velit,
1434 1925 1571 1979 nihil
1595 1924 1852 1980 bonitatis
1878 1920 2212 1977 exercuisset
2241 1912 2285 1973 Β
2314 1921 2430 1971 tum
2474 1922 2577 1980 est,
2616 1916 2918 1988 atquiparat
2959 1931 3089 1988 ergo
3135 1922 3461 1977 crateram.
3504 1920 3588 1979 De
3614 1937 3744 1981 vero
3796 1926 3901 1982 ho-

619 2018 663 2075 si
713 2018 845 2075 nihil
886 2028 1171 2075 elocant:
1210 2017 1289 2073 ita
1352 2016 1649 2091 semiplena
1703 2014 2033 2083 benignitate
2078 2026 2206 2067 usus

623 2117 803 2176 esset,
856 2110 906 2166 si
951 2109 1307 2180 semiplenam
1359 2107 1560 2178 aliquid
1604 2106 1949 2163 condidisset.
2012 2104 2205 2159 Mirum

620 2208 798 2257 autem
823 2200 1035 2257 videtur
1062 2200 1444 2271 supplemento
1471 2212 1655 2255 rerum
1680 2195 1869 2253 defore
1892 2194 2094 2266 aliquid
2111 2233 2128 2260 ,
2159 2194 2205 2250 si

620 2306 754 2350 rosae
772 2290 1024 2347 ﬂosculus
1048 2306 1161 2348 non
1180 2291 1478 2356 existeret,
1521 2297 1578 2345 et
1604 2302 1713 2344 non
1738 2285 1927 2344 defore
1951 2286 1999 2347 si
2022 2286 2206 2341 incor-

619 2399 782 2453 porea
810 2384 1111 2439 substantia
1150 2399 1260 2439 non
1286 2390 1435 2439 esset
1458 2391 1662 2447 creata.
1705 2380 1783 2436 Ne
1808 2393 1941 2449 ergo
1962 2393 2076 2435 non
2103 2377 2207 2433 mi-

620 2475 821 2530 nimum
847 2474 1068 2545 aliquid,
1094 2475 1194 2531 sed
1212 2476 1298 2531 vel
1322 2474 1662 2546 potissimam
1681 2487 1791 2528 non
1818 2469 2030 2526 deforet
2054 2484 2225 2526 mar

619 2573 751 2620 tunc
794 2566 1151 2636 plenitudini,
1199 2566 1389 2622 debuit
1422 2566 1755 2635 incorporea
1803 2575 2022 2632 quoque
2070 2560 2204 2616 sub—

618 2653 2205 2723 mm-suummmtnju-

621 2750 775 2817 risu,
796 2750 851 2805 si
873 2750 1252 2822 incorporeum
1272 2746 2208 2821 aliquidueaibisbuilecmdidime

621 2840 857 2908 dicatur;
900 2842 1025 2912 qlia
1058 2842 1238 2898 simile
1272 2843 1389 2899 Dee
1412 2842 1549 2897 nihil
1568 2840 1846 2896 invenitur
1872 2838 1927 2893 in
1948 2854 2202 2909 corpore.

622 2931 728 2986 Sed
772 2932 840 2986 ab
886 2931 1005 3002 ipso
1048 2932 1493 2988 Deositiiitldo
1532 2928 2205 2986 Deianitnadiciturbn-

624 3036 784 3076 mana
816 3039 828 3075 τ
861 3023 914 3076 in
940 3038 1172 3094 corpore
1198 3032 1378 3079 autern
1396 3024 1549 3079 nulla
1570 3038 1693 3079 esse
1710 3029 1892 3093 potest
1912 3018 2208 3077 shutlitudo

626 3111 827 3167 divina.
859 3111 1249 3183 incorporeum
1272 3128 1405 3185 ergo
1432 3114 1556 3180 erit,
1580 3113 1732 3183 quod
1754 3111 1874 3168 Dee
1900 3111 2204 3177 ﬁnimile;

624 3199 890 3256 humanus
933 3217 1063 3257 vem
1109 3204 1319 3259 anitnns
1360 3203 1429 3257 ad
1473 3200 2004 3259 similitudinem“
2033 3201 2208 3257 lactus

625 3300 741 3360 est;
772 3292 1124 3363 incorporeus
1152 3296 1315 3366 igitur
1336 3306 1425 3352 est
1442 3297 1662 3352 animus
1685 3297 1969 3353 humans.

1248 3426 1479 3489 CAPUT
1508 3426 1582 3489 ν.

623 3524 772 3606 Quod
797 3541 1126 3617 incorporeus
1153 3558 1420 3617 corporeo,
1435 3554 1493 3599 et
1517 3544 1739 3609 illocalis
1767 3543 1924 3602 loculi
1948 3544 2208 3617 dignitate

715 3614 1052 3684 pmponilur,
1083 3614 1252 3686 deque
1267 3614 1400 3671 bona
1426 3632 1616 3689 magno
1646 3626 1698 3671 et
1725 3617 1857 3672 bona
1886 3614 2106 3687 sumina.

646 3784 652 3793 ,
691 3725 735 3782 l.
769 3725 939 3799 Omne
965 3736 1145 3783 autem
1175 3714 1551 3800 incorporeum
1578 3714 1844 3801 corporeo
1869 3769 1883 3794 ,
1906 3739 1972 3786 et
1995 3731 2207 3787 illocale

620 3813 777 3886 locali
799 3857 815 3884 ,
864 3826 919 3873 et
961 3819 1247 3876 insecabile
1292 3821 1511 3877 secabili
1529 3861 1544 3887 ,
1574 3829 1632 3877 et
1659 3822 1846 3878 vivens
1874 3838 1980 3877 non
2006 3811 2206 3879 viventi

618 3906 673 3965 in
702 3904 909 3963 nattiric
957 3909 1217 3979 dignitate
1265 3891 1613 3982 pmponitur.
1672 3911 1963 3968 Enimvero
1990 3921 2207 3969 creator

600 3999 1174 4069 .cmnipotentissimus
1221 4001 1467 4070 idemque
1525 4002 1942 4070 benignissimus
1986 4003 2033 4057 si
2079 4002 2207 4057 sub.

618 4089 871 4155 stantiam
921 4093 1066 4149 omni
1115 4110 1344 4164 coepere
1388 4095 1685 4165 potiorem,
1715 4092 1926 4163 sibique
1953 4094 2203 4162 similem,

619 4198 729 4254 non
754 4184 956 4240 creavit
983 4201 1144 4255 quam
1160 4187 1343 4242 creari
1383 4186 1633 4243 debuisse
1652 4186 1768 4257 jam
1786 4187 2073 4255 constitit;
2100 4196 2208 4244 .ant

623 4274 817 4343 noluit,
842 4284 937 4343 aut
963 4284 1110 4332 certe
1138 4293 1243 4332 non
1270 4277 1464 4347 potuit.
1492 4277 1563 4333 -Si
1586 4277 1759 4333 voluit
1787 4285 1844 4332 et
1870 4292 1979 4332 non
1998 4278 2201 4349 potuit,

619 4368 1012 4437 omnipotentia
1039 4370 1229 4425 caruit.
1280 4370 1339 4423 Si
1363 4370 1538 4439 potuit
1566 4376 1620 4424 et
1647 4370 1819 4426 noluit
1849 4369 2014 4442 (quod
2041 4371 2204 4430 etiam

620 4457 858 4526 cogitatu
906 4465 990 4513 est
1028 4458 1228 4529 nefas),
1262 4458 1469 4514 invidit.
1520 4459 1645 4516 Non
1695 4469 1875 4518 autem
1906 4470 2094 4533 potest
2121 4465 2206 4520 vel

620 4547 1009 4617 omnipotentis
1028 4562 1137 4603 non
1162 4563 1339 4617 posse,
1368 4549 1453 4604 vel
1480 4551 1691 4607 bonitas
1718 4552 1976 4610 invidere.
2006 4553 2205 4611 Creare

2311 2006 2770 2074 mme,bocest,
2818 2009 2889 2065 de
2928 2010 3164 2078 hominis
3198 2011 3382 2068 anima
3424 2014 3740 2083 enauimus.
3780 2017 3901 2074 Non

2309 2109 2392 2157 est
2434 2102 2551 2157 haec
2590 2101 2816 2171 aequalis
2849 2101 3001 2170 Deo,
3054 2103 3151 2160 sed
3195 2104 3422 2161 similis:
3462 2105 3650 2176 itaque
3687 2107 3896 2176 similis,

2311 2200 2572 2262 quantum
2617 2194 2937 2266 incorporea
2980 2194 3306 2265 incorporeo
3350 2195 3603 2265 interior,
3636 2207 3899 2269 quantum

2305 2293 2490 2340 creata
2534 2286 2802 2353 creatori;
2838 2286 3034 2343 similis
3077 2294 3336 2357 quantum
3376 2289 3764 2347 intellectualis
3804 2291 3897 2349 lux

2307 2377 2414 2433 luci
2440 2378 2790 2446 intelligibili;
2838 2378 3114 2435 dissimilis
3150 2386 3413 2449 quartum
3446 2381 3723 2438 mutabilis
3738 2398 3895 2439 crea-

2307 2478 2427 2525 tura
2470 2471 2790 2526 immutabili
2843 2471 3077 2527 creatori
3116 2471 3412 2530 dissimilis.
3464 2472 3628 2529 Aliud
3658 2488 3896 2551 ιρηηαο

2307 2569 2389 2617 est
2408 2564 2624 2627 veritas,
2656 2560 2802 2616 aliud
2828 2561 3006 2632 imago
3033 2562 3292 2628 veritatis.
3342 2562 3452 2620 Sed
3484 2564 3631 2620 sinit
3652 2564 3732 2621 rei
3753 2578 3881 2620 cor-

2306 2653 2862 2724 porecnullaimago
2910 2668 3032 2709 esse
3074 2655 3890 2725 potest,n'nieapns;itane~

2307 2758 2577 2814 quaquam
2641 2742 2820 2814 imago
2872 2743 3181 2814 incorporei
3224 2745 3489 2802 invenitu-
3528 2744 3589 2801 in
3614 2760 3881 2816 .cmpone.

2309 2831 2808 2888 Namillictiride
2852 2832 3130 2890 animo
3174 2834 3886 2907 bonisislogailoquitur,

2308 2923 2627 2980 sicaitzEt
2664 2924 2801 2983 dixit
2836 2923 3329 2983 DenuFaa'm
3364 2927 3630 2984 Ita-tium
3666 2927 3897 2985 adima-

2309 3016 2481 3087 ga‘nein
2507 3024 2557 3071 et
2583 3015 2973 3097 “ualitudinem
2998 3026 3251 3073 nostram
3292 3016 3365 3072 Et
3392 3019 3516 3089 fed!
3536 3019 3801 3077 habent
3820 3020 3895 3075 ad

2308 3109 2589 3180 imaginem
2629 3116 2681 3164 et
2716 3107 3104 3164 similitudinem
3144 3125 3317 3166 suam.
3382 3110 3466 3165 Ad

2311 3202 2502 3255 aravit
2528 3217 2645 3255 eum
2664 3240 2680 3267 ,
2722 3200 3016 3257 masculum
3060 3208 3111 3256 et
3138 3203 3384 3273 [animum
3412 3199 3569 3273 (Cen.
3594 3217 3639 3268 «ι,
3668 3200 3751 3269 26,
3774 3200 3885 3272 27).

2223 3285 2281 3351 ’C
2298 3291 2515 3350 .Divinm
2534 3292 2676 3348 istud
2704 3292 3043 3349 auctoritatis
3062 3292 3364 3359 oraculum,
3396 3308 3501 3351 nec
3526 3292 3737 3363 eloquio
3750 3292 3892 3349 eludi

2307 3390 2489 3453 potest
2507 3423 2524 3449 ,
2561 3394 2662 3439 nec
2706 3391 3028 3453 agumento
3050 3382 3218 3471 .falli,
3246 3398 3352 3440 nec
3379 3383 3583 3440 virtute
3606 3383 3767 3450 vinci,
3796 3397 3897 3442 nec

2307 3485 2425 3532 arte
2466 3477 2666 3531 vitiari.
2718 3476 2778 3533 Si
2824 3476 3001 3546 imago
3034 3476 3138 3532 .Dei
3170 3484 3265 3533 est
3294 3476 3549 3533 ιιιιιιιιαιια
3570 3476 3782 3544 atrium,
3810 3476 3895 3531 iu-

2305 3569 2561 3643 ccnporei
2602 3568 2858 3625 videlicet
3258 3567 3322 3624 Si
3350 3569 3671 3639 incorporei
3715 3570 3892 3639 imago

2260 3669 2429 3728 rest,
2463 3661 2781 3732 incorporea
2824 3661 3019 3730 utique
3058 3660 3181 3730 ipsa
3224 3668 3329 3716 est.
3382 3660 3455 3716 At
3499 3660 3546 3716 si
3577 3661 3898 3730 incorporea

2309 3768 2418 3808 non
2446 3760 2532 3807 est
2553 3795 2567 3819 ,
2618 3752 2928 3822 incorporei
2942 3766 3173 3822 prorsus
3196 3751 3370 3822 imago
3392 3767 3501 3807 non
3528 3759 3628 3807 est.
3678 3752 3785 3806 Sed
3802 3753 3894 3807 in-

2306 3843 2556 3913 corporei
2578 3843 2762 3911 imago
2790 3852 2892 3908 est,
2916 3844 3245 3915 incorporea
3270 3842 3551 3913 igiturest.
3594 3841 3727 3897 Nam
3750 3841 3888 3912 quia

2305 3942 2487 3990 creata
2516 3943 2627 4000 est,
2652 3934 3071 3992 mnestheus.
3122 3935 3257 4003 Quia
3272 3935 3455 4005 imago
3480 3934 3579 3991 Dei
3606 3942 3691 3991 est
3710 3972 3735 4002 ,κ
3768 3949 3891 3991 ιιιοιι

2308 4034 2391 4082 est
2417 4036 2632 4097 corpus.

2913 4140 3146 4199 CAPUT
3190 4140 3291 4198 Ἣ.

2311 4252 2462 4321 Quod
2486 4272 2603 4310 cum
2631 4271 2779 4310 omue
2805 4257 3165 4328 incorporeum
3193 4256 3450 4328 invisibile
3474 4258 3559 4324 sit,
3592 4273 3695 4312 non
3726 4265 3889 4312 tamen

2689 4343 2840 4381 omne
2864 4325 3164 4399 corporeum
3185 4325 3387 4383 uisibile
3409 4330 3495 4382 sit.

2378 4455 2420 4512 Ι.
2461 4456 2568 4517 Sed
2594 4457 2818 4528 subjicis
2845 4474 2878 4513 a
2908 4458 3091 4516 nescio
3119 4459 3314 4533 quibus
3342 4476 3574 4530 quorum
3601 4469 3778 4516 tamen
3805 4475 3896 4516 no-

2308 4550 2513 4605 minum
2534 4550 2700 4629 nobis
2728 4551 2975 4607 notitiam
3025 4552 3295 4625 subripis,
3348 4554 3431 4610 sic
3458 4552 3675 4619 doceri,
3704 4562 3767 4609 ut
3791 4553 3893 4608 alia

625 4650 756 4707 ergo
808 4638 1186 4709 incorporeum
1254 4644 1309 4696 et
1355 4643 1531 4712 potuit
1579 4651 1634 4700 et
1677 4644 1884 4714 voluit;
1933 4647 2111 4716 igitur
2148 4656 2206 4703 et
2230 4657 2285 4719 ι)
2308 4641 2489 4701 dicant
2534 4659 2655 4700 esse
2690 4644 3045 4714 incorporea,
3095 4645 3196 4701 alia
3240 4646 3546 4703 invisibilia.
3589 4646 3893 4703 Tremendze

622 4729 844 4787 creavit.
886 4729 996 4797 Nisi
1043 4730 1181 4788 torte
1227 4733 1393 4800 dicas,
1435 4735 1549 4791 ﬁeri
1588 4751 1698 4793 non
1724 4737 2013 4804 debuisse,
2054 4738 2203 4808 quod

623 4818 716 4883 ille
742 4822 920 4891 potuit
944 4822 1082 4879 velle
1099 4859 1115 4889 ,
1144 4825 1235 4894 qui
1264 4841 1373 4881 non
1400 4828 1577 4897 potuit
1602 4828 1742 4885 velle
1764 4830 1912 4897 ,.nisi
1939 4829 2087 4899 quod
2114 4830 2211 4886 de-

621 4912 740 4974 buit
766 4911 962 4971 facere.
1015 4914 1153 4982 Quid
1182 4917 1313 4976 mibi
1340 4933 1498 4975 .nunc
1527 4928 1766 4977 creatum
1793 4937 1902 4978 non
1929 4936 2050 4979 esse
2075 4936 2210 4996 con:

618 5004 811 5070 lendas
855 5007 1001 5077 quod
1047 5008 1220 5064 creari
1269 5009 1519 5066 debuisse
1565 5027 1676 5068 non
1719 5012 1971 5069 dubitas?
2022 5009 2211 5069 Creari

619 5102 769 5153 certe
813 5106 1027 5155 constat
1071 5099 1356 5169 debuisse,
1402 5103 1530 5171 quia
1557 5117 1681 5158 cum
1706 5112 1924 5160 creator
1940 5104 2207 5175 incorpo-

619 5199 746 5241 reus
787 5191 1080 5268 maximum
1125 5192 1326 5254 bonum
1353 5194 1535 5259 sit,_et
1562 5203 1801 5252 creatum
1829 5196 2204 5268 incorporeum

620 5288 869 5343 magnum
913 5280 1114 5353 bonum
1159 5283 1261 5349 sit,
1299 5292 1356 5339 et
1382 5292 1623 5339 creatum
1647 5298 1846 5355 corpus
1874 5294 1901 5324 ι
1930 5286 2075 5356 quod
2099 5285 2203 5341 nisi

622 5372 861 5419 creatum
886 5383 1010 5431 non.
1041 5376 1125 5424 est
1147 5408 1163 5436 ,
1211 5373 1429 5444 aliquod
1456 5374 1666 5447 bonum
1695 5374 1823 5429 sit-a
1854 5390 2066 5431 summo
2088 5373 2202 5431 Deo

619 5453 822 5525 quiest
848 5458 1136 5519 maximum
1171 5461 1372 5518 bonum
1402 5482 1415 5518 :
1456 5465 1594 5521 sicut
1620 5474 1865 5522 creatum
1892 5474 1977 5522 est
2005 5482 2202 5538 corpus

620 5544 838 5616 aliquod
866 5546 1115 5615 bonum,
1162 5551 1235 5605 ita
1272 5555 1444 5609 creari
1470 5555 1656 5612 debuit
1696 5557 2075 5628 incorporeum
2101 5556 2201 5612 ali-

619 5634 765 5706 quod
807 5652 1061 5709 magnum
1099 5639 1337 5698 bonum:
1369 5642 1504 5712 Quia
1543 5662 1650 5703 non
1679 5647 1994 5705 conveniret
2021 5646 2197 5705 omni-

694 5836 720 5875 δ
758 5832 841 5894 Al.
873 5834 1078 5899 bonum.

2308 4732 2518 4790 scilicet
2544 4733 2749 4804 peritia:
2790 4742 3145 4803 tractatores,
3190 4736 3283 4807 qui
3312 4737 3711 4807 usqueadhoc
3729 4752 3891 4808 pene-

2310 4833 2522 4882 travere
2546 4838 2849 4901 secretum.“
2875 4825 2933 4901 Si
2960 4828 3065 4883 alia
3095 4828 3412 4900 incorporea
3438 4837 3585 4897 sunt,
3626 4830 3734 4886 alia
3760 4828 3866 4884 invi

2310 4916 2505 4981 sibilia,
2530 4930 2661 4987 ergo
2690 4918 3010 4990 incorporea
3040 4935 3149 4976 non
3162 4918 3639 4999 ‘.sunt.invisibilia.
3664 4920 3893 4990 Postpo-
3926 4932 3931 4935 λ

2315 5010 2552 5065 nendum
2576 5017 2662 5079 est
2682 5011 2846 5081 igitur
2872 5011 3255 5084 incorporeum
3282 5013 3432 5070 omni
3446 5029 3746 5085 corporeo,
3772 5014 3896 5083 quia

2309 5099 2439 5156 dicit
2476 5115 2582 5171 per
2621 5100 2939 5172 Apostolnm
2975 5102 3187 5160 Veritas
3215 5121 3229 5173 ς
3263 5102 3393 5179 ρῳ
3417 5105 3677 5171 ridentur,
3706 5113 3896 5174 ampo-

2311 5191 2458 5246 ralia.
2474 5200 2632 5258 sunt;
2673 5210 2789 5265 qua
2820 5203 2996 5250 autem
3032 5212 3138 5251 non
3166 5196 3422 5265 vitiatur,
3451 5204 3649 5253 (eterna
3677 5206 3798 5251 sum
3827 5193 3893 5265 (ll

2304 5280 2529 5351 (ἔσταν,
2552 5282 2675 5354 .l8).
2717 5285 2917 5341 Verum
2949 5295 3021 5341 .tu
3060 5287 3381 5345 creatricem
3407 5296 3757 5358 creatamque
3782 5287 3879 5342 sub

2303 5373 2558 5429 stantiam
2596 5374 2671 5429 ita
2718 5375 2982 5432 discernis
3007 5410 3023 5443 ,
3073 5384 3133 5432 ut
3157 5378 3263 5433 alia
3291 5377 3402 5434 sint
3425 5378 3765 5449 incorporea;
3796 5377 3897 5431 alia

2303 5464 2609 5523 invisibilia.
2659 5464 2928 5525 ιιιγὶεὶιήιε
2956 5469 3120 5539 igitur
3147 5485 3308 5527 omne
3336 5486 3661 5542 corporeum
3684 5510 3700 5535 ,
3733 5479 3790 5527 et
3819 5471 3898 5526 in-

2303 5569 2624 5628 corporeum
2653 5574 2814 5615 omne
2843 5559 3070 5617 visibile.
3111 5561 3239 5617 Istic
3263 5570 3481 5631 egomet
3505 5561 3685 5618 audeo
3715 5560 3901 5618 scisci-

2302 5647 2443 5703 tari:
2475 5647 2828 5706 lnvisibilisne
2876 5651 2945 5706 sit
2994 5650 3164 5720 Deus,
3227 5667 3368 5708 anne
3397 5638 3747 5709 νίεἱὺιίὶεΐὸὶ
3780 5668 3893 5708 cor-

2382 5840 2409 5888 δ
2447 5845 2529 5902 Al.
2559 5844 2806 5902 decuisse.
