4232 6264
314 336 416 441 ea

1520 363 1608 420 nu
1644 335 1871 420 STATU
1913 350 2149 416 suum
2192 354 2317 413 us.
2346 342 2398 411 ’1.

3497 341 3609 408 no

312 486 541 574 porcum
568 506 754 564 negas,
784 487 1051 547 visibilem
1080 503 1190 543 non
1218 468 1549 543 recusas.‘Si
1579 481 1897 539 invisibilem
1928 482 2146 545 Anius,
2176 477 2229 532 si‘
2252 476 2490 574 seipsum
2529 479 2774 574 tangeret
2799 478 2998 527 tactus.
3052 469 3228 538 Atque
3254 467 3415 524 utde
3442 477 3604 525 ciete-

314 578 470 658 dicis,
517 582 842 659 corporeum
886 576 1181 640 conﬁteris.
1237 576 1543 636 Secundum
1589 577 1732 631 hanc
1778 576 1917 644 ergo

315 676 643 742 sententiam
690 688 837 734 tuam
886 678 1046 749 (qua:
1108 673 1203 729 tibi
1248 666 1513 743 nobisque
1561 671 1631 726 sit
1678 666 1906 740 procul)

314 764 572 839 aeternus,
605 771 905 837 invisibilis,
935 762 1288 839 incorporeus
1326 758 1491 831 Deus,
1534 768 1624 819 aut
1653 762 1917 832 incorpo-‘

316 886 446 927 reus
477 869 581 925 erit
609 860 665 922 et
685 864 908 921 visibilis
940 860 1063 929 erit,
1097 864 1190 916 aut
1216 872 1515 930 corporeus
1545 857 1649 912 erit
1675 863 1731 911 et
1753 862 1910 909 mter-

302 957 424 1020 ‘nus
469 978 575 1024 non
615 960 748 1020 erit,
805 955 1036 1025 Quidam
1083 963 1265 1010 tamen
1311 952 1552 1022 cogitare
1591 949 1785 1012 valuit,
1816 945 1913 1002 sed

319 1052 505 1126 eloqui
532 1068 639 1108 non
669 1050 854 1105 valuit.
907 1046 1217 1102 Patentium
1266 1058 1461 1114 nempe
1507 1055 1791 1098 causarum
1816 1038 1915 1095 do-

318 1128 439 1207 ctor
468 1151 699 1218 ignarus,
731 1160 893 1214 quem
929 1142 1110 1199 dicere
1136 1141 1312 1197 nisum
1348 1153 1491 1205 reor,
1524 1151 1645 1194 esse
1669 1128 1914 1207 quaedam

316 1258 579 1313 corporea
607 1256 725 1310 quae
754 1234 922 1293 videri
965 1240 1267 1305 nequeant;
1307 1248 1430 1289 cum
1459 1228 1527 1287 sit
1554 1230 1805 1285 universo
1834 1228 1916 1282 in-

316 1350 584 1407 corporeo
613 1331 914 1405 proprium,
946 1347 1053 1386 non
1076 1324 1266 1383 videri.
1302 1318 1378 1382 Ac
1397 1339 1493 1396 per
1520 1322 1627 1379 hoc
1654 1314 1917 1391 curporea

317 1431 589 1506 qmepiam
638 1424 929 1482 invisibilia
980 1440 1099 1479 esse
1147 1437 1344 1493 posse;
1386 1433 1552 1490 porro
1596 1418 1916 1486 incorporea

318 1523 420 1579 nisi
451 1519 742 1576 invisibilia
769 1533 888 1574 esse
912 1534 1021 1571 non
1048 1531 1227 1586 posse.
1292 1512 1427 1567 Nam
1456 1526 1576 1566 cum
1619 1522 1781 1564 oume
1830 1507 1917 1560 in-

310 1620 651 1687 'corporeum
683 1598 952 1666 invisibile
975 1609 1072 1674 sit,
1109 1623 1215 1661 non
1247 1620 1407 1660 omne
1438 1598 1705 1658 invisibile
1737 1601 1917 1653 incor-L

322 1723 551 1781 poreum
580 1713 683 1761 est.
753 1698 872 1758 Vox
920 1702 1061 1757 enim
1112 1716 1221 1755 non
1268 1698 1481 1753 videtur
1507 1704 1562 1751 et
1590 1709 1788 1765 corpus
1816 1699 1917 1747 est.

325 1799 644 1873 Quanquam
670 1783 895 1867 propter
930 1793 1274 1851 eminentiam
1308 1791 1469 1855 visus,
1517 1786 1677 1843 etiam
1706 1800 1825 1855 qum
1854 1783 1921 1838 ad

2011 568 2086 624 ris
2114 576 2323 623 taceam
2340 604 2354 630 ,
2401 564 2448 621 si
2477 562 2681 635 gustari
2712 569 2895 634 posset
2919 565 3199 631 gustatus;
3227 573 3389 616 nemo
3414 567 3605 630 posset

2013 664 2130 715 esse
2154 656 2373 729 jejunus
2397 698 2410 723 ,
2465 659 2567 711 nec
2605 652 2942 709 extrinsecus
2993 649 3294 707 adhibenda
3338 648 3521 707 iurent
3548 650 3604 706 in

2012 765 2131 821 qua:
2181 756 2354 806 semet
2399 763 2591 806 sensus
2637 753 2920 802 exerceret
2942 784 2957 811 ,
3006 744 3054 800 si
3118 744 3297 816 seipse
3354 744 3600 799 sentiret.

2014 840 2305 898 Aliud‘est
2347 843 2479 910 ergo
2530 838 2832 894 membrum
2883 850 2984 907 per
3028 835 3174 907 quod
3219 834 3482 891 sentimus
3504 868 3520 898 ,
3552 842 3610 890 et

2017 931 2209 993 sensus
2237 933 2382 990 aliud
2425 948 2533 1004 quo
2574 933 2853 989 sentimus.
2902 938 2928 968 ι
2975 929 3113 996 Quin
3158 929 3303 983 inter
3340 927 3610 982 invisibile

2015 1033 2394 1102 incorporeum
2442 1036 2497 1084 et
2536 1043 2733 1107 corpus
2780 1026 3010 1088 visibile,
3058 1031 3144 1080 est
3182 1022 3313 1078 illud
3344 1022 3610 1077 invisibile

2016 1127 2340 1193 corporeum
2365 1164 2379 1187 ,
2413 1120 2558 1190 quod
2580 1116 2643 1173 in
2675 1118 2830 1174 nobis
2859 1106 3005 1172 visus
3031 1158 3046 1183 ,
3078 1116 3360 1181 odoratus,
3399 1121 3604 1183 gustus,

2018 1213 2230 1269 auditus
2262 1222 2317 1269 et
2344 1219 2520 1267 tactus
2547 1220 2630 1267 est
2655 1230 2667 1264 :
2699 1224 2819 1280 quae
2846 1210 3106 1280 quoniam
3134 1214 3245 1264 non
3276 1208 3380 1265 nisi
3410 1208 3463 1262 in
3496 1207 3611 1261 ani-

2018 1316 2166 1363 mato
2195 1312 2320 1362 sunt
2343 1320 2571 1376 corpore
2588 1344 2601 1368 ,
2635 1319 2703 1359 ex
2730 1304 3009 1374 utribsque
3035 1302 3232 1357 diversi
3258 1302 3608 1367 commercio,

2020 1390 2208 1453 eadem
2257 1403 2312 1451 et
2362 1410 2624 1465 corporea
2655 1402 2781 1449 sunt
2825 1401 2881 1448 et
2918 1392 3205 1448 invisibilia
3254 1393 3519 1448 trahentia
3544 1390 3615 1445 de

2022 1496 2263 1559 Corpore.
2309 1485 2506 1542 visibili
2542 1494 2613 1539 ut
2655 1496 2919 1554 corporea
2967 1484 3076 1538 sint
3112 1502 3123 1535 :
3174 1484 3245 1538 de
3292 1484 3616 1553 incorporeo

2024 1582 2205 1636 animo
2252 1588 2313 1635 ut
2358 1579 2467 1633 sint
2515 1576 2826 1632 invisibilia.
2888 1574 3007 1631 Non
3036 1575 3198 1644 igitur
3219 1574 3371 1644 juxta
3401 1580 3617 1629 senten-

2024 1674 2158 1728 tiam
2189 1681 2336 1728 tuam
2360 1713 2375 1739 ,
2420 1668 2551 1726 illud
2596 1669 2699 1726 erit
2727 1667 3025 1734 invisibile,
3058 1667 3203 1737 quod
3234 1667 3618 1737 incorporeum

1994 1780 2138 1820 ‘non
2168 1766 2301 1832 erit,
2340 1771 2597 1834 tanquam
2637 1763 2960 1833 incorporeo
2989 1760 3220 1827 visibile,
3271 1767 3325 1816 et
3352 1762 3620 1831 oorporeo

332 1852 539 1873 ..μνη-γ
670 1852 689 1867 .
776 1852 792 1864 .
1458 1852 1465 1855 .
1725 1852 1741 1855 -

326 1882 567 1961 reliquos
612 1887 887 1960 pertinent
942 1900 1169 1951 sensus,
1222 1880 1404 1938 videre
1451 1880 1733 1943 dicamus,
1783 1878 1923 1933 sicut

2035 1857 2297 1913 invisibile
2348 1868 2467 1911 esse
2512 1855 2586 1910 sit
2632 1854 2955 1925 proprium:
3005 1852 3441 1923 quandoquidem
3490 1852 3619 1909 nihil

325 1997 468 2054 saepe
493 1976 752 2045 dicimus,
791 1972 923 2032 Vide
959 1974 1082 2049 quid
1112 1982 1299 2029 sonat:
1332 1988 1454 2029 cum
1480 1988 1647 2029 sonus
1672 1969 1740 2026 ad
1767 1969 1921 2025 audi-

329 2081 444 2129 tum
470 2072 775 2144 pertineat,
830 2054 937 2124 non
985 2066 1051 2122 ad
1107 2067 1299 2121 visum.
1347 2065 1458 2121 Nec
1484 2072 1665 2119 tamen
1695 2063 1769 2117 ita
1792 2061 1925 2117 dici-

328 2181 454 2222 mus
476 2154 497 2229 ,’
542 2163 675 2218 Audi
712 2160 836 2235 quid
882 2161 1054 2225 lucet;
1097 2160 1220 2229 quia
1252 2158 1689 2230 praeeminentior
1714 2155 1925 2212 caeteris

331 2250 581 2315 sensibus
630 2256 811 2319 visus,
861 2268 983 2322 qum
1023 2250 1336 2307 inferiorum
1382 2258 1538 2315 sunt,
1573 2249 1794 2305 abusive
1823 2247 1926 2304 sibi

330 2336 607 2413 vindicat,
647 2340 768 2402 cum
814 2343 1173 2415 potestatibus
1221 2332 1411 2398 eorum
1448 2342 1745 2414 potentiam
1772 2356 1924 2395 suam

332 2458 442 2497 non
487 2441 758 2517 misceat.
789 2432 1054 2505 Quocirca
1101 2443 1156 2491 et
1190 2434 1419 2491 visibilia
1450 2443 1574 2491 sunt
1596 2435 1777 2491 omnia
1805 2449 1926 2504 quae

332 2531 516 2600 sentiri
545 2544 870 2601 quocunque
917 2524 1352 2598 sensu'corporis
1379 2536 1638 2600 possunt,
1680 2527 1724 2582 si
1755 2525 1821 2581 ad
1846 2527 1920 2581 vi«

334 2640 451 2699 sum
476 2630 672 2679 cuncta
694 2613 1011 2678 referamus.
1062 2618 1130 2674 Et
1157 2619 1477 2699 nonomnia
1506 2618 1735 2673 visibilia
1778 2626 1925 2684 sunt,

332 2718 379 2789 si
409 2717 697 2788 unicuique
723 2714 927 2782 sensui,
960 2712 1105 2784 quod
1120 2699 1222 2768 sibi
1249 2696 1331 2768 est
1350 2710 1586 2782 speciale
1613 2710 1919 2767 reddamus.

333 2792 469 2883 illnc
493 2807 676 2864 omnia
704 2794 910 2863 scilicet
958 2803 1271 2876 principalia
1314 2818 1545 2874 corpora
1586 2818 1705 2873 qua:
1734 2801 1925 2859 dicun-

334 2910 422 2957 tur
465 2890 755 2967 elémenta,
806 2886 993 2969 procul
1020 2892 1183 2953 dubio
1213 2888 1440 2951 visibilia
1487 2902 1642 2959 sunt,
1673 2894 1812 2950 sicut
1833 2910 1928 2949 ex-

333 2994 600 3066 perimur.
641 2980 724 3046 Ex
746 2978 972 3061 quorum
1014 2984 1247 3047 metrica
1266 2990 1642 3064 proportione,
1668 2987 1928 3046 confectis

334 3076 445 3163 rite
473 3078 929 3163 dimensionibus,
979 3090 1260 3154 vegetante
1307 3082 1487 3138 anima
1514 3081 1702 3137 vivens
1732 3096 1932 3152 corpus

2029 1948 2295 2004 invisibile
2324 1946 2569 2017 corporis
2597 1945 2755 2013 foret,
2789 1946 2889 2001 nisi
2916 1944 3128 2001 visibﬂe
3156 1943 3287 1999 illud
3317 1944 3620 2014 incorporei

2027 2032 2620 2097 invisibilitas'faceret.
2676 2036 2812 2105 Quia
2859 2037 2914 2092 in
2944 2036 3155 2103 eodem,
3182 2037 3324 2091 sicut
3350 2050 3513 2107 supra
3540 2036 3623 2091 di:-

2029 2134 2225 2199 ximus,
2258 2132 2478 2187 homine
2506 2138 2563 2186 et
2589 2130 2973 2201 incorporeum
3001 2127 3268 2183 invisibile
3295 2136 3375 2183 est
3405 2128 3581 2182 anima
3607 2143 3621 2194 ;

2030 2233 2087 2281 et
2114 2223 2385 2281 invisibile
2413 2230 2759 2292 corporemn,
2788 2220 2935 2293 quod
2960 2220 3031 2277 de
3056 2224 3289 2291 corpore
3316 2212 3509 2275 γεδευίῆ
3538 2219 3623 2273 in-

2030 2317 2317 2391 visibiliter
2344 2316 2456 2385 agit
2482 2316 2681 2369 anima.
2874 2308 2883 2314 ’
3125 2314 3132 2321 ’
3471 2305 3475 2311 ’

2532 2512 2535 2517 ³
2596 2496 2605 2505 ’
2628 2488 2861 2547 CAPUT
2900 2489 3010 2546 VII.

2028 2648 2187 2716 Quod
2211 2667 2275 2707 ex
2294 2658 2517 2723 quatuor
2542 2649 2817 2723 elementis
2834 2659 3029 2703 constet
3057 2664 3264 2723 corpus,
3292 2655 3341 2702 et
3373 2647 3626 2719 quomodo

2404 2722 2628 2793 quinque
2658 2719 2891 2775 sensibus
2921 2720 3248 2775 conveniant.

2095 2887 2145 2959 ’1.
2186 2874 2305 2959 Jam
2332 2917 2463 2958 vero
2490 2914 2848 2973 aquaewnque
2894 2912 3144 2967 corporis
3186 2896 3435 2953 sensist
3461 2895 3633 2963 taugi-
3692 2954 3703 2966 ,

2036 3015 2177 3063 mus,
2210 2998 2283 3052 ita
2311 2996 2379 3051 ad
2408 3010 2655 3064 quosque
2703 3003 2902 3066 eorum
2940 3005 3173 3061 quaeque
3200 3005 3269 3045 ex
3287 2988 3401 3064 illis
3429 2988 3634 3059 specia-

2016 3088 2135 3147 -tim
2164 3088 2459 3158 pertinent,
2501 3092 2559 3140 ut
2589 3085 2644 3138 in
2664 3083 3102 3155 communionem
3128 3081 3472 3152 propriorum
3502 3079 3637 3135 alios

334 3160 587 3258 unicum.
633 3160 947 3245 Ωιιειηίιυεηι
988 3175 1155 3229 "Nlla
1201 3175 1340 3241 είιιι,
1372 3186 1492 3244 (illa?
1517 3168 1775 3228 tanimala
1823 3187 1931 3228 non
1960 3226 2005 3258 λ
2038 3196 2148 3236 non
2196 3179 2505 3234 admittant.
2563 3175 2659 3230 Est
2707 3189 2837 3245 ergo
2884 3174 3026 3229 inter
3071 3173 3323 3229 universa
3354 3187 3635 3249 corporea,

337 3254 493 3353 ξῑίιιιισν¹
513 3274 570 3322 8|-
620 3242 1014 3335 νίνθτθῖιιθεπί
1056 3281 1164 3320 υοη
1194 3242 1469 3336 Possum?
1511 3262 1619 3318 sed
1644 3262 1712 3318 de
1735 3262 1821 3318 his
1850 3261 1934 3318 Ῐο·
1957 3242 2007 3308 c
2034 3274 2170 3341 solis
2218 3273 2310 3327 lux
2362 3272 2478 3326 sine
2503 3242 2841 3326 dubitatione
2864 3269 3232 3339 praestantior.
3262 3265 3388 3321 Haec
3414 3266 3482 3320 ad
3512 3248 3640 3320 illud

340 3352 569 3431 quimur,
602 3375 721 3430 qua:
758 3375 868 3414 non
898 3356 1073 3414 solum
1112 3358 1323 3424 vivunt,
1356 3352 1451 3413 sed
1476 3357 1640 3413 etiam
1669 3357 1930 3426 sentiunt,

341 3451 477 3507 sicut
504 3459 630 3507 sunt
658 3444 893 3505 animata
921 3450 1426 3525 rationc'expertia.
1482 3447 1559 3504 De
1580 3448 1775 3518 quibus
1801 3466 1936 3521 pau-

338 3536 506 3598 lulum
533 3540 900 3613 disputatione
928 3536 1114 3612 dilata,
1143 3539 1209 3595 de
1231 3539 1385 3596 nobis
1412 3540 1715 3609 loquamur.

411 3635 477 3690 ll.
516 3635 681 3706 Igitur
723 3653 843 3691 cum
895 3652 960 3690 ex
1007 3632 1186 3689 anima
1216 3634 1385 3689 simus
1410 3642 1467 3689 et
1493 3632 1740 3705 corpore,
1774 3622 1938 3703 atque

346 3735 405 3782 ut
432 3728 860 3805 corpusanimus
889 3744 1009 3795 esse
1034 3743 1142 3782 non
1164 3734 1362 3797 potest,
1396 3726 1485 3781 sic
1503 3727 1713 3781 animus
1740 3742 1940 3797 corpus

340 3816 465 3899 esse
492 3836 600 3874 non
631 3820 839 3891 possit:
874 3815 1098 3873 Animus
1126 3818 1217 3888 qui
1248 3817 1412 3899 sentit
1437 3817 1489 3872 in
1521 3824 1750 3888 Corpore
1774 3858 1790 3884 ,
1837 3818 1940 3873 etsi

346 3896 442 3980 per
490 3908 699 3966 visibile
745 3908 947 3977 sentit,
998 3894 1337 3965 invisibiliter
1382 3900 1564 3966 Sentit.
1609 3907 1767 3964 Aliud
1796 3910 1939 3964 enim

348 4006 432 4055 est
455 4000 638 4066 visus,
682 4000 824 4056 aliud
866 3994 1070 4057 oculus.
1122 3998 1281 4055 Aliud
1326 4000 1501 4066 auris,
1534 4000 1679 4055 aliud
1707 3999 1938 4055 auditus.

347 4088 521 4147 Nares
549 4090 717 4157 aliud,
761 4091 902 4146 aliud
932 4092 1201 4149 odoratus.
1256 4092 1324 4147 Et
1353 4110 1415 4149 os
1442 4092 1585 4147 aliud
1608 4134 1622 4159 ,
1670 4091 1814 4147 aliud
1847 4108 1945 4163 gu—

349 4189 489 4239 stus.
528 4179 640 4240 Nec
676 4184 780 4239 hoc
811 4183 950 4239 idem
973 4226 987 4251 ,
1037 4201 1224 4241 manus
1272 4192 1326 4241 et
1358 4186 1552 4241 tactus.
1603 4180 1769 4255 igitur
1797 4194 1944 4242 tactu

352 4274 584 4330 calentia
630 4264 988 4345 frigentiaque
1030 4275 1383 4332 discernimus
1410 4316 1425 4342 ,
1458 4277 1635 4346 ipsum
1661 4275 1792 4333 vero
1822 4293 1948 4333 sen-

353 4381 473 4421 sum
520 4365 771 4436 tangendi
821 4383 930 4423 non
979 4370 1263 4439 tangimus.
1343 4368 1468 4424 Nec.
1501 4368 1668 4438 frigus
1714 4384 1949 4440 namque

356 4457 485 4524 illic,
515 4475 617 4515 nec
663 4461 812 4516 calor
859 4464 960 4516 est.
1027 4460 1094 4516 Et
1114 4468 1334 4531 gustatu
1362 4460 1540 4519 dulcia
1568 4469 1736 4530 atque
1764 4477 1949 4515 amara

358 4547 643 4613 sentimus,
670 4548 768 4603 sed
788 4552 1058 4619 gustatum
1084 4558 1303 4621 gustare
1332 4567 1439 4606 non
1469 4566 1777 4621 possumus.
1808 4549 1965 4605 Nihil.

2040 3381 2359 3438 supremum
2405 3364 2461 3432 in
2508 3364 2760 3420 universo
2808 3376 3078 3433 corporeo
3124 3360 3358 3431 pertinet
3398 3359 3639 3416 elemen-

2034 3468 2154 3526 tum
2180 3499 2196 3526 ,
2249 3456 2396 3528 quod
2444 3457 2583 3527 ignis
2629 3455 2848 3510 dicitur.
2885 3453 3023 3509 Hinc
3073 3461 3158 3515 est
3204 3451 3349 3523 quod
3396 3450 3558 3506 etiam
3588 3449 3641 3505 in

2020 3565 2274 3623 ‘corpore
2303 3551 2540 3605 humano
2586 3546 2940 3617 principalem
2978 3559 3091 3614 pra:
3119 3543 3371 3598 omnibus
3396 3540 3644 3596 sensibus

2044 3646 2227 3701 locum
2256 3642 2405 3695 visus
2434 3638 2676 3708 accepit;
2727 3638 2795 3692 ab
2835 3638 3051 3692 interno
3078 3635 3287 3691 scilicet
3312 3634 3495 3689 calore
3519 3648 3644 3689 cor-

2043 3736 2129 3790 dis
2157 3751 2223 3788 ac
2244 3732 2447 3802 jecoris
2469 3768 2484 3792 ,
2518 3728 2735 3796 igniculi
2762 3727 2982 3797 quidam
3010 3726 3320 3781 indefessim
3350 3724 3646 3795 scintillau-

2032 3835 2181 3895 tes,’
2220 3825 2273 3879 in
2321 3836 2590 3879 cameram
2636 3818 2828 3890 capitis
2851 3859 2866 3884 ,
2920 3816 3074 3888 quasi
3118 3818 3177 3887 in
3227 3816 3423 3872 celum
3472 3815 3644 3881 nostri

2048 3917 2295 3989 corporis
2322 3912 2631 3970 subvolant.
2816 3908 3015 3978 quibus
3058 3908 3201 3963 radii
3240 3923 3339 3978 per
3364 3906 3646 3963 oculorum

1980 4047 1993 4060 .
2050 4009 2227 4066 media
2254 4005 2475 4079 profusi,
2501 4020 2566 4059 ac
2592 4003 2778 4059 lumini
2807 4009 3000 4067 extero
3027 4001 3328 4068 commixti,
3359 4014 3650 4070 corporum

2055 4104 2110 4159 in
2140 4117 2262 4173 quae
2292 4099 2580 4157 inciderint
2627 4084 2950 4167 repercussu
2971 4136 2985 4162 ,
3018 4094 3367 4160 retroversim
3394 4091 3651 4149 cedentes

2053 4192 2373 4261 earumdem
2401 4191 2618 4247 colores
2639 4204 2711 4245 ac
2740 4187 2945 4245 formas
2974 4187 3245 4242 hauriunt.
3302 4184 3654 4241 Animadver-

2056 4286 2127 4341 tis
2156 4284 2319 4352 igitur
2358 4297 2627 4352 summum
2676 4281 2729 4336 in
2776 4279 3063 4335 elementis
3107 4276 3287 4348 ignem
3313 4280 3333 4345 ,’
3355 4274 3656 4348 pulcherrio

2056 4392 2201 4431 mam
2247 4377 2302 4431 in
2354 4375 2627 4431 coloribus
2672 4373 2849 4435 lucem
2873 4410 2889 4438 ,
2934 4372 3260 4442 praecipuum
3304 4370 3363 4424 in
3411 4369 3658 4433 sensibus

2056 4468 2252 4549 visum.
2308 4466 2462 4522 Hunc
2488 4466 2687 4521 merito
2717 4472 2884 4536 atque
2906 4463 3150 4535 potentia
3179 4461 3393 4517 auditus
3422 4460 3659 4530 insequi-

1978 4606 2022 4629 .__
2060 4567 2185 4629 tur:
2217 4559 2293 4624 illi
2346 4559 2616 4626 elemento
2650 4557 2690 4623 λι)
2740 4573 3001 4628 compar,
3048 4555 3198 4626 quod
3241 4553 3414 4619 Graeci
3462 4561 3661 4609 vocant

360 4626 506 4692 enim
532 4639 620 4721 'vel
648 4641 970 4713 amarum‘in
1002 4619 1105 4697 illo
1120 4642 1203 4698 vel
1233 4638 1389 4711 dulce
1413 4619 1513 4696 est.
1566 4638 1799 4696 Naribus
1817 4639 1952 4723 odo-
1977 4619 2029 4680 Ῑ)
2060 4621 2256 4709 alme“
2277 4669 2295 4706 ι
2325 4619 2417 4721 (ιω
2464 4652 2591 4706 licet
2635 4620 2703 4706 6x
2746 4619 2999 4715 mig‘si;
3044 4619 3277 4717 gamma
3322 4657 3505 4705 mw"
3534 4649 3659 4718 quia

360 4724 449 4786 res
477 4717 803 4801 accipimus;
835 4733 1036 4789 olfactu
1063 4742 1241 4788 tamen
1272 4733 1527 4789 olfactmn
1550 4749 1657 4789 non
1688 4718 1949 4804 capimus,

361 4823 488 4892 quia
518 4822 649 4878 nihil
682 4824 793 4879 olet
819 4822 1068 4881 'oll‘actus.
1128 4824 1195 4881 Et
1218 4826 1436 4882 auribus
1466 4843 1625 4883 voces
1654 4808 1949 4896 haurimus,

361 4914 455 4968 sed
484 4930 607 4970 cum
637 4916 769 4970 nihil
795 4926 954 4972 sonet
980 4917 1221 4991 auditus,
1254 4918 1427 4989 ipsum
1453 4934 1561 4973 non
1589 4918 1836 4974 audimus
1861 4934 1955 4979 au-

363 5007 554 5089 ditum.
596 5008 879 5066 Coloratas
906 5011 1079 5066 oculis
1109 5012 1309 5068 formas
1349 5012 1670 5082 aspicimus,
1703 5019 1758 5068 et
1786 5013 1961 5069 oculis

364 5101 491 5170 quia
535 5102 790 5173 colorata:
827 5102 1179 5176 l‘orinatgeque
1224 5114 1382 5170 sunt,
1413 5107 1721 5163 cernimus:
1755 5108 1850 5163 sed
1878 5108 1960 5163 vi-

364 5209 505 5275 sum,
531 5195 655 5264 quia
689 5211 787 5250 nec
815 5191 1089 5252 coloratus
1116 5212 1219 5253 nec
1248 5197 1514 5254 formatus
1543 5207 1645 5265 est,
1677 5214 1784 5254 non
1812 5199 1963 5255 vide-

363 5277 485 5341 mus
510 5284 751 5357 t'jugiter
792 5302 1026 5358 namque
1055 5290 1358 5345 videremus
1386 5291 1433 5346 si
1461 5292 1663 5346 luceret
1689 5292 1862 5357 visus;
1907 5300 1966 5347 et

352 5368 671 5453 audiremus
719 5396 938 5451 semper
976 5382 1020 5437 si
1069 5391 1290 5438 sonaret
1337 5381 1582 5449 auditus;
1613 5393 1669 5439 et
1695 5392 1966 5455 perpetuo

358 5460 747 5557 odorarennw,
782 5473 825 5528 si
854 5470 1119 5549 iragraret
1152 5473 1411 5541 olfactus;
1437 5483 1498 5554 et
1526 5475 1832 5532 indefessim
1859 5492 1961 5547 gu-

364 5550 652 5631 Starem'us,
686 5566 731 5621 si
759 5572 978 5637 saperet
1004 5575 1281 5636 gustatus;
1318 5548 1685 5638 mter-numque
1712 5578 1966 5641 tangere-

441 5703 467 5730 ⁸
505 5693 829 5763 Ortbodox.,
874 5697 1010 5752 inter
1047 5696 1324 5754 invisibile.
1369 5699 1703 5757 Bibliotheca
1744 5702 1967 5762 Patrum

370 5760 717 5839 Parisiensis,
742 5760 905 5837 prout
942 5768 1227 5824 edidimus.
1261 5769 1330 5823 At
1377 5768 1750 5839 Luglunensis
1784 5792 1795 5827 :
1832 5760 1969 5839 aii};

368 5834 505 5888 imer
549 5834 760 5891 uisibile
791 5840 1153 5907 incorporeum
1198 5846 1313 5903 est,
1346 5846 1395 5892 et
1423 5834 1607 5895 coruus
1658 5834 1871 5898 uisibile:
1891 5855 1972 5901 est

2062 4744 2322 4817 quasdam
2363 4744 2517 4813 quasi
2555 4742 2888 4807 {aculeum
2913 4758 2947 4798 e
2975 4742 3241 4811 supremis
3264 4742 3380 4797 suis
3407 4741 3659 4797 decim

2064 4853 2255 4905 versus
2282 4836 2431 4892 velut
2477 4837 2529 4891 in
2574 4835 2799 4891 fundum
2828 4835 3042 4904 digerit,
3068 4834 3265 4905 purior
3288 4831 3659 4903 atqueat,“-

2064 4933 2172 4987 lior
2200 4930 2345 4985 hunc
2370 4929 2735 5000 procellosum
2782 4944 2966 4986 aerem
3012 4937 3071 4984 et
3096 4926 3414 4983 uatumliter
3428 4922 3663 4989 nubige-

2066 5040 2199 5080 num
2226 5031 2282 5079 et
2308 5023 2515 5081 loco‘et
2532 5023 2801 5093 dignitate
2826 5021 3209 5092 mperemiuet.
3238 5015 3381 5069 Hinc
3402 5019 3491 5067 est
3508 5011 3664 5084 quod

2046 5116 2390 5189 purissimus
2418 5132 2512 5172 aer
2525 5116 2842 5175 lfacilionem
2870 5121 2925 5169 et
2964 5112 3174 5178 longius
3204 5113 3486 5176 potantem
3526 5103 3664 5158 facit

2072 5209 2333 5267 auditum.
2394 5208 2530 5273 Nam
2569 5210 2709 5265 sicut
2737 5205 2876 5262 oculi
2905 5204 3024 5258 sine
3051 5199 3238 5255 formis
3260 5212 3551 5268 corporum
3583 5206 3665 5251 at-

2070 5301 2181 5370 que
2208 5302 2446 5357 extrario
2476 5301 2675 5355 lumine
2695 5293 3047 5363 contemplari
3061 5298 3368 5360 nequeunt;
3399 5291 3478 5345 sic
3508 5306 3667 5347 aures

2075 5394 2178 5449 nisi
2208 5393 2333 5450 aere
2361 5403 2457 5450 aut
2478 5406 2742 5465 percusso
2771 5395 2864 5443 aut
2885 5385 3047 5442 dasne
3070 5385 3479 5441 nonsentiunt;
3513 5385 3584 5439 ita
3615 5370 3670 5439 et

2045 5491 2290 5554 2narium
2318 5504 2530 5548 sensus.
2584 5486 2718 5540 Nam
2768 5482 2905 5538 sicut
2942 5497 3036 5537 aer
3070 5482 3217 5539 sonis
3245 5480 3494 5545 inlinitur,
3529 5487 3586 5534 ut
3608 5479 3667 5532 in

2082 5582 2303 5638 auribus
2352 5585 2610 5650 operetur
2654 5572 2932 5639 auditum;
2963 5572 3042 5630 sic
3082 5572 3264 5629 itidem
3294 5572 3408 5642 ipse
3435 5569 3671 5624 inﬁcitur

2076 5712 2212 5766 illud
2239 5709 2436 5766 visibne
2462 5722 2782 5780 corporeum.
2813 5714 2912 5764 elo

2155 5782 2180 5820 δ
2220 5781 2302 5834 Al.
2335 5790 2561 5848 compos.
2638 5782 2642 5786 ‘

2027 5964 2114 5980 *σε
