4238 6260
685 343 779 427 7η

1904 310 2256 392 ,ΜΑΜΕΜΙ
2291 273 2657 372 CLAUDIAM

3861 308 3954 366 7η

683 423 938 514 odoribus
962 491 978 520 ,
1026 459 1088 508 ut
1131 451 1186 507 in
1213 449 1434 505 naribus
1463 446 1622 502 faciat
1667 441 1983 505 odoratum;
2013 446 2040 474 η
2069 433 2265 507 quibus
2291 438 2344 496 Α
2369 431 2500 486 mihi
2529 427 2783 516 vindico},
2815 423 2962 496 quod
2989 437 3099 480 non
3125 421 3363 480 humana
3392 427 3603 478 tantum
3629 461 3643 488 ,
3673 421 3770 477 sed
3795 427 3954 480 omnis

684 551 860 604 inesse
881 543 1217 608 naturaliter,
1246 539 1346 596 nisi
1367 545 1598 594 attracto
1618 549 1745 590 aere
1767 548 1874 588 non
1898 529 2146 586 sentitur.
2165 524 2274 581 Gu-

679 637 862 696 ‘standi
899 649 1028 693 vero
1048 641 1054 646 '
1075 647 1267 691 sensus
1295 631 1498 700 absque
1545 624 1787 682 humoris
1825 618 2150 678 adminiculo
2178 629 2275 672 ne-

681 719 954 801 quaquam
980 739 1140 800 agere
1159 737 1219 779 se
1236 735 1417 792 posse,
1442 719 1567 774 hinc
1589 715 1809 772 evidens
1835 711 1966 768 facit
1987 707 2268 780 judicium,

616 809 625 822 ’
683 819 830 892 quod
853 803 990 874 nihil
1018 814 1300 892 sapidum,
1337 812 1384 868 si
1405 809 1676 889 accipitur
1703 807 1883 876 lingua
1911 808 2115 867 arente,
2145 811 2270 855 sen-

681 888 834 968 titur.
893 907 973 965 De
1000 889 1149 964 tactu
1176 888 1307 982 vero
1335 888 1568 958 dubitari
1604 914 1712 956 non
1741 897 1972 964 aestimo,
2002 893 2274 950 elemento

684 1009 842 1058 terrae
869 1014 991 1056 esse
1011 997 1360 1055 simillimum.
1507 1045 1510 1050 ,
1915 1051 1917 1054 ⁴

685 1105 688 1112 '
751 1093 815 1150 ll.
855 1094 968 1162 Age
995 1105 1138 1148 nunc
1176 1087 1242 1144 ad
1272 1085 1402 1142 illud
1446 1089 1667 1155 prepter
1694 1080 1840 1151 quod
1882 1079 1984 1134 ista
2013 1075 2266 1133 tractavi-

681 1185 836 1248 inu's,‘
856 1191 1211 1240 revertamur.
1243 1178 1324 1234 En
1346 1178 1490 1232 visus
1511 1184 1566 1232 et
1587 1175 1761 1230 lucem
1789 1180 1844 1228 et
1873 1172 1976 1226 alia
2004 1185 2100 1241 per
2121 1183 2273 1225 eam—

683 1277 806 1334 dem
821 1289 1051 1345 corpora
1071 1270 1435 1342 contemplata
1451 1265 1596 1323 videt
1609 1269 1673 1320 ac
1693 1263 1874 1320 sentit.
1898 1259 2274 1330 Nunquidnam

682 1367 784 1424 sibi
804 1426 811 1430 _
829 1364 1032 1435 aliquid
1061 1363 1185 1418 hinc
1213 1367 1437 1430 usurpat
1466 1355 1733 1428 auditus?
1779 1353 2012 1408 Rursum
2064 1359 2277 1406 meatus

683 1456 894 1528 aurium
927 1469 1092 1509 sonos
1121 1459 1176 1508 et
1217 1451 1476 1506 formatas
1512 1445 1784 1516 accipiunt
1812 1457 1992 1498 voces.
2023 1438 2276 1510 Nunquid

682 1535 810 1603 hinc
857 1543 1055 1616 aliquid
1085 1543 1187 1599 sibi
1217 1541 1452 1597 vindicat
1483 1537 1642 1612 “visus
1664 1539 1686 1590 ?
1729 1533 1830 1589 l’er
1877 1541 2030 1589 antra
2066 1532 2274 1587 narium

683 1639 898 1707 generis
919 1635 1186 1694 innumeri
1215 1632 1458 1704 capimus
1487 1629 1698 1686 odores.
1734 1625 1874 1682 "Nihil
1905 1633 2052 1682 certe
2080 1625 2146 1680 de
2195 1623 2277 1705 his

681 1727 882 1786 sentire
905 1714 1053 1782 valet
1073 1725 1302 1780 auditus.
1329 1723 1489 1779 Forte
1518 1721 1574 1778 in
1600 1733 1855 1790 saporum
1901 1717 2275 1786 exploratione

2377 517 2598 576 omnino
2628 513 2808 572 anima
2837 531 2947 573 non
2977 514 3154 571 solum
3181 529 3291 570 non
3321 529 3388 570 ex
3413 528 3574 582 aere,
3606 513 3701 568 sed
3727 529 3795 569 ex
3823 515 3953 570 nullo

2375 626 2598 682 prorsus
2623 607 2887 665 consistat
2931 602 3162 677 corpore
3202 603 3581 662 ratiocinando
3630 604 3950 675 probabitur;

2376 704 2458 760 fas
2485 704 2590 761 erit
2616 710 2676 760 ut
2703 701 2859 758 nobis
2881 708 2976 756 aut
2995 699 3326 767 consentias,
3358 707 3452 754 aut
3479 699 3750 768 ignoscas.

3003 833 3233 894 CAPUT
3269 833 3362 892 IX.

2538 950 2781 1009 Animam
2808 968 2874 1008 ea:
2903 951 3046 1007 nullo
3071 965 3286 1018 prorsus
3313 964 3531 1021 corpore
3551 954 3807 1004 constare.

2447 1087 2566 1144 lam
2605 1087 2852 1156 superius
2899 1083 3099 1158 patuit,
3134 1083 3272 1154 ignis
3320 1081 3658 1138 elementum
3702 1079 3952 1136 elemento

2379 1178 2520 1234 aeris
2543 1178 2681 1233 sicut
2697 1177 2850 1240 loco;
2875 1175 2949 1231 ita
2975 1175 3142 1233 etiam
3165 1174 3407 1245 potentia
3430 1171 3798 1246 praeeminere.
3813 1169 3951 1238 Quod

2378 1270 2660 1326 evidenter
2682 1267 2920 1325 ostendit
2947 1266 3086 1336 ignis
3115 1267 3219 1322 iste
3244 1274 3522 1331 terrenus,
3549 1263 3648 1334 qui
3673 1261 3952 1318 mobilitate

2379 1363 2468 1420 vix
2495 1358 2989 1431 comprehensibili,
3018 1349 3168 1414 velut
3199 1356 3256 1412 in
3275 1356 3554 1424 regionem
3582 1369 3728 1410 suam
3753 1367 3950 1409 sursum

2376 1469 2564 1512 versus
2581 1452 2808 1508 naturali
2835 1449 3074 1522 pondere
3098 1449 3323 1521 rapitur.
3349 1447 3505 1516 Quod
3522 1447 3569 1503 si
3597 1434 3750 1503 e'tiam
3768 1460 3834 1502 ex
3851 1444 3952 1500 hoc

2378 1563 2488 1606 non
2517 1545 2738 1601 daretur
2764 1544 3008 1615 agnosci,
3035 1543 3125 1600 vel
3151 1543 3280 1600 hinc
3305 1540 3595 1599 manifesto
3625 1539 3782 1611 possit
3799 1539 3949 1594 intel-

2379 1638 2488 1706 Iigi,
2510 1636 2655 1708 quod
2677 1638 2852 1693 omnis
2873 1653 2966 1693 aer
2986 1636 3118 1692 solis
3143 1635 3430 1705 praesentia
3457 1633 3724 1702 clarescit,
3747 1639 3798 1688 et
3815 1639 3953 1687 tene-

2379 1731 2578 1787 brescit
2624 1729 2886 1785 absentia.
2911 1728 3016 1782 Sed
3043 1735 3100 1782 et
3123 1724 3257 1782 illud
3303 1725 3553 1780 maxima:
3584 1722 3802 1778 rationis
3845 1728 3947 1784 est,

683 1811 929 1878 οάοηὶιυί
981 1817 1359 1888 communicat,
1399 1815 1620 1884 διιειυεῒ
1650 1812 1755 1867 At“
1783 1809 1853 1867 ad
1881 1807 2158 1871 Sculientlil
2188 1823 2275 1865 as-
2378 1822 2522 1890 quod
2545 1835 2639 1876 aer
2664 1819 2845 1888 ignem
2875 1819 3079 1888 patitur
3109 1823 3168 1872 nt
3198 1816 3389 1882 caleat,
3417 1830 3520 1871 nec
3547 1812 3813 1894 tamenab
3839 1826 3948 1867 aere

684 1900 816 1984 pera
843 1911 927 1967 vel
956 1911 1092 1966 levia
1121 1907 1354 1982 gustatui
1384 1905 1649 1984 permittit
1677 1901 1878 1974 aliquid
1902 1904 2112 1958 tactus?
2141 1901 2280 1958 Ecce

683 1983 961 2070 vox,'visu
991 2016 1155 2058 sensu
1192 1983 1546 2058 eminentiore
1575 2012 1683 2052 non
1711 1995 1951 2050 cernitur
1982 2012 1994 2047 :
2037 1993 2129 2048 lux
2157 2008 2280 2064 per-

686 2097 813 2155 inde
859 2111 964 2151 non
995 2093 1250 2149 auditur:
1300 2107 1404 2145 vox
1445 2088 1666 2145 naribus
1693 2094 1842 2144 certe
1873 2099 1981 2140 non
2021 2083 2231 2154 capitur
2263 2101 2276 2138 :

684 2195 838 2259 gustu
868 2184 1160 2254 fragrantia
1189 2198 1297 2240 non
1328 2181 1590 2253 accipitur
1621 2197 1634 2234 :
1667 2193 1830 2250 sapor
1861 2185 2063 2233 tantum
2105 2177 2154 2231 in
2185 2191 2282 2231 ore

597 2306 599 2308 ·
685 2276 930 2339 sentitur.

1275 2361 1505 2422 CAPUT
1547 2359 1680 2420 Vill.

687 2457 836 2525 Quod
865 2457 1032 2519 omnis
1054 2457 1233 2526 animai
1251 2471 1316 2510 ea:
1341 2454 1484 2511 nullo
1509 2468 1722 2526 prorsus
1739 2451 2008 2518 elemento,
2033 2458 2121 2502 nul
2149 2465 2278 2520 (μιθ-

1177 2525 1296 2582 libet
1323 2524 1536 2596 corpore
1556 2524 1622 2579 sit
1645 2525 1808 2596 facta.

755 2639 897 2698 Ecce
916 2637 1084 2695 habes
1103 2635 1450 2705 omnigenum
1465 2648 1662 2704 corpus
1682 2647 1751 2688 ex
1771 2629 2022 2687 omnibus
2050 2629 2283 2685 clemen-

688 2732 755 2792 tis
785 2732 838 2787 in
867 2731 1124 2794 fabricam
1146 2727 1392 2799 corporis
1418 2725 1638 2782 humani
1659 2732 1878 2780 aeterna:
1903 2721 2046 2778 illius
2065 2719 2282 2776 musicen

688 2825 777 2879 vix
805 2805 1180 2902 cogitabilibus
1204 2820 1377 2876 modis
1405 2827 1568 2889 atque
1596 2816 1890 2874 harmoniae
1916 2815 2127 2871 ratione
2152 2827 2279 2885 pcr-

605 2941 617 2953 -
687 2917 934 2974 mixtum.
967 2914 1118 2984 Elige
1160 2929 1300 2970 nunc
1325 2916 1393 2968 ex
1421 2927 1530 2980 quo
1559 2924 1849 2980 corporum
1877 2907 2074 2979 genere
2103 2908 2282 2962 anima

688 3007 774 3070 sit,
807 3006 852 3062 si
880 3003 1075 3076 corpus
1104 3015 1189 3061 est
1216 3005 1415 3060 anima.
1447 2987 1584 3070 Quia
1623 3002 1669 3058 si
1694 3009 1796 3068 est,
1829 3008 1924 3056 aut
1949 3014 2017 3057 ex
2058 3015 2162 3056 uno
2183 2999 2282 3054 ho-

691 3089 828 3164 rum,
853 3105 945 3166 aut
965 3111 1033 3152 ex
1061 3096 1346 3166 aliquibus,
1373 3103 1468 3148 aut
1493 3108 1559 3148 ex
1586 3093 1836 3149 onmibus
1860 3092 2178 3163 corporibus
2199 3099 2283 3147 est

2383 1909 2584 1991 aliquid
2606 1911 2810 1982 patitur
2837 1911 2974 1979 ignis
3004 1919 3062 1964 ut
3106 1908 3317 1978 fiigeat.
3350 1907 3456 1964 Acr
3503 1889 3821 1978 quibuslibet
3844 1918 3950 1958 vas-

2381 2005 2515 2060 culis
2572 2004 2771 2060 includi
2818 2011 2873 2059 et
2921 2001 3184 2060 contineri
3230 2006 3439 2072 potest;
3465 2013 3594 2056 cum
3629 1999 3729 2054 hoc
3754 2010 3950 2069 prorsus

2384 2097 2491 2166 igni
2521 2113 2630 2153 non
2657 2095 2884 2152 accidat.
2930 2095 3026 2151 Est
3055 2108 3182 2162 ergo
3213 2094 3350 2164 ignis
3397 2107 3529 2149 aere
3573 2090 3842 2164 perspicua
3869 2103 3948 2144 ra-

2384 2191 2530 2246 tione
2562 2188 2926 2260 praestantior.
2959 2187 3116 2243 Visus
3143 2201 3272 2242 vero
3301 2183 3458 2240 nobis
3491 2199 3558 2240 ex
3575 2183 3706 2252 igne
3731 2189 3832 2245 est,
3868 2179 3949 2250 qui

2385 2281 2568 2351 utique
2612 2295 2803 2336 sensus
2841 2278 3048 2336 homini
3078 2277 3376 2344 bellumque
3423 2273 3723 2331 communis
3749 2279 3822 2329 est
3848 2289 3859 2324 :
3883 2269 3950 2325 sic

2383 2378 2564 2426 tamen
2593 2377 2652 2426 ut
2671 2369 2945 2424 nonnullae
2969 2368 3310 2424 irrationales
3337 2366 3636 2422 animantes
3661 2377 3766 2436 pra:
3788 2361 3950 2417 homi-

2381 2463 2540 2518 nibus
2560 2462 2779 2531 vigcant
2805 2461 3055 2517 acumine
3075 2458 3309 2517 videndi.
3341 2458 3403 2515 Si
3429 2471 3556 2538 ergo
3576 2457 3748 2525 negari
3773 2453 3947 2522 nequit
4014 2447 4020 2454 ’

2382 2555 2527 2626 quod
2555 2556 2702 2611 visus
2729 2571 2796 2611 ex
2825 2555 2947 2622 igne
2975 2563 3077 2621 est,
3103 2560 3162 2610 et
3185 2551 3484 2610 secundum
3533 2559 3667 2613 tuam
3694 2546 3944 2604 rationem

2383 2649 2560 2704 anima
2587 2663 2656 2703 ex
2684 2661 2840 2713 aere;
2873 2645 3198 2702 eminentior
3237 2658 3369 2714 ergo
3391 2645 3491 2700 'est
3531 2641 3775 2710 dignitate
3819 2636 3943 2692 sub-

2382 2741 2595 2797 stantim
2623 2740 2812 2798 oculus
2858 2738 3096 2810 pecudis,
3124 2753 3287 2808 quam
3335 2736 3508 2791 animo
3553 2730 3790 2789 hominis.
3813 2727 3944 2796 Quia

2384 2832 2474 2890 ille
2501 2848 2567 2888 ex
2599 2832 2741 2901 igne,
2769 2839 2826 2888 et
2845 2829 2960 2886 hare
2987 2845 3057 2887 ex
3085 2843 3232 2886 aere.
3251 2827 3370 2886 Non
3399 2840 3527 2896 ergo
3553 2823 3806 2882 immerito
3830 2821 3945 2876 ani-

2384 2939 2526 2978 mam
2552 2921 2783 2979 localem
2806 2929 2977 2992 putat,
3018 2928 3076 2977 et
3121 2920 3355 2978 claustro
3398 2917 3640 2990 corporis
3683 2913 3948 2972 confirmat

2383 3015 2601 3082 includi,
2629 3015 2722 3085 qui
2749 3013 2994 3070 eamdem
3017 3013 3220 3069 aeriam
3235 3011 3461 3082 judicat.
3478 3009 3800 3067 Alterutrum
3822 3019 3948 3062 nunc

2386 3109 2548 3175 igitur
2586 3107 2752 3175 eligas
2781 3113 2994 3176 oportet
3027 3122 3039 3158 :
3084 3113 3178 3165 aut
3229 3103 3560 3161 deteriorem
3600 3103 3713 3158 visu
3751 3097 3949 3172 pecudis

691 3183 904 3251 anima,
935 3194 1029 3240 aut
1054 3200 1162 3240 non
1188 3194 1272 3240 est
1313 3198 1528 3254 corpus.
1563 3181 1674 3238 Sed
1709 3181 1840 3252 quid
1863 3196 2006 3238 nunc
2051 3181 2281 3237 faciam?
2307 3159 2352 3223 (ἶ
2386 3202 2642 3267 animam,
2687 3201 2732 3255 si
2765 3159 2997 3268 ae‘mm;
3030 3207 3122 3254 aut
3149 3213 3258 3254 non
3283 3197 3510 3264 aeriam,
3538 3195 3585 3253 εί
3637 3159 3943 3266 νι-ωὲωυηυ.

593 3327 613 3346 ,
692 3289 802 3346 quo
831 3288 921 3330 me
941 3284 1171 3341 vertam,
1196 3273 1492 3328 acutissimi
1521 3281 1576 3328 et
1611 3271 1908 3330 doctissimi
1933 3271 2282 3342 disputatoris

691 3365 906 3435 ingenio
935 3371 992 3420 et
1039 3372 1157 3421 arte
1201 3363 1541 3434 przcventus?
1588 3362 1692 3430 Qui
1737 3362 1947 3419 scilicet
1977 3361 2284 3432 intelligens

676 3452 899 3512 'nullum
927 3454 1124 3528 corpus
1169 3451 1472 3526 esse'posse
1493 3493 1509 3522 ,
1542 3456 1645 3512 nisi
1691 3462 1784 3512 aut
1823 3455 2190 3528 principaliter
2215 3473 2282 3512 ex

691 3548 858 3606 nihilo
899 3557 1160 3630 creatum,
1206 3548 1346 3605 sicut
1389 3564 1680 3619 corporum
1718 3555 1844 3604 sunt
1870 3549 2160 3614 elementa,
2191 3561 2283 3604 aut

691 3637 757 3698 ex
780 3641 866 3698 his
903 3641 1183 3721 analogica
1224 3641 1434 3698 ratione
1482 3641 1790 3709 formatum,
1822 3643 2283 3716 animam'corpns

687 3731 810 3806 esse
835 3733 1165 3801 decernens;
1193 3733 1384 3790 maluit
1405 3733 1656 3790 eamdem
1679 3750 1748 3791 ex
1771 3749 1878 3791 uno
1909 3734 2280 3806 principalium

691 3839 979 3897 corporum
1005 3825 1277 3881 :cstimare
1314 3824 1531 3892 factam,
1565 3839 1734 3895 quam
1753 3840 1821 3880 ex
1844 3827 2098 3882 omnibus
2118 3826 2283 3884 fuisse

691 3915 1070 3986 compositam.
1101 3914 1312 3972 Callide
1341 3915 1590 3972 videlicet
1632 3925 1820 3972 cautus
1848 3917 2086 3986 ingenio,
2111 3919 2280 3976 noluit

690 4007 882 4062 anima:
909 3993 1588 4063 substantiam'multorum
1629 4021 1922 4076 corporum
1952 4023 2280 4076 congregare

691 4095 946 4162 mixtura,
979 4087 1048 4154 ne
1089 4111 1156 4152 ex
1203 4096 1394 4153 iisdem
1441 4095 2047 4168 contracta'principiis
2089 4099 2282 4168 quibus

693 4203 890 4258 corpus
917 4190 1232 4272 extrarium,
1264 4187 1312 4244 si
1339 4187 1564 4270 perinde
1606 4188 1878 4244 diceretur
1897 4189 2139 4258 potuisse
2173 4189 2283 4246 for-

693 4281 846 4347 mari,
877 4267 1104 4338 eatenus
1139 4267 1412 4338 videretur
1457 4267 1618 4350 posse
1652 4279 1892 4336 dissolvi.
1941 4281 2284 4354 Quapmpter

693 4387 887 4452 aerem.
907 4373 1143 4443 delegit,
1169 4387 1240 4428 ex
1266 4386 1374 4442 quo
1412 4381 1507 4429 aut
1529 4372 1620 4428 cui
1647 4371 1880 4428 animam
1909 4373 2138 4430 similem
2167 4376 2281 4432 fore

691 4464 977 4530 decernat;
1028 4463 1288 4534 adjicieus
1339 4463 1707 4522 testimonium
1757 4466 1840 4522 sui
1901 4467 2084 4524 nescio
2129 4467 2282 4540 cujus

689 4555 946 4636 auctoris,
979 4553 1134 4624 cujus
1158 4553 1274 4610 haec
1299 4553 1464 4610 verba
1501 4563 1628 4612 sunt
1653 4574 1669 4610 :
1701 4553 1986 4614 Nonnulla:
2017 4567 2156 4624 sunt,
2200 4560 2282 4614 in-

691 4643 830 4730 quit,
847 4644 1342 4730 spiritalesnaturte,
1360 4655 1422 4720 με
1447 4647 1640 4719 angeli,
1665 4649 1966 4721 archangeli
1985 4655 2282 4726 ewteratque

693 4736 905 4792 eirtutes
933 4751 953 4792 :
979 4738 1094 4808 ipsa
1129 4751 1326 4810 quoque
1349 4739 1527 4794 anima
1551 4749 1762 4808 nostra,
1809 4742 1887 4800 vel
1909 4753 2046 4798 certe
2068 4760 2158 4798 aer
2184 4746 2281 4800 iste

689 4827 912 4896 subtilis,
930 4837 1100 4884 tamen
1113 4829 1431 4902 incorporea:
1451 4831 1744 4890 nullatenus
1765 4835 2104 4892 wstimandw.
2127 4835 2278 4894 lime-

689 4921 831 4978 cine'
853 4918 1181 4975 mandantur
1203 4921 1368 4976 verba
1415 4924 1778 4981 membranis?
1805 4924 1874 4980 Et
1917 4926 2058 4982 istud
2104 4929 2281 4997 agitur

688 5009 984 5081 negotium,
1006 5009 1153 5080 quod
1178 5008 1419 5080 agimus?
1444 5011 1619 5068 Missis
1641 5009 1906 5083 omnibus,
1940 5017 2040 5074 hac
2067 5025 2274 5075 tantum

688 5102 842 5159 lance
867 5101 1156 5174 pendebat,
1189 5110 1248 5156 ut
1274 5101 1321 5158 si
1355 5103 1589 5159 animam
1633 5113 1726 5160 aut
1771 5121 1840 5163 ex
1884 5123 2011 5164 aere
2056 5108 2271 5177 factam,

688 5201 781 5248 ant
823 5194 936 5248 aeri
975 5193 1204 5250 similem
1233 5194 1372 5250 ratio
1396 5193 1636 5254 discussa
1681 5197 2022 5268 patefecerit;
2053 5217 2193 5258 nunc
2221 5205 2305 5258 in'
2355 5209 2362 5213 “

689 5281 998 5350 adversarii,
1039 5280 1166 5342 tunc
1220 5287 1274 5342 in
1317 5287 1556 5358 magistri
1610 5293 1934 5348 sententiam
1962 5297 2189 5365 pedibus
2217 5309 2277 5354 nt

690 5373 866 5440 aiunt,
917 5379 1216 5441 transeam;
1255 5376 1284 5416 ι»
1313 5379 1523 5434 veniam
1551 5381 1889 5451 deprecatus,
1926 5387 2124 5443 erroris
2169 5391 2273 5444 tnei

692 5470 903 5532 egomet
939 5465 1174 5521 nuntius.
1197 5466 1290 5522 Sin
1334 5480 1512 5528 autem
1550 5474 1843 5544 propalati}:
1871 5479 2113 5536 veritatis
2150 5482 2273 5550 jure

769 5679 795 5708 ⁸
813 5675 897 5733 ΔΙ.
930 5677 1109 5761 quibus
1133 5680 1302 5760 inesse
1321 5688 1872 5756 namralitereonstat,
1907 5689 2008 5744 nisi
2035 5697 2256 5747 attracto

703 5764 821 5801 acre
839 5763 942 5804 non
961 5757 1160 5804 sentiri.

2385 3293 2726 3350 rem.Cernis
2753 3287 2916 3363 quam
2938 3291 3094 3348 facile
3115 3291 3347 3347 indocta:
3372 3289 3687 3360 ﬁgmentum
3721 3297 3947 3357 praesunt-

2386 3385 2586 3457 ptionis
2601 3385 2838 3450 evanuit,
2855 3393 3214 3456 prmterquam
3228 3382 3514 3438 innumera
3526 3395 3686 3454 super
3697 3378 3794 3435 hoc
3805 3388 3949 3444 argu-

2385 3471 2616 3534 mentari
2634 3478 3096 3549 promptissimum
3114 3468 3233 3534 est?
3248 3473 3458 3548 Nempe
3479 3475 3528 3532 si
3551 3474 3692 3532 aeria
3713 3479 3808 3538 est,
3833 3481 3951 3538 ergo

2376 3565 2626 3648 tenebrae
2654 3568 2816 3635 illius,
2846 3567 3096 3640 corporei
3116 3566 3277 3638 hujus
3301 3565 3436 3624 solis
3463 3565 3765 3630 abscessus;
3793 3569 3847 3618 et
3871 3560 3952 3615 lux

2385 3660 2523 3732 ejus,
2554 3661 2714 3732 hujus
2737 3661 2905 3732 ipsius
2937 3661 3124 3716 itidem
3151 3660 3282 3716 solis
3308 3659 3569 3717 adventus
3592 3667 3693 3714 est.
3725 3655 3954 3712 Falsum-

2375 3747 2490 3824 que
2511 3755 2616 3810 erit
2641 3754 2790 3821 illud,
2821 3752 2968 3824 quod
3011 3753 3340 3822 evangelista
3383 3751 3704 3824 pronuntiat,
3735 3748 3953 3807 dicens:

2383 3845 2517 3900 Erat
2551 3847 2642 3900 luas
2673 3861 2809 3912 vera,
2833 3860 2946 3916 qua:
2973 3843 3234 3899 illuminat
3259 3858 3454 3899 omnem
3477 3841 3726 3897 hominem
3752 3837 3952 3892 uenien-

2386 3949 2484 3993 tem
2515 3939 2568 3992 in
2596 3937 2731 3993 hunc
2760 3935 3209 4010 mundumtlaan.
3240 3953 3276 4004 ι,
3304 3932 3380 4006 9)’.
3411 3933 3479 3990 Et
3504 3931 3628 3990 illud
3653 3928 3800 4002 quod
3823 3945 3956 4000 pro-

2385 4029 2548 4098 pheta
2581 4027 2680 4084 sub
2702 4026 3047 4099 peccatorum
3077 4045 3304 4100 persona
3319 4027 3554 4098 loquitur
3581 4043 3594 4079 :
3623 4023 3819 4080 Lumen
3841 4039 3959 4096 ergo

2376 4119 2598 4189 justitiw
2643 4135 2748 4174 non
2802 4121 2934 4176 luxit
2981 4121 3148 4186 nobis,
3179 4131 3227 4175 ct
3256 4120 3337 4176 sol
3378 4135 3483 4176 non
3530 4126 3606 4174 est
3650 4127 3794 4175 ortus
3820 4115 3962 4172 nobis

2386 4211 2540 4282 (Sap.
2574 4227 2626 4266 v.
2660 4211 2738 4282 6).
2770 4211 3020 4283 Nunquid
3045 4213 3130 4268 isti
3170 4213 3312 4268 hunc
3335 4212 3664 4282 corporeum
3690 4209 3856 4266 solem
3886 4206 3960 4260 vi-

2383 4310 2573 4358 ventes
2603 4302 2654 4358 in
2682 4303 2788 4360 hoc
2813 4296 3014 4360 mundo
3036 4320 3146 4361 non
3174 4301 3462 4360 viderunt?
3480 4301 3589 4360 Sed
3607 4297 3961 4371 incorporales

2383 4397 2525 4452 oculi
2569 4397 2742 4453 solent
2782 4395 3163 4468 incorporeum
3203 4396 3568 4468 requirebant.
3601 4393 3764 4450 Valde
3789 4397 3961 4446 autem

2370 4489 2584 4546 'mirum
2610 4490 2838 4557 videtur,
2867 4489 2912 4545 si
2939 4489 3030 4546 lux
3051 4490 3152 4546 ista
3179 4489 3378 4546 habeat
3403 4487 3596 4544 oculos
3622 4500 3758 4558 quos
3782 4482 3963 4540 illumi-

2389 4591 2512 4651 net;
2538 4583 2627 4638 illa
2651 4589 2833 4639 autem
2861 4597 2988 4640 vera
3011 4599 3119 4639 non
3147 4582 3362 4638 habeat.
3379 4581 3485 4636 Aut
3499 4581 3546 4637 si
3572 4581 3794 4646 habeat,
3819 4575 3964 4634 siculi

2385 4691 2512 4732 vere
2559 4677 2740 4742 habet,
2789 4676 2932 4734 unde
2968 4676 3136 4733 videri
3177 4676 3559 4746 incorporeum
3616 4683 3822 4748 potest;
3865 4685 3965 4726 non

2369 4761 2559 4824 solum
2589 4784 2695 4824 non
2721 4769 2947 4837 aerium,
2977 4767 3071 4825 sed
3093 4767 3329 4824 arbitror
3356 4781 3466 4822 non
3479 4758 3621 4824 esse
3637 4777 3962 4839 corporeum.

3012 4921 3244 4980 CAPUT
3280 4919 3350 4979 Χ.

2489 5030 2638 5096 Quod
2655 5033 2770 5103 jam
2791 5034 2961 5104 [arma
2992 5043 3082 5089 aut
3113 5033 3404 5118 substantia
3427 5049 3533 5090 non
3567 5043 3747 5106 potest
3773 5011 3873 5092 dir:

2597 5132 2599 5135 ·
3057 5115 3292 5162 nmlerta.

2450 5213 2704 5283 ltlndjam
2728 5216 2887 5286 quale
2917 5226 3021 5284 est,
3052 5219 3196 5288 quod
3227 5219 3280 5274 in
3307 5217 3426 5290 ipso
3453 5217 3853 5288 disputationis
3877 5223 3969 5272 tnzc

2375 5307 2638 5377 principio
2667 5307 3062 5364 admonendum
3091 5309 3364 5366 credidisti
3383 5325 3502 5368 esse
3524 5309 3822 5378 lectorem,
3837 5317 3892 5364 ut
3908 5304 3970 5361 ad

2376 5398 2654 5452 subtiliora
2695 5400 2978 5468 cogitanda
3021 5403 3257 5457 animum
3283 5413 3658 5473 pra‘pararet;
3689 5411 3749 5459 et
3789 5412 3970 5458 nunca

2375 5489 2596 5545 summis
2626 5490 2690 5546 ad
2716 5494 2840 5560 ima,
2865 5495 2932 5550 ab
2963 5495 3294 5568 incorporeis
3323 5496 3390 5551 ad
3417 5509 3695 5567 corporea
3713 5492 3967 5554 rationale

2440 5695 2464 5733 ι)
2489 5697 2569 5752 ΑΙ.
2601 5715 2693 5753 nec
2714 5699 3032 5770 deprecatus,
3063 5719 3290 5758 errarent
3317 5709 3630 5774 postponam
