4238 6260
331 356 432 411 715

1518 347 1620 411 DE
1658 346 1883 404 STATU
1921 347 2158 404 ΑΝΙΜΑΞ
2199 348 2326 404 LIB.
2364 347 2402 401 l.

3493 355 3602 410 ιιι

255 479 262 487 ’
333 478 578 527 nostrum
624 469 838 526 conaris
867 467 1165 524 abducere?
1203 465 1271 519 Et
1295 464 1448 534 quasi
1477 463 1681 519 docens
1716 478 1816 518 nos
1844 462 1913 518 ad
1937 466 1993 528 Α
2016 464 2291 520 nonnullis
2317 462 2767 532 disputationibus
2795 472 3060 529 astruunt,
3090 473 3146 521 et
3184 466 3331 536 ipsos
3353 466 3492 522 luna:
3515 470 3604 524 vel

335 562 549 618 subtilia
579 561 776 617 mentis
795 561 1007 616 oculum
1030 572 1354 628 praeparare,
1374 555 1539 626 paulo
1559 563 1683 626 post
1709 553 1915 623 adjicis,

336 659 394 708 et
419 651 586 707 dicis:
613 649 878 721 Quidquid
898 656 1137 705 creatum
1163 655 1266 713 est,
1291 645 1572 702 materiam
1599 643 1789 711 videri,
1812 659 1918 713 qua

337 755 659 812 corpoream
687 755 806 796 esse
832 738 1096 795 decernis.
1128 737 1185 794 Si
1215 737 1390 793 adhuc
1416 744 1665 791 creatura
1691 734 1920 791 materia

337 839 442 898 est,
473 831 710 887 nondum
756 843 885 898 ergo
930 827 1195 884 formatus
1223 843 1302 885 es.
1354 828 1491 895 Quia
1538 827 1732 882 dicitur
1760 825 1872 881 Deo
1902 843 1918 879 :

339 930 366 959 ι
399 918 503 986 Qui
525 920 708 974 creasti
733 918 992 973 hominem
1013 934 1079 972 ea:
1101 919 1322 972 materia
1344 918 1580 986 infami.
1605 915 1922 972 Formarum

339 1021 526 1069 autem
553 1011 666 1067 sive
694 1011 871 1066 minus
890 1011 1006 1066 sive
1033 1011 1266 1080 amplius
1301 1024 1401 1079 pro
1427 1008 1686 1078 qualitate
1717 1008 1805 1063 vel
1831 1021 1925 1076 ge-

339 1120 471 1162 nere
496 1104 858 1182 speciosarum
907 1103 1100 1172 plenus
1127 1111 1210 1158 est
1253 1101 1504 1157 mundus.
1545 1098 1768 1154 Materia
1794 1115 1925 1154 vero

343 1196 580 1254 informis
629 1203 740 1259 est,
798 1195 1139 1265 mundusque
1180 1193 1460 1249 formatus.
1504 1191 1621 1247 Non
1669 1198 1751 1247 est
1795 1203 1926 1260 ergo

341 1273 592 1344 creatura
611 1287 861 1350 materia.
1065 1329 1071 1334 .
1158 1338 1168 1346 _

949 1373 1176 1431 CAPUT
1214 1375 1302 1430 XI.

339 1466 489 1533 Quod
517 1483 668 1522 omne
689 1466 936 1538 quidquid
964 1466 1323 1538 incorporeum
1365 1467 1470 1519 sive
1506 1477 1810 1534 corporeum
1831 1470 1926 1526 est,

753 1537 1044 1591 increatum
1071 1537 1174 1589 dici
1203 1551 1306 1589 non
1331 1542 1513 1604 potest.

413 1649 541 1706 Post
565 1650 681 1704 hate
718 1648 1118 1719 argumentaris
1136 1664 1201 1704 ac
1225 1647 1359 1703 dicis
1393 1665 1406 1700 :
1439 1647 1644 1702 Idcirco
1675 1646 1928 1715 incorpo-

340 1753 495 1794 reum
543 1748 786 1795 creatum
827 1741 904 1795 nil
931 1755 1070 1796 esse.
1099 1738 1236 1806 Quia
1287 1738 1549 1808 quidquid
1601 1737 1793 1793 {actori
1830 1752 1931 1792 suo

2023 557 2152 611 solis
2176 555 2364 624 globos
2384 554 2716 625 ineorporeis
2739 554 2987 612 videlicet
3005 558 3280 627 spiritibus
3307 559 3405 614 sub
3423 559 3604 614 divina

1975 705 2000 728 ο
2022 644 2255 714 quadam
2290 653 2472 700 mente
2517 645 2775 714 vegetari.
2809 645 2915 702 Sed
2954 658 3168 718 oportet
3194 664 3453 719 agnoscas
3499 652 3606 707 hoc

2025 735 2166 792 idem
2187 736 2575 804 testimonium,
2608 753 2717 793 non
2735 737 2909 794 solum
2929 755 3030 810 pro
3053 744 3318 797 sententia
3351 752 3442 798 tua
3465 760 3600 800 con--

2026 835 2108 882 tra
2139 843 2240 883 nos
2268 827 2423 894 nihil,
2454 828 2549 884 sed
2577 827 2834 885 adversus
2862 830 3103 886 eamdem
3131 847 3231 902 pro
3249 833 3404 888 nobis
3423 834 3605 902 valere

2026 918 2338 990 plurimum.
2376 918 2533 986 Quod
2559 935 2627 975 eo
2655 920 2754 976 tibi
2781 922 2994 986 accidit,
3026 923 3151 992 quia
3174 923 3605 995 philosophicam

2026 1024 2137 1064 non
2181 1009 2530 1077 intelligendo
2572 1013 2916 1079 sententiam,
2953 1012 3082 1068 illud
3106 1029 3206 1084 pro
3229 1022 3320 1071 tua
3357 1015 3610 1074 videlicet

2026 1109 2182 1172 parte
2209 1101 2456 1170 posuisti,
2485 1101 2630 1172 quod
2669 1103 2838 1173 probe
2861 1104 3194 1161 intellectum
3221 1121 3330 1162 non
3357 1108 3461 1164 nisi
3507 1125 3609 1166 no-

2028 1194 2156 1249 stris
2185 1201 2390 1248 tantum
2413 1193 2586 1263 possit
2628 1195 2870 1264 partibus
2905 1194 3202 1266 suilragari.
3234 1197 3291 1254 Si
3315 1200 3458 1254 enim
3485 1215 3608 1258 cor-

2029 1299 2228 1354 por-eos
2254 1283 2475 1354 spiritus
2501 1299 2623 1339 esse
2650 1285 2957 1358 philosophi
2986 1286 3272 1352 dixissent,
3303 1290 3357 1345 in
3386 1303 3606 1347 eorum-

2030 1375 2156 1430 dem
2185 1390 2293 1430 non
2339 1372 2728 1442 deﬁnientium,
2760 1377 2857 1432 sed
2901 1378 3278 1436 arbitrantium
3304 1381 3483 1450 potius
3511 1398 3607 1437 au-

2031 1465 2283 1520 ctoritate
2300 1472 2444 1520 totus
2459 1465 2808 1522 nihilominus
2828 1469 3307 1536 argumentationis
3320 1479 3425 1526 tua:
3444 1472 3610 1530 cardo

2033 1555 2309 1612 titubaret.
2339 1555 2475 1612 Cum
2503 1572 2632 1613 vero
2653 1557 2728 1613 illi
2750 1573 2858 1614 non
2887 1559 3212 1627 dubitanter,
3243 1561 3338 1617 sed
3356 1563 3610 1630 scienter,

2033 1662 2145 1702 non
2182 1661 2496 1717 corporeos,
2558 1649 2653 1704 sed
2700 1658 3017 1720 corporatos
3080 1651 3300 1722 spiritus
3349 1653 3612 1724 dixerint,

2034 1752 2216 1793 nonne
2261 1737 2557 1794 dinoscitur
2602 1737 2961 1810 quod'bunque
2985 1749 3071 1796 est
3114 1751 3456 1813 corporatum
3507 1763 3615 1803 non

341 1831 824 1902 comprehensibile
861 1833 949 1898 sit,
981 1833 1358 1902 incorporequ
1413 1845 1533 1886 esse
1579 1845 1686 1885 non
1735 1829 1923 1899 possit.
1957 1830 2010 1894 Β
2034 1843 2154 1884 esse
2173 1829 2530 1898 corporeum?
2560 1828 2808 1900 Alioquin
2837 1846 3148 1901 corporeos,
3169 1848 3276 1888 non
3301 1844 3617 1905 corporatos

340 1923 455 1977 Sub
484 1925 586 1979 hac
606 1936 736 1992 ergo
767 1923 977 1978 ratione
1007 1922 1122 1992 ipse
1145 1922 1249 1978 sibi
1278 1923 1418 1977 Deus
1441 1922 1658 1991 ignotus
1681 1928 1767 1976 est
1799 1939 1812 1973 :
1843 1920 1937 1990 qui

343 2015 401 2069 si
417 2014 617 2069 idcirco
647 2011 1022 2084 incorporeum
1040 2013 1173 2068 nihil
1188 2013 1411 2078 creavit,
1434 2027 1534 2068 nec
1553 2012 1758 2082 aliquid
1785 2025 1938 2067 crea-

347 2114 470 2160 mm
491 2104 736 2159 notitiam
765 2104 1024 2160 creatoris
1052 2104 1353 2170 excederet,
1368 2119 1488 2159 cum
1505 2103 1594 2158 vel
1615 2117 1937 2174 corporeum

349 2196 440 2250 vel
469 2195 848 2263 incorporeum
862 2195 994 2249 nihil
1023 2195 1124 2250 nisi
1146 2195 1480 2265 praecedente
1499 2195 1723 2250 scientia
1750 2209 1941 2250 crean-

349 2288 423 2342 tis
468 2287 750 2351 exstiterit,
781 2285 1028 2342 videlicet
1080 2286 1207 2356 quia
1241 2286 1372 2340 nihil
1410 2285 1658 2341 nesciens
1689 2285 1836 2341 fecit.
1868 2284 1942 2340 Se

278 2448 286 2455 _
349 2380 527 2448 ipsum
557 2391 686 2447 ergo
707 2392 817 2448 prae
844 2377 1092 2433 omnibus
1145 2378 1352 2444 nescit,
1393 2377 1485 2446 qui
1533 2377 1946 2448 incorporaliter

347 2471 623 2527 antecellit
667 2484 880 2526 omnem
910 2469 1262 2525 substantiam
1307 2484 1467 2540 quam
1497 2468 1721 2524 creavit.
1749 2469 1828 2524 Ac
1845 2484 1945 2538 per

346 2561 456 2616 hoc
481 2559 656 2630 major
677 2574 736 2615 se
781 2560 900 2630 ipso
924 2568 1028 2626 est,
1068 2559 1162 2629 qui
1184 2559 1266 2614 sui
1309 2574 1478 2629 capax
1505 2574 1615 2613 non
1643 2553 1761 2613 est.
1789 2558 1947 2625 Quod

350 2651 478 2719 quia
499 2649 605 2705 dici
630 2640 841 2704 ratione
871 2665 981 2704 non
1007 2649 1220 2713 sinitur,
1250 2663 1592 2717 consequens
1612 2656 1714 2712 est,
1738 2656 1797 2702 ut
1824 2648 1948 2704 ideo

350 2734 730 2810 incorpOreum
757 2739 1035 2808 quippiam
1062 2738 1089 2776 ι’
1135 2738 1419 2802 creaverit,
1469 2752 1539 2792 ne
1567 2737 1669 2792 sibi
1705 2743 1947 2793 creatum

351 2832 560 2902 aliquid
589 2829 1131 2900 incomprehensibile
1158 2843 1280 2884 esse
1308 2830 1504 2898 possit;
1527 2844 1647 2885 cum
1671 2830 1785 2898 ipse
1811 2844 1951 2882 sum-

352 2936 482 2976 mus
531 2921 884 2988 incorporeus
913 2918 1016 2973 sibi
1043 2918 1259 2986 ignotus
1292 2933 1414 2973 esse
1456 2934 1565 2974 non
1594 2918 1784 2990 possit.
1817 2917 1950 2974 Vide

353 3023 524 3082 quam
551 3023 720 3079 parvo
747 3008 964 3077 negotio
993 2995 1236 3064 veritatis
1263 3009 1413 3065 calor
1432 3008 1737 3078 frigentium
1756 3009 1950 3065 verbo-

353 3117 483 3158 rum
512 3100 735 3172 pruinas
761 3098 1086 3168 liquetaciat.
1118 3097 1187 3153 Et
1213 3114 1334 3154 cum
1371 3100 1674 3155 discernere
1702 3114 1943 3169 nequeas

2039 1917 2262 1987 spiritus
2301 1932 2420 1972 esse
2461 1917 2760 1974 dixissent:
2791 1920 2916 1990 quia
2961 1920 3090 1977 illud
3143 1932 3226 1978 est
3272 1935 3616 1995 corporeum,

2041 2009 2186 2078 quod
2205 2010 2557 2080 incorporeus
2582 2011 2801 2080 spiritus
2826 2012 3061 2081 animat;
3084 2014 3215 2070 illud
3242 2025 3422 2072 autem
3443 2019 3620 2074 incor-

2041 2115 2286 2172 poreum,
2309 2115 2418 2170 quo
2439 2117 2637 2173 corpus
2663 2104 2949 2158 animatur.
2973 2104 3308 2176 Quapropter
3335 2124 3456 2162 cum
3483 2109 3620 2165 dilu-

2043 2191 2164 2246 cide
2185 2192 2507 2248 vivilicatum
2528 2209 2726 2265 corpus
2753 2195 2821 2250 ab
2843 2196 3158 2266 incorporeo
3188 2196 3486 2254 viviﬁcante
3512 2200 3620 2257 dis-

2043 2283 2333 2347 creverint,
2359 2283 2571 2339 videtur
2591 2285 2719 2340 mihi
2746 2285 3012 2358 quodiste
3041 2289 3284 2359 corporis
3310 2291 3621 2356 advocatus,

2046 2380 2141 2427 aut
2167 2373 2591 2443 philos0phicam
2621 2375 2690 2431 de
2719 2376 3019 2433 substantia
3051 2379 3378 2452 iucorporali
3404 2389 3622 2438 senten-

2047 2465 2176 2518 tiam
2193 2480 2299 2520 non
2313 2466 2654 2532 intellexerit,
2672 2475 2766 2522 aut
2793 2483 3128 2539 nequaquam
3152 2488 3250 2542 pro
3270 2487 3344 2528 se
3356 2473 3627 2542 objectare

2024 2552 2294 2630 debuerit
2313 2556 2412 2610 sub
2440 2555 2559 2626 ipso
2587 2556 2758 2612 sancti
2787 2556 3096 2630 Hieronymi
3123 2563 3358 2618 nomine.

2029 2718 2032 2720 γ
2118 2641 2182 2697 ll.
2214 2642 2484 2712 Sequitur,
2516 2652 2572 2700 et
2611 2645 2853 2715 adiungit
2882 2665 2896 2700 :
2925 2647 2986 2702 Si
3013 2650 3214 2719 angeli,
3245 2649 3434 2720 inquit,
3478 2652 3627 2706 caele-

2049 2736 2151 2788 stia
2189 2736 2342 2789 etiam
2389 2751 2606 2804 corpora
2647 2737 2715 2789 ad
2748 2739 3185 2807 comparationem
3229 2736 3328 2792 Dei
3366 2741 3631 2795 immunda

2049 2843 2161 2879 esse
2209 2826 2471 2890 dicuntur,
2530 2826 2653 2896 quid
2706 2835 2858 2896 putas
2904 2828 3056 2882 homo
3102 2831 3473 2886 existimandus
3517 2835 3632 2888 est?

2051 2916 2320 2982 Quantum
2358 2915 2535 2985 video,
2567 2917 2984 2974 violentissimus
3028 2919 3330 2991 diiputator
3362 2937 3464 2978 nec
3491 2922 3632 2978 istud

2051 3006 2321 3076 intelligit.
2349 3006 2583 3075 Angelos
2605 3009 2749 3064 enim
2780 3010 2938 3065 unius
2965 3011 3137 3066 credit
3163 3028 3282 3069 esse
3300 3013 3629 3081 substantias,

2052 3105 2112 3150 ut
2137 3096 2330 3152 melius
2355 3097 2424 3152 de
2447 3097 2712 3154 sideribus
2739 3099 2956 3164 sentiat,
2981 3115 3103 3171 quae
3129 3112 3444 3173 corporatos
3471 3105 3631 3174 spiri-

353 3207 390 3246 a
417 3181 912 3246 creato‘mAteriam
931 3230 945 3253 ,
977 3188 1045 3243 ab
1095 3188 1309 3244 informi
1351 3189 1638 3246 formatum
1657 3231 1673 3256 ,
1717 3190 1786 3246 ab
1824 3205 1951 3246 aere
1975 3187 2024 3250 C
2054 3197 2140 3243 tus
2153 3187 2376 3258 iudicat.
2408 3187 2656 3257 Nunquid
2683 3190 2772 3244 hic
2797 3189 2941 3245 aliud
2959 3191 3043 3246 vir
3067 3191 3257 3248 doctus
3278 3192 3634 3266 Hieronymus

352 3281 635 3353 spiritum;
669 3281 723 3334 in
751 3280 1039 3349 imaginem
1060 3279 1155 3335 Dei
1183 3283 1518 3352 pronuntias,
1561 3291 1817 3352 tanquam
1843 3298 1947 3353 po-

354 3375 692 3442 tissimorum
727 3373 912 3440 scitor,
961 3373 1054 3442 qui
1101 3373 1370 3429 minorum
1415 3375 1663 3445 probaris
1711 3376 1946 3444 ignarus.

355 3463 478 3520 lam
524 3478 667 3520 nunc
695 3463 1122 3519 testimoniorum
1149 3463 1237 3518 vel
1264 3464 1498 3518 maxime
1552 3465 1776 3534 penuria
1825 3480 1952 3520 coa—

359 3561 501 3618 ctus,
532 3554 601 3610 de
643 3553 880 3624 quodam
920 3568 1090 3623 opere
1117 3553 1289 3608 sancti
1331 3552 1644 3625 Hieronymi
1663 3554 1952 3622 capitulum

361 3645 629 3718 quoddam
657 3644 824 3717 (quod
853 3644 1072 3715 quidem
1103 3653 1158 3700 te
1185 3651 1400 3700 constat
1443 3661 1550 3700 non
1602 3645 1951 3714 intellexisse)

361 3735 657 3806 subjungis,
681 3735 775 3805 qui
808 3737 884 3790 ait
918 3754 930 3789 :
983 3733 1178 3790 Globos
1215 3735 1447 3789 siderum
1493 3743 1796 3804 corporatos
1843 3751 1955 3789 esse

363 3829 574 3898 spiritus
593 3825 928 3882 arbitrantur.
945 3826 1175 3882 Omnem
1189 3825 1282 3895 qui
1303 3825 1610 3889 arbitratur,
1635 3833 1825 3880 nutare
1845 3839 1954 3881 non

345 3917 589 3973 dubium
617 3925 718 3972 est.
750 3915 974 3972 Beatum
1002 3931 1132 3972 vero
1165 3914 1551 3986 Hieronymum
1587 3915 1654 3970 de
1682 3916 1956 3985 spiritibus

368 4007 670 4076 corporatis
687 4005 1040 4076 quorumdam
1058 4005 1262 4062 referre
1283 4005 1418 4062 dicis
1446 4006 1728 4062 arbitrium
1749 4026 1763 4075 ;
1794 4009 1886 4078 qui
1909 4007 1955 4066 s'i

370 4095 769 4159 arbitrantium,
818 4096 923 4151 hoc
980 4103 1092 4158 est,
1121 4095 1479 4151 dubitantium
1523 4098 1767 4167 sequitur
1816 4101 1957 4154 forte

369 4185 710 4252 sententiam,
744 4200 866 4240 cum
892 4184 1083 4240 eodem
1105 4199 1321 4256 quoque
1348 4195 1407 4241 tu
1435 4202 1680 4256 sequere.
1711 4186 1956 4257 Cumque

370 4293 481 4334 non
501 4277 607 4333 nisi
616 4277 686 4333 ab
711 4275 1014 4345 ignorantia
1034 4275 1404 4346 proﬁciscatur
1422 4276 1670 4334 dubietas
1689 4278 1955 4333 arbitran-

369 4371 457 4438 tis,
485 4369 732 4439 agnoscis
760 4374 815 4424 te
835 4367 992 4424 nobis
1012 4367 1374 4436 quaerentibus
1393 4368 1699 4433 veritatem,
1729 4383 1828 4438 pro
1848 4383 1953 4421 una

369 4476 532 4532 quam
559 4461 831 4531 polliceris
867 4461 1112 4525 scientia,
1138 4460 1429 4515 multorum
1457 4460 1782 4515 nescientias
1809 4467 1954 4514 attu-

2052 3278 2252 3334 dixisse
2273 3279 2598 3342 censebitur,
2623 3281 2727 3334 nisi
2761 3281 3074 3350 angelorum
3100 3294 3327 3354 corpora
3355 3285 3633 3341 habilitate

2051 3370 2137 3426 sui
2156 3377 2320 3439 atque
2347 3370 2608 3440 potentia,
2637 3370 2888 3427 humanis
2915 3372 3071 3443 longe
3103 3382 3358 3444 prazstare
3388 3376 3632 3446 corpori-

2051 3463 2187 3517 bus?
2215 3459 2422 3517 Pariter
2460 3476 2582 3516 cum
2622 3461 2758 3518 dixit
2789 3481 2802 3516 :
2837 3462 2897 3518 Si
2923 3465 3114 3535 angeli,
3146 3473 3202 3519 et
3228 3464 3440 3533 adjecit,
3482 3465 3630 3520 caele-

2052 3555 2156 3606 stia
2182 3553 2335 3606 etiam
2362 3569 2614 3622 corpora;
2655 3553 2762 3624 duo
2790 3555 3033 3622 quaedam
3069 3555 3291 3624 intelligi
3320 3555 3506 3619 voluit,
3531 3573 3631 3610 an-

2056 3645 2195 3714 gelos
2223 3652 2279 3698 et
2319 3644 2544 3700 calestia
2584 3660 2819 3715 corpora.
2852 3644 2986 3712 Quia
3020 3660 3140 3700 cum
3169 3645 3392 3715 angelici
3418 3647 3635 3717 spiritus

2056 3735 2327 3803 corporati
2372 3735 2499 3800 sint,
2529 3742 2656 3790 sunt
2682 3735 2736 3789 in
2778 3735 2916 3791 caelo
2945 3734 3189 3805 quaedam
3215 3751 3334 3806 quae
3368 3739 3482 3794 sola
3509 3749 3636 3794 sunt

2057 3841 2304 3896 corpora.
2354 3827 2518 3896 Igitur
2564 3827 2838 3883 evidenter
2894 3828 3127 3884 ostendit
3181 3829 3381 3884 nullum
3439 3847 3636 3902 corpus

2056 3916 2352 3984 quamlibet
2396 3933 2704 3989 supremum
2743 3918 2880 3985 loco,
2923 3919 3215 3989 quamlibet
3240 3928 3434 3990 potens
3461 3929 3628 3984 motu,

2058 4007 2391 4078 incorporeis
2420 4025 2576 4080 posse
2596 4011 2853 4081 praeponi.
2885 4010 3116 4066 Rursum
3135 4025 3202 4066 ex
3231 4012 3636 4081 comparatione

2059 4098 2281 4165 gradum
2301 4097 2504 4154 faciens
2532 4097 2698 4154 dicit:
2728 4098 2874 4154 Adeo
2902 4099 3095 4154 divinis
3121 4100 3391 4174 hominem
3412 4116 3632 4171 compa-

2060 4190 2168 4243 rari
2197 4204 2304 4243 non
2340 4204 2517 4260 posse,
2548 4197 2607 4243 ut
2634 4203 2733 4243 nec
2757 4189 2960 4257 angelis
2987 4189 3175 4258 possit.
3208 4188 3471 4244 Discernit
3497 4205 3634 4260 pra:-

2065 4287 2211 4332 terea
2240 4293 2437 4348 corpus
2464 4285 2521 4332 et
2544 4291 2759 4352 carnem
2778 4317 2792 4343 ,
2823 4277 2944 4348 quia
2974 4293 3095 4333 cum
3125 4278 3300 4333 omnis
3327 4293 3454 4334 caro
3475 4280 3635 4334 etiam

2061 4382 2259 4437 corpus
2277 4369 2365 4446 sit,
2391 4383 2498 4422 non
2527 4382 2690 4423 omne
2717 4382 2912 4437 corpus
2939 4375 3022 4423 est
3047 4383 3193 4424 caro.
3226 4366 3380 4424 Unde
3406 4367 3637 4438 Aposto-

2058 4458 2142 4512 lus
2169 4475 2180 4509 :
2213 4458 2329 4511 Alia
2349 4474 2469 4512 caro
2497 4459 2777 4525 uolucrum,
2801 4461 2910 4514 alia
2937 4476 3059 4515 caro
3084 4461 3319 4531 piscium,
3343 4461 3450 4515 alia
3471 4467 3650 4514 mitem

371 4554 519 4609 lisse.
568 4551 700 4608 Nam
740 4567 862 4607 cum
897 4553 1051 4620 quasi
1091 4551 1468 4622 probatissimo
1498 4551 1810 4607 testimonio
1838 4551 1956 4621 ejus
1979 4547 2339 4616 Dphominum-
2367 4546 2437 4600 Et
2477 4564 2696 4620 corpora
2723 4551 2948 4606 catestia
2965 4560 3015 4606 et
3035 4569 3252 4622 corpora
3295 4553 3557 4609 terrestria
3579 4551 3641 4622 (Ι

372 4643 560 4710 utaris,
591 4642 683 4713 qui
703 4641 772 4698 de
799 4641 878 4697 eis
896 4641 1145 4697 dubitans
1171 4653 1398 4711 quorum
1421 4641 1741 4696 testimoniis
1765 4642 1950 4706 utitur,

372 4743 426 4791 et
453 4733 884 4800 eosdubitantes
912 4730 1068 4787 aﬂert
1109 4736 1444 4800 qudstestes
1464 4716 1718 4796 adhibet;
1745 4732 1873 4800 quid
1903 4740 1957 4787 te

374 4837 533 4894 posse
553 4821 906 4894 pronuntiare
924 4819 1255 4876 censendum
1283 4827 1384 4884 est,
1416 4819 1509 4888 qui
1538 4820 1606 4874 ab
1627 4821 1860 4874 auctoris
1882 4821 1957 4875 tui

373 4913 664 4970 dubitantis
683 4919 907 4968 auctore
931 4910 1114 4975 dubio,
1148 4911 1340 4966 tertius
1365 4910 1481 4979 ipse
1503 4909 1614 4978 jam
1643 4909 1888 4965 dubitas?

974 5043 1203 5101 CAPUT
1233 5043 1346 5100 XII.

375 5138 733 5216 Quodauctor
759 5138 930 5208 operis
955 5137 1096 5191 illius
1124 5135 1475 5216 philosophos
1503 5150 1607 5216 non
1645 5134 1957 5216 intelligens,

443 5208 622 5280 globos
641 5203 866 5262 siderum
892 5203 1194 5280 corporatOs
1221 5204 1435 5275 spiritus
1462 5203 1759 5280 arbitratus_
1777 5203 1864 5270 sit,
1911 5214 1959 5280 et

441 5273 655 5350 angelos
673 5293 895 5350 corpora
915 5273 1027 5332 esse
1054 5273 1298 5350 decernat
1310 5291 1330 5350 _;
1377 5280 1560 5328 contra
1585 5289 1700 5347 qua:
1726 5273 1960 5342 Apostoli

386 5365 388 5368 '
445 5344 737 5403 testimonio
760 5344 824 5401 de
842 5345 1219 5402 resurrectione
1244 5344 1427 5396 utitur.

395 5477 398 5480 ’
444 5457 655 5514 l..lstud
674 5470 775 5525 ego
798 5464 982 5512 tamen
1009 5453 1363 5526 philosophos
1399 5456 1612 5524 reperio
1638 5455 1839 5524 dicere,
1865 5460 1959 5526 qui

446 5607 470 5634 ι
501 5594 677 5648 Locus
727 5596 907 5644 exstat
957 5588 1086 5658 Sap.
1138 5605 1213 5652 xt,
1261 5587 1349 5652 ιε,
1394 5589 1489 5645 sed
1527 5591 1634 5645 alio
1660 5605 1841 5646 sensu.
1870 5591 1960 5648 Sic

377 5667 518 5722 enim
539 5664 610 5718 ibi
624 5661 692 5717 de
710 5659 1073 5732 omnipotenti
1088 5674 1250 5732 manu
1264 5659 1360 5714 Dei
1375 5678 1387 5712 :
1401 5664 1638 5732 _1tttcota’a
1655 5664 1740 5716 τὶν
1769 5662 1958 5732 κᾷσμον

380 5739 427 5802 ἕξ
447 5735 668 5811 ἀμόρφου
689 5731 832 5793 ὕλης,
862 5728 993 5795 Quae
1011 5729 1215 5785 creavit
1252 5729 1510 5789 mundum
1537 5744 1606 5787 ex
1633 5730 1858 5788 materia
1869 5728 1960 5787 'in-
2028 5728 2034 5734 ’

659 5836 934 5896 Punon.
981 5832 1142 5897 Llll.

2060 4638 2180 4694 Cor.
2205 4655 2294 4704 xv,
2327 4637 2414 4702 59,
2434 4637 2525 4708 40)
2555 4656 2567 4691 :
2595 4639 2872 4696 evidenter
2900 4641 3206 4706 ostendens,
3230 4650 3502 4700 terrenum
3523 4657 3642 4698 cor-

2059 4746 2159 4801 pus
2185 4730 2349 4784 etiam
2384 4743 2601 4784 carnem
2621 4729 2754 4797 fore,
2785 4731 3004 4789 cmleste
3026 4745 3154 4786 vero
3193 4747 3301 4786 non
3329 4733 3491 4787 etiam
3520 4724 3640 4785 car-

2060 4836 2203 4876 nem.
2236 4820 2313 4875 Ne
2343 4821 2480 4876 forte
2507 4821 2595 4895 hic
2640 4823 2815 4891 aptari
2839 4822 3128 4878 conveniat
3153 4820 3285 4890 illud
3315 4821 3457 4890 quod
3487 4835 3638 4874 eum-

2063 4911 2182 4966 dem
2232 4910 2615 4982 Hieronymum
2662 4911 2841 4968 dicere
2890 4913 3149 4979 meminit,
3201 4911 3378 4982 globos
3418 4909 3642 4963 siderum

2067 5011 2365 5072 corporatos
2398 5017 2508 5057 esse
2542 5003 2754 5072 spiritus
2800 5005 3136 5059 arbitrantur.
3188 4999 3258 5055 Ut
3305 5001 3419 5068 ipsa
3468 4996 3641 5052 sidera

2065 5092 2178 5146 sive
2199 5092 2510 5160 angelorum
2526 5108 2774 5165 corpora,
2796 5107 3019 5163 corpora
3048 5091 3233 5156 utique
3254 5087 3492 5143 coelestia
3512 5086 3638 5142 sint:

2064 5198 2185 5239 cum
2209 5184 2285 5239 illi
2310 5186 2531 5256 spiritus
2552 5187 2646 5256 qui
2676 5187 2790 5240 istis
2813 5181 3079 5252 corporati
3100 5186 3244 5246 sunt,
3262 5178 3510 5250 corporei
3535 5194 3643 5236 non

2065 5276 2189 5332 sint.
2214 5275 2363 5332 Sicut
2389 5285 2446 5333 ει
2463 5277 2634 5334 Deum
2659 5275 2885 5331 dicimus
2905 5274 3258 5345 incarnatum,
3289 5280 3346 5327 et
3371 5272 3508 5327 sicut
3529 5271 3644 5343 ipsa

2065 5368 2242 5423 anima
2253 5369 2485 5423 humana
2500 5370 2616 5424 inca
2623 5373 2827 5429 rnatur,
2841 5364 3024 5434 utique
3037 5377 3159 5419 cum
3174 5361 3644 5420 administrandam

2065 5459 2286 5528 suscipit
2324 5473 2562 5514 carnem.
2612 5456 2710 5512 Cui
2754 5455 3047 5523 quamlibet
3073 5454 3204 5512 illud
3228 5455 3458 5529 accidat,
3501 5451 3643 5523 quod

2067 5585 2241 5664 formi,
2269 5611 2362 5649 seu
2390 5595 2574 5655 invisa,
2599 5602 2658 5646 ut
2679 5593 2846 5650 habet
2864 5593 3105 5663 Vulgata.

2108 5731 2111 5735 λ
2139 5664 2167 5704 ι’
2197 5665 2279 5721 Al.
2304 5679 2410 5722 non
2431 5664 2692 5720 creaverit.
