4238 6260
631 320 735 379 ’115

1872 307 2181 365 MAMERTI
2218 308 2583 366 CLAUDIAM

3770 312 3893 368 ~7l6

622 437 894 508 Scriptura
924 438 1169 494 testatur,
1194 429 1376 485 dicens
1406 442 1419 480 :
1447 423 1645 497 Corpus
1667 424 1804 499 quod
1830 423 2190 494 corrumpitur,
2221 425 2274 486 Α
2298 422 2425 477 dum
2474 422 2562 477 vel
2607 408 2892 476 bibendum
2917 459 2932 485 ,
2983 419 3074 475 ubi
3121 434 3227 475 non
3274 419 3650 477 dormiendum
3702 437 3889 494 neque
3951 458 3958 467 η

632 534 871 600 zggrovat
897 524 1123 578 animam
1144 520 1296 591 (Sap.
1322 535 1398 586 ix,
1427 517 1527 589 15)
1552 537 1564 571 :
1596 532 1705 573 non
1730 526 1909 573 tamen
1932 518 1983 572 in
2007 533 2202 588 corpus

620 616 866 676 converti
913 611 1235 669 credendum
1287 616 1389 677 est,
1421 608 1718 679 quamlibet
1763 606 2004 678 pondere
2031 609 2207 662 carnis

624 711 909 770 oneretur;
940 702 1065 771 quia
1112 712 1212 755 nec
1256 713 1453 769 corpus
1478 708 1717 767 unquam
1749 698 1805 752 in
1833 699 2209 753 animie’natu-

618 802 738 850 ram
758 791 1193 857 commutabitur,
1225 788 1520 861 quamlibet
1559 782 1747 843 eadem
1775 792 2061 857 vegetan‘te
2092 803 2206 841 mo-

619 894 841 952 veatur;
891 884 1129 953 alioquin
1171 898 1278 937 non
1308 881 1410 937 erit
1455 892 1668 950 corpus.
1699 870 1854 935 Unde
1895 878 2025 933 illud
2062 877 2207 948 quod

622 976 911 1048 Aposwlus
937 974 1068 1030 dixit
1094 992 1106 1027 :
1149 970 1219 1026 Et
1263 986 1483 1042 corpora
1514 971 1736 1026 cmlestia
1764 978 1814 1024 et
1853 982 2071 1042 corpora
2104 978 2207 1023 ter-

622 1069 806 1124 restria
832 1066 895 1137 (l
926 1063 1053 1121 Cor.
1084 1078 1173 1127 xv,
1208 1062 1330 1135 l0):
1362 1071 1672 1123 utrumnam
1716 1061 1783 1117 de
1813 1062 2015 1130 angelis
2042 1076 2107 1115 an
2138 1061 2206 1116 de

622 1156 903 1221 siduitas,
930 1162 995 1207 an
1015 1153 1245 1208 terrenis
1266 1154 1567 1222 quibusque
1581 1151 1906 1222 corporibus
1925 1150 1991 1204 de
2012 1150 2205 1219 quibus

625 1260 730 1302 non
757 1253 841 1300 est
864 1244 1111 1315 quaestio,
1139 1244 1362 1313 intelligi
1382 1244 1637 1310 voluerit,
1660 1251 1725 1298 ex
1756 1241 2205 1310 consequentibus

624 1339 917 1410 apparebit.
940 1337 1309 1407 lndisjunctim
1331 1346 1564 1404 namque
1590 1344 1716 1390 mox
1738 1335 1920 1404 adjicit
1950 1350 2014 1389 ac
2037 1334 2165 1388 dicit
2187 1332 2200 1387 ξ

626 1434 741 1487 Alia
761 1433 1038 1487 caelestium
1061 1431 1259 1503 gloria,
1301 1430 1408 1483 alia
1436 1428 1607 1482 autem
1639 1429 1953 1481 terrestrium
1977 1428 1995 1497 (
2016 1425 2199 1496 Ibid.).

627 1522 691 1575 Et
732 1537 856 1590 quae
902 1522 990 1576 illa
1018 1521 1254 1577 cmlestia
1282 1525 1464 1573 essent
1510 1524 1765 1586 corpora,
1821 1524 1879 1570 ut
1929 1515 2206 1570 evidenter

626 1613 932 1669 ostenderet
961 1632 974 1665 ε
1007 1612 1147 1677 Alia,
1176 1606 1376 1679 inquit,
1388 1610 1598 1664 claritas
1627 1602 1773 1674 solis,
1796 1614 1844 1662 et
1864 1608 1970 1661 alia
1992 1607 2202 1662 claritas

627 1707 779 1768 lunae,
809 1715 859 1758 et
888 1704 994 1758 alia
1039 1704 1251 1758 claritas
1288 1701 1571 1782 stellaqum.
1606 1698 1770 1755 Stella
1815 1702 1951 1754 enim
1979 1717 2010 1753 α
2055 1697 2203 1753 stella

2303 511 2602 567 coeundum
2647 517 2729 565 est
2768 527 2780 561 :
2827 507 3073 564 transibit
3113 516 3290 564 totum
3326 511 3558 567 animale
3584 514 3783 584 corpus
3827 514 3888 571 in

2304 602 2542 673 spiritale
2577 615 2791 671 corpus,
2822 600 2948 669 quia
2976 608 3030 655 et
3058 600 3237 655 anima
3266 608 3379 656 tota
3408 604 3659 659 transibit
3688 606 3743 660 in
3771 607 3887 679 spi-

2300 692 2485 757 ‘ritum,
2515 700 2569 747 et
2609 693 2712 747 erit
2734 696 2905 745 totum
2934 689 3171 760 spiritale
3200 706 3395 762 corpus
3424 701 3646 763 propter
3674 695 3885 752 inhabi-

2302 782 2508 836 tantem
2537 782 2802 852 spiritum.
2836 780 2938 847 Qui
2961 781 3143 851 utique
3191 781 3412 852 spiritus
3455 783 3503 837 si
3540 783 3596 838 in
3640 784 3743 840 hac
3772 787 3886 841 vita

2305 874 2607 943 concupivit
2635 874 2890 927 adversus
2914 887 3148 939 carnem,
3180 880 3236 928 et
3260 874 3665 945 concupiscenti
3693 876 3889 931 adver-

2305 978 2422 1017 sum
2451 978 2510 1018 se
2537 963 2684 1018 carni
2716 979 2822 1017 non
2852 963 3051 1029 cessit;
3073 962 3194 1031 jure
3223 963 3276 1017 in
3302 972 3568 1019 teternum
3592 964 3726 1019 nihil
3755 965 3887 1021 illud

2306 1052 2629 1111 difficultatis
2656 1048 2870 1117 sentiet,
2896 1053 3046 1123 cujus
3066 1052 3408 1109 tlillicultates
3434 1055 3673 1111 cmlestis
3698 1057 3883 1112 auxilii

2304 1146 2501 1201 virtute
2527 1145 2818 1214 superavit.
2846 1138 2959 1199 Nec
2982 1159 3080 1214 par
3106 1144 3208 1198 erit
3234 1151 3295 1199 ut
3319 1152 3630 1213 exaequetur
3654 1142 3886 1203 Domino

2305 1237 2396 1305 qui
2426 1235 2598 1291 eidem
2626 1234 2785 1290 cessit
2824 1235 3035 1299 invitus,
3066 1241 3120 1288 et
3148 1234 3203 1289 in
3245 1235 3386 1290 servi
3421 1240 3562 1289 statu
3604 1244 3887 1301 remaneat

2305 1327 2395 1395 qui
2424 1326 2552 1380 vicit
2577 1325 2929 1380 voluntarius.
2960 1322 3224 1389 Quocirca
3250 1318 3410 1380 datur
3453 1316 3690 1394 intelligi,
3731 1329 3882 1397 quod

2305 1419 2442 1473 sicut
2467 1419 2519 1472 in
2548 1420 2649 1472 hac
2680 1419 2785 1472 vita
2810 1418 2999 1471 anima:
3027 1416 3275 1471 humanae
3308 1416 3883 1490 substantia'ineorpo—

2306 1509 2489 1562 raliter
2517 1507 2776 1577 dignitate
2800 1508 2883 1563 sui
2910 1508 3078 1562 anteit
3114 1523 3313 1579 corpus
3350 1508 3606 1574 animale;
3636 1510 3710 1563 ita
3752 1516 3883 1580 post

2304 1596 2749 1654 resurrectionem
2788 1598 3380 1669 remunerationemque
3424 1598 3649 1654 anteibit
3686 1614 3885 1670 corpus

2306 1687 2564 1758 Spiritale.
2594 1687 2763 1744 Omne
2796 1697 2977 1744 autem
3004 1688 3148 1758 quod
3176 1689 3402 1760 spiritali
3447 1705 3678 1760 corpore
3703 1691 3886 1761 potius

628 1796 800 1864 diﬂert
826 1796 881 1849 in
911 1795 1106 1866 gloria,
1136 1796 1210 1848 ita
1238 1799 1287 1847 et
1321 1774 1627 1846 resurrectio
1654 1799 1969 1845 mortuorum
2013 1789 2056 1861 (Ι
2084 1789 2203 1844 Cor.
2234 1774 2284 1837 Β

2234 1774 2284 1837 Β
2310 1788 2411 1845 est,
2437 1794 2633 1851 corpus
2658 1787 2717 1835 ut
2736 1780 2967 1837 arbitror
2989 1795 3098 1837 non
3127 1788 3210 1836 est
3243 1800 3254 1833 :
3285 1794 3413 1852 ergo
3430 1780 3586 1851 juxta
3613 1781 3771 1852 hujus
3796 1798 3882 1839 ne-

629 1904 716 1949 xv,
741 1887 830 1951 ll,
854 1885 975 1958 42).
1006 1885 1262 1940 Eamdem
1278 1884 1485 1940 scilicet
1504 1883 1725 1950 docens,
1750 1897 1868 1952 qua:
1891 1879 2054 1937 estin
2075 1881 2211 1938 side-

630 1994 747 2033 rum
775 1979 1034 2047 qualitate
1073 1975 1507 2046 discrepantiam,
1537 1974 1973 2029 resuscitatorum
2011 1988 2207 2043 corpo-

631 2085 744 2137 rum
774 2070 889 2125 fore
916 2085 1016 2139 pro
1044 2068 1359 2123 meritorum
1401 2066 1712 2122 diversitate
1753 2065 2079 2120 distantiam.
2111 2062 2210 2119 Hic

631 2161 815 2228 utique
845 2160 1045 2227 absque
1069 2157 1317 2226 ambiguo
1346 2156 1535 2211 doctor
1562 2155 1796 2223 gentium
1842 2155 1909 2209 de
1958 2154 2072 2209 sola
2119 2169 2208 2208 re-

630 2248 962 2303 surrectione
997 2247 1353 2301 humanorum
1382 2260 1670 2315 corporum
1692 2244 1987 2314 disputans,
2018 2244 2207 2314 hujus-

631 2338 777 2392 modi
806 2336 1293 2407 comparationibus
1322 2348 1450 2389 usus
1474 2341 1575 2389 est.
1604 2328 1737 2387 Nam
1768 2334 1844 2389 sic
1868 2342 2083 2387 causam
2107 2333 2210 2389 loci

634 2428 1111 2501 hujnsjingreditur
1143 2445 1154 2480 :
1199 2426 1347 2481 Dicet
1387 2425 1601 2496 aliquis,
1636 2423 1899 2489 Quomodo
1946 2430 2212 2494 resurgent

630 2519 861 2575 mortui?
880 2520 1018 2590 quali
1045 2528 1211 2572 autem
1236 2533 1449 2587 corpore
1494 2514 1696 2569 renient
1732 2512 1935 2586 (Ibid.,
1977 2511 2081 2584 55)
2100 2516 2122 2566 ?
2144 2510 2210 2566 Et

634 2611 701 2664 ab
723 2612 825 2666 hoc
849 2611 970 2665 loco
990 2623 1158 2679 usque
1179 2606 1243 2662 ad
1275 2608 1431 2663 istam
1466 2605 1532 2660 de
1552 2605 1816 2660 sideribus
1845 2603 2209 2674 comparatio-

635 2714 777 2764 nem,
806 2699 858 2754 id
884 2700 1062 2770 ipsum
1080 2700 1197 2754 sine
1224 2698 1443 2752 alterius
1471 2695 1783 2765 cujusquam
1801 2693 2207 2763 causaainterje-

634 2795 811 2849 ctione
836 2792 1194 2862 persequitur,
1220 2788 1417 2845 nullam
1447 2788 1647 2843 faciens
1674 2787 1740 2842 de
1771 2788 1946 2841 anima
1976 2786 2209 2841 mentio-

635 2900 790 2949 nem;
812 2897 882 2937 ne
903 2880 1107 2938 scilicet
1139 2878 1268 2936 illud
1296 2879 1439 2949 quod
1468 2876 1535 2933 de
1560 2877 1707 2944 solis,
1741 2879 1880 2932 lume
1902 2872 2209 2936 Stellarum-

635 2990 762 3043 que,
803 2989 1087 3045 corporum
1114 2972 1320 3028 scilicet
1352 2971 1667 3034 omlestium,
1698 2968 2012 3024 diderentiis
2039 2966 2211 3021 disse~

635 3063 764 3127 ruit,
789 3072 813 3100 ³
833 3076 974 3117 saevo
996 3063 1139 3118 ferte
1162 3061 1362 3130 judicio
1384 3060 1451 3114 de
1473 3059 1750 3113 animabus
1768 3057 1967 3112 dictum
1988 3057 2213 3126 quisque

637 3155 876 3210 sentiret.

1208 3220 1442 3276 CAPUT
1483 3220 1615 3275 Xﬂl.

1058 3311 1136 3364 De
1163 3312 1534 3364 resurrectione
1559 3310 1777 3378 plenius.

708 3421 858 3477 Nunc
885 3430 1012 3489 ergo
1054 3421 1100 3475 si
1128 3419 1420 3475 humanum
1460 3432 1676 3490 corpus,
1709 3424 1980 3474 terrenum
2006 3402 2211 3476 scilicet

641 3520 802 3585 atque
828 3512 1221 3577 moribundum,
1244 3513 1300 3567 in
1348 3510 1398 3566 id
1427 3505 1610 3582 glorite
1639 3512 2121 3581 transfo‘rmahitur,
2152 3524 2212 3571 ut

637 3605 731 3661 ﬁat
757 3604 822 3660 de
866 3604 1069 3659 carnali
1111 3602 1382 3675 spiritale,
1415 3604 1707 3660 secundum
1753 3598 2087 3676 Apostolu'm,
2119 3607 2212 3675 qui

637 3696 712 3750 ait
736 3713 752 3749 :
784 3696 1082 3749 Seminatai‘
1109 3709 1290 3765 corpus
1320 3694 1565 3761 animale,
1592 3700 1823 3768 resurget
1848 3714 2029 3769 corpus
2057 3699 2213 3769 spiri-

637 3785 742 3840 tale
765 3783 951 3856 (Ibid.,
979 3783 1097 3854 M);
1129 3792 1183 3839 et
1213 3784 1391 3839 anima
1428 3784 1660 3839 humana
1689 3788 1768 3843 sic
1795 3796 1936 3843 nunc
1958 3789 2212 3859 Spiritalis

638 3884 740 3938 est,
770 3882 832 3929 ut
858 3878 1037 3929 tanien
1083 3886 1279 3944 corpus
1318 3875 1389 3931 sit
1414 3878 1433 3928 ‘:
1467 3876 1596 3945 ergo
1621 3876 1852 3931 humana
1881 3893 2007 3934 caro
2040 3888 2212 3935 trans-

638 3964 837 4019 feretur
863 3964 915 4017 in
949 3963 1141 4018 animm
1177 3962 1514 4032 dignitatem,
1544 3966 1664 4019 cum
1706 3962 1845 4020 facta
1892 3966 2051 4035 fuerit
2086 3984 2211 4023 cor--

638 4069 736 4123 pus
761 4052 1018 4123 spiritale.
1050 4051 1118 4104 Et
1142 4052 1320 4105 anima
1351 4066 1477 4121 'qute
1511 4054 1725 4123 corpori
1748 4052 1892 4123 juste
1919 4053 2208 4123 dominata,

637 4157 756 4212 qum
782 4142 1008 4218 Domino
1053 4142 1143 4211 pie
1188 4140 1440 4196 famulata
1479 4150 1579 4209 est,
1606 4154 1729 4211 quae
1772 4142 1940 4198 Deum
1987 4145 2214 4204 ﬁdeliter

639 4233 879 4299 credidit,
910 4241 1002 4289 aut
1024 4231 1266 4287 fortassis
1293 4239 1349 4287 et
1393 4232 1577 4298 scivit;
1610 4242 1884 4303 exasquata
1912 4236 2013 4290 sibi
2052 4252 2213 4295 carne

637 4340 754 4393 sua,
785 4328 900 4397 ipsa
927 4339 1142 4395 quoque
1166 4325 1298 4380 nihil
1324 4339 1425 4394 pro
1455 4324 1764 4380 substantiae
1806 4328 2061 4396 qualitate
2089 4344 2214 4401 ιιι-οι

636 4418 958 4473 movebitur.
990 4412 1058 4469 Et
1084 4418 1175 4470 ubi
1202 4414 1469 4481 est‘illud,
1493 4426 1609 4470 ‘non
1639 4419 1727 4487 qui
1772 4420 1986 4476 oculum
2015 4425 2208 4490 carnis,

2308 1872 2527 1953 cessarii
2551 1873 2655 1927 mei
2683 1875 2989 1940 tractatum,
3016 1873 3108 1943 qui
3137 1872 3356 1942 angelos
3384 1873 3501 1928 sola
3529 1888 3651 1929 esse
3675 1883 3881 1931 tantum

2262 1982 2269 1985 λ
2309 1978 2536 2035 corpora
2565 1964 2824 2031 decernit,
2852 1965 3085 2020 humana
3109 1965 3401 2021 substantia
3422 1967 3665 2036 angelica
3691 1976 3881 2023 natura

2308 2055 2409 2111 erit
2430 2053 2669 2110 inferior.
2703 2053 2921 2111 Certum
2949 2070 3178 2125 namque
3217 2056 3395 2111 divina
3434 2059 3759 2113 auctoritate
3797 2072 3883 2113 re-

2308 2146 2557 2213 tinemus,
2581 2154 2890 2202 sanctorum
2909 2162 3136 2217 corpora
3164 2163 3281 2218 quae
3302 2149 3572 2204 immutari
3601 2148 3882 2205 merebun-

2309 2243 2414 2301 tur,
2440 2238 2492 2291 in
2519 2237 2743 2308 gloriam
2787 2239 3041 2308 angelicis
3070 2226 3397 2309 exaequanda
3422 2241 3770 2312 corporibus,
3798 2241 3882 2296 di-

2306 2316 2467 2409 cente
2494 2326 2722 2384 Domino
2747 2346 2759 2381 :
2786 2327 2858 2382 Et
2882 2338 3031 2384 erunt
3068 2330 3197 2384 sicut
3226 2330 3401 2403 angeli
3434 2332 3489 2385 in
3515 2331 3638 2387 ctelo
3669 2330 3881 2403 (Matth.
3976 2341 3987 2359 '

2302 2428 2440 2493 Axxu,
2472 2414 2583 2489 30).
2614 2417 2679 2479 Si
2699 2418 2859 2488 igitur
2900 2420 3073 2489 angeli
3102 2420 3363 2491 spiritalia
3404 2426 3606 2477 tantum
3652 2438 3879 2493 corpora

2309 2517 2435 2566 sunt
2463 2511 2726 2581 uniusque
2753 2513 3084 2578 substantiae,
3114 2522 3169 2569 et
3197 2515 3518 2584 provehetur
3552 2531 3745 2586 corpus
3774 2515 3878 2571 hu-

2310 2616 2528 2655 manum
2557 2601 2626 2656 ad
2664 2602 2891 2671 angelici
2929 2604 3171 2674 corporis
3217 2602 3558 2674 dignitatem:
3587 2607 3753 2662 homo
3781 2623 3877 2664 an-

2311 2690 2431 2761 gelo
2459 2692 2717 2761 qualitate
2755 2694 2997 2764 corporis
3026 2696 3403 2768 exaequabitur,
3433 2696 3687 2767 dignitate
3719 2698 3878 2769 spiri~

2314 2790 2397 2837 tus
2425 2783 2775 2853 praeminebit.
2806 2780 2957 2851 Quod
2985 2786 3051 2852 si,
3082 2794 3142 2841 ut
3168 2794 3252 2842 est
3296 2786 3491 2857 utique,
3531 2787 3740 2843 videtur
3779 2788 3881 2845 ah-

2313 2875 2529 2931 surdum
2568 2894 2580 2928 :
2611 2875 2809 2946 duplex
2847 2890 2976 2949 ergo
3018 2886 3101 2933 est
3151 2879 3409 2950 angelica,
3435 2878 3594 2935 sicuti
3639 2888 3725 2934 est
3774 2878 3883 2936 hu—

2268 2962 2275 2970 ’
2315 2984 2492 3035 mana,
2552 2969 2870 3036 Substantia,
2916 2970 3121 3027 habens
3165 2986 3362 3042 corpus
3406 2972 3573 3027 totius
3617 2970 3890 3029 facilitatis

2314 3061 2666 3133 maximaeque
2693 3060 3122 3131 pulchritudinis,
3151 3062 3297 3131 quod
3322 3062 3628 3118 hominibus
3650 3078 3775 3149 cum
3803 3062 3886 3132 ju~

2239 3129 2286 3194 θ
2315 3150 2474 3206 betur
2519 3129 2779 3222 appareat
2814 3170 2826 3205 :
2859 3152 3066 3208 habens
3108 3129 3674 3225 vin—corporeumrquo
3720 3129 3883 3210 Deum

2312 3254 2524 3312 semper
2550 3240 2751 3297 videat.
2780 3240 2940 3298 Juxta
2969 3244 3100 3300 illud
3131 3244 3499 3315 evangelicum
3536 3258 3644 3315 quo
3684 3244 3882 3302 dictum

2312 3341 2429 3391 est:
2456 3330 2591 3398 Quia
2616 3334 2786 3406 angeli
2822 3350 2999 3390 eorum
3038 3352 3235 3405 semper
3270 3336 3446 3392 vident
3486 3338 3667 3410 faciem
3706 3335 3884 3392 Patris

2310 3425 2413 3479 mei
2446 3423 2656 3498 (Matth.
2683 3441 2825 3493 xvm,
2856 3425 2966 3498 10).

2905 3518 3127 3575 CAPUT
3166 3518 3306 3575 XIV.

2456 3606 2763 3681 Spiritualia
2790 3614 3046 3682 corporeis
3074 3613 3234 3666 oculis
3259 3612 3419 3685 uideri
3447 3628 3548 3667 non
3575 3628 3725 3683 posse
3899 3663 3902 3667 .

2385 3699 2550 3757 Valde
2596 3708 2778 3757 autem
2821 3708 3012 3772 stupeo
3039 3702 3309 3771 quomodo
3335 3703 3591 3772 quispiam
3620 3700 3883 3756 Christia-

2315 3807 2432 3857 nus,
2465 3792 2704 3847 doctoris
2731 3793 3026 3862 praesertim
3073 3792 3215 3859 loco,
3243 3792 3472 3865 deﬁniat,
3503 3791 3720 3847 cuilibet
3746 3791 3871 3861 pul-

2314 3882 2466 3949 chro,
2498 3881 2718 3937 cuilibet
2763 3881 2975 3937 sublimi
3020 3882 3246 3953 corpori,
3290 3880 3499 3950 corpori
3528 3886 3707 3935 tamen
3738 3895 3872 3935 eon-

2316 3971 2683 4042 templabilem
2710 3964 2879 4026 Deum
2909 3971 3043 4038 fore,
3074 3982 3132 4027 et
3157 3970 3503 4027 universalem
3527 3968 3700 4025 videri
3724 3970 3882 4025 loea-

2314 4061 2439 4116 liter
2490 4077 2687 4132 posse;
2717 4078 2841 4118 cum
2874 4061 3040 4118 Deum
3079 4063 3263 4118 videre
3299 4062 3405 4116 hoc
3439 4061 3509 4115 sit
3559 4059 3881 4129 intelligere.

2315 4148 2653 4207 Intellectum
2680 4168 2809 4208 vero
2838 4153 3064 4209 localem
3101 4139 3213 4209 non
3251 4167 3398 4218 esse,
3426 4151 3513 4207 vel
3540 4151 3885 4219 intelligendo

2316 4245 2707 4312 cognoscimus.
2741 4244 2877 4311 Quia
2917 4245 2962 4300 si
3008 4242 3315 4300 intellectus
3343 4242 3529 4299 localis
3574 4249 3684 4306 est,
3708 4241 3881 4297 locale

2316 4334 2420 4389 erit
2448 4340 2503 4388 et
2530 4334 2676 4403 quod
2704 4333 3033 4402 intelligitur.
3067 4332 3211 4388 Nihil
3238 4333 3385 4389 enim
3412 4331 3583 4388 locale
3609 4338 3708 4395 est,
3736 4330 3881 4402 quod

2317 4441 2424 4481 non
2453 4433 2509 4481 et
2535 4426 2707 4495 ipsum
2737 4427 2885 4481 locus
2912 4433 3010 4481 est.
3045 4423 3115 4480 At
3161 4427 3208 4482 si
3245 4425 3553 4497 intellectus
3578 4422 3761 4503 localis
3784 4441 3800 4490 ;
3822 4431 3885 4495 et

636 4504 730 4562 sed
752 4508 846 4576 qui
873 4508 1086 4562 oculum
1129 4505 1307 4560 cordis
1351 4506 1704 4574 mandaverit,
1756 4511 1923 4567 Deum
1970 4515 2210 4571 videbit?
2235 4493 2290 4555 Ῑ)
2316 4515 2370 4569 in
2398 4515 2503 4571 hoc
2533 4493 2690 4581 licus,
2723 4514 2849 4585 quia
2877 4514 2982 4570 hoc
3021 4514 3336 4582 intelligitur
3375 4496 3519 4590 Deus
3552 4526 3716 4582 :ergo
3742 4493 3885 4568 luca-

636 4593 769 4650 Nam
794 4596 942 4649 Beati
964 4595 1158 4649 mundo
1184 4595 1351 4661 corde,
1384 4597 1625 4668 quoniam
1660 4601 1760 4671 ipsi
1783 4601 1945 4657 Deum
1971 4602 2211 4660 videbunt

639 4684 852 4755 (Matth.
877 4696 933 4751 ν,
960 4684 1043 4755 ⁷8).
1074 4682 1216 4753 Ergo
1263 4684 1443 4742 forsan
1474 4687 1867 4747 beatiﬁcabitur
1890 4708 2084 4764 corpus
2112 4712 2211 4766 pro

637 4779 799 4835 modo
843 4788 971 4845 suo,
1021 4785 1075 4834 et
1114 4772 1296 4833 anima
1344 4780 1529 4837 itidem
1572 4794 1670 4852 pro
1714 4784 1876 4841 modo
1922 4803 2038 4843 suo.
2080 4790 2213 4846 Illud

638 4870 1023 4935 immutahitur,
1047 4878 1106 4925 ut
1125 4872 1331 4943 spiritui
1351 4886 1448 4943 per
1471 4876 1651 4930 omnia
1669 4876 1746 4931 ad
1773 4886 1958 4934 nutum
1985 4884 2210 4952 serviat,

632 4964 718 5018 cui
756 4964 1048 5018 contumax
1077 4977 1217 5034 sape
1242 4965 1457 5019 restitit.
1491 4965 1558 5022 Et
1586 4967 1701 5024 llch
1740 4970 2126 5040 immutabitur,
2152 4986 2212 5032 ut

628 5054 800 5112 Deum
814 5056 1190 5127 videat,un
1212 5048 1487 5127 flagrantia
1514 5066 1676 5114 'cas'tte
1707 5060 1944 5119 Caritatis
1964 5066 2204 5125 inhiavit.

634 5142 703 5200 Et
728 5148 984 5216 quoniam
1025 5144 1313 5217 Apostolus
1336 5148 1582 5217 spiritum
1600 5188 1613 5213 ,
1647 5152 1879 5206 animam
1909 5170 2211 5227 corpusque

630 5234 912 5300 discrevit,
934 5234 1179 5305 inquiens
1194 5278 1208 5303 ,
1227 5244 1285 5290 ut
1309 5239 1506 5308 integer
1524 5238 1734 5309 spiritus
1762 5250 1943 5309 vester,
1966 5252 2013 5297 et
2034 5248 2209 5305 anima

632 5324 685 5376 et
710 5338 891 5395 corpus
925 5320 969 5396 (l
998 5324 1175 5382 Nmis.
1199 5342 1260 5391 v,
1290 5320 1381 5398 25)
1403 5371 1416 5394 ,
1447 5329 1571 5398 quia
1612 5338 1734 5400 pnst
1761 5336 2208 5392 resurrectionem

634 5422 746 5466 non
773 5413 1075 5470 aiihnaliter
1097 5416 1383 5472 mendum
1411 5427 1521 5486 est;
1552 5420 1755 5477 scilicet
1786 5422 1877 5478 ubi
1904 5430 2012 5480 non
2041 5424 2207 5481 eden-

705 5629 731 5657 ι
770 5616 853 5672 Al.
884 5633 1047 5672 servo.
1077 5617 1240 5674 Forte
1264 5618 1409 5673 ltevo.
1510 5626 1514 5631 ‘

2278 4607 2379 4683 glis
2427 4617 2510 4663 est
2556 4602 2713 4663 Deus.
2755 4605 2909 4673 Quod
2954 4607 3079 4675 quia
3116 4612 3401 4676 repugnat,
3453 4605 3748 4679 intelligere
3784 4620 3884 4660 nos

2317 4707 2554 4769 oportet,
2594 4706 2843 4754 constare
2889 4698 3160 4766 hominem
3208 4713 3276 4753 ex
3322 4711 3588 4772 corporeo
3630 4704 3685 4751 et
3711 4696 3884 4751 incure

2316 4778 2513 4862 porco,
2562 4800 2792 4862 utroque
2846 4791 2900 4845 in
2954 4790 3145 4845 melius
3184 4788 3533 4845 reformando
3579 4808 3594 4844 :
3639 4781 3891 4844 constare

2315 4883 2563 4952 angelum
2590 4899 2659 4938 ex
2686 4896 2912 4957 corpore
2940 4888 2997 4936 et
3024 4879 3243 4950 spiritu,
3274 4880 3544 4958 praecipua
3572 4880 3713 4935 inter
3733 4891 3886 4933 crea-

2314 4981 2461 5029 turas
2488 4973 2747 5042 dignitate
2792 4972 3021 5027 formato
3055 4988 3069 5023 :
3100 4969 3129 5008 ιι
3171 4970 3389 5039 spiritus
3430 4970 3504 5024 illi
3547 4984 3779 5037 namque
3806 4976 3890 5023 est

2314 5066 2459 5120 onmi
2486 5066 2677 5135 spiritu
2721 5071 2905 5120 creato
2933 5063 3234 5133 potentior;
3266 5072 3465 5133 corpus
3492 5062 3568 5117 illi
3609 5060 3888 5132 potissimo

2313 5156 2551 5211 omnium
2571 5156 2838 5211 elemento
2858 5154 3158 5218 sublimius,
3182 5151 3477 5208 secundum
3506 5150 3635 5206 illud
3663 5150 3891 5222 prophe-

2314 5247 2496 5312 ticum,
2529 5245 2618 5300 ubi
2650 5245 2891 5314 angelica
2938 5240 3236 5302 substantia
3278 5236 3474 5312 duplex
3521 5240 3640 5297 sine
3680 5230 3892 5297 dubita-

2312 5334 2460 5390 tione
2489 5334 2820 5405 perhibetur,
2852 5351 2963 5406 quo
2994 5334 3198 5390 dictum
3227 5340 3312 5390 est
3345 5350 3358 5386 :
3392 5329 3495 5397 Qui
3522 5332 3649 5402 facit
3675 5328 3892 5400 angelos

2312 5444 2431 5483 suos
2459 5428 2689 5495 spiritus,
2720 5434 2770 5481 et
2794 5427 3059 5486 ministros
3086 5440 3205 5480 suos
3250 5425 3423 5494 ignem
3448 5430 3684 5478 urentem
3715 5418 3889 5493 (Ruit.

704 5689 728 5725 δ
770 5686 1066 5748 Utrobiaue
1106 5687 1200 5746 illi.
1245 5687 1446 5742 scilicet
1484 5690 1691 5751 angelo.
1727 5691 1809 5744 At-
1832 5693 1909 5746 al.
1960 5692 2184 5747 Soiritus
2214 5695 2365 5750 ille...
2400 5710 2580 5754 corpus
2610 5692 2753 5748 illud.
