4238 6260
304 402 402 458 71⁸1

1493 394 1577 447 ne
1615 376 1839 447 STATU
1879 384 2113 444 Annua
2157 390 2279 445 LIB.
2319 389 2361 445 ι.

3453 386 3557 448 718

304 490 408 580 cm,
444 516 519 588 ι).
550 513 736 586 Ignem
764 528 892 569 vero
943 527 1049 567 non
1077 526 1195 566 esse
1241 508 1505 578 spiritum,
1546 513 1603 561 et
1631 504 1881 575 spiritum
1910 505 1964 565 Α
1987 517 2054 557 eo
2084 500 2202 571 ipso
2228 501 2315 557 vel
2349 502 2580 556 maxime
2606 514 2714 570 quo
2739 500 2961 558 creavit.
2990 499 3125 557 Nam
3154 509 3210 558 et
3236 503 3468 558 animam
3499 519 3561 560 a-

304 607 527 679 perinde
557 607 735 675 ignem
764 616 870 660 non
901 619 1044 667 esse,
1075 598 1414 655 manifestum
1458 604 1558 651 est.
1606 594 1741 662 Quia
1774 608 1881 648 non

308 699 427 753 istic
459 697 745 764 allegorice
784 692 982 763 aliquid
1029 689 1398 760 accipiendum
1428 692 1542 749 est,
1589 685 1725 739 sicut
1754 681 1884 737 illud

308 790 397 843 ubi
429 789 505 842 ait
533 787 788 841 Dominus
822 803 833 837 :
870 784 1050 855 Ignem
1069 783 1181 835 veni
1211 781 1410 833 mittere
1437 778 1489 831 in
1518 787 1705 830 terram
1728 772 1879 844 (Luc.

310 897 403 945 xu,
438 878 550 949 49),
581 893 700 933 cum
750 876 814 931 de
858 881 1045 930 sancto
1074 873 1279 942 Spiritu
1319 870 1542 925 diceret.
1573 866 1692 921 Non
1739 866 1883 921 enim

309 970 456 1025 credi
488 969 566 1023 ias
608 972 688 1023 c‘st
715 968 919 1043 animas
956 964 1225 1025 humanas
1255 962 1321 1016 ad
1369 973 1608 1014 amorem
1647 956 1886 1010 divinum

312 1054 725 1133 participatione
779 1057 1006 1126 angelici
1051 1054 1282 1126 'spiritus
1352 1051 1703 1115 inﬂammari;
1761 1050 1882 1118 quia

310 1151 501 1207 eodem
531 1152 673 1205 dono
704 1146 883 1203 bonus
919 1155 1002 1202 est
1028 1146 1215 1209 homo,
1247 1159 1354 1213 quo
1398 1141 1575 1197 bonus
1615 1147 1698 1194 est
1726 1153 1889 1209 ange-

312 1245 414 1306 lus,
447 1249 501 1296 et
552 1239 740 1295 eodem
788 1238 934 1292 dono
982 1244 1211 1304 uterque
1254 1233 1449 1287 beatus
1490 1238 1591 1285 est.
1634 1229 1807 1283 Ambo
1834 1227 1889 1282 id

310 1334 480 1405 ipSum
511 1331 701 1386 eadem
730 1328 1035 1392 voluntate;
1067 1326 1256 1380 eodem
1288 1323 1493 1378 scilicet
1521 1321 1709 1391 spiritu
1740 1329 1764 1355 ει
1795 1333 1886 1373 cu-

308 1402 482 1494 piunt.
514 1420 688 1474 Ambo
714 1419 823 1501 boc
848 1417 990 1471 idem
1033 1417 1350 1485 incorporea
1393 1411 1685 1481 capacitate
1713 1402 1913 1479 perci-‘

205 1540 209 1544 ·
309 1514 483 1584 piunt.
513 1510 580 1565 Et
608 1511 668 1563 iit
714 1498 900 1570 homo,
935 1506 1174 1574 angelus,
1206 1511 1260 1558 et
1305 1502 1444 1557 Deus
1475 1515 1609 1555 unus
1637 1498 1884 1569 Spiritus,

309 1604 460 1674 juxta
489 1598 805 1672 Apostolum
852 1597 1117 1652 dicentem
1153 1613 1165 1648 :
1201 1592 1301 1659 Qui
1348 1592 1575 1646 adliceret
1612 1589 1720 1643 Deo
1757 1602 1889 1643 unus

312 1696 522 1766 spiritus
568 1702 645 1747 est
691 1680 732 1763 (ἰ
781 1688 901 1744 Cor.
928 1705 1004 1755 vi,
1037 1687 1148 1758 17).
1178 1680 1299 1740 Non
1351 1692 1531 1739 autem
1580 1681 1735 1736 video
1781 1694 1890 1749 quo

312 1793 470 1855 pacto
518 1798 714 1853 corpus
763 1783 1084 1851 incorporeo
1133 1774 1531 1845 contemperari
1577 1779 1777 1842 queat,
1831 1778 1891 1825 ut

314 1885 451 1929 unus
499 1873 718 1944 spiritus
743 1871 862 1941 jure
890 1870 1117 1925 dicatur.
1162 1865 1217 1921 Si
1247 1865 1392 1919 enim
1430 1877 1626 1932 corpus
1664 1869 1747 1916 est
1774 1861 1893 1915 ani-

314 1982 420 2030 ma,
451 1963 818 2019 immutabitur
846 1962 974 2032 ergo
1020 1973 1359 2030 corporeum,
1392 1964 1452 2010 ut
1480 1968 1599 2010 esse
1644 1969 1765 2009 cum
1811 1953 1895 2008 in-

316 2065 584 2126 corporeo
614 2070 779 2109 unum
809 2054 996 2123 possit.
1030 2050 1205 2121 Atque
1232 2052 1307 2104 ita
1337 2049 1404 2104 ad
1451 2048 1597 2102 illam
1628 2046 1897 2101 rationem

317 2144 629 2201 necessario
676 2141 900 2207 reditur,
934 2152 1036 2210 Qua
1078 2142 1454 2210 incorporeum
1493 2136 1692 2206 aliquid
1722 2138 1897 2191 creari

318 2235 561 2306 pctuisse
590 2233 805 2288 dicitur.
837 2231 970 2285 Nam
1006 2232 1049 2286 si
1079 2238 1258 2300 potest
1303 2245 1368 2283 ex
1417 2241 1679 2297 corporeo
1719 2227 1911 2281 incor-‘

319 2326 545 2397 pureum
592 2324 725 2390 fieri,
754 2323 932 2395 potuit
968 2330 1023 2377 et
1064 2337 1132 2377 ex
1176 2321 1344 2375 nihilo
1380 2320 1568 2375 creari.
1601 2317 1711 2372 Nisi
1757 2316 1899 2371 forte

319 2420 533 2475 dicatur
560 2415 1014 2473 incommutabilis
1041 2413 1183 2469 Deus
1211 2413 1374 2467 veluti
1404 2422 1806 2481 corporascere,
1837 2415 1901 2462 ut

321 2520 485 2565 unum
513 2508 684 2586 possit
713 2522 831 2563 esse
861 2522 981 2561 cum
1016 2502 1262 2575 corpore.
1290 2501 1395 2559 Sed
1422 2502 1528 2557 hoc
1564 2501 1899 2571 perditorum

322 2601 692 2671 quorumpiam
724 2597 855 2653 ﬁdes
881 2597 1109 2663 habeat;
1141 2596 1266 2666 quia
1294 2595 1339 2648 si
1366 2593 1449 2649 vel
1480 2593 1672 2660 angelo
1697 2590 1783 2645 vel
1808 2589 1902 2644 lio-

322 2692 450 2748 mini
481 2690 755 2748 adhazrere
797 2689 912 2745 Deo
953 2688 1163 2743 bonum
1205 2692 1312 2750 est,
1346 2701 1453 2739 non
1484 2683 1549 2737 ad
1596 2691 1900 2737 creaturam

322 2784 742 2841 deteriorabitur
770 2790 986 2838 creator
1012 2777 1485 2842 incommutabilis,
1518 2775 1611 2830 sed
1640 2774 1707 2829 ad
1747 2788 1899 2828 crea-

325 2874 497 2930 torem
525 2874 802 2929 mutabilis
830 2880 1075 2928 creatura
1102 2867 1366 2941 proliciet.
1401 2861 1553 2923 Unde
1582 2868 1635 2921 in
1657 2864 1902 2934 Evange-

326 2949 397 3020 lio
426 2965 688 3020 Dominus
724 2964 854 3019 dicit
884 2982 896 3016 :
932 2950 1112 3029 Pater,
1141 2964 1246 3016 sint
1291 2962 1378 3015 isti
1424 2962 1478 3016 in
1532 2958 1676 3014 nobis
1718 2972 1895 3021 unum,

328 3056 458 3110 situt
484 3062 534 3109 et
562 3071 655 3111 nos
676 3071 851 3109 sumus
877 3070 1034 3108 unum
1066 3052 1241 3125 (Joan.
1269 3070 1393 3117 xvn,
1424 3044 1534 3125 21).

923 3164 1147 3220 CAPUT
1181 3158 1295 3220 XV.

325 3254 476 3322 Quod
510 3273 759 3330 corporea
799 3256 972 3310 omnia
1012 3255 1347 3330 adiunctione
1388 3258 1469 3311 sui
1516 3258 1718 3330 majora
1763 3258 1899 3329 ﬁant

391 3337 439 3379 ct
480 3326 643 3407 multa
677 3340 1058 3407 quamﬂauca;
1090 3327 1392 3407 incorporea
1426 3344 1542 3407 vero
1589 3326 1774 3407 anima
1806 3346 1911 3407 n_ec'

392 3404 644 3469 augeatur
670 3392 723 3449 ii:
747 3392 937 3462 multis,
961 3412 1054 3449 nec
1080 3392 1344 3449 minuatur
1368 3398 1422 3450 in
1444 3399 1680 3468 singulis.
1828 3392 1850 3420 ⁸

393 3496 501 3565 Nec
546 3523 675 3564 vero
723 3502 869 3563 credi
920 3507 1045 3561 licet
1091 3520 1429 3576 quorumque
1468 3508 1902 3579 conjunctionem

329 3610 610 3673 corporum
630 3598 893 3653 unitatem
921 3590 1195 3653 Trinitatis
1234 3598 1450 3664 imitari,
1480 3608 1573 3653 aut
1604 3600 1778 3654 eidem
1817 3601 1902 3654 in-

330 3693 709 3751 confusibiiiter
765 3707 924 3762 posse
972 3692 1206 3747 misceri.
1259 3688 1417 3744 Patet
1465 3692 1607 3745 enim
1662 3690 1900 3760 liquido,

330 3784 603 3857 quodlibet
648 3800 813 3839 unum
852 3798 1049 3854 corpus
1096 3782 1240 3853 paris
1280 3780 1521 3850 corporis
1566 3780 1907 3849 adjunctione

330 3877 603 3950 duplicari.
635 3874 761 3929 Esse
790 3866 898 3929 illic
942 3887 1172 3937 sursum,
1213 3870 1497 3933 deorsum,
1540 3862 1804 3935 dextrum,
1834 3870 1907 3925 si-

332 3970 577 4031 nistrum,
602 3965 837 4019 anterius
858 3972 1017 4032 atque
1036 3950 1323 4034 posterius.
1346 3959 1474 4016 Esse
1497 3960 1603 4017 illic
1624 3967 1722 4031 pro
1745 3961 1905 4016 modo

296 4072 307 4085 '
335 4058 733 4129 magnitudinis,
754 4056 1155 4126 longitudinem,
1180 4053 1529 4117 latitudinem,
1550 4050 1899 4107 altitudinem.

336 4151 393 4206 ln
441 4148 557 4205 Deo
587 4158 714 4203 vero
744 4148 859 4217 ipsa
886 4144 1143 4200 Trinitate
1169 4144 1328 4214 hujus
1369 4142 1717 4199 secabilitatis
1745 4151 1799 4197 et
1827 4143 1908 4198 lo-

336 4243 563 4300 calitatis
594 4247 773 4312 partes
797 4246 851 4293 et
889 4237 1058 4307 spatia
1086 4252 1204 4291 esse
1232 4252 1337 4291 non
1376 4234 1629 4301 dicimus,
1658 4233 1724 4287 ad
1759 4233 1931 4307 cujus,

337 4332 739 4405 similitudinem
788 4345 950 4384 unum
997 4344 1096 4384 nos
1141 4343 1258 4383 esse
1301 4324 1585 4396 secumque
1620 4326 1759 4381 uniri
1801 4340 1907 4381 non

231 4450 243 4459 -
339 4439 528 4496 posse,
558 4423 689 4477 dicit
718 4422 831 4492 ipse
855 4420 947 4492 qui
977 4419 1120 4485 fecit,
1151 4420 1289 4474 sicut
1328 4418 1382 4472 in
1421 4416 1731 4488 apostolicis
1757 4415 1907 4471 Acti-

342 4516 441 4570 bus
472 4513 717 4582 legimus,
754 4511 897 4581 quod
926 4528 1055 4565 unus
1100 4511 1414 4573 credentium
1436 4549 1450 4574 ,
1482 4524 1710 4579 unusque
1737 4507 1909 4562 volen-

1925 3216 1976 3283 Ω

1987 596 2130 649 nima
2159 595 2584 665 prtestantiorem
2624 609 2767 665 saepe
2800 603 2855 649 et
2881 597 3189 667 experimur
3216 605 3270 653 et
3314 592 3561 653 dicimus.

1987 689 2096 745 Nec
2124 697 2305 743 tamen
2334 688 2579 744 eamdem
2604 702 2764 760 quam
2790 689 3083 745 secundum
3111 691 3407 761 potentiam
3432 706 3565 762 pra:-

1987 780 2302 834 stantiorem
2330 779 2574 847 dicimus,
2599 778 2891 835 secundum
2918 780 3119 835 molem
3147 796 3265 849 quce
3306 780 3463 836 nulla‘
3480 781 3564 836 illi

1989 878 2090 935 est,
2123 872 2390 928 credimus
2418 887 2539 927 esse
2586 872 2865 941 majorem.
2896 871 3029 927 Illud
3058 873 3221 927 etiam
3265 886 3363 929 nec
3392 879 3446 928 te
3476 888 3563 927 ar-

1989 962 2161 1017 bitror
2188 960 2426 1027 diffiteri,
2457 963 2749 1033 quamlibet
2775 961 2971 1017 multas
3000 962 3206 1017 animas
3223 961 3461 1033 perfecte
3482 952 3591 1018 saé'

1990 1052 2201 1121 pientes
2245 1069 2354 1107 non
2402 1053 2521 1123 plus
2566 1068 2755 1124 sapere
2796 1053 2936 1108 idem
2988 1054 3165 1108 anima
3209 1053 3444 1124 perfecte
3488 1068 3568 1109 sa-

1991 1138 2173 1211 piente
2205 1158 2219 1194 :
2253 1158 2353 1198 nec
2381 1143 2524 1213 quod
2554 1159 2656 1197 una
2686 1144 3008 1200 omnimodis
3029 1142 3175 1199 volet
3203 1145 3401 1211 anima,
3427 1144 3567 1199 mul-

1992 1240 2075 1303 tas
2092 1231 2151 1285 id
2181 1228 2501 1287 omnimodis
2530 1233 2758 1289 volendo
2780 1232 2900 1304 plus
2922 1234 3059 1290 velle
3086 1251 3100 1287 :
3129 1249 3228 1290 nec
3250 1234 3395 1305 quod
3423 1250 3568 1305 qua:-

1991 1340 2205 1393 cunque
2234 1325 2435 1395 Optime
2464 1326 2798 1392 meminerit,
2843 1326 3038 1382 multas
3078 1327 3268 1382 melius
3296 1328 3568 1382 memoria:

1993 1417 2283 1471 tenacitate
2326 1417 2651 1471 meminisse.
2706 1413 2915 1486 Corpus
2961 1431 3088 1471 vero
3134 1424 3189 1470 et
3234 1415 3355 1487 plus
3405 1416 3571 1472 habet

1993 1509 2245 1581 ponderis
2273 1523 2523 1578 magnum
2562 1522 2722 1577 quam
2760 1494 2982 1577 parvum
3000 1548 3014 1572 ,
3046 1510 3101 1563 et
3128 1506 3352 1562 validior
3379 1522 3572 1578 corpo-

1995 1618 2114 1656 rum
2143 1598 2427 1654 multitudo
2475 1612 2636 1668 quam
2682 1599 2952 1668 paucitas,
2986 1605 3040 1652 et
3083 1597 3271 1655 fortius
3297 1599 3572 1669 quippiam

1996 1690 2186 1746 [nanus
2213 1690 2412 1756 multae,
2445 1703 2605 1758 quam
2634 1689 2855 1757 singulae
2884 1687 2970 1742 vel
3013 1689 3265 1752 retinent,
3300 1689 3383 1744 vel
3412 1672 3593 1744 susti-A

1997 1782 2207 1847 tinent,
2257 1780 2343 1835 vel
2371 1779 2695 1850 propellunt.
2745 1777 2897 1832 Nunc
2942 1778 3324 1847 consequentia
3372 1777 3573 1849 disqui«

1923 1864 1970 1925 Β
1997 1889 2195 1929 ramus.

2585 1936 2814 1995 CAPUT
2839 1937 2960 1993 XVI
3054 1948 3057 1951 '

2417 2032 2629 2085 Animas
2657 2045 2767 2084 esse
2790 2032 3141 2101 incorporeas.

2070 2144 2303 2209 Habent,
2353 2143 2530 2215 inquis
2553 2185 2566 2208 ,
2600 2144 2791 2197 animm
2831 2143 3122 2197 secundum
3152 2158 3210 2197 se
3238 2125 3430 2214 corpus
3468 2125 3603 2221 quo:

2000 2235 2315 2299 subsistunt,
2334 2232 2472 2287 .licet
2500 2233 2723 2287 multum
2756 2240 2810 2287 et
2850 2233 3338 2302 incomparabiliter
3361 2234 3601 2289 tenuius'

1999 2328 2165 2396 quam
2192 2332 2374 2380 nostra
2404 2332 2526 2381 sunt
2554 2340 2798 2394 corpora.
2832 2323 3139 2392 Accipiatur
3171 2324 3263 2387 ita,
3296 2324 3342 2379 si
3370 2324 3443 2378 ita
3471 2330 3577 2381 est.

2000 2416 2135 2471 Illud
2164 2416 2487 2487 respondeas
2517 2415 2693 2479 velim,
2734 2414 2863 2481 Quis
2899 2424 2987 2469 est
3010 2415 3110 2470 iste
3138 2416 3228 2485 qui
3268 2415 3395 2471 dicit
3427 2435 3440 2471 :
3470 2415 3578 2472 Ha-

2003 2511 2093 2565 bet
2134 2510 2312 2564 anima
2354 2523 2550 2581 corpus
2578 2507 3091 2585 incomparabiliter
3118 2509 3330 2562 tenuius
3352 2548 3366 2575 ,
3414 2524 3577 2578 quam

2003 2603 2185 2658 uestra
2214 2609 2339 2656 sunt
2363 2578 2591 2670 corpora
2607 2601 2639 2670 ἲ,
2659 2599 2714 2653 Si
2732 2599 2919 2653 animm
2946 2578 3107 2657 vet'ba
3142 2601 3239 2654 ista
3269 2607 3410 2663 sunt,
3433 2600 3578 2670 quod

2003 2709 2199 2763 corpus
2228 2708 2347 2747 esse
2376 2708 2533 2745 suum
2561 2691 2691 2745 dicit
2715 2690 2860 2759 quod
2889 2690 3001 2761 ipa
3024 2700 3124 2757 est,
3156 2699 3247 2744 aut
3274 2691 3414 2747 istud
3436 2691 3581 2762 quod

2002 2786 2268 2845 sentiiicat
2311 2791 2630 2852 vegetatque
2658 2783 2895 2837 carnale.
2930 2782 3069 2853 (Ipsa
3117 2783 3259 2837 enim
3307 2782 3435 2838 dicit
3461 2785 3581 2839 ani-

2003 2894 2089 2932 ma
2143 2895 2155 2929 :
2207 2873 2440 2930 Tenuius
2476 2880 2587 2937 .est
2640 2889 2837 2942 corpus
2893 2873 3121 2937 animae,
3172 2888 3334 2943 quam
3386 2860 3605 2946 corpus.

2004 2967 2227 3036 meum.)
2274 2963 2427 3032 Quod
2476 2972 2559 3019 est
2604 2977 2799 3031 corpus
2826 2961 2969 3030 quod
3013 2978 3161 3017 suum
3205 2963 3346 3017 dicat
3383 2964 3580 3030 anima,

2004 3060 2106 3115 nisi
2153 3058 2283 3113 illud
2310 3056 2453 3127 quod
2499 3057 2616 3126 ipsa
2645 3062 2726 3109 est
2750 3094 2765 3118 ,
2798 3055 2841 3109 si
2885 3069 3079 3124 corpus
3124 3061 3207 3109 est
3235 3055 3450 3108 anima?
3478 3053 3585 3110 Aut

2005 3152 2164 3220 igitur
2193 3148 2369 3202 anima
2410 3161 2605 3216 corpus
2634 3153 2734 3211 est,
2767 3160 2867 3200 nec
2893 3152 3039 3200 recte
3061 3161 3256 3216 corpus
3283 3144 3423 3200 istud
3460 3161 3584 3201 car-

2005 3258 2166 3300 neum
2210 3258 2366 3298 suum
2401 3238 2567 3305 dicit,
2600 3254 2723 3311 quia
2772 3245 2950 3309 potius
2979 3236 3107 3293 illud
3138 3246 3220 3293 est
3257 3254 3411 3293 suum
3441 3238 3585 3308 quod

2004 3338 2119 3408 ipsa
2149 3342 2231 3389 est
2256 3352 2267 3385 :
2302 3341 2391 3387 aut
2426 3332 2467 3387 si
2503 3330 2637 3386 istud
2667 3336 2861 3399 corpus
2886 3329 3076 3384 anima:
3103 3345 3299 3401 corpus
3321 3341 3422 3395 est,
3446 3329 3581 3400 ipsa,

2005 3418 2075 3480 u‘t
2089 3425 2246 3480 datur
2269 3422 2513 3490 intelligi,
2556 3438 2667 3475 non
2701 3429 2785 3475 est
2810 3435 3024 3490 corpus.
3056 3418 3187 3475 Post
3224 3419 3410 3475 itidem
3450 3437 3584 3476 con-

2002 3515 2194 3572 sultori
2225 3530 2325 3569 suo
2367 3513 2446 3568 sic
2483 3511 2724 3582 loquitur
2753 3498 3006 3579 :‘Objicis
3047 3509 3172 3562 mihi
3206 3508 3320 3563 ideo
3355 3510 3585 3563 animam

2007 3626 2111 3664 non
2140 3624 2252 3661 esse
2279 3621 2598 3677 corpoream,
2638 3604 2759 3674 quia
2780 3618 2871 3655 nec
2893 3599 3073 3665 loculis
3103 3599 3189 3663 sit,
3219 3615 3311 3651 nec
3337 3600 3586 3670 qualitate

2006 3705 2096 3751 aut
2123 3697 2409 3768 quantitate
2446 3693 2735 3747 subsistat:
2774 3689 2909 3761 quod
2946 3688 3090 3757 cujus
3128 3687 3339 3757 periculi
3372 3690 3441 3742 sit
3482 3684 3585 3744 ere.

2009 3785 2149 3853 dere,
2189 3790 2243 3841 in
2285 3782 2707 3857 consequentibus
2743 3777 3223 3835 demonstrabimus.
3272 3776 3427 3846 Nunc
3467 3797 3583 3835 vero

2007 3880 2064 3932 in
2086 3877 2180 3933 hoc
2210 3883 2460 3930 tractatus
2490 3873 2654 3928 nostri
2680 3878 2816 3926 statu
2840 3871 3015 3924 habita
3044 3870 3361 3925 discussione
3389 3872 3587 3943 pende--
3654 3879 3662 3886 ’

2010 3968 2101 4033 bit,
2133 3978 2188 4022 ut
2216 3969 2261 4022 si
2296 3982 2388 4021 nec
2417 3963 2597 4020 loculis
2624 3962 2693 4017 sit
2725 3958 2819 4015 nec
2848 3961 3126 4032 quantitati
3158 3960 3444 4030 subjaceat,
3475 3946 3607 4016 esse

2009 4055 2125 4115 eam
2160 4060 2371 4114 indubie
2417 4060 2779 4127 incorporeum
2826 4052 3027 4106 credas.
3071 4050 3131 4106 Si
3167 4068 3285 4105 vero
3331 4067 3445 4106 eam
3492 4053 3585 4107 de-

2009 4152 2460 4206 monstraverimus
2482 4148 2766 4220 quantitate
2780 4142 3115 4197 determinari
3135 4141 3305 4197 locove
3318 4140 3553 4197 concludi
3565 4160 3584 4208 ;

2010 4248 2378 4311 consequenter
2403 4254 2519 4297 eam
2556 4236 2710 4291 etiam
2755 4249 2968 4303 corpore
3015 4232 3303 4299 contineri,
3352 4248 3444 4286 nec
3474 4219 3627 4304 ipse.

2004 4331 2119 4400 jam
2148 4329 2367 4383 dubites.
2399 4326 2614 4382 Statum
2653 4338 2850 4392 nempe
2888 4328 3146 4376 tractatus
3174 4322 3253 4376 tui
3282 4322 3336 4377 in
3375 4320 3609 4379 articuli

2012 4422 2167 4476 istius
2205 4420 2515 4475 conditione
2542 4416 2799 4488 posuisti,
2830 4424 2889 4470 ut
2929 4415 2972 4469 si
3002 4415 3188 4471 localis
3215 4423 3270 4470 et
3294 4415 3588 4484 quantitati

2011 4509 2294 4578 subjacens
2316 4508 2496 4565 anima
2529 4506 2747 4577 probari
2771 4505 2976 4576 possit,
2999 4513 3394 4576 consequenter
3422 4506 3588 4563 etiam

343 4608 469 4660 tium
497 4613 609 4658 erat
636 4603 838 4656 animus
866 4611 914 4655 et
941 4618 1029 4655 cor
1065 4618 1224 4655 unum
1266 4600 1399 4670 (Act.
1435 4616 1504 4663 IV,
1534 4596 1646 4667 52).
1678 4596 1792 4652 Non
1824 4605 1909 4650 ta-
1936 4578 1993 4639 Ῑ)
2013 4616 2273 4671 corporea
2307 4597 2619 4653 crederetur
2644 4588 2660 4649 γε
2688 4614 2849 4668 quam
2894 4605 3076 4653 tamen
3104 4598 3266 4670 paulo
3297 4606 3423 4671 post
3449 4599 3590 4656 intra

341 4710 461 4749 men
507 4704 631 4747 rear
660 4690 852 4746 multas
881 4692 1083 4746 animas
1124 4691 1197 4744 ita
1235 4689 1335 4744 sibi
1382 4687 1544 4742 fuisse
1572 4686 1907 4755 conjunctas,

344 4782 399 4840 u‘t
426 4786 596 4854 major
633 4783 877 4854 quaedam
907 4796 974 4837 ex
1001 4782 1181 4837 multis
1208 4780 1484 4835 animabus
1510 4779 1685 4834 anima
1725 4778 1907 4841 tierct,

342 4876 464 4945 quia
494 4872 726 4928 Trinitas
752 4884 848 4944 per
870 4887 1029 4949 quam
1052 4881 1104 4925 et
1132 4887 1252 4925 cum
1280 4884 1386 4938 qua
1414 4882 1601 4922 omnes
1623 4865 1776 4920 bona:
1800 4868 1913 4919 ani-

345 4980 441 5017 ma:
472 4963 605 5017 fiunt
631 4979 824 5033 unum.
860 4959 890 4999 ιι
928 4960 1038 5015 Nec
1080 4962 1133 5014 in
1178 4959 1285 5014 ulla
1315 4974 1384 5012 ex
1424 4955 1610 5012 eadem
1655 4954 1914 5011 Trinitate

346 5069 571 5121 persona
596 5054 770 5106 minor
796 5058 879 5106 est
906 5048 1066 5120 quam
1092 5050 1148 5103 in
1175 5048 1364 5111 tribus,
1395 5062 1495 5102 nec
1519 5046 1571 5101 in
1602 5046 1769 5101 tribus
1797 5062 1911 5101 ma-

341 5143 428 5210 jor
456 5146 537 5196 est
565 5146 721 5210 quam
749 5142 800 5197 in
830 5137 1070 5209 singulis.
1104 5139 1193 5195 Sic
1214 5144 1269 5194 et
1296 5139 1483 5193 anima:
1504 5138 1756 5192 humanm
1785 5138 1911 5193 sub-

341 5230 538 5285 stantia
569 5230 634 5283 ad
662 5230 775 5300 ejus
805 5229 1160 5284 imitatitinem
1203 5228 1353 5298 cujus
1393 5228 1568 5297 imago
1597 5235 1696 5298 est,
1728 5242 1828 5281 nec
1858 5227 1911 5281 in

341 5322 519 5374 multis
560 5319 851 5374 secundum
880 5318 1112 5387 aliquam
1142 5318 1339 5372 molem
1371 5317 1545 5387 major
1584 5325 1665 5372 est
1684 5358 1698 5384 ,
1730 5332 1831 5395 nec
1859 5317 1913 5372 in

339 5410 557 5478 singulis
578 5411 870 5464 secundum
892 5411 1125 5479 aliquam
1154 5410 1349 5464 molem
1376 5410 1570 5465 minor.
1603 5409 1736 5477 Quia
1764 5409 1911 5464 vide—
1972 5422 1983 5433 '

341 5499 461 5553 licet
486 5500 738 5569 potentiae
768 5508 894 5555 sont
914 5500 1033 5565 illm,
1068 5515 1174 5555 non
1201 5515 1446 5571 corpora.
1476 5498 1697 5555 Creatas
1733 5508 1912 5556 autem

340 5592 604 5656 potentias
633 5593 861 5645 creatrix
893 5593 1073 5660 utique
1113 5592 1349 5661 potentia
1383 5593 1505 5661 jure
1532 5594 1908 5661 supereminet,

376 5754 391 5766 ’
415 5787 434 5807 α
477 5770 556 5822 Al.
592 5773 801 5823 caoiunt

2012 4690 2248 4760 pectoris
2288 4685 2557 4744 oliicinam
2607 4687 2897 4742 varietates
2945 4688 3333 4755 cogitationum
3370 4704 3593 4759 suarum.

2016 4780 2235 4849 lingere,
2257 4786 2313 4834 et
2334 4787 2511 4833 motus
2531 4780 2734 4848 agitare.
2757 4777 3073 4849 pronuntias

2585 4886 2812 4942 CAPUT
2842 4886 3001 4943 XVII.

2018 4984 2258 5054 Animam
2301 4980 2415 5035 sine
2461 4980 2570 5033 ulla
2612 4980 2913 5103 diﬁl‘erfuntia
2954 4974 3142 5045 loca'li,
3192 4982 3347 5035 vitam
3389 4938 3623 5047 corpori:

2710 5068 2752 5103 ri
2822 5066 2926 5103 ere.

2710 5066 2906 5104 nouere
2914 5090 2926 5103 .

2089 5143 2165 5197 Ac
2194 5141 2421 5212 primum
2450 5156 2631 5212 quaeso
2653 5140 2980 5210 respondeas
3013 5156 3025 5191 :
3051 5137 3170 5209 ipsa
3195 5136 3376 5196 anima
3396 5150 3506 5205 quo
3536 5137 3591 5199 in
3622 5188 3627 5194 .

2018 5228 2140 5287 loco
2186 5232 2256 5287 sit
2298 5222 2580 5302 corporis,
2631 5231 2832 5293 intoto
2872 5234 2993 5292 est,
3032 5241 3102 5281 an
3146 5226 3199 5280 in
3227 5226 3414 5296 parte?
3442 5224 3497 5283 Si
3535 5229 3626 5302 i_n.

2021 5329 2172 5391 parte
2206 5329 2306 5389 est,
2333 5317 2787 5390 quemadmodum
2829 5317 3138 5371 universum
3166 5316 3363 5387 ubique
3397 5290 3595 5390 corpds
3622 5372 3629 5377 .

2022 5408 2203 5469 movet
2232 5420 2390 5482 atque
2428 5410 2731 5466 sentiﬁcat?
2763 5407 2821 5460 Si
2848 5407 2901 5460 in
2919 5414 3044 5477 toto
3070 5416 3172 5476 est,
3202 5410 3473 5479 quomodo
3506 5412 3591 5467 in-
3622 5464 3625 5471 ,

2024 5512 2103 5557 tra
2132 5503 2299 5556 solius
2326 5501 2562 5571 pectoris
2590 5497 2861 5551 officinam
2892 5496 3249 5564 cogitationes
3283 5490 3410 5555 sitas
3443 5499 3594 5569 ﬁngit
3618 5556 3627 5571 λ

2023 5601 2077 5645 et
2098 5600 2277 5645 motus
2296 5589 2549 5643 exercet?
2581 5586 2662 5639 An
2692 5583 2915 5639 forsitan
2948 5602 3054 5640 non
3082 5588 3254 5642 solum
3286 5589 3339 5640 in
3370 5597 3591 5656 pectore

2092 5765 2117 5803 ι’
2157 5763 2474 5823 0rthodox.,
2508 5758 2622 5817 Nec
2653 5762 2810 5815 nulla.

3211 5871 3291 5878 μ»-
