4238 6260
1147 283 1279 304 .-ηὟ
1338 296 1341 299 _

633 360 742 420 719

1878 351 2192 407 MAMERTI
2227 349 2590 408 CLAUDIAM

3777 348 3894 408 720

633 455 746 541 est,
774 473 867 530 sed
896 472 1059 528 etiam
1088 471 1143 525 in
1169 468 1348 539 capite
1381 483 1394 520 :
1425 480 1528 522 nec
1551 467 1605 522 in
1642 464 1818 535 capite
1847 471 2082 528 tantum,
2108 460 2204 517 sed
2229 466 2279 527 Α
2308 463 2481 530 Atque
2527 468 2585 515 ut
2631 459 2683 514 id
2730 457 3018 513 doceamus
3060 456 3325 526 exemplo,
3356 425 3578 527 digitum
3606 465 3757 514 certe
3783 460 3893 517 nisi

631 568 690 622 in
708 564 892 636 planta
912 569 1073 629 atque
1102 559 1156 613 in
1179 557 1424 613 ossibus?
1445 555 1512 610 Et
1539 555 1843 625 ubicunque
1863 553 2097 608 animam
2127 553 2208 635 lo-

632 656 822 711 caliter
848 667 970 706 esse
999 648 1202 713 credis,
1236 648 1345 714 illic
1363 647 1527 702 etiam
1556 645 1800 701 localiter
1827 659 2018 714 sapere
2048 650 2101 698 et
2127 643 2208 698 lo-

631 743 819 800 caliter
837 741 1075 808 cogitare
1095 737 1367 794 fateberis.
1387 736 1455 790 Et
1473 735 1729 805 quoniam
1749 735 1796 790 si
1819 748 2081 803 corporea
2103 741 2204 796 est,

630 839 857 889 eatenus
897 831 1041 885 inest
1068 828 1283 898 corpori
1307 866 1322 890 ,
1364 835 1425 881 ut
1453 827 1592 882 sicut
1621 841 1759 895 aqua
1789 833 1965 879 utrem
1995 823 2208 878 minore

629 923 715 980 sui
743 928 900 992 parte
929 919 1169 974 minores
1198 925 1380 988 partes
1427 916 1543 986 ejus
1582 915 1841 985 impleat,
1892 921 1949 968 et
2000 911 2208 980 majore

629 1012 906 1082 majores;
931 1009 1237 1066 necessario
1266 998 1526 1076 sequitur,
1558 1015 1620 1062 ut
1664 1015 1721 1061 et
1749 1005 1923 1075 major
1953 1005 2026 1059 illi
2069 1003 2210 1072 cogi-

631 1101 766 1158 tatio
806 1103 860 1156 in
906 1109 1127 1171 pectore
1164 1100 1266 1164 sit,
1310 1105 1366 1153 et
1394 1098 1573 1152 minor
1610 1098 1664 1151 in
1693 1097 1860 1165 digito
1895 1114 1907 1147 :
1943 1102 2104 1164 atque
2135 1093 2208 1149 ita

631 1200 854 1262 quotam
883 1199 1092 1261 partem
1113 1190 1337 1260 quisque
1367 1188 1612 1258 corporis
1639 1186 1870 1241 viventis
1899 1184 2206 1249 absciderit,

631 1292 804 1340 totam
833 1297 1048 1352 quoque
1077 1287 1284 1350 partem
1305 1279 1498 1334 anima:
1525 1277 1828 1347 vegetantis
1858 1275 2100 1330 abscidit.
2134 1273 2210 1330 Ac

630 1392 731 1446 per
776 1376 882 1430 hoc
909 1389 1016 1428 non
1048 1380 1196 1426 tanta
1226 1371 1329 1427 erit
1374 1371 1428 1425 in
1475 1371 1655 1424 anima
1703 1370 1888 1439 utique
1915 1367 2077 1423 debili
2124 1367 2210 1422 vel

631 1462 902 1530 cogitandi
949 1462 1068 1526 vis,
1122 1460 1208 1515 vel
1268 1459 1510 1529 potentia
1560 1457 1960 1512 reminiscendi.
2013 1457 2208 1512 Aerem

630 1567 866 1621 namque
898 1552 988 1622 (ex
1016 1566 1124 1620 quo
1165 1558 1258 1604 aut
1285 1551 1372 1604 cui
1401 1548 1632 1603 similem
1663 1549 1901 1603 animam
1931 1564 2051 1604 esse
2079 1563 2208 1618 pro-

631 1643 873 1712 nuntias)
897 1641 1168 1710 dividuum
1189 1639 1585 1707 secabilemque
1615 1655 1776 1694 nemo
1805 1639 2034 1693 dubitat.
2075 1638 2207 1694 Nam

583 1726 590 1733 ’
630 1745 689 1791 et
716 1750 838 1789 cum
868 1732 1059 1786 fiamus
1087 1739 1142 1785 et
1171 1727 1439 1794 reflamus,
1473 1729 1762 1800 particulas
1786 1728 1904 1796 ejus
1930 1729 2208 1783 haurimus

2308 560 2484 608 stante
2511 566 2672 606 manu
2716 562 2935 604 movere
2979 562 3084 602 non
3131 562 3454 617 possumus;
3496 557 3676 602 ιηοιιιε
3704 558 3890 605 autem

2306 643 2509 698 brachii
2551 642 2617 696 ab
2655 639 2862 694 humeri
2898 637 3189 703 stabilitate
3225 645 3328 692 est.
3365 635 3435 690 Et
3460 644 3521 691 ut
3547 653 3658 692 non
3685 637 3892 694 diutius

2307 733 2672 793 immoremur,
2712 729 2763 782 in
2793 725 3082 795 gradiendo
3117 726 3302 796 utique
3341 739 3438 794 pes
3477 741 3616 797 unus
3645 725 3891 795 ﬁgendus

2308 829 2408 885 est,
2440 827 2499 873 ut
2525 818 2662 872 alter
2687 815 2994 886 promoveri
3033 823 3213 884 queat.
3264 813 3412 870 Tene
3440 814 3623 870 istud:
3655 824 3685 854 ι
3713 816 3888 886 pauli-

2308 925 2431 981 sper
2477 909 2637 980 animi
2683 916 2887 963 motum
2949 923 2978 962 a
3029 907 3268 977 corporis
3312 915 3464 963 motu
3508 907 3881 966 discernimus.

2308 1001 2440 1056 Nam
2469 1000 2640 1062 sicut,
2672 1006 2730 1053 ut
2752 1012 2911 1068 supra
2938 997 3138 1052 dictum
3166 1004 3279 1062 est,
3309 997 3451 1053 Deus
3477 998 3744 1054 stabiliter
3763 1016 3885 1056 lno-

2308 1100 2481 1156 vetur,
2511 1091 2588 1146 sic
2616 1091 2792 1144 anima
2820 1089 3204 1160 temporaliter.
3229 1089 3551 1160 Temporale
3577 1098 3662 1147 est
3680 1101 3882 1159 autem,

2309 1184 2455 1253 quod
2484 1183 2642 1254 paulo
2672 1192 2796 1237 ante
2825 1183 3053 1252 superba
3070 1223 3085 1248 ,
3117 1197 3257 1237 nunc
3286 1182 3532 1249 humilis;
3561 1184 3712 1254 prius
3739 1184 3882 1250 laeta,

2313 1289 2454 1330 nunc
2503 1274 2698 1339 tristis;
2747 1272 2934 1327 dilexit
2959 1281 3084 1326 ante
3107 1313 3122 1337 ,
3173 1288 3314 1328 nunc
3339 1271 3482 1339 odit;
3510 1274 3658 1344 prius
3680 1275 3884 1345 aliquid

2311 1363 2515 1428 oblita,
2561 1379 2700 1418 nunc
2745 1363 3005 1417 meminit.
3071 1361 3387 1431 Huiusmodi
3428 1370 3601 1442 autem
3639 1365 3883 1421 motibus

2311 1457 2488 1512 anima
2519 1469 2624 1509 non
2653 1453 3016 1509 communicat
3049 1453 3295 1523 corpori,
3324 1453 3514 1522 quibus
3541 1455 3758 1510 immoto
3790 1455 3876 1510 nio

2311 1545 2599 1600 hilominus
2643 1558 2874 1612 corpore
2925 1551 3191 1598 movetur.
3241 1541 3392 1598 Unde
3450 1543 3605 1600 datur
3654 1545 3879 1614 intelligi

2311 1636 2542 1690 animam
2572 1650 2667 1704 per
2708 1641 2914 1703 tempus
2944 1633 3222 1688 illocaliter
3249 1634 3476 1698 moveri,
3505 1641 3666 1704 atque
3692 1637 3759 1691 ab
3786 1651 3880 1690 ea-

2310 1724 2430 1780 dem
2487 1740 2682 1794 corpus
2739 1731 2795 1778 et
2855 1723 3221 1792 temporaliter
3262 1732 3317 1778 ct
3358 1723 3603 1779 localiter
3648 1726 3880 1791 moveri;

630 1837 689 1882 et
727 1825 999 1880 reddimus
1022 1863 1035 1887 ,
1069 1837 1222 1890 quas
1249 1820 1304 1875 in
1335 1828 1546 1890 pastum
1573 1820 1739 1874 totius
1767 1821 2009 1890 corporis
2055 1835 2206 1875 vena:
2234 1829 2284 1891 Β
2310 1815 2551 1871 eamdem
2583 1830 2709 1869 vero
2734 1829 2765 1868 a
2791 1829 3018 1883 corpore
3046 1813 3285 1869 localiter
3310 1815 3536 1870 moveri.

630 1918 735 1972 illa:
763 1914 983 1984 capiunt
1009 1927 1144 1982 quas
1185 1915 1434 1988 ἀρτηρίας
1465 1909 1636 1964 (ἐπ’ωεί
1677 1919 1904 1975 vocant;
1938 1926 2034 1980 per
2074 1925 2208 1978 quas

632 2008 774 2064 idem
821 2021 915 2060 aer
962 2005 1014 2060 in
1061 2010 1552 2072 temperamentum
1604 2002 1765 2056 trium
1815 2003 2206 2056 clementer-um

627 2097 944 2168 pulmonum
991 2109 1208 2163 quoque
1237 2091 1503 2147 indefessa
1534 2091 1831 2160 agitatione
1859 2091 2204 2161 dispergitur.

627 2188 736 2245 Sed
775 2187 822 2242 si
860 2189 1084 2242 haustus
1111 2199 1223 2250 aer,
1249 2183 1400 2252 juxta
1429 2183 1752 2238 sententiam
1785 2191 1930 2237 tuam
1951 2224 1965 2248 ,
1998 2182 2065 2236 ad
2093 2182 2208 2237 ani-

627 2267 733 2336 mae
772 2279 1006 2350 pertinet
1035 2285 1246 2346 pastum
1267 2315 1282 2340 ,
1323 2276 1447 2343 quia
1481 2274 1687 2330 scilicet
1714 2289 1801 2330 res
1830 2275 1975 2328 aeria
2006 2288 2206 2329 conve-

630 2361 847 2427 nienter
883 2371 1046 2424 alitur
1074 2384 1200 2422 acre
1236 2387 1256 2423 ι
1281 2381 1410 2435 ergo
1433 2408 1448 2432 ,
1499 2367 1637 2421 sicut
1665 2383 1823 2434 supra
1854 2365 2054 2421 dictum
2084 2373 2168 2418 est
2189 2403 2204 2427 ,

629 2477 754 2516 cum
800 2474 1027 2529 corpore
1073 2457 1219 2528 quod
1266 2464 1479 2525 vegetat
1522 2457 1717 2526 recipit
1764 2455 2080 2510 sectionem.
2112 2455 2209 2508 Vis

628 2558 777 2606 certe
807 2548 1085 2603 memoria:
1103 2547 1170 2601 ad
1184 2554 1362 2600 oetam
1384 2546 1502 2599 sine
1521 2545 1818 2615 quaestione
1838 2543 2073 2614 pertinet
2101 2543 2209 2598 ani-

627 2656 794 2696 mam.
849 2636 1023 2692 Omne
1076 2652 1240 2706 porro
1285 2651 1494 2712 corpus
1556 2634 1854 2703 quamlibet
1909 2647 2204 2712 magnum,

627 2729 928 2802 quamlibet
955 2701 1198 2800 parv—um,
1231 2701 1409 2782 secari—
1433 2701 1676 2795 profecto
1706 2733 1884 2796 potest
1911 2745 1922 2777 :
1955 2710 2099 2795 quod
2129 2724 2208 2778 id-

627 2813 773 2877 circo
804 2821 878 2875 illi
909 2819 1134 2882 accidit,
1167 2819 1291 2890 quia
1331 2819 1574 2888 partibus
1601 2826 1835 2873 constat.
1869 2817 2002 2872 Nam
2049 2817 2205 2886 quid-

629 2902 757 2983 quid
786 2919 996 2982 partem
1045 2911 1228 2975 habet,
1262 2919 1440 2980 potest
1479 2911 1665 2979 utique
1694 2911 1856 2964 dividi
1883 2951 1897 2974 ,
1929 2911 2052 2980 quia
2083 2925 2208 2980 pars

629 3001 810 3072 potest
839 3018 868 3055 a
899 3010 1051 3072 parte
1079 3001 1278 3056 divelli.
1313 3001 1652 3071 Quapropter
1679 3003 1724 3054 si
1754 3017 1950 3070 corpus
1979 3009 2062 3056 est
2091 3002 2206 3056 ani-

629 3091 961 3160 ma,'recipit
990 3092 1175 3160 utique
1215 3091 1512 3146 sectionem
1548 3109 1560 3142 :
1593 3093 1638 3146 si
1666 3092 1857 3160 recipit
1886 3093 2202 3155 sectionem,

2378 1908 2440 1961 ll.
2483 1906 2657 1976 Atque
2686 1914 2744 1960 ut
2772 1906 2874 1962 hoc
2902 1905 3094 1974 ipsum,
3124 1905 3168 1960 si
3195 1920 3304 1974 quo
3331 1905 3494 1962 modo
3517 1921 3732 1977 queam,
3759 1924 3877 1963 ver-

2307 2000 2391 2053 bis
2419 1999 2637 2068 planum
2666 1997 2878 2062 faciam,
2911 1996 3196 2052 attentiore
3223 1997 3354 2052 mihi
3383 1998 3589 2054 lectore
3617 2015 3753 2070 opus
3780 2009 3879 2055 est.

2308 2089 2449 2145 Ecce
2490 2089 2556 2143 ad
2593 2088 2792 2157 aliquid
2828 2088 3165 2144 scribendum
3207 2090 3290 2143 vel
3319 2087 3772 2170 fabrefaciendum
3828 2100 3884 2147 ut

2307 2196 2500 2235 manus
2555 2186 2835 2234 moveatur
2880 2179 3071 2233 animae
3116 2189 3276 2238 nutus
3329 2181 3643 2236 intenditur.
3697 2181 3881 2240 Anima

2309 2271 2654 2340 conspicatur
2701 2270 3046 2338 incorporeas
3092 2269 3373 2325 illocaliter
3417 2270 3621 2326 formas
3648 2312 3663 2338 ,
3694 2272 3884 2342 quibus

2310 2362 2780 2418 indissociabiliter
2819 2360 3004 2430 juncta
3027 2402 3043 2427 ,
3098 2362 3210 2417 sive
3257 2363 3559 2432 superjecta
3608 2365 3880 2434 subjectis,

2307 2453 2422 2508 sive
2447 2451 2687 2522 subjecta
2733 2451 3047 2521 superjettis
3069 2493 3084 2517 ,
3133 2461 3190 2506 et
3215 2453 3510 2508 membrum
3541 2462 3648 2510 tota
3676 2464 3876 2522 movet,

2309 2553 2364 2600 et
2408 2545 2698 2598 formarum
2745 2543 3056 2599 varietatem
3107 2551 3218 2599 tota
3245 2545 3524 2601 sentilicat.
3563 2545 3693 2602 Cum
3721 2562 3874 2618 ergo,

2310 2645 2369 2692 ut
2394 2637 2594 2692 dictum
2621 2643 2722 2699 est,
2751 2636 2966 2690 aeternis
2992 2636 3096 2691 illis
3123 2636 3425 2706 eisdemque
3451 2652 3661 2708 semper
3687 2638 3877 2696 formis

2310 2727 2533 2791 intenta,
2566 2727 2630 2779 ad
2677 2726 2920 2795 exempla
2968 2726 3277 2787 earumdem
3322 2727 3604 2783 formarum
3635 2735 3877 2798 tetrago-

2308 2833 2457 2884 num,
2489 2818 2602 2882 sive
2631 2817 2964 2884 hexagonum
3001 2817 3086 2872 vel
3126 2817 3411 2873 rotundum
3437 2831 3754 2888 corporeum
3779 2835 3878 2890 per

2309 2923 2506 2978 corpus
2533 2905 2744 2960 efficere
2790 2907 3034 2968 molitur;
3084 2915 3231 2963 certe
3259 2909 3302 2963 si
3343 2908 3598 2964 aliorsum
3623 2917 3879 2975 mentem,

2309 3000 2524 3055 oculum
2570 2997 2772 3053 scilicet
2799 3013 2983 3064 suum,
3015 2998 3267 3063 verterit,
3299 3007 3359 3052 ut
3385 3007 3513 3068 puta
3540 3000 3728 3056 volens
3755 3015 3881 3068 qua-

2309 3088 2464 3142 drum
2493 3085 2669 3141 facere
2696 3087 2982 3141 rotundum
3023 3087 3253 3156 cogitet;
3303 3095 3398 3142 aut
3436 3088 3626 3143 volens
3653 3090 3882 3146 scribere

629 3181 822 3250 recipit
869 3181 1345 3244 imminutionem;
1401 3183 1446 3236 si
1494 3182 1924 3236 imminutionem
1976 3183 2201 3252 recipit,
2233 3183 2280 3246 C
2309 3175 2459 3231 Pauli
2488 3193 2714 3240 nomen.
2746 3178 2947 3246 cogitet
2987 3194 3182 3234 nomen
3220 3178 3458 3234 Simonis
3495 3198 3508 3231 :
3552 3195 3728 3237 nonne
3753 3199 3877 3252 pro-

629 3273 837 3345 pcrdita
886 3274 1113 3342 quisque
1143 3274 1248 3326 vivi
1277 3273 1519 3343 corporis
1548 3281 1701 3342 parte
1723 3315 1737 3338 ,
1771 3273 1962 3327 animae
1991 3288 2205 3342 quoque

628 3363 807 3435 perdit
855 3371 1084 3434 partem.
1126 3364 1259 3418 Cum
1311 3372 1464 3434 parte
1493 3379 1620 3417 vero
1666 3363 1859 3417 anima:
1913 3364 2052 3433 perit
2081 3380 2205 3434 pars

627 3442 927 3511 memorize:
971 3454 1161 3509 Anima
1209 3470 1337 3524 ergo
1383 3455 1532 3529 cujus
1579 3455 1861 3509 imminuta
1900 3457 2229 3531 substantia

626 3553 729 3610 est,
762 3545 939 3600 minus
981 3545 1142 3600 debet
1188 3546 1373 3614 utique
1416 3545 1744 3600 meminisse.
1778 3545 1854 3601 Ac
1881 3562 1979 3616 per
2025 3547 2129 3602 hoc
2157 3547 2204 3602 si

626 3635 816 3690 localis
863 3642 945 3689 est
975 3635 1153 3688 anima
1181 3674 1195 3698 ,
1229 3634 1545 3688 mttltimoda
1574 3642 1755 3704 potest
1784 3636 2023 3691 sectione
2055 3651 2205 3691 com-

625 3724 834 3790 minui,
881 3732 937 3779 et
985 3724 1284 3792 frequentia
1325 3724 1768 3780 comminutionis
1815 3725 2036 3781 aboleri.
2097 3717 2205 3782 Sed

577 3874 581 3879 _
624 3819 749 3886 quia
789 3817 934 3871 istud
960 3833 1110 3872 mens
1138 3833 1289 3881 sana,
1330 3833 1397 3872 ne
1431 3816 1604 3871 dicam
1635 3816 1811 3883 docta,
1843 3834 1952 3872 non
1981 3819 2200 3888 recipit;

624 3914 685 3961 ut
713 3907 992 3962 illocalitas
1015 3907 1204 3962 animae
1226 3918 1487 3977 quantum
1512 3923 1611 3977 per
1640 3924 1739 3963 nos
1767 3908 1865 3961 sub
1893 3923 1995 3977 0pc
2023 3909 2202 3963 divina

621 3997 849 4068 proferri
880 3999 1119 4068 potuerit
1159 3999 1330 4066 magis
1374 4004 1668 4067 appareat,
1737 3997 1805 4048 de
1835 3997 2068 4050 motibus
2102 3998 2205 4050 dis-

622 4080 869 4143 seramus
903 4106 914 4138 :
950 4089 1072 4157 quia
1105 4087 1325 4141 dubium
1369 4103 1477 4141 non
1526 4085 1663 4150 erit,
1715 4085 1856 4138 sicut
1882 4099 2078 4154 corpus
2120 4094 2205 4139 est

622 4179 768 4248 quod
799 4187 1045 4233 movetur
1086 4179 1331 4233 localiter
1353 4218 1368 4244 ,
1402 4178 1476 4231 ita
1523 4192 1632 4231 non
1685 4191 1806 4230 esse
1835 4191 2030 4246 corpus
2059 4176 2202 4247 quod

621 4269 875 4326 localiter
902 4285 1012 4325 non
1042 4276 1311 4324 movetur.

1189 4354 1418 4410 CAPUT
1457 4354 1637 4409 XVIII.

1177 4445 1300 4498 Tres
1329 4460 1439 4498 esse
1469 4454 1653 4498 motus.

2308 3267 2452 3340 tinus
2497 3269 2562 3322 ad
2611 3269 2662 3323 id
2717 3269 3119 3341 exprimendum
3164 3271 3278 3326 sive
3329 3271 3661 3339 figurandum
3709 3273 3878 3343 agitur

2307 3363 2486 3410 motus
2523 3358 2778 3424 membri,
2810 3357 2877 3412 ad
2912 3360 3055 3428 quod
3089 3360 3430 3428 cogitandum
3474 3362 3682 3418 transiit
3720 3370 3879 3419 nutus

2307 3446 2505 3501 animi?
2535 3448 2706 3502 Stabit
2742 3463 2869 3518 ergo
2907 3451 3082 3505 anima
3113 3452 3167 3505 in
3202 3454 3662 3524 contemplatione
3688 3455 3880 3512 forma-

2306 3557 2426 3596 rum
2483 3548 2540 3595 ut
2589 3549 2804 3596 moveat
2841 3558 3038 3612 corpus
3065 3543 3117 3597 in
3145 3542 3462 3613 figuratione
3500 3546 3875 3604 formabilium.

2307 3632 2436 3698 Quae
2482 3632 2771 3687 formarum
2819 3634 3015 3688 veritas
3062 3634 3162 3688 nisi
3207 3637 3458 3691 rationali
3506 3639 3881 3708 conspicabilis

2307 3739 2415 3778 non
2445 3732 2544 3778 est.
2585 3723 2704 3776 Stat
2749 3725 2891 3778 enim
2939 3725 3112 3779 omnis
3157 3726 3333 3780 anima
3362 3727 3413 3780 in
3440 3729 3678 3795 appetitu
3707 3729 3879 3784 ratio-

2308 3815 2414 3868 nali
2461 3823 2516 3868 et
2563 3815 2615 3868 in
2663 3815 2909 3869 consilio.
2952 3814 3068 3869 Non
3116 3824 3290 3870 autem
3317 3815 3562 3870 credibile
3590 3818 3868 3886 estquod,

2305 3919 2426 3958 cum
2475 3911 2606 3956 nutu
2651 3904 2844 3955 animae
2891 3905 3166 3973 scriptoris
3209 3920 3389 3958 manus
3433 3904 3500 3958 ad
3525 3905 3872 3961 scribendum

2304 3998 2568 4054 movetur,
2601 3992 2777 4044 anima
2805 4006 3018 4061 quoque
3039 4009 3225 4048 manus
3244 3993 3531 4061 agitatione
3550 4004 3874 4051 moveatur:
3939 4053 3944 4058 ,

2303 4099 2422 4151 qua:
2447 4083 2548 4136 nisi
2576 4083 2872 4138 litterarum
2903 4083 3102 4139 formas
3132 4086 3471 4140 immobiliter
3499 4093 3662 4156 atque
3691 4087 3876 4144 illoca-

2303 4173 2427 4226 liter
2453 4173 2736 4242 aspiceret,
2771 4175 2987 4229 easdem
3016 4186 3164 4230 motu
3191 4176 3480 4245 digitorum
3510 4177 3753 4233 localiter
3778 4177 3877 4234 for-

2301 4275 2451 4316 mare
2479 4277 2585 4316 non
2615 4272 2817 4333 posset.

2372 4351 2458 4406 ΙΙΙ.
2499 4352 2606 4408 Sed
2654 4353 2877 4409 forsitan
2914 4355 3083 4411 dicis:
3131 4357 3223 4410 Illa
3272 4371 3396 4427 pars
3441 4358 3629 4412 anima:
3666 4372 3782 4427 qua:
3818 4357 3874 4414 in

2221 4449 2226 4457 '
2301 4443 2583 4499 scribentis
2629 4444 2808 4513 digitis
2849 4453 2930 4500 est
2952 4488 2966 4512 ,
3017 4455 3279 4515 movetur,
3311 4455 3366 4502 et
3394 4449 3598 4518 reliqua
3627 4465 3734 4504 non
3761 4464 3876 4504 mo-

658 4523 664 4530 ’
691 4536 731 4588 l.
776 4535 908 4590 Tres
937 4549 1066 4604 ergo
1096 4541 1274 4589 motus
1301 4551 1438 4600 esse,
1475 4535 1726 4602 stabilem,
1754 4537 2028 4612 moralem,
2059 4538 2200 4592 loca-
2225 4535 2278 4596 D
2303 4544 2473 4590 vetur.
2516 4535 2629 4592 lloc
2659 4537 2731 4590 illi
2769 4554 2931 4608 porro
2961 4539 3295 4594 centendunt
3333 4541 3423 4609 qui
3463 4541 3693 4595 animam
3749 4558 3872 4612 par-

614 4629 836 4697 temque,
864 4625 973 4693 jam
1004 4633 1187 4682 notum
1216 4635 1313 4681 est.
1346 4626 1563 4681 Stabilis
1592 4635 1769 4685 motus
1801 4617 1894 4684 Dei
1924 4637 2005 4684 est
2029 4670 2042 4695 ,
2075 4631 2196 4685 illo-

541 4787 544 4790 Α
616 4721 751 4775 calis
798 4719 1024 4785 animae,
1081 4718 1264 4775 localis
1309 4721 1569 4790 corporis.
1621 4719 1839 4775 Stabilis
1888 4731 2064 4777 motus
2115 4730 2198 4776 est

615 4810 764 4880 quod
794 4809 936 4864 Deus
981 4817 1283 4864 creaturam
1332 4824 1439 4864 non
1469 4825 1682 4879 semper
1709 4809 1865 4876 fecit;
1897 4811 1988 4865 sed
2017 4820 2196 4866 tamen

615 4901 864 4957 eamdem
905 4916 1009 4955 non
1052 4915 1190 4953 nova
1214 4900 1489 4955 voluntate
1517 4907 1644 4955 tunc
1668 4916 1853 4957 creare
1881 4902 2048 4956 voluit
2074 4919 2196 4958 cum

508 4979 528 5035 ἱ’
612 4989 819 5045 creavit
840 5028 856 5053 ,
903 4989 1028 5060 quia
1077 4987 1290 5058 semper
1335 4980 1657 5044 tunc'voluit
1683 5004 1867 5044 creare
1896 5007 2017 5046 cum
2045 4991 2189 5047 fecit.

609 5077 757 5134 Tunc
827 5079 1083 5150 temporis
1143 5077 1462 5146 signiﬁcatio
1531 5085 1631 5132 est.
1692 5077 1908 5148 Semper
1963 5095 2069 5134 non
2124 5081 2192 5136 ad

609 5174 824 5237 ampus
843 5171 1093 5239 pertinet.
1139 5167 1278 5221 Tunc
1299 5180 1428 5234 ergo
1457 5166 1597 5222 istud
1622 5165 1692 5220 ad
1718 5168 2037 5238 principium
2063 5177 2192 5224 temo

606 5258 760 5326 poris
803 5261 1071 5326 pertinet,
1115 5274 1222 5314 non
1249 5259 1316 5312 ad
1343 5268 1554 5328 tempus
1575 5297 1590 5322 ,
1623 5257 1745 5328 quia
1778 5267 2184 5330 temporaneum

605 5351 818 5398 motum
845 5346 1106 5400 stabilitas
1133 5349 1474 5416 sempitemze
1499 5348 1786 5401 voluntatis
1817 5348 2055 5404 includit.
2109 5351 2186 5407 Ac

558 5427 710 5501 "per
735 5430 840 5484 hoc
881 5447 1093 5501 semper
1141 5442 1266 5489 tunc
1309 5435 1445 5490 velle
1490 5435 1697 5490 stabilis
1742 5445 1918 5492 motus
1945 5448 2044 5494 est.
2088 5440 2188 5496 Hic

605 5526 830 5592 oportet
865 5522 1094 5593 accipias
1132 5524 1261 5602 nihil
1290 5526 1493 5580 moveri
1523 5542 1679 5597 posse
1709 5527 1806 5583 nisi
1845 5529 1910 5582 ab
1938 5530 2179 5586 immoto.
2212 5603 2214 5606 _

559 5679 611 5803 θ
684 5700 710 5727 ⁸
750 5697 831 5755 Al.
865 5713 967 5756 cum
991 5699 1265 5768 paulisper.
1299 5699 1462 5757 Forte
1490 5701 1627 5757 dum.
1715 5754 1718 5756 .
2073 5755 2083 5772 ι
2129 5753 2150 5788 -ι

2302 4625 2448 4679 tilem
2479 4633 2697 4694 putant,
2729 4641 3032 4702 quanquam
3061 4628 3442 4684 indissociabili
3468 4632 3868 4701 consequentia,

2299 4715 2344 4770 si
2373 4730 2632 4784 corporea
2656 4716 2811 4782 foret,
2843 4720 3052 4788 partilis
3080 4720 3236 4775 foret.
3277 4719 3412 4787 Quia
3439 4730 3495 4776 et
3523 4722 3716 4791 partile
3734 4723 3875 4792 quod

2299 4821 2637 4877 corporeum,
2669 4816 2724 4862 et
2750 4824 3067 4880 corporeum
3091 4826 3250 4866 omne
3277 4810 3419 4882 quod
3446 4812 3660 4881 partile.
3698 4812 3876 4884 loqui-

2298 4912 2479 4952 ramus
2525 4899 2685 4966 igitur
2730 4898 2773 4953 si
2821 4899 3043 4955 discindi
3073 4900 3126 4954 in
3155 4908 3337 4969 partes
3364 4899 3575 4955 animus
3611 4910 3791 4972 queat,
3821 4910 3879 4955 et

2301 4991 2537 5044 amoveri
2568 4999 2722 5058 parte
2748 4992 2828 5046 sui
2858 5007 2956 5062 pro
2984 4993 3230 5062 corporis
3258 5000 3409 5066 parte
3432 4994 3624 5068 possit,
3658 5009 3757 5050 nec
3786 5011 3872 5058 ne,

2297 5079 2595 5134 videamus.
2658 5081 2735 5136 Ac
2775 5083 3003 5152 primum
3047 5083 3175 5137 illud
3203 5082 3538 5140 excutienda:
3565 5085 3882 5154 quaestionis

2294 5169 2453 5238 hujus
2502 5171 2939 5244 potissimumque
2984 5174 3055 5228 sit
3099 5173 3272 5241 nobis,
3308 5181 3388 5240 ut,
3429 5173 3476 5230 si
3505 5173 3670 5228 habet
3698 5184 3881 5244 partes

2294 5259 2508 5314 animus
2531 5300 2546 5324 ,
2597 5263 2765 5317 secari
2814 5265 2982 5334 possit
3024 5265 3075 5320 in
3119 5272 3316 5334 partes.
3362 5263 3718 5320 Advertamus
3746 5279 3881 5334 ergo

2294 5349 2474 5405 animo
2493 5390 2506 5413 ,
2537 5354 2681 5420 quod
2718 5355 2920 5410 nullum
2957 5373 3153 5427 corpus
3193 5365 3286 5410 aut
3315 5355 3459 5423 tangi
3488 5355 3648 5410 simul
3678 5365 3879 5422 totum,

2291 5448 2384 5493 aut
2434 5441 2592 5496 simul
2641 5451 2857 5513 tangere
2909 5455 3078 5501 totum
3117 5455 3315 5517 potest.
3357 5445 3423 5500 Et
3461 5445 3638 5501 anima
3681 5448 3735 5502 in
3765 5449 3884 5503 suis

2293 5531 2592 5603 quibusque
2622 5536 2859 5620 motibus
2883 5540 2966 5595 vel
2997 5540 3204 5595 actibus
3233 5546 3346 5594 tota
3375 5537 3533 5594 simul
3561 5546 3662 5594 est.
3716 5537 3879 5605 Nam,
