4232 6264
351 433 444 488 721

1537 427 1624 482 DE
1661 424 1881 482 STATU
1923 425 2160 482 ΑΝΙΜᾹΞ
2201 417 2325 480 LIB.
2366 425 2404 481 Ι.

3505 421 3611 486 199

351 559 410 605 ut
437 562 599 617 supra
625 545 1012 617 disputavimus
1030 582 1045 607 ,
1079 557 1238 598 omne
1273 557 1466 614 corpus
1494 541 1786 611 quamlibet
1811 556 1928 595 ma-
1955 546 2006 603 Α
2035 538 2266 593 essentia
2295 537 2492 591 divina.
2529 537 2733 592 Rursus
2759 549 2935 591 anima
2965 536 3196 592 humana
3223 549 3331 590 non
3361 536 3608 593 omnibus

348 655 510 709 gnum
529 678 546 703 ,
596 639 888 709 quamlibet
923 637 1235 700 minimum,
1266 636 1427 690 habet
1456 633 1841 702 longitudinem
1872 641 1926 689 et

348 730 703 787 altitudinem.
769 728 1018 798 Subjacet
1062 736 1243 782 autem
1287 741 1386 798 pro
1430 742 1653 782 numero
1691 725 1924 797 partium

347 837 445 878 sex
495 822 681 890 utique
726 819 975 876 motibus.
1034 817 1280 873 Movetur
1318 824 1497 872 autem
1539 831 1700 872 omne
1727 829 1923 885 corpus

346 928 582 976 sursum,
611 912 861 968 deorsum
887 927 902 976 ;
953 910 1006 964 in
1034 909 1282 963 dextrum
1319 922 1383 963 ac
1415 907 1712 974 sinistrum,
1741 905 1920 976 prior-

346 1022 441 1062 sus
468 1014 524 1061 et
548 1013 834 1061 retrorsus.
873 1001 1119 1058 Moretur
1156 1007 1335 1055 autem
1368 999 1532 1054 etiam
1572 1007 1724 1053 motu
1751 997 1920 1068 septi-

346 1113 456 1164 mo,
486 1096 625 1152 sicut
651 1103 734 1151 est
759 1102 891 1150 rotae
919 1102 974 1150 et
1001 1092 1326 1164 sphaeroidi:
1357 1090 1450 1162 qui
1470 1088 1714 1161 proiecto
1742 1096 1920 1144 motus

343 1190 414 1244 ad
436 1187 750 1244 aeternitatis
776 1184 1030 1241 indicium
1059 1201 1090 1240 a
1117 1198 1195 1250 se,
1228 1190 1283 1237 et
1308 1196 1406 1252 per
1432 1195 1512 1246 se,
1542 1181 1678 1255 etin
1708 1195 1767 1234 se
1793 1194 1918 1249 per-

343 1282 536 1350 agitur.
594 1277 763 1334 Omne
792 1279 954 1348 igitur
980 1291 1205 1348 corpus,
1235 1284 1295 1330 ut
1320 1274 1584 1340 diximus,
1615 1287 1712 1328 sex
1738 1281 1920 1343 partes

339 1370 581 1435 habens,
629 1384 726 1425 sex
773 1369 1008 1425 motibus
1046 1367 1330 1437 subjacens
1351 1407 1366 1433 ,
1417 1366 1580 1421 habet
1607 1365 1791 1434 utique
1819 1379 1918 1434 pro

337 1460 691 1516 crassitudine
737 1461 821 1516 sui
865 1460 1064 1528 aliquid
1115 1459 1279 1514 etiam
1325 1455 1582 1513 medium.
1639 1454 1918 1510 Exteriora

339 1565 570 1619 namque
590 1550 643 1604 in
666 1550 981 1620 corporibus
1003 1549 1222 1604 omnino
1245 1547 1390 1602 nulla
1418 1553 1617 1612 essent,
1641 1545 1686 1599 si
1706 1545 1917 1600 interna

343 1655 558 1710 quoque
587 1656 694 1696 non
739 1649 937 1696 essent.
977 1638 1262 1707 Quodlibet
1303 1653 1432 1709 ergo
1473 1653 1670 1708 corpus
1707 1637 1916 1694 etiamsi

342 1742 366 1804 ἐ
396 1733 637 1787 clausum
673 1747 836 1786 manu
875 1733 928 1786 in
956 1731 1309 1787 exterioribus
1336 1732 1446 1785 suis
1472 1745 1570 1800 per
1598 1737 1768 1785 totum
1799 1738 1917 1782 tan-

341 1831 512 1892 gatur,
544 1822 596 1875 in
625 1820 969 1876 interioribus
997 1829 1142 1876 certe
1169 1835 1277 1875 non
1307 1820 1559 1888 tangitur.
1601 1818 1737 1890 Hinc
1763 1825 1914 1888 patet

2033 629 2296 697 subjacet.
2340 625 2509 682 Porro
2535 643 2732 697 corpus
2760 627 3036 697 quodlibet
3064 627 3305 697 subjacet
3335 629 3603 685 omnibus.

2031 718 2164 774 Nam
2192 717 2260 772 de
2305 715 2418 772 Deo
2471 734 2578 772 non
2608 716 2832 788 dicimus
2878 718 3053 787 qualis
3078 726 3179 786 est,
3212 719 3337 788 quia
3359 733 3473 774 non
3503 734 3606 788 po-

2028 817 2134 864 test
2159 810 2462 890 comparari
2507 809 2658 878 quasi
2688 809 2756 864 ad
2781 809 2922 864 aliud
2947 854 2962 877 ,
2994 818 3054 864 ut
3080 809 3308 889 dicatur,
3349 809 3471 888 talis
3501 818 3602 865 est.

2022 899 2134 956 Nec
2185 883 2412 956 dicimus
2453 907 2685 972 quantus
2729 909 2849 967 est,
2899 901 3025 970 quia
3067 916 3175 956 non
3208 883 3352 958 mole
3378 883 3605 970 magnus

2023 999 2125 1046 est.
2167 991 2276 1048 Nec
2303 991 2430 1061 quid
2458 992 2638 1054 habet,
2670 991 2796 1061 quia
2824 991 2955 1045 nihil
2984 1006 3092 1046 non
3120 991 3301 1046 habet.
3332 990 3441 1046 Nec
3467 1006 3603 1061 quo-

2021 1081 2184 1137 modo
2230 1091 2340 1147 est,
2390 1083 2514 1153 quia
2556 1082 2670 1152 ipse
2698 1081 2888 1137 modus
2915 1090 3014 1137 est.
3082 1081 3191 1137 Nec
3218 1081 3457 1159 habitum
3484 1080 3601 1150 ejus

2021 1172 2366 1242 inquirimus,
2396 1174 2520 1244 quia
2557 1173 2798 1228 continet
2835 1173 3034 1228 omnia.
3102 1171 3212 1226 Nec
3234 1157 3441 1236 locum,
3472 1171 3597 1240 quia

2018 1280 2127 1320 non
2155 1265 2258 1319 nisi
2285 1280 2482 1334 corpus
2510 1266 2562 1319 in
2593 1266 2713 1320 loco
2739 1273 2840 1320 εει.
2892 1263 3001 1319 Nec
3031 1272 3267 1334 tempus,
3299 1263 3423 1334 quia
3451 1278 3596 1318 sem-

2015 1357 2294 1427 piternitas
2341 1366 2443 1412 est.
2500 1357 2611 1411 Nec
2644 1365 2854 1420 actum,
2903 1355 3159 1424 quoniam
3200 1354 3416 1422 quietus
3454 1355 3582 1420 agit.

2017 1447 2129 1503 Nec
2154 1449 2480 1518 passionem,
2507 1448 2631 1516 quia
2655 1462 2760 1501 non
2784 1447 3000 1516 patitur.
3030 1444 3148 1498 Jam
3176 1443 3404 1506 decima,
3430 1443 3597 1496 immo

2016 1539 2186 1609 prima
2215 1548 2296 1594 est
2317 1521 2434 1609 ipsa
2463 1538 2781 1603 substantia,
2812 1537 2879 1592 de
2908 1551 3011 1606 qua
3040 1537 3155 1589 htec
3179 1533 3594 1603 prmdicamenta

2017 1637 2289 1685 texuntur.

2609 1695 2838 1751 CAPUT
2874 1694 2994 1750 XX.

2384 1787 2630 1841 Animam
2667 1788 2902 1857 qualitati
2929 1784 3208 1856 subjacere.
3307 1856 3311 1860 _

341 1891 500 1966 omne
528 1913 725 1982 corpus
755 1918 924 1967 totum
953 1910 1109 1965 simul
1139 1911 1285 1980 tangi
1312 1925 1420 1964 non
1447 1924 1626 1980 posse.
1665 1908 1775 1964 Nec
1804 1923 1911 1963 uno
1939 1899 1990 1962 B
2084 1898 2326 1954 Humana
2367 1913 2495 1953 vero
2543 1899 2721 1952 anima
2768 1891 2906 1952 s'icut
2933 1896 3286 1965 quantitatem
3316 1911 3421 1950 non
3450 1895 3590 1949 reci-

345 2004 394 2058 in
423 2005 542 2060 loco
571 2019 690 2060 esse
737 2003 1029 2073 quamlibet
1074 2003 1380 2069 minimum,
1422 2010 1595 2057 totum
1623 1991 1819 2071 posse:
1854 2007 1913 2054 ut

343 2105 472 2166 puta
518 2110 740 2164 granum
787 2097 1072 2166 papaveris
1116 2103 1208 2150 aut
1253 2095 1552 2174 quotalibet
1592 2109 1718 2165 pars
1761 2077 1922 2163 grani,

343 2192 514 2264 ipsius
537 2210 549 2244 :
573 2191 740 2262 quod
765 2192 872 2248 illic
900 2207 1010 2247 non
1037 2191 1202 2245 habet
1228 2189 1480 2245 inferiora
1508 2204 1604 2244 sua
1635 2189 1726 2244 ubi
1753 2202 1913 2258 supe-

342 2285 485 2340 riora
509 2324 525 2351 ,
571 2299 688 2342 nec,
715 2284 820 2340 illic
856 2284 1079 2340 dextera
1111 2284 1202 2339 ubi
1229 2283 1481 2348 sinistra,
1514 2297 1613 2356 nec
1641 2282 1912 2336 anteriora

342 2375 452 2434 illic
479 2375 564 2430 ubi
599 2375 913 2446 posteriora.
976 2374 1163 2430 Anima
1209 2389 1340 2428 vero
1369 2381 1422 2428 et
1450 2381 1563 2428 tota
1592 2389 1690 2443 per
1716 2388 1912 2443 corpus

294 2463 300 2468 ’
341 2466 504 2535 videt,
535 2478 590 2520 et
620 2473 733 2522 tota
760 2467 998 2521 visorum
1027 2465 1236 2531 recolit,
1255 2473 1324 2520 -et
1352 2458 1464 2520 tota
1494 2463 1681 2530 audit,
1712 2472 1768 2520 et
1797 2473 1910 2520 tota

339 2570 596 2611 sonorum
622 2556 1000 2623 reminiscitur,
1031 2564 1086 2611 et
1114 2562 1228 2610 tota
1255 2554 1531 2620 odoratur,
1563 2563 1618 2611 et
1644 2562 1758 2610 tota
1778 2556 1912 2611 odo-

340 2647 755 2714 rummeminit,
785 2655 841 2702 et
869 2655 981 2702 tota
1006 2661 1102 2716 per
1128 2645 1395 2715 linguam,
1426 2653 1607 2716 atque,
1641 2653 1698 2700 ut
1723 2645 1913 2700 volunt

342 2738 448 2807 alii,
477 2754 576 2809 per
597 2737 836 2809 palatum
863 2752 1081 2808 sapores
1111 2739 1273 2793 sentit
1291 2737 1616 2814 eosdemque
1635 2736 1910 2802 discernit,

339 2836 394 2883 et
420 2836 535 2883 tota
563 2829 734 2896 tangit
777 2829 916 2882 lenia
961 2843 1183 2898 quasque
1221 2835 1277 2883 et
1314 2842 1536 2898 aspera;
1576 2835 1689 2883 tota
1715 2827 1914 2896 probat

334 2927 502 2988 atque
523 2919 825 2994 improbat.
883 2917 1074 2973 Mirum
1101 2925 1280 2974 autem
1302 2917 1515 2993 videtur
1536 2918 1693 2986 juxta
1723 2931 1911 2970 neces-

338 3007 879 3084 sitatemlocalitatis
911 3017 1245 3084 temporum,
1277 3010 1415 3065 sicut
1461 3025 1622 3080 supra
1660 3008 1930 3083 disserui,

337 3099 486 3167 quod
511 3098 688 3170 anima
717 3105 887 3155 totum
915 3113 1108 3169 corpus
1136 3106 1246 3154 tota
1276 3108 1504 3168 vegetat,
1534 3108 1590 3155 et
1613 3107 1727 3156 toto
1747 3099 1909 3154 nihil-

337 3191 552 3246 ominus
592 3190 805 3246 vivente
850 3207 1076 3262 corpore
1105 3199 1324 3262 totoque
1350 3192 1649 3258 sentiente,
1677 3207 1776 3263 per
1803 3179 1908 3247 nii-

338 3282 538 3336 nimam
566 3289 774 3351 partem
803 3260 1042 3352 corporis
1062 3324 1077 3349 ,
1128 3260 1272 3352 quod
1299 3293 1383 3339 est
1411 3285 1575 3362 visus,
1607 3260 1730 3354 tota
1749 3283 1908 3339 simul
1931 3263 1980 3328 ο
2011 3260 2254 3362 θοτβοτίε

336 3372 529 3442 accipit
577 3372 793 3428 formas.
867 3372 936 3428 Et
992 3389 1088 3444 per
1133 3373 1371 3442 ejusdem
1414 3375 1656 3444 corporis
1700 3382 1910 3444 partem

336 3461 479 3532 quod
526 3471 609 3517 est
652 3463 891 3528 auditus,
942 3471 1054 3518 tota
1099 3463 1257 3517 simul
1284 3463 1477 3533 accipit
1501 3479 1679 3519 voces.
1721 3462 1787 3517 Et
1815 3478 1913 3534 per

337 3550 585 3619 exiguum
635 3552 847 3606 narium
892 3551 1191 3605 membrum
1237 3552 1403 3606 sentit
1431 3560 1542 3606 tota
1569 3551 1906 3622 fragrantias.

338 3641 401 3696 Et
427 3659 524 3713 per
549 3643 795 3711 gustandi
823 3657 1038 3699 sensum
1065 3650 1180 3697 tota
1204 3641 1459 3712 dijudicat
1483 3658 1735 3713 saporum
1761 3643 1911 3699 ditl'e-

338 3736 557 3790 rentias.
596 3734 664 3790 Et
705 3733 880 3791 calida
927 3733 1010 3789 vel
1056 3732 1245 3802 frigida
1272 3748 1482 3788 summo
1512 3741 1718 3788 tantum
1745 3734 1912 3801 digito

339 3834 449 3882 tota
479 3827 754 3882 discernit.
814 3825 871 3882 Si
900 3839 1028 3894 ergo
1059 3824 1305 3880 localiter
1343 3832 1456 3879 tota
1491 3823 1644 3878 adest
1670 3824 1825 3878 oculo
1854 3831 1914 3878 ut

336 3915 553 3981 videat,
599 3916 869 3984 quomodo
915 3915 1163 3971 omnibus
1202 3913 1360 3970 simul
1387 3914 1631 3969 sensibus
1662 3922 1772 3969 tota
1801 3929 1911 3970 non

336 4006 492 4060 deest
512 4047 528 4072 ,
560 4013 618 4059 ut
646 4006 841 4074 ubique
871 4014 980 4061 tota
1007 4006 1240 4072 sentiat,
1290 4014 1346 4060 et
1389 4003 1626 4073 singulas
1667 4004 1910 4073 corporis

335 4104 522 4167 partes
567 4111 674 4150 non
701 4096 938 4166 partibus
964 4099 1073 4152 suis
1093 4137 1108 4163 ,
1139 4097 1233 4153 sed
1275 4104 1388 4171 tota
1416 4095 1444 4135 ι)
1471 4106 1702 4166 vegetet,
1735 4106 1789 4152 et
1815 4111 1913 4166 per

336 4186 612 4241 diversum
639 4186 798 4240 simul
827 4195 938 4241 tota
976 4187 1274 4244 sentiticet?
1317 4185 1452 4243 Cum
1491 4201 1621 4256 ergo
1648 4189 1761 4243 haec
1791 4188 1908 4242 ani-

336 4291 480 4331 mam
528 4277 774 4331 localiter
825 4277 1048 4332 actitare
1094 4279 1462 4347 persuaseris,
1513 4286 1640 4333 tunc
1687 4278 1912 4332 localem

338 4368 468 4427 mihi
514 4368 756 4423 eamdem
806 4369 891 4424 vel
936 4369 1178 4438 partilem
1230 4368 1592 4440 persuadebis.
1638 4366 1706 4421 Et
1734 4375 1913 4422 tamen

339 4459 454 4514 luec
480 4459 652 4516 adhuc
678 4461 856 4515 omnia
885 4461 1086 4516 homini
1113 4461 1409 4530 bellumque
1437 4459 1738 4515 communia
1765 4466 1910 4514 sunt.

920 4591 1146 4650 CAPUT
1173 4568 1294 4648 xix

685 4705 866 4761 Anima
889 4709 1161 4779 quantitati
1191 4723 1295 4762 non
1323 4707 1570 4780 subjacet.

404 4816 567 4886 Igitur
612 4817 657 4870 si
705 4817 983 4874 illocalitas
1028 4819 1219 4874 anima:
1259 4818 1347 4874 vel
1375 4818 1710 4888 aliquatenus
1736 4831 1906 4886 appa-

336 4904 441 4959 ruit
459 4945 474 4970 ,
505 4920 626 4960 cum
655 4907 891 4962 nondum
921 4907 988 4964 de
1015 4907 1327 4978 principali,
1370 4907 1474 4962 hoc
1499 4915 1613 4973 est,
1642 4905 1709 4962 de
1737 4907 1906 4962 ratio-

337 4995 446 5049 nali
491 5004 676 5050 nostro
721 4996 1135 5068 disputaverim;
1168 4999 1223 5053 in
1248 5013 1356 5068 quo
1385 4998 1567 5067 utique
1591 4999 1909 5068 incorpora-

335 5084 460 5137 litas
510 5093 668 5154 atque
715 5086 998 5141 illocalitas
1056 5087 1252 5143 clarius
1309 5087 1541 5143 elucebit
1584 5105 1597 5140 :
1647 5095 1911 5156 quatenus

333 5176 513 5248 anima
542 5191 640 5232 nec
665 5178 950 5246 quantitati
978 5178 1253 5248 subjaceat
1287 5179 1629 5236 disseramus.
1661 5189 1684 5218 ο
1712 5176 1907 5244 Quam-

333 5265 462 5320 libet
492 5267 578 5321 ubi
609 5268 852 5322 localitas
881 5283 988 5323 non
1018 5279 1118 5337 est,
1150 5271 1422 5340 quantitas
1444 5283 1564 5324 esse
1585 5284 1692 5323 non
1718 5269 1909 5338 possit,

330 5356 455 5422 quia
485 5356 584 5410 sibi
635 5357 707 5411 ita
757 5354 946 5413 mutuo
995 5359 1109 5414 haec
1155 5359 1342 5414 eadem
1392 5375 1530 5413 nexa
1581 5367 1707 5412 sunt
1733 5365 1912 5412 utaut

332 5453 618 5518 utrumque
666 5448 720 5503 in
770 5449 952 5519 aliquo
1000 5465 1120 5505 esse
1163 5450 1360 5520 possit,
1411 5459 1505 5504 aut
1533 5458 1798 5504 neutrum.
1833 5447 1910 5502 Ex

331 5537 437 5593 illis
486 5538 840 5598 Aristotelicis
884 5540 1184 5612 Categoriis
1230 5543 1359 5598 nulli
1407 5558 1626 5615 prorsus
1671 5541 1912 5608 subjacet

407 5747 436 5814 ξι
471 5735 791 5814 Orthodox.,
823 5745 1008 5814 plausu
1028 5761 1291 5801 manuum.

403 5806 434 5848 δ
472 5807 556 5866 ΔΙ.
588 5826 648 5867 8|:
678 5806 890 5884 vegetet.

2015 1991 2121 2061 pit,
2155 1991 2228 2053 ita
2256 1989 2496 2060 subjacet
2522 1990 2786 2060 qualitati.
2828 1987 2960 2042 Nam
2988 1988 3034 2042 si
3061 1987 3128 2042 de
3154 1987 3406 2056 quopiam
3433 1987 3590 2056 quale

2013 2082 2085 2136 sit
2129 2096 2325 2151 corpus
2370 2081 2487 2150 ejus
2536 2080 2853 2149 inquirimus
2878 2118 2892 2142 ,
2941 2079 3020 2133 sic
3065 2077 3313 2132 videlicet
3361 2077 3592 2146 qualitas

2014 2172 2257 2242 corporis
2306 2171 2588 2226 indicatur.
2645 2169 2842 2224 Flavus
2888 2177 2970 2224 est
3017 2169 3105 2223 ille
3128 2206 3144 2231 ,
3194 2167 3437 2222 oculatus
3481 2177 3584 2232 est,

2012 2261 2178 2331 pallet
2207 2261 2294 2315 ille
2321 2261 2407 2315 vel
2436 2260 2588 2329 niger
2616 2267 2716 2314 est.
2756 2257 2851 2312 Sin
2881 2272 3008 2312 vero
3036 2257 3104 2312 de
3133 2256 3311 2310 anima
3337 2256 3586 2310 consula-

2013 2368 2151 2416 mus,
2183 2352 2257 2407 ita
2284 2352 2438 2407 nobis
2464 2350 2694 2420 qualitas
2721 2349 2836 2419 ejus
2863 2348 3160 2406 ostenditur
3184 2368 3197 2402 :
3228 2348 3456 2418 superba
3481 2355 3586 2412 est,

2013 2444 2228 2500 humilis
2255 2452 2364 2510 est,
2409 2443 2664 2514 iracunda
2687 2484 2702 2508 ,
2748 2441 3032 2511 tranquilla
3061 2425 3181 2496 est:
3213 2439 3367 2494 valde
3395 2439 3584 2493 memi-

2014 2535 2111 2600 nit,
2143 2542 2236 2589 aut
2268 2534 2519 2589 celeriter
2555 2532 2906 2588 obliviscitur.
2947 2530 3226 2600 Quantitas
3254 2527 3433 2584 itidem
3463 2544 3580 2582 cor-

2011 2624 2158 2696 poris
2185 2625 2231 2678 si
2259 2631 2559 2692 qumratur,
2586 2622 2709 2690 jure
2749 2621 2906 2676 nobis
2931 2620 3144 2682 dicitur,
3177 2617 3315 2673 illius
3344 2618 3396 2672 in
3426 2617 3587 2688 pedes

2011 2717 2246 2786 quinque
2273 2715 2609 2786 protenditur
2636 2712 2912 2782 longitudo
2929 2750 2943 2774 ,
2992 2711 3130 2766 latus
3157 2718 3241 2765 est
3267 2709 3476 2766 duobus
3503 2709 3587 2764 iti-

2011 2809 2134 2864 dem
2185 2807 2407 2879 pedibus
2429 2848 2443 2873 ,
2497 2806 2658 2862 habet
2702 2806 2756 2860 in
2805 2818 2988 2860 crasso
3041 2799 3392 2856 tantumdem.
3452 2798 3588 2854 Num

2011 2898 2283 2967 quantitas
2329 2896 2520 2950 animae
2566 2894 2682 2949 istis
2741 2894 2982 2962 signatur
3027 2891 3268 2954 indiciis,
3297 2897 3389 2943 aut
3417 2888 3469 2942 in
3499 2887 3612 2948 illa

2012 2990 2230 3057 longum
2281 2988 2367 3044 vel
2414 2974 2582 3041 latum
2627 2984 2712 3040 vel
2761 2985 2991 3055 spissum
3045 2981 3243 3052 aliquid
3282 2979 3588 3035 invenitur?

2012 3080 2164 3148 Quod
2192 3081 2237 3136 si
2267 3080 2340 3134 ita
2369 3087 2452 3133 est
2474 3116 2490 3142 ,
2541 3085 2692 3131 tanto
2736 3075 2964 3145 quisque
3001 3073 3221 3142 majoris
3247 3071 3351 3126 erit
3377 3071 3590 3132 animae.

2012 3180 2214 3240 quanto
2255 3169 2495 3240 corporis
2531 3166 2849 3238 capaciOris.
2906 3165 3016 3220 Nec
3055 3179 3289 3233 unquam
3317 3161 3591 3233 perexigui

2317 3259 2590 3316 hominem
2649 3255 3072 3325 magnanimum,
3095 3267 3224 3308 vere
3271 3253 3592 3315 diceremus,

2013 3369 2137 3408 cum
2184 3351 2413 3420 ingentis
2473 3347 2819 3419 corpulentiae
2873 3343 3234 3417 pusillanimes
3281 3342 3594 3413 plerumque

2011 3442 2266 3497 dicamus.
2333 3439 2485 3494 Sicut
2511 3437 2737 3493 dicimus
2759 3475 2775 3501 ,
2822 3435 3192 3503 magnanimus
3232 3431 3444 3503 Moyses
3468 3444 3592 3486 cum

2014 3532 2180 3587 Rubri
2209 3531 2374 3585 maris
2401 3530 2515 3584 vias
2542 3525 2838 3597 intrepidus
2863 3525 3057 3580 dudtor
3083 3522 3330 3586 intravit;
3369 3528 3421 3575 et
3439 3520 3592 3590 parvi

2011 3625 2174 3679 animi
2195 3623 2456 3694 populus,
2485 3620 2577 3690 qui
2605 3619 2709 3673 hoc
2737 3617 2911 3688 ipsum
2957 3614 3264 3669 facillimum
3302 3609 3446 3664 factu
3474 3610 3592 3664 fore

2009 3715 2123 3771 Deo
2168 3715 2518 3786 promittente
2565 3725 2674 3766 non
2722 3706 2966 3764 credidit.
3026 3703 3164 3760 Ecce
3201 3702 3381 3773 populi
3422 3701 3589 3756 totius

2011 3803 2190 3857 animo
2219 3803 2377 3858 unius
2418 3799 2649 3855 hominis
2675 3796 2911 3851 animum
2953 3793 3070 3848 sine
3096 3791 3441 3859 ambiguitate
3467 3805 3588 3862 ina-

2005 3896 2180 3965 jorem
2205 3894 2430 3950 dicimus
2457 3909 2470 3945 :
2492 3890 2739 3946 videlicet
2759 3888 2976 3951 virtute,
2999 3899 3106 3939 non
3131 3883 3290 3937 mole.
3323 3881 3590 3949 Quoniam

2009 3985 2054 4040 si
2097 3985 2240 4041 mole
2288 3983 2470 4053 major
2503 3979 2674 4036 moles
2726 3984 2888 4041 esset,
2929 3975 3016 4030 vel
3041 3975 3264 4029 duarum
3293 3972 3590 4026 animarum

2009 4091 2170 4146 quam
2198 4075 2380 4140 unius,
2412 4087 2522 4128 non
2547 4070 2667 4125 dico
2695 4067 2999 4123 multarum.
3050 4063 3146 4118 Est
3171 4076 3300 4130 ergo
3329 4063 3382 4115 in
3410 4059 3588 4115 anima

2011 4166 2243 4236 qualitas
2265 4206 2280 4229 ,
2327 4163 2422 4218 sed
2462 4160 2737 4231 quantitas
2764 4172 2870 4212 non
2899 4163 3016 4212 est:
3051 4153 3304 4224 quoniam
3335 4149 3478 4224 quod
3506 4147 3588 4203 af-

2012 4257 2248 4311 fectuum
2285 4251 2629 4308 mutabilitati
2673 4247 2908 4317 subjacet
2937 4285 2953 4311 ,
2997 4244 3309 4315 qualitatem
3355 4237 3585 4309 recipit;

2013 4345 2158 4414 quod
2187 4358 2314 4398 vero
2339 4357 2446 4397 non
2469 4340 2630 4395 habet
2656 4337 2873 4401 molem,
2896 4351 3002 4390 non
3025 4333 3185 4389 habet
3211 4330 3586 4401 quantitatem.

2014 4435 2152 4491 Hinc
2178 4447 2260 4490 est
2286 4433 2431 4503 quod
2457 4432 2726 4487 emoriens
2747 4442 2908 4483 omne
2935 4441 3131 4496 corpus
3157 4424 3447 4477 animatum
3478 4434 3589 4474 non

2015 4525 2212 4587 amittit
2248 4526 2479 4580 animam
2503 4563 2518 4587 ,
2571 4523 2665 4578 sed
2713 4521 2931 4577 dimittit
2966 4539 2979 4573 :
3011 4519 3136 4588 quia
3182 4533 3289 4572 non
3318 4513 3588 4583 egreditur

1931 4638 1984 4700 ι)
2009 4617 2151 4687 quod
2179 4631 2288 4672 non
2317 4615 2603 4670 includitur
2635 4633 2648 4668 :
2705 4628 2806 4670 nec
2833 4612 3094 4668 amittitur
3119 4607 3262 4678 quod
3300 4622 3406 4662 non
3435 4612 3588 4700 tene-

2017 4717 2122 4764 tur.
2163 4706 2221 4761 Si
2249 4707 2390 4762 enim
2420 4712 2650 4771 tenetur,
2675 4719 2783 4758 non
2811 4702 3072 4757 amittitur
3098 4715 3114 4757 :
3144 4706 3198 4753 et
3225 4698 3268 4751 si
3301 4712 3406 4750 non
3436 4693 3588 4748 amit~

2017 4804 2239 4864 teretur,
2291 4811 2450 4852 nemo
2497 4788 2817 4850 moreretur.
2889 4789 3036 4845 Unde
3083 4802 3189 4842 non
3236 4785 3467 4855 poetice,
3497 4781 3588 4836 sed

2015 4886 2385 4958 philosophice
2412 4883 2666 4953 Papinius
2694 4883 2770 4937 ait
2797 4881 2820 4919 ά
2850 4898 2863 4935 :

2249 4989 2342 5044 Odi
2367 4997 2503 5042 artus
2517 4990 2839 5053 fragilemque
2860 4997 2988 5039 nunc
3008 4986 3226 5049 corporis
3248 4992 3407 5037 usum,

2177 5055 2445 5106 Desertore
2464 5053 2625 5102 animi.

2086 5177 2238 5244 Quod
2266 5185 2325 5231 ut
2349 5176 2518 5246 magis
2547 5181 2729 5246 pateat
2773 5173 2876 5226 hoc
2914 5170 3086 5238 ipsum
3116 5159 3420 5231 diligentius
3462 5173 3586 5214 ven.

2019 5269 2232 5323 tilenius
2252 5307 2266 5332 ,
2297 5276 2456 5336 atque
2485 5266 2554 5320 ab
2581 5272 2824 5319 extremo
2852 5256 3145 5313 viventium
3182 5265 3380 5321 genere
3406 5250 3473 5308 ad
3501 5267 3588 5306 ra-

2020 5358 2275 5413 tionalem
2320 5371 2533 5427 quoque
2575 5355 2738 5409 vitam
2777 5346 3061 5405 ordinatim
3100 5343 3470 5414 gradatimque
3494 5357 3587 5398 ve-

2022 5448 2250 5502 niamus.
2274 5445 2344 5501 Ut
2365 5447 2466 5501 tria
2487 5444 2576 5498 illa
2605 5439 2927 5502 memoriam,
2951 5437 3240 5502 consilium,
3263 5434 3590 5500 voluntatem,

2019 5537 2216 5604 quibus
2244 5537 2488 5591 humanae
2515 5531 2707 5586 anima:
2733 5535 2948 5585 constat
2977 5527 3186 5597 unitas,
3219 5525 3398 5582 videre
3425 5523 3588 5594 possi-
3621 5543 3626 5548 ν

2098 5750 2119 5777 ε
2162 5739 2246 5792 Al.
2279 5737 2421 5790 Licet
2449 5747 2496 5790 et
2519 5737 2624 5801 ubi,
2655 5743 2758 5791 etc.

2092 5806 2118 5846 ά
2157 5808 2358 5863 Statius
2379 5799 2634 5878 Papinius
2663 5806 2754 5861 lib.
2786 5818 2877 5859 vni
2897 5799 3200 5874 Thebaidos
3226 5803 3486 5854 extremo.
