4238 6260
653 365 762 435 ⁸⁷Ξῦ

1895 354 2223 413 ΜΑΜΕΚΤῘ
2244 348 2607 412 CLAUDIAM

3831 352 3941 410 71‘

654 458 795 549 mus,
816 477 1107 552 quamlibet
1130 475 1379 533 rationali
1406 483 1567 545 atque
1596 459 1892 533 irrationali
1920 472 2241 527 meminisse
2258 454 2311 533 Α
2335 472 2653 541 prolabitur.
2670 506 2679 513 .
2696 468 2820 524 Haec
2849 482 2978 536 ergo
3015 466 3356 522 dissonantia
3392 469 3811 524 contrariorum
3840 468 3944 525 sibi

656 584 943 637 commune
970 568 1057 636 sit.

665 662 671 667 ’
1195 658 1198 663 ⁴
1246 654 1473 714 CAPUT
1500 655 1635 712 XXI.

692 751 999 808 Memoriam
1027 751 1271 806 rationali
1298 761 1347 803 et
1373 748 1668 805 irrationali
1707 748 1896 805 anima:
1924 762 2197 802 commune

866 837 976 876 esse
996 837 1014 875 :
1042 821 1275 895 quodque
1295 821 1465 875 omnis
1484 829 1726 873 creatura
1745 820 1814 872 sit
1836 818 2009 872 homo.

723 933 763 985 Ι.
807 930 961 988 Unde
1005 948 1115 989 non
1163 933 1365 1003 absque
1410 947 1540 987 vero
1587 932 1819 987 dicitur:
1874 931 1933 987 In
1970 930 2231 1005 memoria

654 1030 775 1078 esse
824 1022 1057 1078 hominis
1101 1022 1429 1094 pecudisque
1475 1020 1784 1077 confinium.
1836 1021 1970 1076 Nam
1996 1029 2051 1075 et
2076 1021 2233 1075 nidos

653 1113 877 1168 ciconiae
923 1120 1085 1183 atque
1132 1113 1444 1168 hirundines
1490 1120 1613 1183 post
1665 1128 1863 1167 annum
1889 1113 2146 1179 revisunt,
2178 1120 2234 1166 et

652 1203 777 1272 equi
803 1203 1009 1258 stabula
1056 1212 1347 1275 repetunt,
1395 1213 1449 1259 et
1496 1220 1657 1260 canes
1696 1205 1943 1260 dominas
1966 1218 2233 1273 recogno-

648 1303 825 1348 scunt.
867 1290 975 1350 Sed
1013 1296 1265 1366 quoniam
1294 1298 1486 1351 animae
1514 1296 1815 1352 belluarum
1843 1296 1943 1351 etsi
1973 1296 2232 1364 imagines

653 1380 893 1467 locorum
936 1386 1251 1441 naturaliter
1289 1388 1549 1453 retinent,
1584 1387 1748 1457 ipsius
1777 1388 1955 1441 tamen
1984 1386 2231 1441 substan-

655 1476 741 1529 tia:
769 1492 877 1530 sum
915 1477 1192 1533 scientiam
1235 1494 1343 1533 non
1373 1479 1591 1545 habent,
1633 1479 1686 1534 in
1715 1479 2088 1535 recordatione
2115 1494 2231 1533 cor-

652 1565 914 1633 poralium
943 1582 1123 1622 rerum
1151 1582 1286 1636 quas
1313 1583 1411 1638 per
1437 1570 1682 1639 corporis
1724 1585 1914 1625 sensus
1937 1570 2231 1623 hauserunt

654 1657 958 1714 necessario
994 1670 1295 1733 remanent,
1345 1669 1400 1716 et
1427 1661 1783 1716 ratiocinandi
1817 1675 1926 1716 non
1966 1660 2228 1715 habentes

649 1746 864 1802 oculum
887 1787 903 1813 ,
953 1764 1062 1803 non
1108 1749 1282 1804 dicam
1335 1765 1495 1821 supra
1521 1766 1581 1805 se
1625 1750 1844 1821 aliquid,
1875 1750 1969 1805 sed
1996 1765 2056 1805 se
2083 1750 2228 1820 ipsas

2336 578 2623 633 corporum
2648 605 2661 629 ,
2713 568 2771 616 ut
2817 559 3102 630 quodlibet
3143 560 3333 615 vivens
3378 574 3580 631 corpus
3621 562 3943 624 existatyin

2334 653 2622 723 quamdam
2674 651 3067 708 concinentiam
3113 651 3325 721 cogitur
3352 657 3489 706 nutu
3516 651 3815 706 creatoris.
3863 648 3944 706 Ex

2337 743 2421 798 his
2448 751 2629 799 autem
2656 742 2939 798 elementis
2984 748 3219 810 quatuor
3244 756 3365 811 quae
3391 741 3676 796 moderate
3709 741 3944 796 musice

2336 848 2442 904 que
2469 834 2524 889 in
2570 836 2781 890 arboris
2825 833 2993 899 vitam
3039 833 3143 889 sibi
3165 834 3478 901 concinnat,
3507 833 3553 889 si
3577 834 3717 905 quid
3745 841 3940 890 contra

2335 939 2643 980 mensuram
2688 924 2776 980 vel
2815 924 3080 995 superfuit
3131 923 3273 979 forte
3320 924 3406 979 vel
3448 922 3649 988 defuit,
3682 924 3942 993 εστωσῆ

2335 1017 2500 1072 arbor
2545 1016 2658 1086 ipsa
2705 1016 2933 1086 primum
2960 1057 2975 1082 ,
3024 1015 3221 1072 dehinc
3259 1015 3526 1070 emoritur
3559 1015 3737 1071 veluti
3794 1015 3939 1071 vieta

2336 1108 2614 1177 languore.
2666 1106 2858 1163 Cernis
2886 1108 3008 1164 istic
3033 1108 3436 1163 dissonantibus
3462 1108 3531 1163 ab
3549 1107 3785 1164 unitatis
3811 1123 3940 1163 con-

2334 1200 2569 1254 Cinentia
2615 1200 2859 1271 corporis
2899 1199 3170 1271 partibus,
3212 1200 3381 1255 vitam
3421 1199 3602 1269 potius
3627 1213 3659 1253 a
3688 1213 3939 1269 corpore

2332 1293 2511 1348 deseri
2555 1306 2718 1362 quam
2763 1292 2961 1347 dimitti
3007 1306 3038 1345 a
3082 1290 3191 1347 vita
3233 1306 3452 1361 corpus.
3508 1288 3739 1345 Constat
3764 1289 3938 1358 igitur

2333 1399 2549 1441 omnem
2600 1386 2768 1440 vitam
2820 1399 2922 1440 nec
2971 1383 3219 1439 localiter
3267 1382 3555 1438 abscedere
3598 1396 3629 1435 a
3656 1395 3927 1452 carpam,

2332 1491 2435 1532 nec
2462 1477 2516 1531 in
2547 1491 2778 1547 corpore
2806 1476 2953 1532 velut
2981 1475 3037 1530 in
3065 1476 3186 1532 loco
3214 1489 3364 1541 esse,
3395 1487 3498 1530 nec
3524 1473 3772 1529 localiter
3799 1488 3934 1528 cor—

2331 1566 2448 1635 pori
2479 1566 2756 1622 accedere.

2399 1657 2485 1711 ill.
2510 1656 2627 1714 ‘Hic
2654 1659 2698 1713 si
2726 1660 3017 1716 causalium
3046 1660 3315 1715 rationum
3342 1666 3550 1714 secreta
3577 1658 3786 1713 rimare
3807 1657 3926 1712 anit-

2327 1748 2655 1816 madvertas,
2689 1751 2815 1805 licet
2832 1749 3026 1807 defore
3048 1752 3137 1806 vix
3177 1751 3262 1807 his
3301 1750 3610 1806 viventibus
3659 1751 3920 1817 animam,

647 1838 832 1895 videre
858 1855 966 1896 non
995 1849 1236 1912 possunt.
1271 1840 1482 1898 Gratias
1510 1855 1639 1910 ergo
1667 1843 1713 1895 si
1741 1857 1848 1897 non
1875 1850 2103 1911 quantas
2130 1841 2224 1897 de-
2253 1834 2307 1913 Β,
2327 1839 2425 1894 sed
2454 1856 2561 1895 non
2589 1841 2775 1898 defore
2805 1842 3181 1912 incorpoream
3207 1842 3393 1898 vitam.
3426 1842 3608 1913 Atque
3645 1851 3707 1897 ut
3753 1858 3923 1898 unum

645 1929 757 1995 bet,
790 1939 846 1985 at
872 1944 1103 2003 quantas
1131 1940 1343 2003 potest,
1384 1934 1614 1988 creatori
1643 1949 1741 1988 suo
1771 1940 1915 1990 totus
1943 1933 2106 1989 homo
2133 1949 2242 1998 re-,

646 2021 813 2089 ferat,
845 2022 937 2093 qui
977 2022 1054 2076 illi
1082 2021 1364 2078 inetl‘abilis
1395 2023 1738 2094 benignitatis
1766 2022 2013 2093 largitate
2041 2019 2224 2079 essen-

646 2112 775 2165 tiam
802 2128 922 2167 cum
947 2112 1242 2183 lapidibus,
1284 2114 1446 2168 vitam
1474 2115 1785 2170 seminalem
1813 2131 1932 2170 cum
1961 2114 2142 2170 herbis
2170 2121 2226 2169 et

645 2202 925 2258 arboribus
948 2241 963 2267 ,
1007 2203 1172 2259 vitam
1216 2205 1518 2260 sensualem
1546 2205 1898 2276 eamdemque
1938 2204 2223 2260 animalem

644 2307 765 2348 cum
794 2292 1121 2363 pecudibus;
1156 2296 1322 2353 vitam
1370 2297 1689 2353 rationalem
1736 2312 1857 2352 cum
1899 2296 2103 2365 angelis
2129 2295 2224 2351 de-

643 2383 740 2459 dit.
781 2383 947 2454 Igitur
992 2397 1052 2440 ut
1099 2387 1386 2443 herbarum
1432 2404 1650 2459 quoque
1696 2396 1751 2443 et
1778 2388 2029 2443 fruticum
2059 2389 2221 2443 vitam

643 2474 1015 2551 incorpoream
1044 2492 1165 2534 esse
1193 2484 1411 2547 pateat,
1464 2477 1813 2549 eamdemque
1851 2495 1959 2534 non
1988 2478 2160 2533 amitti
2190 2495 2221 2533 a

642 2580 888 2651 corpore,
917 2566 1011 2621 sed
1039 2568 1233 2623 dimitti
1264 2587 1276 2620 :
1308 2584 1490 2639 quaero
1520 2586 1549 2623 a
1580 2578 1632 2625 te
1651 2610 1665 2637 ,
1698 2569 1892 2624 herbas
1920 2576 1976 2624 et
2001 2570 2220 2639 arbusta

643 2670 820 2733 utrum
850 2678 917 2718 ne
968 2678 1132 2733 neges
1182 2664 1380 2730 vivere,
1414 2680 1482 2719 an
1524 2664 1745 2721 forsitan
1791 2665 1936 2720 dicas
1980 2664 2064 2719 his
2093 2664 2221 2740 ipsis

643 2744 941 2810 viventibus
987 2753 1254 2824 aliquibus
1303 2763 1360 2810 ut
1405 2756 1591 2809 vivant
1630 2756 1836 2810 animas
1876 2756 2072 2811 inesse.
2115 2754 2222 2810 Sed

642 2832 874 2901 animata
896 2845 945 2899 si
970 2854 1167 2913 essent,
1198 2854 1349 2909 motu
1390 2847 1611 2918 proprio
1635 2864 1745 2905 non
1773 2855 2051 2912 carerent,
2093 2847 2220 2916 quia

639 2943 762 2991 sunt
805 2950 926 3006 quae
968 2946 1255 2995 moventur
1291 2946 1444 2995 metu
1487 2955 1596 2993 nan
1636 2939 1883 3010 proprio.
1945 2938 2222 2993 Sentirent

535 3056 545 3079 ι
640 3025 801 3078 etiam
825 3026 1018 3082 vulnus
1046 3025 1323 3085 inﬂictum.
1365 3028 1475 3087 Sed
1513 3031 1628 3086 haec
1677 3031 1871 3086 talibus
1898 3046 2005 3085 non
2045 3031 2222 3086 inesse

2329 1931 2545 2001 aliquod
2567 1946 2637 1986 ex
2655 1933 3088 2009 omniseminum
3117 1947 3315 2002 genere
3343 1932 3661 2002 deligamus,
3690 1946 3920 2001 granum

2328 2031 2478 2079 certe
2508 2022 2667 2079 tritici
2689 2032 2905 2093 quantre
2927 2024 2997 2080 sit
3021 2022 3403 2092 magnitudinis
3431 2022 3653 2090 scimus,
3693 2029 3748 2077 et
3771 2020 3921 2091 ejus-

2310 2098 2451 2169 .dem
2499 2115 2798 2186 capacitate
2841 2115 2927 2171 sui
2955 2122 2982 2154 ι
3008 2114 3226 2171 modum
3254 2115 3403 2170 male
3447 2114 3720 2170 metimur.
3750 2111 3924 2182 Cujus

2327 2204 2374 2261 si
2394 2205 2524 2275 quid
2550 2205 2819 2260 internum
2847 2220 3171 2276 corporeum
3216 2204 3403 2261 videre
3452 2204 3696 2272 velimus,
3746 2204 3921 2261 scisso

2325 2295 2518 2350 eodem
2569 2296 2703 2350 nihil
2748 2296 2849 2351 nisi
2872 2304 3081 2352 tantum
3115 2296 3396 2352 candentis
3428 2294 3584 2353 farris
3626 2297 3920 2368 aspicimus

2325 2393 2585 2455 quantum
2613 2388 2791 2442 brevis
2819 2388 3088 2458 capacitas
3135 2389 3460 2443 tenuissima:
3485 2389 3623 2443 cutis
3666 2388 3911 2444 includit.

2325 2474 2465 2532 Ecce
2491 2477 2589 2533 tibi
2619 2476 2673 2532 in
2699 2479 2876 2549 spatio
2922 2473 3197 2550 corporali
3219 2494 3480 2535 summam
3503 2480 3654 2547 grani
3683 2480 3904 2535 triticei.

2298 2565 2403 2631 ,Da
2432 2577 2489 2622 tu
2521 2584 2662 2625 nunc
2688 2569 2745 2624 in
2772 2570 2876 2627 hoc
2902 2571 3091 2626 eodem
3121 2572 3341 2641 granalo
3382 2571 3736 2642 carporaliter
3770 2572 3907 2630 mihi

2323 2663 2566 2713 tumores
2593 2656 2910 2729 germinum,
2938 2661 3228 2717 herbarum
3272 2663 3509 2728 virentia,
3538 2662 3781 2717 calamos
3804 2664 3904 2717 sti-

2323 2748 2589 2818 pularum,
2620 2752 2890 2822 spicarum
2936 2752 3163 2825 hispida,
3196 2755 3331 2810 levia
3358 2753 3650 2825 palearum,
3679 2755 3903 2825 pinguia

2322 2840 2552 2909 frugum,
2578 2849 2741 2911 atque
2768 2858 2836 2899 ex
2856 2844 2939 2900 his
2967 2844 3248 2902 indefeSSis
3273 2844 3791 2916 multiplicandon
3811 2860 3903 2901 se-

2321 2932 2468 2986 mina
2494 2933 2756 2988 seminum
2796 2946 2914 3003 quae
2933 2936 3121 2992 omnia
3147 2935 3203 2991 in
3232 2936 3325 2992 illo
3346 2944 3471 2991 sunt
3496 2936 3741 3005 granulo,
3781 2952 3907 2992 cau-

2321 3023 2524 3079 salibus
2550 3026 2787 3095 reposita
2808 3027 3048 3082 secretis.
3080 3026 3233 3082 Nunc
3260 3026 3426 3096 igitur
3453 3035 3547 3083 aut
3573 3035 3768 3085 cuncta
3794 3044 3911 3099 qua:

640 3102 723 3171 vel
741 3115 808 3171 de
827 3116 1030 3177 ossium
1058 3120 1317 3186 sectione,
1348 3129 1403 3174 et
1429 3121 1748 3190 capillorum
1771 3129 1933 3191 atque
1961 3122 2217 3191 unguium
2322 3115 2406 3176 de.
2431 3118 2723 3174 seminibus
2748 3118 3015 3189 prodeunt
3044 3120 3183 3176 intra
3213 3120 3403 3176 eadem
3432 3122 3640 3177 semina
3666 3136 3909 3193 corpora-

639 3207 951 3276 przecisiane
977 3211 1372 3283 cognoscimus,
1403 3225 1521 3282 qua:
1548 3212 1663 3275 sine
1691 3212 1801 3273 ullo
1829 3227 1991 3279 sensu
2016 3212 2217 3269 doloris
2242 3194 2290 3259 α
2324 3206 2448 3260 liter
2474 3208 2717 3283 ostende,
2747 3216 2841 3264 aut
2864 3206 3153 3265 herbarum
3202 3226 3421 3283 quoque
3441 3210 3609 3267 vitam
3655 3212 3905 3283 incorpo-

639 3297 1021 3357 abscindimus.
1061 3298 1158 3361 Est
1204 3315 1334 3370 ergo
1382 3303 1546 3357 etiam
1597 3303 1671 3361 ibi
1716 3303 1851 3376 vita,
1876 3302 1971 3361 ubi
1998 3320 2107 3361 non
2137 3314 2220 3361 est

638 3388 832 3451 anima.
1016 3460 1019 3465 ν

706 3479 770 3535 ιι.
811 3479 1006 3552 Aspice
1034 3496 1176 3553 nunc
1201 3482 1270 3539 ad
1296 3482 1685 3557 conﬁciendam
1704 3484 1846 3542 hanc
1866 3470 2036 3557 ipsam
2065 3486 2220 3543 arbo-

637 3569 711 3626 ris
734 3569 899 3625 vitam
927 3572 1165 3631 omnium
1187 3572 1576 3630 elementorum
1622 3574 1983 3647 particulatim
2011 3577 2216 3635 semina

636 3662 976 3723 convenisse.
1032 3663 1129 3719 Est
1166 3664 1242 3727 illi
1281 3664 1531 3721 videlicet
1568 3676 1714 3725 terra
1754 3666 1810 3721 in
1838 3666 2213 3734 crassitudine,

635 3769 779 3824 aqua
824 3757 880 3810 in
927 3755 1177 3821 humore,
1209 3771 1304 3831 aer
1330 3757 1384 3811 in
1412 3758 1818 3829 progressione,
1850 3759 1986 3829 ignis
2013 3760 2067 3816 in
2094 3772 2217 3830 ger-

635 3838 799 3901 mine.
856 3844 914 3900 Si
942 3854 1123 3905 autem
1144 3847 1219 3904 de
1245 3864 1372 3904 aere
1396 3857 1480 3904 est
1507 3851 1706 3915 anima,
1739 3861 1831 3908 aut
1858 3852 1972 3907 acri
2001 3852 2213 3920 similis,

635 3944 697 3993 ut
741 3944 800 3992 tu
845 3938 1165 4007 pronuntias
1196 3956 1209 3992 :
1241 3953 1373 4009 ergo
1418 3940 1669 3996 arborem
1715 3956 1824 3999 non
1848 3942 2070 4010 negabis
2096 3942 2214 3996 ani-

632 4036 861 4093 malam,
891 4028 1019 4099 quia
1039 4028 1380 4101 perspicuum
1405 4035 1489 4083 est
1515 4029 1629 4083 aeri
1655 4028 1883 4085 similem
1911 4029 2089 4085 inesse
2116 4043 2212 4087 na-

634 4127 827 4181 turam.
866 4118 1124 4189 Inferiora
1161 4126 1459 4191 temperato
1498 4134 1677 4189 rerum
1704 4118 1892 4174 ordine
1919 4120 2211 4192 superiori-

631 4210 739 4277 bus,
783 4209 1113 4282 adiciuntur,
1169 4218 1442 4285 transacto
1488 4210 1692 4266 scilicet
1735 4209 1933 4278 frigore
1978 4208 2209 4267 brumali

630 4316 731 4372 per
753 4303 1162 4365 conversionem
1207 4301 1329 4358 coeli
1343 4340 1358 4364 ,
1388 4317 1610 4358 recursu
1638 4300 1873 4357 siderum
1890 4340 1906 4367 ,
1937 4301 2087 4383 calor
2114 4318 2206 4358 su-

629 4391 980 4460 perveniens,
1022 4405 1204 4455 aerem
1231 4388 1332 4443 sibi
1360 4398 1415 4444 et
1442 4389 1563 4445 loco
1592 4395 1650 4445 et
1676 4397 1869 4445 natura
1900 4391 2206 4462 proximum

2322 3312 2473 3353 ream
2519 3297 2796 3356 conﬁtere.
2846 3300 2913 3357 Et
2955 3304 3263 3373 pronuntia,
3296 3305 3342 3360 si
3368 3305 3565 3377 placet,
3595 3320 3902 3377 corpoream

2322 3388 2559 3446 hominis
2585 3392 2838 3459 animam,
2868 3400 2925 3448 et
2951 3406 3268 3464 corpoream
3292 3394 3500 3451 fruticis
3538 3397 3722 3451 vitam.
3754 3394 3904 3463 Quod

2321 3478 2447 3549 quia
2493 3490 2652 3535 nemo
2679 3480 2955 3538 hominum
3000 3482 3255 3538 incolumi
3287 3476 3479 3554 potest
3526 3483 3669 3541 ferre
3685 3484 3904 3556 judicio,

2321 3576 2659 3629 transeamus
2687 3570 2753 3626 ad
2782 3573 3016 3627 animata
3046 3573 3301 3640 viventia,
3331 3591 3451 3646 qum
3478 3591 3591 3632 non
3619 3578 3799 3633 solum
3828 3577 3907 3632 vi-

2321 3667 2471 3726 vunt,
2504 3661 2599 3717 sed
2627 3664 2788 3717 etiam
2814 3663 3070 3720 sentiunt.
3860 3694 3865 3697 ·
3890 3736 3893 3741 η

2329 3773 2331 3776 ⁴
2389 3751 2478 3807 IV.
2520 3751 2615 3809 Est
2639 3769 2768 3824 ergo
2789 3754 2841 3809 in
2863 3755 3067 3826 pecude
3087 3756 3426 3826 corruptibile
3444 3770 3643 3825 corpus
3671 3765 3727 3811 et
3764 3773 3907 3813 mon

2320 3842 2444 3897 talis
2496 3844 2694 3909 anima,
2747 3859 2866 3913 qua:
2907 3846 3071 3900 vitam
3100 3848 3337 3917 corporis
3363 3861 3461 3916 nec
3486 3846 3747 3915 anticipat
3796 3862 3904 3902 nec

2317 3931 2348 3971 ιι
2378 3933 2682 4004 posticipat.
2716 3934 2877 3991 Vides
2904 3938 3033 4006 ergo
3060 3937 3201 4006 quod
3230 3936 3346 3991 vita!
3372 3936 3616 3991 Seminali
3644 3951 3811 4005 quam
3841 3938 3896 3991 in

2315 4021 2497 4077 herbis
2525 4024 2861 4094 arbustisque
2883 4029 3203 4097 reperimus,
3227 4028 3282 4082 in
3310 4030 3535 4097 corpore
3554 4027 3782 4097 pecudis
3800 4044 3902 4099 per

2315 4114 2587 4183 appetitus
2606 4117 2797 4171 animm
2816 4117 3032 4173 sensum
3048 4126 3360 4190 motumque
3371 4107 3570 4175 tribuat
3586 4137 3600 4186 ;
3618 4121 3699 4176 sic
3719 4127 3897 4175 tamen

2313 4204 2360 4259 si
2410 4203 2584 4275 ipsum
2636 4222 2830 4277 corpus
2884 4211 3271 4265 convenienter
3315 4209 3594 4266 elementis
3619 4210 3897 4278 analogiae

2313 4294 2721 4352 concinentibus
2750 4300 2918 4368 probe
2944 4299 3142 4362 valeat,
3169 4307 3225 4355 et
3260 4301 3475 4356 nutibus
3528 4299 3716 4354 animae
3761 4314 3895 4355 con-

2311 4393 2572 4443 sentaneo
2599 4389 2852 4445 motionis
2874 4391 3165 4446 concordet
3184 4391 3467 4462 obsequio.
3486 4391 3777 4459 Quomodo
3802 4406 3895 4447 au-

628 4479 776 4548 prius
828 4478 1013 4537 amen.
1062 4479 1165 4545 Qui
1200 4480 1453 4549 quoniam
1499 4488 1649 4539 tanto
1699 4482 1869 4558 gradu
1918 4484 2028 4554 igni
2065 4486 2210 4543 cedi;
2286 4483 2422 4553 ptem
2470 4477 2529 4532 iit
2570 4487 2631 4534 ut
2658 4481 2835 4534 anima
2874 4480 3066 4536 eadem
3103 4490 3237 4537 nutu
3289 4497 3479 4537 sanum
3518 4481 3895 4552 infirmumque

627 4574 830 4636 quanto
872 4568 989 4637 ipse
1015 4569 1169 4637 aquis
1195 4569 1415 4639 eminet,
1459 4587 1557 4651 per
1601 4574 1810 4647 radices
1838 4576 2090 4633 arborum
2120 4579 2207 4634 vel
2229 4558 2287 4622 D
2311 4571 2610 4626 membrum
2636 4572 2962 4644 dispariliter
2980 4576 3235 4639 moveat?
3254 4573 3396 4633 Ecce
3416 4575 3505 4630 ille
3534 4576 3678 4631 laevae
3704 4590 3892 4630 manus

626 4657 1002 4728 quorumpiam
1027 4659 1328 4735 germinum
1358 4661 1427 4717 de
1456 4671 1611 4735 terra:
1638 4665 1840 4723 intimis
1867 4680 2004 4736 aqua
2033 4669 2230 4724 attra-j

624 4749 742 4805 hit:
786 4764 852 4806 eo
905 4750 1050 4820 quod
1100 4751 1239 4821 ignis
1284 4753 1609 4811 elementum
1658 4757 1841 4813 omnia
1884 4758 2202 4831 naturaliter

624 4840 837 4910 rapiens
885 4842 1205 4912 tepefactum
1234 4858 1411 4915 aerem
1441 4844 1509 4901 ad
1545 4862 1604 4903 se
1651 4848 1812 4918 cogit,
1859 4863 2061 4919 perque
2109 4865 2201 4906 ar—

623 4932 768 4987 boris
789 4932 1078 4990 medullam
1095 4935 1175 5011 sic
1198 4932 1312 5005 ipse
1333 4932 1514 5003 haurit
1535 4937 1739 5006 aerem,
1753 4939 1833 4995 sic
1859 4955 1953 4995 aer
1971 4955 2198 5011 aquam,

619 5024 697 5097 sic
727 5037 863 5093 aqua
892 5031 1108 5080 terram.
1152 5023 1304 5080 Unde
1331 5035 1415 5081 est
1441 5028 1585 5096 quod
1616 5029 1777 5084 etiam
1803 5045 1905 5086 nos
1927 5045 2025 5101 per
2048 5028 2199 5090 ﬁstu-z

622 5114 722 5187 lam
746 5156 760 5181 ,
808 5110 899 5181 vel
951 5116 1313 5188 cuiuscemodi
1360 5118 1546 5174 tibiam
1593 5127 1825 5174 attracto
1854 5135 1999 5187 aere,
2032 5136 2199 5191 aquas

620 5204 958 5276 indifliculter
1017 5209 1311 5290 haurimus.
1386 5209 1454 5264 Et
1497 5226 1528 5267 e
1580 5192 1868 5281 puteorum
1916 5211 2199 5282 profundis

616 5292 903 5377 artiﬁciose
930 5311 1210 5372 compacto
1248 5302 1681 5358 machinamento
1708 5300 1943 5370 quodam
1980 5318 2194 5358 sursum

616 5399 802 5467 ventus
848 5388 993 5463 unda
1034 5382 1250 5471 gravior
1301 5396 1371 5465 ob
1416 5403 1665 5452 naturam
1702 5392 1932 5462 cogitur,
1965 5402 2021 5449 et
2049 5396 2191 5463 aeris

614 5477 937 5537 adminiculo
982 5480 1039 5536 in
1085 5493 1341 5554 angustos
1392 5486 1644 5543 tubarum
1690 5490 1900 5539 meatus
1938 5484 1994 5539 vi
2047 5499 2195 5551 com-

612 5575 763 5644 pulsa
817 5573 966 5630 labro
1013 5580 1171 5630 tenus
1218 5591 1379 5646 supra
1428 5593 1697 5635 summum
1742 5576 1893 5633 nutei
1934 5589 2190 5636 expressa

684 5704 709 5731 ει
748 5692 832 5749 Al.
855 5693 998 5748 modi
1020 5691 1227 5749 molem.~
1306 5744 1307 5747 η
1824 5738 1831 5743 .

681 5763 707 5802 ι)
747 5762 1069 5824 Pauicipare
1120 5776 1259 5819 nove
1299 5760 1521 5816 dictum.
1552 5759 1866 5819 Huiusmodi
1893 5757 2179 5818 Claudiani

2307 4663 2517 4733 vigore.
2538 4664 2700 4731 valet,
2751 4682 2905 4733 usum
2930 4665 3133 4722 dextra:
3161 4666 3271 4722 ictu
3299 4675 3357 4721 ut
3403 4662 3603 4737 assolet
3651 4667 3891 4722 humoris

2307 4754 2484 4809 amisit
2517 4772 2529 4809 :
2554 4771 2743 4812 manus
2771 4757 2980 4825 reliquo
3002 4757 3281 4813 adhaerens
3300 4758 3538 4828 corpori,
3568 4758 3671 4813 etsi
3697 4772 3802 4813 non
3835 4758 3892 4813 in

2305 4846 2501 4901 eodem
2528 4847 2713 4917 vigore
2735 4847 2786 4902 in
2809 4848 2998 4903 eadem
3020 4829 3303 4919 permanei’
3326 4838 3523 4920 specie,
3554 4864 3658 4907 nec
3707 4857 3892 4906 tamen

2302 4937 2467 5018 servit
2497 4938 2709 4992 nutibus
2738 4939 2945 4993 animae.
2966 4938 3104 5018 Quid
3126 4939 3406 5018 dicemus,‘
3414 4940 3568 5010 pulsa
3589 4941 3781 4996 exinde
3805 4941 3892 4997 lo-

2304 5012 2494 5084 calitcr
2513 5032 2674 5085 cessit
2702 5030 2915 5085 anima?
2942 5016 3129 5105 et’quo
3173 5032 3343 5087 abiit?
3382 5012 3491 5103 quo
3518 5032 3642 5089 inde
3686 5032 3893 5088 disces-

2301 5120 2405 5174 sit?
2434 5120 2538 5175 Sed
2560 5119 2697 5176 forte
2726 5123 2792 5177 ad
2808 5122 3065 5194 reliquam
3088 5132 3297 5195 partem
3322 5125 3407 5181 sui
3434 5140 3494 5182 se
3521 5125 3771 5193 contulit,
3791 5125 3892 5181 sed

2295 5210 2405 5281 jam
2433 5218 2601 5265 totum
2631 5227 2825 5283 corpus
2849 5199 3105 5286 implebat
3134 5217 3333 5270 anima.
3373 5214 3491 5274 Non
3518 5223 3700 5289 potest
3727 5216 3891 5285 adjici

2296 5301 2458 5373 pleno
2486 5302 2758 5374 quippiam
2786 5307 2913 5376 quin
2943 5303 3310 5377 supereﬂluat.
3356 5304 3506 5376 Ergo
3534 5306 3779 5363 fortassis
3801 5321 3894 5361 ex-

2295 5393 2587 5449 halandum
2610 5403 2693 5450 est
2712 5397 2911 5467 aliquid
2931 5398 3122 5453 animae
3147 5397 3234 5453 vel
3254 5397 3623 5462 eructandum,
3646 5407 3740 5452 aut
3757 5413 3897 5468 quo-

2298 5499 2409 5555 quo
2436 5484 2597 5541 modo
2617 5486 2983 5556 digerendum,
3001 5504 3068 5546 eo
3094 5489 3241 5561 quod
3259 5505 3369 5545 non
3397 5489 3664 5563 integrum
3685 5503 3893 5559 corpus

2297 5591 2411 5632 non
2436 5577 2695 5648 integram
2721 5580 2899 5650 capiat
2918 5584 3172 5637 animam.
3208 5580 3335 5637 Haec
3361 5588 3509 5637 certe
3537 5580 3743 5652 absque
3767 5596 3890 5637 am-

2290 5691 2441 5750 locus
2468 5693 2671 5764 Cangio
2697 5696 3101 5752 animadversus
3131 5697 3186 5751 in
3215 5694 3506 5769 mortario,
3576 5753 3579 5756 ,

2315 5916 2368 5943 κ..
