4238 6260
307 379 412 436 τις

1490 366 1575 422 DE
1613 366 1837 421 STATU
1878 362 2113 420 ANIMA'J
2156 363 2280 418 LIB.
2325 365 2361 418 Ι.

3401 368 3586 430 ιῖἦο

309 497 470 565 biguo
499 491 760 559 consequi
787 502 1003 544 necesse
1017 493 1118 551 est,
1140 485 1184 539 si
1207 497 1401 553 corpus
1423 490 1504 535 est
1525 482 1719 535 anima.
1741 479 1895 545 Quod
1927 483 1972 538 Α
2002 481 2078 533 sic
2109 481 2183 532 ait
2216 498 2225 529 :
2261 477 2386 530 Cum
2417 492 2591 530 sumus
2617 495 2664 531 ιη
2692 496 2922 548 corpore,
2966 482 3358 550 peregrinantur
3410 496 3441 532 ιι
3489 479 3592 535 Do—

309 587 567 657 quoniam
589 585 706 639 fieri
729 595 1062 652 nequaquam
1091 584 1288 647 potest,
1321 575 1449 630 illud
1471 575 1652 644 potius
1680 575 1894 628 intuere

311 677 457 747 quod
487 691 595 733 non
645 675 822 729 anima
869 669 1165 741 imperandi
1194 669 1302 721 vim
1329 665 1581 736 perdidit,
1632 663 1726 719 sed
1754 664 1898 717 vires

311 766 580 825 serviendi
619 779 810 818 manus
859 761 1054 816 amisit.
1096 758 1192 814 lllo
1217 759 1360 814 enim
1391 764 1448 811 ut
1470 763 1597 825 puta
1625 753 1899 823 sanguinis

313 859 520 928 impetu
541 854 934 911 eonnhentium
949 852 1338 905 elementorum
1359 846 1640 902 harmonia
1665 845 1896 907 turbata,

314 948 531 1017 corpori
561 946 812 1001 adimitur
837 942 1102 998 serviendi
1128 939 1475 1011 possibilitas,
1507 945 1562 992 et
1590 936 1772 990 animo
1799 935 1900 989 do-

319 1038 559 1092 minandi
589 1035 789 1091 accedit
813 1033 1119 1097 difficultas,
1141 1039 1198 1087 et
1221 1031 1410 1100 incipit
1429 1043 1551 1084 esse
1579 1027 1735 1082 oneri
1756 1025 1902 1094 quod

315 1117 436 1181 erat
456 1127 591 1180 usui.
622 1125 736 1178 Non
757 1132 938 1177 tamen
967 1123 1145 1176 anima
1175 1105 1426 1175 movendi
1453 1119 1562 1172 vim
1592 1115 1842 1186 perdidit,
1859 1115 1908 1168 si

318 1220 616 1272 membrum
668 1215 1055 1270 convenienter
1103 1229 1164 1267 se
1203 1211 1519 1266 necessaria:
1547 1207 1773 1263 motioni
1797 1221 1902 1260 non

317 1308 562 1378 praebuit.
595 1305 665 1359 Et
686 1307 738 1360 in
759 1305 1002 1374 quolibet
1027 1303 1199 1358 oculis
1219 1310 1399 1372 capto,
1428 1308 1689 1370 quantum
1715 1297 1782 1351 ad
1799 1297 1908 1350 ani-

315 1414 460 1453 mam
506 1405 738 1468 spectat,
788 1404 1035 1451 remanet
1083 1396 1164 1450 vis
1209 1394 1426 1449 videndi
1461 1392 1761 1462 corporalia
1809 1403 1908 1459 per

316 1506 530 1562 corpus,
561 1491 658 1544 sed
686 1504 887 1558 organa
915 1489 1280 1544 membrorum
1301 1485 1572 1550 deficiunt,
1595 1485 1788 1553 quibus
1808 1499 1907 1553 po-

322 1583 518 1636 tentias
571 1575 699 1634 suas
751 1586 968 1634 exserat
1021 1578 1089 1632 ad
1135 1577 1411 1632 sentienda
1442 1589 1721 1644 corporea.
1755 1573 1908 1628 Sicut

319 1686 450 1739 ergo
475 1671 686 1726 ratione
733 1670 1014 1740 perspicua
1063 1669 1231 1724 claret
1281 1667 1502 1736 liquido,
1539 1682 1644 1720 non
1674 1665 1906 1719 animam

320 1764 564 1818 membro
582 1762 744 1818 debili
768 1761 1010 1816 localiter
1037 1761 1263 1830 pulsam,
1293 1759 1390 1814 sed
1413 1759 1481 1813 ab
1509 1758 1699 1812 animm
1727 1758 1908 1811 inten-

1999 571 2159 625 mino.
2193 571 2449 624 Audemus
2478 579 2648 624 autem
2675 581 2722 624 et
2757 571 2942 626 bonam
2985 573 3297 628 voluntatem
3345 571 3590 632 habemus

1999 663 2166 733 magis
2189 663 2508 732 peregrinari
2537 679 2569 714 a
2597 678 2830 732 corpore,
2856 673 2906 716 et
2925 673 3200 733 praesentes
3221 681 3333 718 esse
3361 664 3430 718 ad
3477 663 3589 719 Do—

2000 755 2198 808 minum
2227 754 2292 822 (ll
2314 753 2435 809 Cor.
2464 771 2516 819 v,
2541 753 2592 818 6,
2625 755 2704 825 8).
2728 754 2884 821 Quid,
2910 771 3110 824 quaeso,
3142 758 3246 814 dici
3271 758 3468 814 clarius
3487 773 3588 828 po-

2003 847 2146 901 test?
2191 844 2382 900 Omnia
2427 861 2656 916 corpora
2704 847 2818 902 sive
2862 861 3044 902 crassa
3068 849 3152 902 vel
3179 849 3382 916 gravia,
3414 856 3475 902 ut
3502 855 3586 903 est

2003 952 2143 1006 aqua
2188 937 2274 992 vel
2322 945 2486 1002 terra,
2537 938 2650 996 sive
2677 938 2858 992 tenuia
2887 946 2942 993 et
2970 938 3130 1003 levia,
3161 946 3220 992 ut
3246 948 3330 994 est
3357 939 3496 1007 ignis
3535 947 3590 993 et

2004 1047 2118 1096 aer,
2141 1030 2254 1084 sive
2282 1031 2370 1084 illa
2391 1017 2599 1099 qum'ex
2621 1031 2702 1086 his
2732 1030 2971 1085 confiunt
2993 1031 3325 1086 seminaliter
3345 1031 3591 1088 coeunti-

2003 1121 2125 1185 bus,
2157 1111 2399 1190 Corporis
2428 1122 2646 1176 nomine
2675 1121 2872 1176 includi
2917 1138 3026 1177 non
3077 1122 3382 1188 ambigitur.
3425 1120 3592 1186 Quid-

2006 1213 2134 1281 quid
2164 1220 2340 1266 autem
2367 1212 2660 1280 qualelibet
2709 1227 2908 1282 corpus
2961 1223 3042 1268 est
3069 1213 3174 1268 dici
3203 1218 3382 1282 potest
3424 1211 3597 1266 levius

2007 1318 2222 1372 corpus,
2285 1304 2494 1358 tenuius
2535 1319 2750 1374 corpus,
2811 1305 3040 1360 habilius
3066 1319 3285 1373 corpus,
3315 1303 3597 1357 sublimius

2008 1409 2225 1463 corpus,
2278 1394 2474 1450 clarius
2503 1410 2701 1464 corpus
2733 1412 2748 1460 ;
2806 1411 2912 1450 non
2941 1402 3120 1449 tamen
3143 1401 3324 1465 potest
3343 1394 3447 1448 dici
3493 1394 3595 1449 nisi

2010 1500 2224 1554 corpus.
2268 1485 2558 1554 Apostolus
2605 1495 2785 1540 autem
2837 1486 2964 1554 quid
2995 1486 3164 1540 dicit?
3198 1485 3325 1540 Cum
3346 1501 3521 1540 sumus
3540 1487 3597 1539 in

2011 1593 2243 1646 corpore,
2295 1578 2685 1647 peregrinantur
2722 1595 2754 1630 a
2784 1576 3027 1632 Domino.
3053 1577 3276 1632 Videtur
3296 1577 3427 1631 mihi
3454 1577 3600 1645 quod

2015 1682 2352 1736 nequaquam
2383 1669 2714 1736 peregrinari
2763 1668 2816 1721 in
2856 1683 3085 1737 corpore
3115 1668 3348 1722 animam
3373 1668 3595 1731 diceret,

2014 1759 2060 1813 si
2088 1759 2332 1814 eamdem
2357 1775 2553 1829 corpus
2577 1775 2696 1815 esse
2721 1768 2987 1815 censeret.
3016 1760 3151 1826 Quia
3196 1762 3241 1815 si
3269 1761 3444 1814 anima
3473 1775 3598 1816 cor-

322 1853 468 1908 tione
490 1853 663 1908 vivaci
716 1853 1015 1907 membrum
1043 1852 1302 1919 languore
1330 1857 1569 1919 torpens,
1601 1848 1747 1902 velut
1775 1862 1910 1914 qua-
1939 1850 1990 1910 Β
2013 1867 2113 1922 pus
2135 1858 2216 1906 est
2241 1860 2297 1905 et
2317 1852 2691 1921 peregrinatur
2719 1853 2771 1905 in
2794 1866 3022 1921 corpore
3054 1893 3068 1917 ,
3118 1852 3173 1905 in
3197 1867 3292 1906 sua
3316 1865 3446 1920 ergo
3474 1851 3599 1906 sub-

321 1946 444 1999 dam
490 1945 681 2000 mortis
735 1945 926 1998 vicinia
973 1942 1357 1998 dissidentem:
1390 1941 1464 1994 ita
1494 1954 1618 1995 cum
1659 1937 1906 1992 animalis

322 2035 622 2105 cuiuspiam
676 2049 871 2104 corpus
917 2033 1246 2088 dissonantia
1293 2033 1376 2087 sui
1420 2030 1697 2095 desiderit,
1725 2046 1908 2084 recur-

324 2126 567 2180 rentibus
602 2126 672 2178 ad
721 2125 970 2193 regiones
1012 2139 1136 2181 suas
1177 2125 1563 2179 elementorum
1611 2120 1928 2191 particulis,

325 2217 505 2271 anima
537 2233 644 2271 non
671 2217 878 2272 habens
905 2231 1013 2285 quo
1043 2217 1366 2271 intentiones
1388 2232 1513 2271 suas
1540 2214 1792 2284 explicet,
1817 2228 1910 2283 pe-

325 2307 478 2360 cudis
499 2306 725 2376 deperit,
760 2307 989 2361 humana
1018 2307 1324 2376 requiescit.
1358 2307 1438 2360 Ab
1468 2306 1548 2360 his
1579 2314 1758 2359 tamen
1791 2312 1911 2358 tan-

327 2407 438 2453 tum
468 2399 703 2453 motibus
729 2399 925 2468 quibus
954 2414 1154 2469 corpus
1176 2400 1428 2454 movebat
1456 2415 1554 2469 per
1609 2400 1744 2464 loca,
1799 2400 1911 2468 ipsa

325 2502 423 2558 per
450 2495 660 2558 tempus
689 2489 973 2543 illocaliter
1001 2498 1166 2544 mota.

395 2581 459 2634 V.
503 2580 620 2635 Non
665 2596 724 2636 se
777 2596 920 2636 nunc
960 2581 1137 2650 aliqua
1195 2581 1360 2636 veluti
1399 2583 1718 2650 corpuscula
1746 2582 1916 2636 oculis

329 2672 522 2726 mentis
556 2672 847 2741 obiectent,
879 2681 940 2726 ut
969 2673 1174 2726 animas
1205 2673 1394 2742 positis
1423 2672 1742 2741 corporibus
1766 2687 1914 2741 quze-
1961 2735 1978 2754 ο

328 2764 446 2818 dam
470 2764 586 2820 loca
613 2765 756 2819 aeris
783 2773 878 2818 aut
906 2763 1192 2832 cujuslibet
1220 2763 1474 2818 elementi
1502 2779 1767 2833 occupare
1795 2780 1917 2819 cre-

328 2853 536 2909 damus.
562 2853 897 2908 lntellectum
917 2863 1088 2917 tuum,
1121 2855 1168 2906 si
1197 2861 1372 2922 potes,
1407 2853 1662 2922 intellige,
1707 2853 1789 2909 cui
1816 2854 1918 2908 soli

329 2949 452 3000 cum
498 2946 690 3012 angelo
738 2946 853 3000 haec
903 2945 1085 3000 videre
1124 2961 1436 3000 eolieessum
1465 2955 1564 3001 est.
1597 2946 1733 3000 Num
1763 2947 1920 3016 quip-

331 3036 482 3106 piam
505 3037 560 3090 in
582 3037 855 3092 intellectu
877 3047 969 3091 tuo
989 3037 1224 3105 longum,
1250 3038 1415 3092 latum
1438 3047 1530 3093 aut
1549 3039 1715 3093 altum
1730 3038 1920 3093 vides?

332 3126 471 3181 Num
500 3127 756 3196 Splendor
792 3127 950 3182 ullius
976 3142 1249 3197 corporea!
1277 3128 1411 3183 lucis
1436 3129 1508 3184 ibi
1539 3129 1755 3186 rutilat?
1781 3129 1918 3183 Num

2010 1943 2208 1997 stantia
2257 1943 2646 2012 peregrinatur,
2678 1957 2778 1998 nec
2805 1958 3038 2011 unquam
3088 1944 3298 2012 poterit
3313 1958 3420 1997 non
3441 1957 3600 2011 pere-

2012 2032 2232 2100 grinari,
2276 2047 2394 2099 quae
2445 2033 2561 2087 sine
2594 2048 2654 2086 se
2683 2047 2940 2087 essenon
2989 2032 3206 2101 poterit.
3240 2031 3393 2085 Nulla
3416 2042 3598 2086 autem

2011 2139 2102 2178 res
2139 2139 2198 2177 se
2244 2125 2415 2192 ipsam
2446 2125 2714 2179 ullatenus
2736 2125 2951 2188 amittit,
2975 2124 3099 2192 quia
3123 2139 3229 2177 non
3250 2132 3431 2191 potest
3451 2124 3604 2191 quid-

2014 2231 2174 2284 quam
2205 2230 2324 2269 esse
2352 2225 2475 2285 post
2498 2231 2576 2270 se.
2608 2214 2842 2270 Facilius
2866 2215 3009 2269 enim
3035 2223 3118 2268 est
3151 2213 3352 2282 aliquid
3383 2229 3606 2282 prorsus

2017 2306 2222 2359 aboleri
2252 2321 2320 2360 ne
2347 2306 2638 2374 quidquam
2676 2308 2746 2361 sit
2771 2321 2932 2375 quam
2960 2321 3020 2360 se
3047 2313 3101 2360 et
3131 2305 3374 2359 amittere
3423 2314 3477 2359 et
3503 2307 3606 2359 sibi

2019 2413 2320 2467 superesse.
2368 2397 2472 2450 Aut
2515 2399 2676 2467 igitur
2722 2398 2898 2451 anima
2946 2412 3145 2467 corpus
3190 2405 3289 2463 est,
3341 2405 3396 2450 et
3424 2396 3609 2450 fefellit

2021 2488 2345 2558 Apostolus;
2370 2497 2464 2542 aut
2487 2489 2532 2542 si
2561 2487 2936 2558 peregrinatur
2957 2489 3012 2542 in
3033 2503 3280 2556 corpore,
3308 2487 3482 2540 anima
3503 2503 3608 2541 non

2021 2587 2103 2632 est
2131 2594 2345 2648 corpus.
2601 2649 2830 2704 CAPUT
2868 2648 3010 2706 XX"

2203 2742 2472 2808 Quomodo
2501 2743 2681 2796 anima
2715 2744 3078 2813 peregrinatur
3105 2744 3162 2795 in
3197 2758 3428 2810 corpore.

2047 2869 2050 2873 ‘
2093 2856 2133 2909 Ι.
2178 2854 2442 2924 Subjicias
2481 2855 2567 2908 his
2607 2854 2851 2909 fortaSsis
2899 2871 2962 2910 ac
3002 2856 3184 2910 dicas:
3219 2853 3501 2920 Quomodo
3525 2855 3608 2908 hic

2024 2957 2230 3003 tantum
2259 2947 2590 3018 peregrinari
2611 2947 2807 3002 dicitur
2836 2947 3012 3002 anima
3051 2963 3118 3002 eo
3138 2948 3280 3016 quod
3311 2948 3380 3001 sit
3410 2947 3464 3000 in
3494 2961 3608 3000 cor-

2023 3040 2194 3110 pore?
2242 3037 2299 3092 Si
2352 3034 2803 3092 resurrectionem
2856 3037 3026 3108 probe
3073 3033 3380 3102 credimus,
3428 3037 3480 3090 in
3521 3036 3611 3091 illa

2025 3143 2242 3199 quoque
2257 3136 2460 3184 acterna
2485 3129 2660 3198 patria
2685 3143 2793 3182 non
2815 3127 2932 3182 sine
2960 3128 3279 3199 corporibus
3328 3126 3490 3182 futuri
3520 3143 3611 3182 su-

333 3217 524 3286 aliquis
552 3217 834 3272 cantilenie
881 3218 1214 3274 modificatus
1268 3228 1323 3274 et
1368 3235 1465 3290 per
1493 3229 1706 3290 tempus
1747 3219 1919 3276 fluens
1945 3221 1996 3286 ο
2023 3237 2162 3276 mus.
2190 3220 2288 3275 Hic
2307 3221 2638 3291 respondeas
2662 3239 2674 3272 :
2700 3220 2894 3287 Velim,
2920 3229 3222 3276 utrumnam
3253 3221 3451 3276 idcirco
3472 3238 3612 3278 nunc

333 3321 498 3360 canor
524 3307 634 3362 illic
662 3308 892 3368 insonat,
925 3317 1016 3361 aut
1061 3311 1430 3364 evanescentis
1458 3311 1762 3380 fragrantia:
1792 3328 1918 3367 sua-

335 3399 468 3454 vitas
496 3397 661 3462 halat,
696 3407 791 3452 aut
816 3399 1014 3468 aliquid
1062 3401 1180 3455 istic
1229 3402 1603 3471 corpulentum
1636 3403 1795 3473 sapit,
1829 3412 1923 3458 aut

336 3490 538 3558 aliquid
573 3492 733 3546 molle
761 3492 847 3546 vel
877 3491 1067 3546 durum
1097 3494 1343 3548 localiter
1365 3495 1637 3563 tangitur?
1667 3495 1826 3550 Visus
1854 3496 1920 3549 il-

337 3584 438 3637 lius
459 3585 707 3640 clarescit
736 3585 1022 3654 sapientia,
1049 3585 1372 3640 tenebreseit
1392 3587 1715 3655 insipientia.
1760 3587 1923 3641 Audi—

340 3683 422 3728 tus
452 3676 591 3731 illius
619 3675 830 3731 fallacia
860 3675 1168 3742 offenditur,
1211 3677 1440 3731 veritate
1466 3677 1746 3731 mulcetur.
1795 3677 1921 3732 Illo-

337 3769 524 3824 caliter
553 3771 660 3826 illic
689 3769 890 3838 fragrat
917 3769 1337 3839 :equitas,_feetet
1366 3769 1620 3838 iniquitas
1645 3787 1657 3822 :
1690 3769 1924 3824 vanitate

340 3861 591 3925 tabescit,
632 3862 832 3916 virtute
872 3862 1191 3931 pinguescit.
1247 3860 1410 3916 Miser
1457 3869 1540 3916 est
1569 3863 1924 3916 contubernio

339 3951 606 4026 stultitiae,
660 3951 850 4007 beatus
903 3952 1188 4022 complexu
1235 3953 1527 4022 sapientiae.
1563 3952 1731 4008 Totus
1763 3954 1926 4021 igitur

342 4044 529 4098 oculus
556 4052 659 4107 est,
686 4045 812 4111 quia
843 4052 986 4099 totus
1015 4045 1178 4111 videt,
1210 4055 1263 4100 et
1291 4054 1468 4101 totum
1517 4047 1663 4117 quod
1709 4048 1925 4118 inspicit

340 4133 506 4188 videt.
567 4132 855 4198 Quodlibet
883 4147 1060 4189 autem
1115 4152 1311 4206 corpus
1361 4153 1460 4192 nec
1488 4146 1658 4193 totum
1689 4138 1920 4205 videtur,

340 4242 442 4282 nec
473 4235 646 4281 totum
675 4227 838 4282 videt.
872 4226 1039 4282 Totus
1061 4228 1273 4283 auditus
1299 4237 1399 4296 est,
1431 4230 1556 4298 quia
1578 4239 1750 4285 totum
1781 4230 1923 4299 quod

339 4317 488 4372 audit
516 4325 669 4388 totus
692 4317 856 4372 audit.
889 4317 1098 4389 Corpus
1143 4326 1322 4375 autem
1351 4320 1482 4375 nihil
1531 4328 1703 4375 totum
1754 4321 1920 4374 audit.

341 4408 408 4464 Et
454 4419 598 4465 totus
627 4411 902 4478 odoratur,
932 4418 1109 4480 gustat
1138 4427 1200 4466 ac
1230 4411 1416 4479 tangit,
1459 4427 1579 4466 cum
1621 4411 1923 4480 hujusmodi

344 4501 522 4555 unitas
568 4510 622 4555 et
660 4502 900 4570 potentia
947 4503 1002 4555 in
1034 4512 1262 4572 corpore
1291 4518 1410 4557 esse
1449 4519 1556 4558 non
1587 4503 1777 4572 possit.
1813 4502 1928 4556 Hoc

2026 3313 2203 3367 anima
2253 3312 2538 3382 peregrina
2587 3311 2814 3377 dicatur,
2857 3312 2982 3381 quia
3014 3312 3066 3367 in
3103 3328 3330 3383 corpore
3350 3321 3612 3376 moratur,

2025 3419 2093 3458 an
2122 3403 2247 3474 quia
2288 3404 2342 3457 in
2389 3402 2482 3460 tali
2523 3403 2592 3458 sit
2632 3404 2896 3474 corpore?
2921 3403 3066 3458 Istud
3094 3420 3289 3473 nempe
3318 3419 3531 3472 corpus,
3558 3412 3615 3456 ut

2023 3510 2186 3564 supra
2215 3495 2530 3560 memoravi,
2563 3505 2812 3566 aggravat
2832 3498 3060 3549 animam
3090 3495 3245 3566 (Sap.
3278 3511 3351 3559 rx,
3379 3493 3466 3564 15)
3505 3511 3613 3548 non

2026 3588 2119 3642 illo
2167 3588 2352 3656 utique
2405 3587 2644 3657 pondere
2693 3586 2838 3655 quod
2863 3586 3024 3656 pendi
3055 3595 3264 3655 potest,
3295 3587 3418 3656 quia
3445 3586 3489 3640 si
3521 3586 3612 3641 illo

2026 3693 2135 3747 quo
2184 3678 2412 3753 quisque
2457 3677 2660 3732 viribus
2689 3677 2809 3746 plus
2834 3676 3052 3740 valebit,
3097 3691 3162 3731 eo
3204 3677 3371 3744 magis
3416 3692 3615 3746 corpus

2030 3769 2208 3824 inedia
2249 3770 2336 3824 vel
2379 3767 2638 3836 aegritudo
2678 3775 2706 3804 ⁸
2746 3767 3060 3821 tenuaverit.
3086 3765 3239 3822 Unde
3266 3767 3371 3822 hoc
3397 3783 3614 3836 quoque

2028 3860 2256 3914 multum
2285 3860 2484 3916 nostris
2511 3858 2830 3928 astipulatur
2855 3857 3183 3923 rationibus,
3237 3858 3379 3926 quod
3411 3858 3612 3927 liquido

2030 3955 2198 4009 claret
2219 3953 2514 4009 secundum
2544 3952 2690 4007 illam
2710 3951 2876 4006 vitam
2905 3964 3024 4018 quae
3045 3949 3199 4005 nobis
3237 3965 3360 4004 cum
3404 3949 3615 4020 pecudi-

2027 4049 2129 4103 bus
2176 4056 2274 4113 est,
2323 4047 2554 4101 hominis
2609 4045 2842 4099 animam
2889 4058 3052 4098 exeso
3095 4051 3254 4112 atque
3282 4042 3433 4096 arido
3454 4056 3614 4110 quam

2029 4148 2188 4210 pasto
2218 4155 2282 4195 ac
2303 4139 2613 4195 succulento
2657 4154 2886 4208 corpore
2915 4137 3082 4204 magis
3109 4136 3340 4190 onerari.
3373 4134 3526 4201 Quod
3548 4150 3616 4190 eo

2031 4231 2091 4285 fit
2134 4232 2260 4299 quia
2315 4231 2515 4286 fessum
2563 4246 2758 4300 corpus
2801 4247 2909 4286 non
2938 4231 3012 4284 ita
3034 4229 3176 4283 valet
3205 4229 3368 4282 animi
3391 4228 3616 4282 nutibus

2030 4319 2173 4375 facili
2203 4329 2353 4376 motu
2381 4322 2616 4388 servire,
2647 4330 2702 4378 et
2723 4336 2952 4377 onerosa
2995 4321 3070 4375 illi
3099 4328 3200 4385 est,
3229 4337 3334 4375 non
3365 4319 3618 4389 ponderis

2032 4412 2286 4480 gravitas,
2320 4412 2416 4467 sed
2436 4413 2630 4481 agendi
2670 4410 2970 4469 difﬁcultas.
3006 4411 3083 4468 Ac
3111 4411 3335 4483 perinde
3355 4413 3400 4466 si
3431 4409 3616 4465 bellui-

2032 4519 2156 4557 nam
2203 4503 2368 4557 vitam
2401 4519 2561 4572 quam
2611 4505 2764 4560 nobis
2792 4505 2912 4560 istic
2939 4506 3115 4561 inesse
3161 4503 3499 4557 manifestum
3540 4509 3621 4556 est

343 4598 526 4644 autem
551 4589 750 4644 idcirco
779 4590 854 4644 illi
881 4597 1072 4661 suapte
1093 4598 1282 4646 natura
1333 4599 1434 4657 est,
1463 4593 1586 4660 quia
1613 4593 1683 4646 ibi
1713 4593 1817 4647 hoc
1844 4601 1927 4646 est
1956 4586 2012 4646 Β
2035 4594 2354 4662 cogitamus,
2387 4609 2582 4665 corpus
2618 4596 2761 4651 istud
2790 4613 2898 4651 non
2953 4605 3209 4666 aggravat
3254 4596 3505 4650 animam.
3565 4595 3624 4648 Si

343 4679 527 4735 videre
571 4680 718 4749 quod
768 4681 985 4747 audire;
1015 4682 1118 4737 hoc
1163 4681 1348 4736 audire
1373 4682 1515 4750 quod
1547 4681 1796 4745 olfacere,
1823 4684 1927 4739 hoc

342 4771 573 4825 olfacere
601 4771 752 4840 quod
771 4779 1005 4840 gustare,
1027 4773 1130 4828 hoc
1150 4783 1368 4842 gustare
1388 4774 1532 4842 quod
1556 4781 1792 4842 tangere.
1823 4774 1932 4830 Sed

344 4870 632 4916 occurrunt
660 4863 851 4916 animm
878 4864 1176 4932 phantasim
1223 4879 1530 4933 corporum,
1588 4865 1782 4932 quibus
1835 4881 1930 4934 per

344 4967 533 5008 sensus
578 4955 824 5024 corporis
853 4954 1066 5022 affecta,
1099 4973 1207 5011 non
1237 4956 1392 5021 locis,
1423 4956 1518 5011 sed
1556 4957 1780 5012 fallaciis
1827 4959 1932 5013 cir-

347 5047 738 5102 cumscribitur.
781 5045 849 5100 Et
877 5049 1003 5116 quia
1049 5047 1262 5102 illorum
1291 5057 1498 5102 tantum
1529 5049 1772 5102 meminit
1790 5065 1929 5120 quo-

307 5208 311 5212 .
346 5145 466 5192 rum
487 5139 691 5208 species
709 5154 807 5208 per
829 5155 1028 5210 corpus
1047 5140 1272 5209 accepit,
1298 5140 1429 5194 nihil
1451 5156 1571 5195 esse
1593 5141 1764 5195 credit
1785 5141 1933 5210 quid-

346 5230 474 5299 quid
505 5232 612 5287 tale
635 5248 740 5288 non
763 5233 941 5288 fuerit.
976 5232 1084 5288 Nec
1112 5233 1381 5303 suspirare
1410 5242 1588 5304 potest
1618 5233 1691 5287 illi
1722 5235 1927 5305 patriae,

277 5383 280 5385 ,
347 5322 414 5379 de
435 5340 540 5394 qua
571 5324 624 5378 in
654 5326 792 5381 hanc
827 5325 1318 5396 peregrinationem
1367 5328 1558 5380 merito
1604 5325 1935 5395 praecipitata

349 5422 450 5480 est,
479 5432 602 5470 cum
648 5416 982 5486 peregrinari
1010 5431 1069 5472 se
1116 5416 1340 5471 nesciat.
1368 5414 1701 5486 Peregrinari
1726 5432 1784 5470 se
1805 5431 1936 5470 vero

243 5573 249 5578 ἢ
348 5504 403 5562 in
433 5524 660 5578 corpore
687 5510 824 5565 scire
845 5525 953 5566 non
975 5509 1195 5580 poterit,
1220 5509 1267 5563 si
1295 5524 1490 5580 corpus
1519 5524 1639 5564 esse
1663 5523 1722 5564 se
1743 5509 1932 5563 credit.

351 5597 502 5655 Unde
547 5602 631 5656 vir
675 5603 786 5670 ille,
818 5617 980 5674 quem
1007 5604 1090 5661 sui
1113 5602 1226 5674 jam
1246 5602 1548 5660 substantia
1577 5617 1685 5657 non
1714 5600 1933 5668 latebat,

427 5789 455 5820 ι
495 5783 578 5839 Al.
612 5794 866 5844 tenuerat.

1985 4756 1990 4762 '
2036 4699 2168 4738 vero
2193 4684 2336 4738 illam
2364 4700 2482 4753 quae
2504 4701 2625 4740 cum
2669 4689 2873 4756 angelis
2902 4688 3006 4742 erit
3031 4687 3336 4756 aspicimus,
3371 4694 3624 4756 aggravat

2040 4777 2272 4831 animam
2297 4777 2613 4846 occupando
2638 4794 2757 4833 eam
2783 4787 2945 4846 atque
2975 4777 3245 4832 illiciendo
3276 4778 3358 4832 vel
3384 4793 3625 4832 necessa-

2038 4869 2150 4934 riis,
2168 4870 2255 4924 vel
2274 4870 2610 4940 voluptlmsis
2625 4870 2907 4940 deligendo
2930 4870 3175 4926 eamdem
3199 4872 3250 4924 in
3268 4869 3489 4939 pulchra
3512 4884 3625 4929 cor-

2039 4976 2194 5032 pora,
2236 4970 2292 5016 et
2319 4976 2348 5014 a
2379 4963 2835 5033 contemplatione
2864 4979 3083 5018 summa:
3103 4957 3510 5031 pulchritudinis
3531 4957 3624 5010 ab-

2041 5052 2308 5107 ducendo.
2340 5051 2447 5106 Isto
2478 5066 2607 5120 ergo
2635 5054 2780 5123 quod
2808 5055 2893 5108 vel
2931 5054 3044 5108 esui
3071 5061 3162 5104 aut
3190 5049 3340 5119 potui
3371 5061 3623 5100 necessa-

2042 5144 2124 5197 rio
2145 5143 2198 5196 in
2219 5143 2446 5198 salutem
2469 5145 2713 5215 corporis
2734 5159 2869 5212 Opus
2891 5140 3230 5212 impenditur,
3257 5137 3340 5191 vel
3361 5134 3628 5206 superflue

2042 5235 2378 5304 voluptatum
2428 5237 2582 5304 nugis
2638 5234 2850 5288 animus
2905 5237 3217 5299 occupatur,
3249 5227 3331 5281 vel
3363 5227 3531 5298 plagis
3565 5243 3628 5282 ac

2040 5324 2318 5381 doloribus
2336 5343 2435 5396 per
2460 5341 2654 5397 corpus
2683 5322 2954 5388 aflligitur,
2987 5335 3278 5388 aggravare
3310 5319 3552 5375 eamdem
3575 5329 3629 5375 et

2043 5434 2144 5487 pro
2175 5419 2512 5474 multitudine
2539 5434 2603 5472 ac
2631 5413 2940 5470 difficultate
2984 5413 3210 5469 actionis
3239 5429 3466 5468 onerare
3501 5429 3627 5483 per-

2045 5510 2292 5578 spicuum
2312 5518 2413 5565 est.
2447 5509 2514 5563 Et
2537 5509 2649 5561 htec
2671 5514 2754 5559 est
2781 5505 2868 5560 illa
2900 5506 3261 5575 peregrinatio
3283 5506 3349 5560 de
3371 5521 3475 5573 qua
3503 5505 3634 5558 dicit

2049 5601 2338 5669 Apostolus
2373 5618 2384 5651 :
2444 5598 2573 5654 Cum
2601 5611 2777 5651 sumus
2822 5597 2876 5651 in
2915 5613 3146 5667 corpore,
3186 5597 3572 5667 peregrinantur
3600 5609 3633 5645 a
