4238 6260
619 363 780 427 721.

1882 342 2191 400 MAMERTI
2232 341 2595 398 CLAUDIAM

3768 344 3876 399 728

618 477 856 533 Domino.
881 474 1012 526 Cum
1041 487 1166 528 vero
1195 471 1260 525 ad
1291 469 1435 523 illam
1475 463 1714 534 corporis
1739 461 2188 531 permutationem
2215 459 2266 516 Α
2292 456 2434 517 dam.
2482 456 2572 524 qui
2617 456 2727 509 sive
2773 455 3010 524 spiritus,
3065 454 3178 508 sive
3206 467 3378 518 mens,
3403 453 3516 506 sive
3542 451 3876 520 intellectus,

617 565 920 639 pervenerit
957 564 1046 632 qui
1083 560 1361 625 meruerit,
1383 557 1450 611 de
1477 571 1581 625 qua
1613 554 1752 608 idem
1780 551 1907 606 dicit
1940 551 2188 639 nomne:

615 638 954 727 resurgemus,
1007 653 1097 705 sed
1137 667 1239 705 non
1264 664 1440 703 omnes
1462 641 1845 700 immutabimur
1875 640 1917 711 (I
1947 638 2067 694 Cor.
2100 655 2188 703 xv,

617 747 740 818 51),
787 761 894 801 non
949 742 1185 800 obviabit
1238 749 1366 794 tunc
1391 737 1605 792 nutibus
1651 733 1841 788 anima:
1861 745 2056 800 corpus
2077 727 2193 783 ani-

617 839 758 894 male
803 835 950 906 quod
994 849 1102 888 non
1130 832 1250 896 erit,
1281 829 1376 886 sed
1403 843 1500 898 per
1527 825 1707 886 omnia
1734 822 1931 878 serviet
1952 818 2194 890 spiritale

617 944 812 998 corpus
836 925 980 996 quod
1002 925 1123 980 erit.
1150 921 1258 977 Sed
1285 935 1385 975 nec
1403 917 1531 974 illud
1556 915 1828 987 quippiam
1852 909 2195 998 concupiscet

618 997 914 1087 indignum,
962 1030 1064 1070 nec
1089 1014 1203 1068 haec
1245 1009 1444 1079 aliquid
1483 1005 1764 1077 imperabit
1808 1003 2080 1072 injustum.
2126 997 2194 1054 Et

572 1174 576 1179 Α
617 1108 870 1178 quoniam
898 1113 1083 1160 sancta
1111 1103 1287 1158 anima
1313 1100 1507 1154 aﬂectu
1525 1105 1675 1154 casto
1704 1098 1758 1151 in
1777 1095 1946 1150 Deum
1966 1093 2190 1164 rapitur,

619 1197 984 1252 animadverte
1014 1209 1113 1248 nec
1139 1189 1625 1262 peregrinationem
1677 1187 1754 1240 illi
1795 1185 2020 1240 localem
2074 1196 2195 1237 esse

618 1304 719 1343 nec
747 1288 996 1358 patriam.
1044 1282 1291 1352 Nunquid
1319 1282 1374 1336 in
1420 1281 1523 1336 hac
1549 1280 1659 1334 vita
1686 1277 1829 1333 Deus
1849 1291 1970 1332 cum
2015 1275 2192 1329 anima

617 1393 726 1433 non
749 1385 850 1442 est,
909 1375 1116 1432 etiamsi
1146 1375 1260 1443 ipsa
1289 1387 1409 1428 cum
1436 1369 1549 1426 Deo
1576 1385 1684 1426 non
1711 1369 1819 1424 sit?
1849 1366 2004 1421 Aliud
2050 1366 2191 1420 enim

617 1477 699 1523 est
723 1482 840 1522 esse
860 1482 980 1521 cum
1006 1465 1137 1530 Deo,
1156 1463 1312 1518 aliud
1352 1477 1457 1516 non
1483 1475 1603 1516 esse
1623 1461 1737 1515 sine
1766 1459 1876 1513 Deo
1901 1477 1913 1510 :
1938 1458 2063 1528 quia
2084 1471 2192 1512 non

619 1559 860 1614 localiter
881 1556 948 1611 ad
980 1556 1126 1609 illum
1153 1554 1386 1618 venitur,
1409 1568 1510 1607 nec
1541 1551 1783 1606 localiter
1809 1551 1876 1605 ab
1902 1549 1994 1603 illo
2016 1548 2192 1604 diSce-

617 1649 778 1702 ditur.
811 1645 1043 1700 Proinde
1068 1645 1245 1699 anima
1270 1643 1361 1698 illa
1401 1659 1523 1698 cum
1573 1642 1682 1697 Deo
1710 1649 1811 1707 est,
1861 1655 1982 1710 qua:
2026 1640 2189 1706 videt,

619 1739 721 1794 hoc
767 1746 871 1802 est,
921 1736 1169 1804 intelligit
1221 1734 1410 1790 Deum.
1441 1733 1508 1787 Et
1537 1733 1628 1787 illa
1651 1748 1773 1788 cum
1812 1731 1923 1786 Deo
1953 1739 2188 1796 nonest,

2294 561 2454 599 unum
2499 553 2661 613 atque
2708 544 2846 600 idem
2896 553 2999 608 est,
3034 545 3135 598 etsi
3165 544 3378 599 diverso
3409 545 3627 600 nomine
3654 541 3876 600 dicitur.

2292 633 2432 703 Ergo
2452 635 2596 706 quod
2616 644 2699 691 est
2720 635 2854 705 lapis
2882 634 2950 689 ad
2974 635 3266 689 inanimum
3287 635 3492 699 vivens,
3526 635 3629 690 hoc
3647 644 3733 690 est
3761 637 3881 690 ina-

2292 727 2490 781 nimum
2518 728 2702 782 vivens
2720 726 2787 782 ad
2805 727 3100 781 animatum
3121 726 3324 781 vivens.
3349 724 3418 780 Et
3444 726 3589 795 quod
3636 735 3722 786 est
3757 728 3882 784 ina-

2292 818 2491 871 nimum
2516 818 2702 872 vivens
2722 817 2786 870 ad
2808 818 3099 872 animatum
3121 817 3329 880 vivens,
3351 816 3456 871 hoc
3475 825 3560 878 est
3577 817 3880 873 animatum

2291 905 2476 960 vivens
2522 907 2590 961 ad
2637 907 2903 961 viventem
2956 915 3012 961 et
3058 905 3471 973 intelligentem.
3520 907 3883 963 Administrat

2293 998 2619 1054 irrationalis
2640 999 2816 1053 anima
2843 1014 3040 1069 corpus
3059 998 3309 1064 animale,
3337 998 3392 1052 in
3420 998 3650 1054 salutem
3669 999 3884 1055 scilicet

2293 1087 2444 1157 ejus:
2479 1096 2535 1142 et
2562 1089 2900 1144 administrat
2921 1089 3155 1156 animam
3198 1088 3525 1143 rationalem
3569 1090 3884 1147 intellectus

2292 1176 2518 1231 rationis
2539 1191 2728 1247 capax,
2756 1178 2808 1231 in
2836 1178 3066 1232 salutem
3092 1177 3346 1232 videlicet
3373 1177 3567 1233 animae
3593 1181 3883 1236 rationalis

2294 1277 2554 1339 operante
2570 1275 2730 1338 atque
2751 1268 3161 1324 administrante
3176 1268 3290 1324 Deo
3303 1269 3581 1340 principali
3601 1279 3886 1340 potestate

2294 1364 2351 1410 et
2377 1355 2553 1410 stabili
2580 1356 2839 1421 motione,
2865 1365 3030 1426 atque
3061 1358 3276 1412 iuitiato
3307 1357 3720 1414 substatitiarum
3749 1375 3880 1416 car-

2293 1445 2419 1501 dine
2446 1464 2457 1499 :
2490 1447 2721 1516 primum
2751 1455 2811 1501 ut
2832 1448 2961 1510 sint,
2987 1447 3246 1517 deinceps
3267 1456 3326 1502 ut
3352 1463 3452 1517 pro
3473 1448 3630 1504 modo
3655 1450 3746 1504 vel
3764 1463 3884 1505 me-

2294 1535 2400 1590 rito
2442 1536 2622 1591 taliter
2664 1537 2772 1591 sint
2826 1537 3061 1608 qualiter
3087 1553 3209 1593 esse
3235 1538 3436 1594 debere
3464 1537 3554 1596 ille
3573 1542 3878 1606 constituit,

2294 1625 2386 1694 qui
2413 1641 2523 1680 non
2552 1627 2654 1680 nisi
2696 1627 2840 1694 justc
2883 1627 3134 1682 universa
3178 1627 3434 1699 disponit.
3488 1627 3624 1684 Nam
3644 1631 3786 1686 sicut
3810 1632 3882 1688 de

2295 1717 2611 1786 corporibus
2652 1718 2723 1772 ibi
2770 1718 2857 1772 vel
2886 1718 2959 1772 ibi
2980 1734 3100 1774 esse
3124 1728 3346 1789 propter
3373 1720 3668 1777 Iocalitatis
3685 1737 3880 1778 neces-

618 1844 735 1898 quaa
764 1829 948 1898 utique
975 1843 1085 1883 non
1126 1827 1372 1895 intelligit
1399 1824 1588 1880 Deum.
1639 1825 1779 1878 Deus
1806 1831 1984 1877 autem
2031 1829 2085 1877 ct
2114 1822 2187 1876 in-

2297 1808 2509 1861 sitatem
2532 1821 2770 1875 congrue
2796 1807 3011 1876 dicitur,
3058 1810 3130 1862 ita
3160 1808 3228 1864 de
3257 1809 3540 1866 animabus
3567 1820 3792 1881 propter
3810 1813 3882 1867 il-

617 1921 875 1990 telligenti
921 1928 977 1974 et
1003 1935 1111 1974 non
1161 1918 1477 1987 intelligenti
1502 1918 1653 1971 adest
1672 1915 1973 1970 illocaliter.
2004 1913 2108 1968 Sed
2138 1914 2191 1969 in

617 2019 821 2065 tantum
845 2010 965 2066 istic
995 2008 1364 2079 peregrinatur
1386 2009 1440 2061 in
1465 2013 1720 2076 quantum
1743 2019 1838 2076 per
1864 2004 2194 2073 voluptatem

618 2116 682 2156 ac
708 2101 924 2156 dolores
949 2099 1193 2170 corporis
1220 2115 1317 2168 per
1345 2099 1461 2153 loca
1488 2097 1573 2152 vel
1615 2105 1876 2166 tempora,
1899 2110 1996 2164 per
2023 2095 2194 2164 phan-

619 2189 781 2244 tasias
806 2197 862 2244 et
882 2189 1256 2259 phantasmata
1283 2203 1314 2241 a
1335 2187 1527 2241 summi
1555 2187 1683 2242 boni
1729 2184 2194 2254 contemplatione

619 2287 920 2342 revocatur,
943 2277 1090 2346 quod
1115 2286 1241 2332 tunc
1271 2285 1295 2313 α
1325 2278 1390 2330 ad
1417 2277 1633 2346 plenum
1655 2291 1761 2330 non
1785 2275 1908 2337 erit,
1941 2291 2053 2327 cum
2073 2291 2191 2328 cor-

617 2368 855 2439 ruptibile
899 2369 994 2423 hoc
1038 2369 1262 2422 induerit
1287 2366 1840 2438 incorruptibilitatem,
1885 2376 1932 2419 et
1977 2364 2195 2420 mortale

617 2460 844 2514 induerit
868 2459 1312 2513 immortalitatem
1339 2457 1528 2528 (lbid.,
1557 2456 1667 2527 55).

691 2546 753 2602 II.
794 2547 925 2614 Qum
953 2563 1073 2602 cum
1104 2548 1176 2601 ita
1221 2549 1348 2612 sint,
1398 2546 1768 2617 peregrinatur
1794 2545 1968 2600 anima
1990 2544 2044 2599 iu
2073 2550 2217 2600 cor-'

618 2653 770 2708 pore,
803 2637 955 2707 cujus
982 2639 1346 2707 corruptione,
1401 2639 1675 2694 debilitate
1704 2645 1865 2708 atque
1903 2636 2192 2705 indigentia

619 2745 650 2783 a
688 2730 880 2799 patria,
905 2729 1008 2785 hoc
1035 2737 1136 2792 est,
1180 2744 1211 2784 a
1240 2729 1351 2784 Deo
1376 2738 1669 2799 separatur.
1705 2727 1840 2782 Puto
1861 2736 2039 2781 autem
2068 2726 2194 2780 sub-

618 2822 869 2876 stantiam
916 2822 1068 2891 cujus
1093 2821 1457 2890 peregrinatio
1504 2821 1678 2876 locale
1703 2827 1786 2875 est
1816 2827 1977 2888 atque
1996 2833 2191 2888 corpo-

620 2928 792 2975 reum,
823 2921 879 2966 et
905 2912 1058 2982 cujus
1087 2913 1256 2983 patria
1288 2913 1664 2984 incorporeum
1693 2920 1748 2967 et
1796 2911 2025 2972 illocale,
2082 2925 2188 2965 non

621 3003 880 3064 veraciter
905 3001 1006 3056 dici
1037 3002 1122 3058 vel
1167 3017 1482 3071 corpoream
1508 3003 1590 3057 vel
1621 3001 1865 3056 localem.
1898 2999 1954 3054 In
1983 2999 2074 3054 illo
2096 3013 2191 3052 au-

620 3099 728 3144 tem
766 3091 1126 3160 peregrinatio
1156 3107 1262 3145 non
1291 3091 1412 3155 erit,
1443 3091 1594 3159 cujus
1624 3089 1769 3144 nullo
1798 3091 2038 3159 appetitu
2060 3103 2188 3159 pro-

2298 1895 2625 1952 localitatem
2670 1897 2756 1951 vel
2779 1898 3115 1968 -qualitatem
3139 1898 3261 1953 talis
3289 1913 3409 1953 esse
3446 1899 3538 1954 vel
3563 1900 3745 1956 taliter
3757 1901 3882 1970 jura

2296 1987 2688 2056 pronuntiatur.
2706 1987 2842 2054 Quia
2862 1989 3002 2044 sicut
3028 1989 3228 2045 viventi
3243 1991 3459 2061 corpori
3474 1993 3769 2061 jucundqu
3794 2002 3880 2050 est

2296 2079 2598 2135 luculentus
2641 2080 2793 2136 Iocus
2843 2081 2932 2135 vel
2972 2088 3308 2151 temperatus
3335 2098 3452 2152 aer,
3484 2083 3560 2139 ita
3589 2084 3880 2142 viviﬁcanti

2295 2171 2477 2225 animo
2526 2171 2880 2241 tranquillitas
2925 2171 2978 2225 in
3033 2173 3373 2241 cogitatione.
3424 2183 3483 2230 et
3545 2177 3810 2232 securitas
3845 2193 3876 2232 a

2297 2263 2511 2316 timore.
2534 2261 2745 2329 Itidem,
2769 2264 2909 2318 sicut
2931 2265 3161 2334 poenalia
3181 2272 3308 2320 sunt
3326 2269 3543 2337 corpori
3562 2269 3881 2325 tenebrosus

2297 2354 2453 2409 locus
2481 2363 2537 2410 et
2559 2369 2718 2424 asper
2743 2365 2998 2424 attactus,
3029 2360 3106 2414 sic
3131 2359 3312 2414 animo
3357 2361 3615 2430 cogitanti
3649 2363 3880 2419 instabi-

2293 2447 2418 2504 Iitas
2445 2458 2502 2503 et
2528 2451 2781 2518 angustia:
2801 2451 3168 2509 formidandae.
3191 2455 3380 2524 Agitur
3405 2471 3534 2525 ergo
3555 2437 3732 2512 anima
3760 2473 3872 2513 non

2295 2556 2394 2611 per
2422 2541 2617 2608 locum,
2640 2542 2734 2596 sed
2763 2559 2861 2613 pro
2889 2544 3178 2601 aﬁ'ectuum
3205 2546 3512 2603 diversitate
3543 2557 3600 2603 et
3625 2549 3872 2604 delecta-

2297 2629 2477 2684 biliter
2495 2638 2550 2685 ct
2578 2633 2881 2713 pmnaliter.
2913 2633 3046 2690 Illud
3067 2645 3247 2692 tamen
3271 2637 3456 2706 liquet,
3485 2639 3714 2695 animant
3751 2639 3874 2695 sine

2263 2721 2525 2790 'corpore
2572 2717 3113 2794 incorporaliter‘per
3153 2725 3373 2783 aﬁ‘ectus
3398 2728 3486 2798 pie
3530 2729 3616 2783 vel
3644 2720 3871 2786 mulceri

2295 2811 2382 2864 vel
2410 2809 2570 2880 afﬂigi
2619 2827 2776 2881 posse
2809 2831 2821 2864 :
2851 2829 3048 2885 corpus
3076 2816 3193 2872 sine
3221 2817 3398 2873 anima
3442 2818 3529 2874 vel
3554 2819 3739 2874 suavia
3780 2821 3870 2875 vel

2296 2903 2528 2972 poenalia
2558 2904 2758 2958 sentire
2787 2919 2895 2960 non
2923 2921 3102 2976 posse.
3144 2907 3352 2963 Animae
3389 2909 3550 2979 igitur
3576 2920 3876 2982 corporum

2295 2999 2380 3046 est
2407 3009 2503 3063 per
2522 3009 2716 3064 corpus
2745 2997 2950 3051 sentire
2969 3011 3256 3068 corporea,
3287 2998 3574 3072 eidemque
3612 3003 3731 3058 sine
3755 3018 3877 3059 cor-

2294 3098 2428 3152 pore
2455 3085 2636 3140 videre
2665 3087 3004 3157 incorporea.
3047 3089 3189 3158 Ergo
3243 3097 3306 3146 ut
3344 3107 3544 3164 corpus
3584 3095 3875 3150 inanimum

619 3181 847 3244 licietur,
869 3181 1014 3235 nullo
1035 3183 1214 3236 renisu
1232 3182 1600 3250 occupabitur,
1629 3181 1776 3236 nullo
1809 3181 2046 3251 pondere
2066 3195 2196 3250 praa-
2217 3171 2267 3235 C
2299 3173 2433 3228 nihil
2473 3178 2659 3240 sentit,
2691 3178 2763 3232 ita
2791 3179 3003 3245 animus
3029 3181 3145 3236 sine
3172 3194 3405 3253 corpore
3450 3199 3709 3254 corporea
3756 3185 3871 3240 uni-

568 3271 572 3275 ’
618 3271 881 3341 pedietur.
925 3269 1098 3332 Patet,
1128 3279 1186 3324 ut
1233 3272 1481 3335 arbitror,
1533 3271 1762 3325 animam
1811 3287 1917 3326 non
1967 3272 2191 3343 inomni

617 3375 863 3431 corpore,
896 3358 989 3414 sed
1018 3360 1071 3414 in
1100 3360 1301 3414 carnali
1331 3368 1537 3413 tantum
1565 3374 1794 3428 corpore
1833 3360 2190 3430 peregrinari;

617 3452 742 3524 quia
771 3451 985 3506 carnale
1031 3465 1227 3520 corpus
1254 3450 1453 3517 obviat,
1485 3459 1541 3506 et
1567 3449 1807 3520 spiritale
1826 3450 2101 3520 'proitimat
2120 3452 2195 3505 in-

617 3544 910 3614 corporeis.
941 3542 1098 3612 Ergo,
1123 3551 1182 3598 ut
1207 3541 1492 3612 aliquando
1512 3540 1578 3597 de
1607 3549 1787 3598 nostra
1809 3538 2033 3609 tantum,
2057 3543 2194 3597 sicut

614 3637 878 3706 prolocuti
905 3650 1108 3701 sumus,
1137 3634 1429 3691 substantia
1476 3634 1818 3701 disseramus,
1860 3635 1979 3703 quis
2017 3643 2194 3705 potest

615 3729 841 3799 abyssos
867 3729 1142 3784 memoria:
1169 3729 1314 3784 solus
1343 3728 1540 3783 intueri
1568 3736 1622 3783 et
1672 3736 1825 3783 antra
1872 3717 2192 3798 penetrare?

614 3819 673 3873 In
728 3820 826 3873 ista
873 3820 1000 3874 mihi
1054 3828 1136 3876 est
1175 3820 1430 3891 quidquid
1467 3836 1693 3892 usquam
1721 3820 1963 3875 colorum
1997 3821 2192 3875 forma-

614 3924 838 3979 rumque
858 3910 988 3978 vidi,
1035 3912 1090 3964 in
1110 3911 1210 3966 hac
1229 3911 1484 3981 quidquid
1511 3912 1796 3966 verborum
1822 3910 1908 3964 vel
1935 3924 2188 3966 sonorum

613 4017 711 4072 per
738 4017 895 4057 aures
926 4002 1130 4072 accepi,
1185 4002 1238 4056 in
1267 4004 1368 4056 hac
1396 4001 1652 4070 quidquid
1671 4000 1894 4053 odorum
1916 4014 2013 4068 per
2031 4015 2190 4055 nares

613 4095 830 4162 attraxi,
854 4095 907 4148 in
936 4095 1035 4160 hac
1057 4093 1314 4163 quidquid
1340 4106 1590 4162 saporqu
1609 4090 1917 4145 diversitate
1939 4090 2187 4158 cognovi,

614 4185 667 4238 in
722 4185 823 4239 hac
877 4184 1131 4254 quidquid
1186 4192 1328 4238 tactu
1381 4183 1661 4238 nuntiante
1707 4181 1972 4246 discrevi;
2007 4182 2060 4235 in
2088 4183 2189 4238 hac

613 4273 743 4328 mihi
779 4274 1012 4344 reposita
1039 4271 1434 4341 quodammodo
1461 4279 1586 4326 sunt
1613 4279 1668 4325 et
1690 4271 2037 4338 grammatica
2065 4287 2186 4328 cum

545 4387 554 4396 -
614 4363 681 4416 de
709 4351 1005 4418 dialecticis
1047 4361 1274 4427 dissero,
1322 4370 1377 4416 et
1422 4361 1690 4416 rhetorica
1720 4376 1842 4416 cum
1869 4362 1938 4418 de
1964 4377 2185 4433 geome-

613 4452 782 4516 tricis,
808 4461 862 4506 et
905 4451 1225 4518 astrologica
1253 4465 1373 4504 cum
1402 4451 1470 4506 de
1498 4451 1715 4506 musicis
1733 4494 1748 4518 ,
1780 4461 1834 4507 et
1863 4452 1977 4508 haec
2024 4455 2183 4510 simul

2297 3279 2450 3318 versa
2474 3281 2582 3320 non
2603 3269 2784 3322 sentit.
2812 3268 2946 3324 Hinc
2964 3278 3048 3325 est
3065 3272 3206 3341 quod
3226 3274 3393 3328 etiam
3422 3274 3550 3330 dum
3577 3291 3766 3348 corpus
3783 3275 3868 3331 ad-

2294 3355 2563 3410 ministrat
2581 3366 2743 3428 atque
2763 3360 3048 3426 sentilicat,
3061 3364 3104 3417 si
3119 3363 3338 3433 quando
3361 3366 3416 3420 in
3443 3381 3652 3423 summa
3664 3367 3868 3423 eadem-

2293 3461 2399 3515 que
2444 3461 2658 3517 semper
2712 3451 2998 3518 attollitur,
3045 3453 3119 3508 ita
3147 3454 3553 3524 quodammodo
3579 3473 3870 3529 corporeus

2293 3537 2494 3594 deserit
2531 3555 2721 3595 sensus
2759 3541 2826 3596 ab
2873 3543 3168 3614 iisdemque
3214 3546 3500 3603 illocaliter
3525 3549 3786 3614 abscedit,
3815 3558 3874 3606 ut

2292 3647 2475 3686 coram
2521 3634 2695 3703 posita
2724 3650 2835 3690 non
2880 3635 3081 3701 videat,
3106 3645 3166 3692 ut
3185 3637 3338 3707 jukta
3367 3641 3618 3696 sonantia
3646 3657 3758 3697 non
3777 3657 3871 3696 au-

2292 3723 2424 3787 diat,
2457 3733 2518 3779 ut
2555 3741 2865 3796 percursam
2894 3727 3122 3796 legendo
3147 3729 3394 3798 paginam
3431 3745 3541 3785 non
3576 3730 3862 3798 intelligat.

2293 3813 2460 3870 Adest
2486 3816 2662 3871 anima
2685 3824 2744 3870 ut
2762 3832 2862 3886 per
2884 3817 3098 3873 oculum
3125 3818 3418 3872 litterarum
3446 3819 3600 3898 signa
3619 3819 3859 3893 colligat,

2291 3905 2585 3974 eademque
2606 3905 2661 3959 in
2688 3906 2920 3977 syllabas
2947 3907 3146 3963 sociata
3169 3906 3457 3976 conjungat
3475 3921 3540 3964 ac
3571 3922 3671 3978 per
3690 3908 3861 3964 verba

2289 3993 2619 4062 distinguat;
2663 4005 2719 4051 et
2753 4012 2861 4052 non
2910 3998 3067 4054 adest
3095 4008 3153 4056 ut
3177 3997 3303 4070 quid
3327 4013 3427 4069 per
3453 3999 3571 4055 haec
3610 3997 3641 4039 δ
3670 3999 3869 4056 fecerit

2289 4084 2444 4138 sciat.
2494 4083 2639 4154 Lego
2664 4087 2808 4143 clare
2837 4089 3056 4158 aliquid,
3085 4089 3472 4159 pronuntiante
3497 4104 3584 4146 me
3611 4088 3751 4145 alter
3779 4092 3867 4145 in-

2287 4177 2503 4243 telligit,
2537 4179 2628 4247 qui
2651 4178 2704 4233 in
2735 4179 2788 4233 id
2816 4180 3012 4236 mentis
3037 4182 3251 4237 oculum
3285 4182 3434 4250 ligit;
3462 4195 3565 4250 ego
3603 4197 3733 4237 vero
3753 4182 3870 4252 ipse

2288 4271 2415 4341 quid
2463 4271 2684 4339 legerim
2727 4275 2930 4341 nescio,
2963 4275 3088 4344 quia
3121 4275 3175 4328 in
3214 4275 3359 4330 aliud
3381 4276 3556 4329 anima
3585 4274 3868 4330 illocaliter

2287 4364 2494 4419 intenta
2533 4364 2796 4420 discessit.
2844 4365 3086 4436 Denique
3112 4382 3234 4422 cum
3277 4367 3347 4421 ad
3376 4366 3748 4436 memetipsum
3774 4365 3865 4419 vel

2288 4453 2593 4510 admonitus
2620 4455 2810 4520 redeo,
2844 4469 2947 4523 ego
2986 4458 3100 4526 ipse
3130 4472 3248 4512 sum
3286 4457 3378 4527 qui
3400 4457 3582 4525 utique
3603 4455 3788 4521 redeo,
3810 4463 3871 4511 et

611 4540 794 4592 omnia
825 4555 944 4593 cum
992 4539 1059 4592 de
1109 4539 1459 4594 arithmeticis
1507 4539 1658 4609 juxta
1705 4541 1906 4598 formas
1952 4546 2183 4614 partium
2208 4537 2263 4595 Ι)
2287 4557 2388 4612 ego
2409 4545 2523 4614 ipse
2551 4560 2666 4599 sum
2693 4545 2760 4598 ad
2781 4560 2938 4615 quem
2963 4545 3148 4601 redeo.
3172 4543 3240 4598 Et
3258 4560 3472 4600 mecum
3492 4543 3716 4609 non—fui,
3738 4543 3866 4613 quia

609 4627 792 4682 mundi
821 4642 954 4696 quas
981 4626 1157 4692 video,
1187 4628 1254 4682 de
1283 4629 1364 4684 bis
1391 4644 1523 4700 quas
1551 4646 1659 4685 non
1678 4621 1843 4688 Video
1897 4633 2186 4690 adminicu-

609 4721 754 4774 lantc
783 4720 988 4775 ratione
1016 4733 1364 4790 cognoscens,
1397 4708 1711 4793 incorporea
1742 4727 1994 4781 mundum
2023 4741 2183 4797 capa-

609 4809 771 4864 citate
790 4809 1138 4880 complector.

1165 4899 1392 4956 CAPUT
1429 4902 1614 4959 XXIII.

611 4994 760 5058 Quod
795 4995 971 5048 anima
1009 4994 1317 5064 incorporea
1358 4996 1527 5049 rideat
1555 5013 1647 5067 per
1681 5013 1754 5062 se,
1798 5013 2044 5068 corporea
2064 5015 2180 5055 vero

1234 5079 1325 5134 per
1344 5081 1547 5134 corpus.

617 5237 619 5240 ι
676 5172 782 5227 Sed
804 5175 937 5231 dicis
958 5176 1088 5230 mihi
1117 5194 1128 5229 :
1154 5175 1269 5231 Non
1299 5177 1552 5231 mundum
1582 5177 1840 5231 memoria
1863 5179 2184 5248 complecte-

605 5261 698 5324 ris,
726 5263 820 5316 sed
849 5264 1071 5333 ﬁguram
1100 5267 1302 5322 mundi.
1338 5266 1431 5322 Vel
1459 5282 1524 5320 ex
1555 5267 1658 5321 hoc
1687 5266 1919 5335 intelligo
1949 5269 2178 5322 animam

513 5425 518 5430 _
604 5367 712 5405 non
763 5367 880 5407 esse
923 5370 1259 5425 corpoream,
1289 5359 1413 5426 quia
1435 5358 1582 5412 vides
1603 5356 1844 5411 eamdem
1875 5372 1972 5416 nec
1992 5375 2182 5429 corpo-

603 5441 735 5495 ralia
763 5444 1116 5510 corporaliter
1137 5461 1294 5514 posse
1322 5447 1652 5517 conspicerc.
1689 5445 1823 5500 IIuic
1842 5461 1970 5515 ergo
1999 5464 2178 5518 super-

601 5531 807 5604 positus
861 5541 943 5587 est
987 5549 1095 5588 non
1121 5535 1260 5598 loco,
1291 5537 1382 5593 sed
1406 5539 1456 5592 vi
1487 5554 1547 5593 ac
1580 5539 1818 5608 potentia
1845 5539 2032 5596 oculus
2053 5541 2142 5610 qui
2161 5573 2175 5583 -

670 5659 698 5685 οι
738 5647 818 5700 Al.
845 5648 913 5700 ad
933 5647 1098 5702 plene.

671 5665 698 5685 σι
738 5665 818 5700 At.
845 5665 910 5700 aa
967 5665 1098 5702 tene.

671 5717 697 5757 δ
729 5717 812 5772 AI.
845 5665 1110 5789 defecerit.

2287 4635 2355 4690 ad
2383 4651 2469 4691 me
2495 4651 2595 4707 per
2623 4637 2980 4703 intervallum,
3012 4653 3123 4692 non
3152 4637 3276 4703 loci,
3307 4637 3405 4692 sed
3424 4637 3683 4707 temporis
3705 4635 3860 4689 redii.

2284 4727 2353 4782 Et
2396 4737 2550 4782 extra
2587 4743 2674 4783 me
2703 4744 2812 4783 non
2851 4728 2948 4794 fui,
2979 4729 3103 4798 quia
3131 4728 3248 4782 sine
3276 4741 3364 4782 me
3403 4740 3526 4782 esse
3550 4741 3659 4781 non
3686 4726 3861 4794 potui.
3944 4723 3954 4730 ’

2283 4818 2404 4890 Ipsa
2435 4831 2457 4859 ο
2490 4820 2607 4876 istic
2635 4828 2720 4876 est
2746 4819 2942 4887 anima,
2975 4828 3034 4874 ut
3076 4834 3173 4889 per
3206 4817 3422 4874 oculum
3460 4833 3580 4888 quae
3619 4818 3870 4885 leguntur

2284 4912 2493 4977 videat;
2516 4920 2573 4967 et
2601 4913 2715 4983 ipsa
2742 4913 2862 4968 istic
2889 4928 2999 4967 non
3029 4920 3132 4976 est,
3155 4919 3216 4964 ut
3233 4924 3354 4980 qua:
3383 4909 3636 4978 leguntur
3659 4923 3770 4964 non
3791 4907 3896 4983 iu-f

2286 5003 2511 5070 telligat.
2543 5002 2649 5056 Aut
2676 5018 2786 5058 non
2813 5003 3007 5072 sapius
3034 5001 3140 5056 hoc
3159 5000 3364 5064 evenit,
3389 5007 3450 5053 ut
3475 4999 3590 5054 sive
3614 4997 3870 5067 hujusee—
3900 5060 3903 5061 ν

2285 5090 2431 5146 modi
2472 5090 2792 5145 lectionibus
2835 5090 3310 5145 accommodantes
3338 5088 3535 5155 visum,
3565 5087 3681 5142 sive
3726 5086 3871 5142 rela-

2282 5181 2419 5236 tioni
2439 5180 2732 5250 cujuspiam
2759 5179 3077 5235 adhibentes
3099 5179 3359 5246 auditum,
3383 5193 3504 5234 cum
3530 5178 3647 5232 haec
3674 5177 3870 5232 eadem

2283 5287 2392 5326 non
2421 5271 2595 5325 minus
2624 5270 2847 5338 intelligi
2885 5285 3045 5340 quam
3091 5269 3260 5324 videri
3284 5277 3447 5338 atque
3476 5267 3647 5322 audiri
3669 5265 3871 5321 facilli-

2283 5376 2430 5416 mum
2457 5362 2544 5423 sit,
2573 5367 2800 5430 utroque
2845 5369 3025 5415 tamen
3045 5375 3207 5415 sensu
3226 5374 3392 5414 sonos
3419 5373 3482 5412 ac
3508 5358 3662 5425 signa
3684 5355 3875 5425 capia-

2283 5468 2433 5520 mus;
2477 5467 2600 5507 cum
2639 5451 2852 5520 quidem
2882 5451 2998 5506 lucc
3027 5451 3217 5507 eadem
3239 5449 3544 5519 signiﬁcent
3566 5465 3676 5504 non
3707 5446 3876 5503 intel-

2281 5543 2540 5614 Iigamus?
2568 5541 2635 5594 Et
2665 5551 2843 5595 tamen
2899 5558 3111 5597 rursum
3142 5542 3194 5596 in
3225 5542 3279 5596 id
3333 5541 3478 5612 quod
3533 5540 3875 5596 intellectum

2353 5669 2375 5698 ε
2410 5656 2490 5711 Al.
2523 5657 2662 5723 iam,
2690 5665 2802 5714 tum
2830 5657 2937 5726 hic,
2969 5667 3081 5713 tum
3110 5659 3271 5727 paulo
3290 5667 3431 5729 post.
3491 5706 3507 5720 .
