4238 6260
337 436 442 493 799

1512 419 1598 474 DE
1638 414 1864 472 STATU
1903 409 2138 468 ΑΝῙΜᾸΞ
2181 409 2305 464 LIB.
2346 408 2384 463 Ι.

3494 398 3600 453 750

339 568 449 608 non
474 558 592 604 erat
615 542 793 602 animi
820 545 1112 600 referentes
1149 537 1414 603 obtutum,
1448 536 1649 605 absque
1671 531 1776 586 ulla
1807 530 1908 584 hoc
1936 525 1990 587 Α
2018 523 2288 591 animam,l
2312 523 2436 592 quia
2481 518 2608 574 illud
2637 518 2780 588 quod
2821 515 3206 586 subjiciendum
3237 527 3354 566 esse.
3393 509 3596 576 dixisti,

340 642 484 698 idem
511 637 826 694 difﬁcultate
847 629 1373 703 comprehendimus.

897 785 1121 844 CAPUT
1157 783 1346 840 XXIV.

343 909 494 976 Quod
522 925 626 964 nou
666 915 742 961 est
781 902 924 959 aliud
951 902 1146 976 anima,
1184 895 1332 976 aliud
1373 888 1916 976 memoria,_cogitatio

484 960 836 1041 unum“,
867 989 982 1026 cum
1010 960 1325 1025 luec'eadem
1351 980 1457 1018 una
1483 964 1551 1016 sit
1577 960 1772 1014 anima.

415 1111 453 1164 Ι.
486 1108 592 1164 Sed
619 1103 892 1176 subjungis
920 1117 985 1158 ac
1008 1101 1144 1156 dicis
1169 1117 1183 1152 :
1209 1095 1368 1152 Aliud
1394 1101 1478 1150 est
1504 1092 1695 1147 animae
1728 1095 1919 1151 status,

343 1200 486 1257 aliud
513 1200 558 1254 is
580 1199 671 1268 qui
699 1196 766 1252 de
793 1195 972 1250 anima
1013 1189 1253 1246 nascitur
1291 1181 1632 1255 cogitationis
1678 1176 1918 1232 allectus.

341 1264 699 1357 Quamobrem
725 1294 818 1340 aut
844 1283 950 1338 hoc
974 1281 1156 1352 potius
1183 1272 1554 1332 aestimandum
1579 1276 1682 1332 est,
1706 1265 1851 1336 quod
1878 1264 1924 1319 si

340 1354 553 1448 quando
589 1376 693 1432 sibi
740 1373 941 1444 aliquid
987 1369 1325 1439 imaginatur,
1369 1363 1538 1430 magis
1582 1370 1606 1397 τι
1647 1371 1767 1412 cum
1814 1354 1925 1410 suis

339 1445 477 1525 intra
537 1467 890 1537 semetipsum
937 1462 1172 1518 motibus
1217 1464 1527 1527 occupetur.
1583 1449 1651 1504 Et
1695 1448 1741 1502 si
1795 1445 1923 1514 quid

340 1560 483 1616 aliud
511 1568 597 1615 est
623 1557 770 1628 quod
799 1555 1042 1626 aspicere
1065 1552 1298 1614 videtur,
1327 1546 1497 1615 magis
1520 1543 1570 1598 ei
1599 1543 1651 1596 in
1682 1537 1928 1623 recordaé

343 1652 502 1707 tionis
528 1619 751 1721 speculo
780 1619 1134 1701 describatur.
1186 1639 1330 1695 Istud
1370 1632 1618 1691 naturam
1664 1639 1721 1685 tu
1763 1619 1928 1699 putas

342 1741 458 1811 ejus
483 1754 622 1805 esse,
654 1752 760 1792 non
786 1749 1018 1807 pmnam.
1042 1731 1356 1797 Idcircoque
1384 1726 1560 1781 anima
1583 1731 1673 1776 tua
1700 1721 1753 1774 ill
1775 1731 1929 1773 reco-

343 1833 580 1901 guitione
605 1830 686 1884 sui
717 1828 931 1891 fallitur,
961 1825 1086 1893 quia
1111 1821 1210 1876 sibi
1237 1815 1575 1873 adversantia
1604 1827 1703 1882 pro
1723 1825 1784 1865 se
1811 1822 1928 1862 am-

2020 624 2243 672 catenus
2261 614 2490 668 animam
2519 611 2697 666 solere
2723 611 3080 680 requiescere,
3112 615 3171 661 ut
3208 619 3427 676 prorsus
3454 603 3602 670 cogi-

2018 713 2098 760 tet
2123 704 2274 769 nihil,
2301 710 2450 758 caret
2472 717 2620 757 vero.
2654 700 2845 754 Anima
2884 712 3078 769 nempe
3116 697 3326 750 variare
3365 694 3599 762 cogitata

2018 804 2216 870 potest,
2257 811 2366 851 non
2385 795 2623 863 cogitare
2642 808 2749 848 non
2775 798 2972 862 potest.
3004 788 3141 856 Quid
3162 796 3338 842 autem
3364 786 3494 841 illud
3518 792 3602 840 est

2019 887 2164 960 quod
2205 887 2476 942 somniare
2501 883 2748 948 dicimur,
2777 882 2880 937 nisi
2917 879 3062 950 quod
3101 892 3169 933 ne
3215 877 3356 932 fesso
3384 875 3613 944 quidem

2020 992 2250 1048 corpore
2292 977 2344 1031 in
2385 989 2714 1044 somnosque
2750 971 2991 1028 resoluto
3019 970 3209 1024 animae
3235 967 3315 1022 vis
3339 981 3369 1020 a
3396 965 3604 1033 cogita-

2023 1070 2260 1126 tionibus
2303 1069 2492 1122 vacat?
2540 1066 2676 1122 Tota
2720 1080 2851 1121 vero
2890 1064 2962 1119 ibi
2992 1071 3077 1119 est
3109 1061 3199 1116 ubi
3228 1059 3446 1128 cogitat,
3478 1056 3604 1126 quia

2025 1171 2138 1218 tota
2167 1163 2384 1231 cogitat.
2418 1161 2618 1216 Verum
2649 1167 2702 1212 tu
2731 1157 2931 1213 idcirco
2957 1154 3044 1210 vel
3069 1152 3302 1208 maxime
3323 1150 3391 1206 de
3416 1147 3606 1203 animae

2025 1262 2167 1310 statu
2206 1253 2425 1318 falleris,
2453 1252 2580 1322 quia
2626 1248 2770 1305 aliud
2817 1248 3068 1310 animam,
3101 1243 3242 1299 aliud
3270 1255 3389 1297 esse
3413 1239 3605 1294 anima:

2025 1345 2320 1416 potentiam
2355 1342 2548 1398 credis.
2579 1340 2732 1407 Quod
2769 1339 2912 1394 enim
2952 1335 3152 1404 cogitat
3189 1331 3436 1388 accidens
3489 1328 3606 1398 ejus

2027 1445 2138 1503 est,
2168 1433 2464 1490 substantia
2510 1446 2640 1487 vero
2685 1444 2805 1500 qua:
2845 1427 3065 1495 cogitat.
3107 1424 3223 1478 Hoc
3260 1420 3503 1490 equidem
3537 1417 3607 1472 de

2027 1527 2305 1581 voluntate
2347 1529 2560 1594 oportet
2601 1533 2875 1588 agnoscas.
2919 1517 3052 1570 Nam
3101 1515 3241 1568 sicut
3281 1519 3394 1565 tota
3430 1508 3608 1562 anima

2030 1617 2284 1685 cogitatio
2331 1623 2431 1682 est,
2482 1614 2555 1668 ita
2593 1612 2768 1667 anima
2807 1617 2921 1665 tota
2967 1606 3218 1662 voluntas
3256 1609 3365 1667 est;
3396 1607 3452 1655 et
3489 1613 3638 1669 quas.

2031 1708 2267 1781 perfecte
2289 1707 2420 1772 vult,
2444 1713 2557 1760 tota
2585 1703 2718 1758 vult.
2741 1699 2829 1764 Et,
2850 1708 2912 1754 ιιι
2935 1712 3096 1768 supra
3117 1695 3317 1750 dictum
3337 1697 3439 1755 est,
3466 1702 3609 1758 qum-

2036 1779 2247 1868 cunque
2276 1797 2351 1851 illi
2378 1796 2514 1851 velle
2535 1791 2826 1849 accidentia
2846 1797 2946 1854 est,
2973 1788 3146 1857 ipsum
3174 1797 3302 1838 vero
3328 1781 3467 1836 velle
3485 1779 3612 1832 sub-

344 1868 614 1993 ;lectitur,
657 1927 714 1973 et
756 1931 852 1987 per
887 1868 1076 1970 sensus
1109 1908 1354 1979 corporis
1381 1868 1711 1959 fallaciarum
1741 1898 1930 1952 aﬂ'ecta
1957 1877 2008 1940 Β
2034 1889 2229 1945 stantia
2258 1895 2358 1941 est.
2397 1885 2531 1940 Hinc
2571 1884 2732 1938 etiam
2779 1881 2833 1935 in
2880 1877 3047 1933 sacris
3092 1874 3284 1930 litteris
3323 1868 3612 1927 voluntatis
3697 1881 3702 1886 '

1871 1987 1882 1993 ·
2136 1981 2158 1993 ⁸·
2221 1989 2230 1993 -
2333 1978 2349 1993 ¹
2391 1979 2418 1993 ε·
2464 1977 2544 1993 ἰε-
2623 1979 2776 1993 mu---
2816 1971 2940 1993 2n--.a
2992 1976 3070 1993 --ι
3124 1965 3263 1993 ,πηιλ
3303 1965 3373 1993 ε...
3419 1961 3501 1993 .ml
3542 1960 3610 1993 ιη,

347 1987 610 2075 ludibriis,
641 2017 864 2065 eatenus
901 2004 1200 2073 implicatur
1228 2011 1414 2054 errore
1453 2003 1513 2048 ut
1553 2001 1808 2061 tanquam
1837 1987 1931 2042 ab-

348 2118 476 2160 sens
496 2103 597 2158 sibi
623 2116 683 2156 se
707 2106 928 2169 quaerat,
970 2110 1092 2150 cum
1139 2094 1253 2163 ipsa
1298 2090 1369 2145 sit
1415 2098 1661 2156 quaerens
1700 2095 1778 2136 se.
1811 2077 1931 2133 Non

349 2195 497 2249 enim
526 2191 655 2246 illud
681 2197 764 2246 est
790 2188 965 2242 anima
991 2183 1135 2253 quod
1171 2180 1448 2251 quaeritur,
1479 2175 1577 2231 sed
1615 2171 1760 2242 quod
1787 2183 1935 2240 quie-

351 2287 450 2352 rit;
479 2281 737 2354 quidquid
760 2280 900 2335 enim
928 2275 1137 2346 quaerit,
1163 2281 1316 2329 extra
1344 2285 1404 2325 se
1431 2275 1532 2324 est.
1562 2266 1672 2321 Nec
1691 2275 1936 2334 quaerere

352 2376 429 2430 illi
458 2389 592 2445 opus
619 2381 720 2436 est,
766 2368 869 2445 nisi
909 2365 1050 2438 quod
1091 2377 1272 2419 secum
1300 2376 1407 2416 non
1436 2365 1535 2414 est.
1584 2355 1705 2426 Ipsa
1751 2360 1935 2407 autem

350 2444 537 2524 secum
566 2472 666 2526 est,
696 2444 819 2531 quia
863 2458 980 2512 sine
1011 2470 1070 2510 se
1114 2450 1245 2508 llibil
1283 2458 1384 2506 est.
1415 2449 1669 2515 Quaerere
1714 2458 1775 2498 se
1807 2455 1937 2510 ergo

353 2574 462 2614 non
489 2556 690 2619 debuit,
713 2551 838 2622 quia
858 2550 974 2606 sine
999 2563 1059 2603 se
1087 2560 1207 2602 esse
1234 2559 1342 2600 non
1371 2541 1566 2614 potuit.
1597 2538 1940 2606 Quapropter

354 2665 473 2705 cum
500 2663 559 2704 se
588 2661 695 2701 non
714 2645 831 2700 sine
856 2657 915 2698 se
939 2639 1149 2710 quaerit,
1178 2635 1483 2693 necessario
1509 2633 1565 2687 in
1593 2628 1737 2685 aliud
1759 2628 1938 2683 incur-

355 2743 440 2808 rit,
471 2740 597 2812 quia
625 2752 732 2793 non
752 2742 934 2806 potest
959 2749 1018 2790 se
1056 2730 1298 2786 invenire
1325 2728 1442 2782 sine
1469 2740 1550 2780 se.
1580 2721 1710 2778 Haec
1737 2727 1820 2776 est
1847 2717 1939 2772 illa

357 2832 556 2895 illusio,
585 2843 747 2900 quam
773 2826 866 2895 qui
896 2822 1144 2891 intelligit
1170 2819 1335 2884 dolet,
1369 2833 1433 2873 ac
1457 2816 1646 2872 dolens
1670 2812 1854 2883 gemit,
1885 2817 1941 2865 et

356 2939 482 2980 cum
517 2920 783 2992 propheta
805 2915 1009 2988 plangit
1034 2928 1099 2968 ac
1127 2912 1256 2967 dicit
1285 2927 1301 2965 :
1334 2910 1465 2964 Tota
1493 2909 1574 2962 die
1607 2907 1940 2962 contristatus

358 3009 705 3083 ingrediebar,
729 3007 969 3079 quoniam
997 3005 1174 3058 anima
1209 3017 1323 3055 mea
1360 2999 1610 3070 completa
1633 3004 1710 3052 est
1733 2996 1943 3050 illusio-

361 3099 511 3155 nibus
553 3097 723 3170 (Psal.
767 3111 968 3159 xxxvll,
1001 3094 1052 3158 7,
1082 3092 1159 3163 8).
1192 3091 1300 3146 Sed
1328 3087 1630 3145 istiusmodi
1668 3087 1944 3142 illusiones

359 3192 416 3246 in
443 3188 702 3245 memoria
729 3186 930 3258 patitur
948 3184 1144 3248 anima,
1167 3194 1237 3237 ex
1256 3195 1363 3251 qua
1389 3178 1522 3235 nihil
1541 3174 1943 3249 phah'tasiarum

359 3278 679 3336 reventilare
707 3290 772 3330 ac
796 3274 1036 3346 prolbrre
1063 3271 1254 3344 possit,
1291 3271 1392 3326 nisi
1432 3269 1648 3325 easdem
1689 3284 1721 3323 a
1757 3267 1945 3324 formis

259 3386 262 3387 '
360 3383 648 3442 corporum
668 3382 768 3438 per
792 3380 1086 3436 corporeos
1111 3378 1303 3420 sensus
1328 3363 1616 3418 hausisset.
1647 3354 1772 3416 Sii'e
1799 3360 1944 3415 enim

363 3462 550 3519 eadem
575 3475 696 3531 quae
732 3473 831 3529 per
866 3472 1062 3527 corpus
1090 3455 1311 3510 attraxit
1349 3452 1564 3508 sibimet
1599 3451 1943 3519 imaginatur,

364 3556 477 3611 sive
503 3569 572 3609 ex
603 3552 686 3607 bis
713 3565 832 3622 quie
870 3549 1025 3613 vidit,
1067 3547 1158 3601 illa
1203 3560 1323 3616 quae
1361 3560 1469 3599 non
1512 3541 1644 3598 vidit
1681 3540 1951 3610 coniectat

367 3654 526 3716 atque
552 3640 828 3708 confingit.
858 3637 1078 3693 Certum
1120 3645 1299 3690 tamen
1337 3643 1441 3700 est,
1483 3631 1761 3701 imaginari
1804 3629 1950 3684 illam

369 3737 506 3792 intra
535 3732 818 3802 quemdam
849 3739 1092 3785 ventrem
1120 3725 1396 3782 memoriae
1415 3730 1755 3792 nequaquam
1769 3732 1953 3790 posse,

370 3828 471 3883 nisi
491 3842 556 3882 ea
583 3839 699 3896 quae
723 3838 819 3895 per
842 3835 1039 3891 corpus
1067 3818 1292 3889 accepit.
1325 3814 1394 3870 Et
1421 3814 1536 3869 haec
1563 3811 1639 3867 illi
1666 3826 1772 3866 non
1802 3817 1957 3864 natu-

371 3919 525 3984 ralia,
556 3917 651 3974 sed
677 3900 909 3986 pienalia
953 3920 1098 3968 sunt.
1130 3908 1202 3966 Ut
1227 3908 1482 3979 quoniam
1511 3921 1543 3962 a
1570 3919 1780 3961 summo
1811 3903 1956 3959 bono

373 4008 520 4077 quod
545 4007 595 4060 ei
623 4005 763 4061 Deus
787 4012 891 4070 est,
920 4001 1190 4058 illecebris
1215 3997 1447 4070 pellecta
1478 3995 1758 4066 corporeis
1786 3991 1959 4049 deﬂu-

375 4100 456 4155 xit
485 4098 539 4152 in
567 4111 780 4166 corpus,
810 4094 1044 4164 patiatur
1071 4087 1199 4148 illud
1225 4090 1366 4146 intra
1394 4093 1580 4143 semet»
1606 4086 1776 4157 ipsam
1815 4083 1961 4153 juste

377 4189 524 4261 quod
551 4196 705 4244 extra
743 4201 802 4243 se
827 4186 1016 4242 dilexit
1041 4168 1255 4255 injuste.
1285 4182 1404 4237 Non
1428 4193 1557 4250 ergo
1582 4179 1714 4234 mihi
1742 4186 1798 4232 tu
1828 4174 1960 4231 illud

325 4329 330 4332 .
375 4297 500 4339 esse
527 4281 761 4336 animam
788 4276 1118 4350 persuadere
1143 4275 1293 4339 velis,
1325 4285 1434 4342 quo
1457 4270 1761 4342 perturbari
1782 4267 1964 4338 potius

377 4375 624 4432 eamdem
649 4371 818 4428 vides.
864 4368 960 4424 Illa
997 4380 1228 4436 namque
1254 4366 1300 4422 si
1331 4365 1387 4419 in
1421 4370 1592 4418 status
1630 4359 1840 4432 pristini
1867 4371 1962 4411 sn-

378 4465 642 4522 hlimitate
680 4461 967 4517 mansisset
1003 4473 1035 4514 a
1075 4472 1183 4528 quo
1228 4462 1424 4526 sponte
1448 4452 1667 4523 dilapsa
1695 4456 1800 4515 est,
1828 4461 1964 4502 nun-

378 4569 541 4624 quam
567 4560 754 4610 contra
793 4551 1037 4621 spiritum
1064 4563 1212 4613 caro,
1246 4560 1348 4602 nec
1373 4552 1562 4600 contra
1593 4553 1814 4597 carnem
1852 4537 1963 4608 spi-

379 4647 516 4702 ritus
539 4642 900 4712 concupisset.
932 4638 998 4694 Et
1033 4639 1078 4694 si
1115 4639 1279 4694 homo
1309 4649 1485 4698 verus,
1516 4633 1620 4688 hoc
1648 4640 1751 4693 est,
1785 4628 1964 4682 anima

379 4734 688 4800 rationalis,
736 4733 997 4787 honorem
1042 4742 1227 4792 suum,
1281 4724 1570 4792 imaginem
1613 4719 1821 4774 scilicet
1870 4717 1967 4772 Dei

382 4823 752 4886 intellexisset,
782 4833 1057 4890 nunquam
1082 4813 1444 4887 insipientibus
1467 4811 1653 4865 fuisset
1670 4815 1970 4878 comparata

379 4915 623 4987 ﬂtmentis
647 4911 819 4983 (Psal.
845 4925 1027 4970 valll,
1057 4907 1144 4973 15,
1174 4903 1290 4971 2|),
1313 4901 1566 4957 videlicet
1584 4907 1645 4953 ιιι
1671 4896 1974 4952 animaliter

386 5005 607 5058 viveret.
634 5001 770 5056 Hinc
809 5008 893 5055 est
926 4999 1016 5054 ille
1057 5011 1168 5067 prie
1196 4993 1367 5050 oculis
1394 4990 1512 5059 ejus
1539 4988 1827 5056 imaginum
1852 4999 1974 5039 cor-

388 5099 672 5166 porearum
701 5092 978 5155 tumultus,
1009 5103 1068 5144 se
1096 5101 1311 5156 semper
1337 5083 1632 5152 obiectans,
1657 5087 1717 5133 ut
1740 5079 1785 5132 si
1805 5091 1975 5147 quan-

384 5186 460 5241 do
483 5184 571 5240 vel
599 5180 666 5238 ad
693 5198 772 5251 se,
784 5182 870 5238 vel
899 5181 966 5236 ad
989 5180 1157 5234 Deum
1184 5189 1341 5232 suum
1367 5171 1740 5229 ratiocinando
1770 5169 1976 5232 nititur,

386 5287 604 5344 semper
623 5272 688 5326 ad
710 5285 973 5342 corporea
1002 5266 1299 5340 phantasiis
1321 5263 1599 5333 corporeis
1625 5267 1900 5316 avocetur.

459 5363 522 5418 ll.
577 5362 659 5417 'l‘u
687 5363 832 5418 enim
876 5375 998 5416 cum
1045 5357 1176 5413 dicis
1216 5352 1359 5408 aliud
1399 5367 1518 5406 esse
1547 5351 1802 5413 animam,
1834 5345 1980 5402 aliud

390 5455 582 5508 animm
626 5452 1040 5522 cogitationem,
1087 5446 1282 5502 melius
1321 5435 1549 5509 fortasse
1589 5441 1834 5504 dixisses,
1888 5437 1978 5492 illa

390 5546 458 5599 de
483 5545 680 5623 quibus
704 5544 908 5611 cogitat
935 5542 1135 5603 anima,
1165 5551 1290 5593 cum
1315 5534 1383 5590 de
1408 5549 1467 5589 se
1493 5549 1600 5588 non
1628 5533 1848 5600 cogitat,
1871 5545 1982 5585 non

392 5648 512 5689 esse
536 5621 799 5689 animam-
835 5633 1004 5701 ipsam
1030 5644 1162 5685 vero
1189 5624 1574 5688 «vitationem
1603 5637 1712 5678 non
1739 5635 1858 5678 esse
1881 5619 1983 5675 nisi

479 5821 501 5847 ιι
534 5809 615 5864 Al.
644 5811 883 5871 cuiusuis.

1527 5932 1533 5937 .
1552 5908 1631 5936 ..δ”
1687 5904 1749 5926 ν¹
1779 5925 1782 5930 -

2032 1981 2283 2053 perfectae
2318 1977 2576 2040 deﬁnitio,
2619 1979 2780 2046 prout
2815 1971 2944 2026 illud
2989 1976 3090 2035 est,
3122 1965 3266 2036 quod
3303 1965 3375 2018 ita
3419 1961 3504 2017 vel
3542 1960 3613 2014 ita

2035 2051 2240 2140 voluit,
2288 2068 2602 2124 damnabilis
2653 2063 3039 2130 laudabilisqne
3092 2064 3361 2114 censetur.
3417 2053 3506 2108 Sic
3559 2051 3614 2106 in

2035 2163 2329 2232 Evangelia
2358 2160 2650 2215 Dominus:
2675 2153 2778 2220 Qui
2804 2153 3003 2218 viderit,
3035 2149 3224 2218 inquit,
3253 2145 3516 2200 mulierem
3544 2141 3615 2195 ad

2037 2249 2503 2325 concupiscendum
2531 2265 2662 2312 eam,
2688 2247 2802 2317 jam
2829 2242 3106 2297 moechatus
3133 2245 3210 2292 est
3235 2252 3350 2289 eam
3375 2235 3430 2287 in
3461 2230 3616 2286 corde

2037 2362 2129 2400 suo
2161 2321 2376 2413 (Matth.
2409 2356 2462 2404 ν,
2487 2338 2600 2409 28).
2643 2335 2711 2390 Et
2756 2335 2808 2388 in
2855 2334 3052 2388 bonam
3096 2335 3307 2399 partem
3349 2324 3470 2380 loco
3508 2321 3616 2375 alio

2040 2412 2353 2505 angelorum
2395 2429 2616 2486 vocibus
2657 2426 2853 2482 dicitur
2885 2442 2897 2477 :
2930 2421 3110 2477 Gloria
3141 2421 3198 2473 iit
3237 2417 3454 2472 excelsis
3484 2412 3641 2478 Deo,‘

2039 2536 2088 2581 et
2107 2501 2162 2579 in
2187 2533 2325 2578 terra
2348 2537 2453 2594 pax
2472 2517 2760 2575 hominibus
2781 2514 2928 2571 bona:
2945 2509 3222 2566 voluntatis
3244 2505 3392 2576 (Luc.
3424 2520 3478 2569 ll,
3503 2501 3614 2571 14).

2041 2618 2182 2673 Ecce
2205 2615 2444 2678 dilectio,
2475 2620 2535 2667 ut
2561 2619 2618 2664 tu
2647 2605 2942 2669 arbitraris,
2983 2601 3146 2657 animi
3172 2597 3412 2667 quaedam
3440 2593 3648 2663 portio,

2041 2716 2124 2765 est
2156 2727 2168 2760 :
2200 2715 2260 2761 ut
2304 2705 2444 2761 ratio
2485 2701 2662 2764 docet,
2693 2697 2900 2752 animus
2939 2700 3085 2749 totus
3120 2696 3221 2744 est.
3251 2687 3309 2741 Si
3335 2684 3463 2754 quid
3490 2696 3620 2751 ergo

2043 2810 2159 2857 toto
2184 2813 2368 2854 amore
2395 2811 2538 2858 amo,
2569 2807 2676 2847 non
2707 2789 2759 2844 id
2787 2789 2958 2858 ipsum
2983 2791 3100 2839 toto
3137 2781 3316 2834 animo
3343 2774 3539 2844 diligo?
3566 2781 3619 2827 et

2044 2891 2133 2946 ubi
2161 2895 2317 2944 vacat
2336 2885 2467 2942 illud
2491 2881 2636 2954 quod
2663 2879 2856 2935 dicitur
2880 2895 2892 2930 :
2924 2875 3122 2946 Diliges
3151 2871 3427 2925 Dominum
3443 2865 3620 2954 Deum

2047 2993 2187 3034 tuum
2224 2971 2288 3033 ei:
2319 2986 2423 3032 toto
2449 2948 2604 3030 corde
2628 2979 2736 3034 tuo,
2758 2977 2807 3024 et
2827 2970 2892 3022 e1:
2923 2974 3028 3021 tota
3071 2964 3248 3018 anima
3289 2970 3374 3013 tua
3405 2948 3622 3028 (Matth.

2045 3087 2176 3138 xxii,
2227 3069 2338 3141 l7),
2381 3069 2425 3123 si
2467 3065 2659 3122 animle
2703 3065 2824 3132 pars
2866 3065 3086 3131 putatur
3124 3069 3242 3111 esse
3277 3048 3531 3107 dilectio?
3566 3045 3624 3102 Si

2046 3135 2190 3218 enim
2217 3135 2373 3230 parte
2404 3159 2487 3212 sui
2510 3153 2682 3224 diligit
2708 3152 2906 3215 anima,
2938 3163 3043 3204 non
3071 3146 3256 3214 utique
3294 3149 3406 3198 tota
3433 3135 3622 3206 diligit.

1970 3233 2020 3298 ε
2047 3256 2140 3312 Sin
2171 3223 2300 3310 vero
2321 3259 2434 3307 tota
2460 3223 2652 3316 diligit,
2679 3253 2790 3301 tota
2819 3243 3018 3310 absque
3043 3235 3388 3305 ambiguitate
3413 3223 3628 3285 dilectio

2049 3355 2151 3402 est.
2185 3344 2388 3399 Dicitur
2413 3342 2575 3406 enim,
2602 3339 2837 3406 vereque
2864 3332 3078 3396 dicitur,
3105 3326 3359 3398 quoniam
3385 3321 3524 3376 Deus
3553 3319 3631 3373 di-

2052 3439 2202 3492 lectio
2243 3444 2319 3490 est
2371 3432 2551 3505 (Joan.
2583 3431 2657 3496 iv,
2687 3427 2764 3500 8).
2796 3423 2903 3480 Sed
2929 3421 3144 3478 dilectio
3194 3417 3283 3471 illa
3323 3409 3443 3505 talis
3469 3417 3632 3467 estut

2053 3543 2156 3585 nec
2183 3529 2296 3597 ipsa
2325 3501 2546 3591 diligere
2575 3519 2675 3575 nisi
2693 3519 2923 3578 bonum,
2948 3517 3050 3567 hec
3074 3523 3173 3580 per
3199 3519 3318 3597 eam
3342 3501 3488 3570 diligi
3508 3513 3632 3597 pos-

2055 3620 2125 3673 sit
2161 3589 2262 3672 nisi
2298 3589 2452 3670 bene.
2503 3611 2628 3666 Haec
2678 3609 2855 3661 autem
2901 3600 3117 3658 dilectio
3156 3593 3300 3666 quod
3336 3600 3419 3648 est
3457 3589 3632 3643 anima

2057 3712 2308 3774 humana,
2338 3712 2559 3778 propter
2585 3701 2869 3755 all'ectunm
2909 3688 3321 3748 mutabilitatem
3367 3689 3546 3753 potest
3581 3686 3634 3733 et

2061 3801 2114 3854 in
2137 3770 2600 3868 superiora-quod
2626 3790 2676 3845 ei
2703 3787 2851 3843 solus
2870 3784 3012 3839 Deus
3031 3787 3132 3846 est,
3154 3774 3358 3833 calesti
3378 3770 3636 3827 cbaritate

2060 3859 2306 3962 ﬂagrare,
2339 3897 2393 3943 et
2513 3882 2764 3939 inferiora
2792 3872 3114 3933 darbnabilia
3158 3881 3340 3924 amore
3373 3859 3636 3919 difﬂuere.

2061 3953 2349 4050 quodlibet
2396 3987 2574 4032 tamen
2612 3965 2815 4040 diligat,
2855 3966 2902 4021 si
2936 3971 3054 4020 toto
3099 3972 3282 4015 amore
3309 3953 3498 4021 diligit,
3524 3956 3640 4005 tota

2060 4048 2253 4143 diligit.
2304 4070 2372 4125 Et
2416 4083 2537 4124 cum
2585 4073 2698 4121 tota
2735 4058 2938 4128 diligit,
2980 4060 3094 4110 tota
3129 4048 3345 4105 dilectio
3373 4053 3484 4111 est;
3523 4054 3640 4110 qua

2065 4167 2244 4223 unitas
2273 4165 2326 4219 in
2355 4173 2584 4231 corpore
2611 4156 2816 4212 scilicet
2841 4165 2950 4205 non
2980 4155 3080 4203 est.

2637 4264 2862 4324 CAPUT
2899 4259 3066 4316 XXV.

2066 4370 2377 4440 Exemplum
2404 4367 2471 4440 de
2495 4360 2819 4440 geometrica,
2839 4351 3187 4440 ⁸αι’ίιΙιιηειὶεαι
3201 4354 3352 4415 atque
3380 4336 3646 4440 dialecggg

2138 4404 2819 4494 'Si'ii‘eziu’iiié'étir'éa
2833 4404 3104 4494 alia
3125 4404 3342 4473 obscura
3367 4419 3504 4473 sunt,
3527 4404 3646 4479 quid

2139 4510 2309 4564 videat
2337 4507 2512 4560 anima
2541 4519 2631 4572 per
2651 4517 2725 4566 se,
2750 4497 2874 4571 quid
2898 4511 2986 4566 per
3022 4505 3223 4562 corpus.
3516 4511 3518 4513 ν

1989 4601 2042 4684 D
2141 4618 2182 4672 l.
2225 4614 2331 4671 Sed
2357 4613 2489 4668 dicis
2521 4630 2535 4665 :
2580 4592 2806 4676 Quando
2850 4605 3125 4660 absentem
3151 4609 3333 4654 carum
3362 4604 3514 4647 suum
3555 4600 3650 4642 co-

2071 4712 2225 4782 gitat,
2273 4703 2512 4775 nunquid
2545 4702 2694 4757 velut
2736 4701 2852 4770 ipso
2879 4699 3167 4764 conspecto
3194 4684 3474 4744 desideriis
3500 4679 3653 4782 satis-

2075 4767 2234 4857 ;eciti
2280 4767 2418 4862 Ista;
2451 4802 2512 4848 ut
2556 4805 2657 4860 ego
2702 4767 2931 4857 coniicio
2959 4791 3121 4852 atque
3164 4786 3226 4832 ut
3265 4776 3421 4847 plane
3461 4767 3650 4844 probo,

2076 4890 2357 4965 potissima
2379 4882 2664 4940 admodum
2689 4893 2852 4936 causa
2877 4884 2960 4938 est
2985 4887 3104 4944 qua:
3129 4879 3184 4924 te
3204 4868 3387 4936 tuique
3414 4862 3654 4965 ignarllm

2078 4946 2314 5053 pcrpulit
2355 4975 2590 5031 animam
2631 4971 2737 5028 reri
2783 4983 2902 5026 esse
2940 4974 3273 5035 corpoream.
3326 4954 3371 5006 A
3399 4946 3656 5053 ‘sensibus

2081 5039 2262 5140 qua-:30
2289 5066 2533 5138 corporis
2574 5063 2844 5134 paulisper
2875 5056 3141 5115 attollere,
3170 5062 3235 5102 ac
3257 5045 3302 5100 si
3330 5039 3497 5102 vales,
3529 5049 3657 5134 per:

2078 5162 2227 5232 spice
2253 5123 2483 5230 quae-vel
2510 5161 2711 5224 quanta
2747 5151 2828 5205 vis
2863 5141 3076 5201 videndi
3121 5132 3412 5192 sit'animo
3446 5144 3460 5193 ;
3507 5135 3582 5189 et,
3611 5123 3656 5177 si

2079 5215 2207 5320 quid
2254 5215 2426 5320 potes,
2459 5245 2619 5302 animi
2651 5242 2818 5297 visum
2845 5229 3194 5303 corporisque
3219 5222 3484 5277 discerne.
3521 5215 3658 5270 Cor-

2082 5309 2185 5412 pus
2210 5309 2358 5396 certe
2384 5309 2513 5392 nihil
2539 5334 2702 5398 videt,
2732 5327 2858 5398 quia
2887 5320 3017 5378 nihil
3049 5318 3232 5387 utique
3259 5310 3424 5368 sentit
3461 5309 3662 5412 absque

2084 5397 2282 5488 anima.
2309 5432 2384 5485 Ac
2407 5444 2504 5500 per
2527 5428 2630 5481 hoc
2655 5397 2867 5475 animus
2886 5423 3145 5482 corporea
3165 5421 3264 5487 per
3281 5417 3476 5472 corpus
3497 5397 3660 5461 videt,

2085 5494 2532 5595 incorporea-per
2557 5531 2636 5572 se.
2667 5511 2792 5566 Haec
2816 5509 2931 5578 ipsa
2959 5517 3119 5568 nunc,
3162 5505 3418 5571 quantum
3449 5494 3661 5590 implic-

2086 5578 2380 5671 sentiamm
2559 5600 2819 5675 postulat,
2863 5603 3284 5668 sequestremus,
3311 5595 3370 5642 ut
3404 5595 3521 5654 quae
3558 5578 3663 5633 sint
