4232 6264
576 339 677 398 ’151

1861 289 2183 408 tunsa-ri
2221 333 2587 396 CLAUDIAM

3749 336 3862 392 1'5!

581 458 746 536 animi
775 459 884 515 visa
927 473 1022 527 per
1061 471 1278 528 corpus,
1311 472 1430 528 quae
1469 457 1586 518 sine
1613 472 1861 527 corpore,
1891 458 2170 523 evidentet'
2195 459 2250 525 Α
2273 459 2395 516 dine
2423 459 2710 530 perfectior
2748 469 2847 526 est,
2878 476 2996 532 qua:
3022 467 3203 521 tamen
3229 459 3393 516 habet
3421 461 3622 529 aliquid
3659 476 3718 515 se
3744 459 3860 529 ipsa

580 556 894 620 appareant.
943 546 1078 602 Nam
1115 547 1263 606 velut
1293 549 1386 618 qui
1423 548 1510 605 vel
1555 548 1753 618 aliquid
1791 548 2032 604 eruditus
2061 555 2162 612 est,

580 638 742 706 credo
782 637 996 692 noverit
1023 637 1076 691 in
1113 638 1447 706 geometrica.
1469 638 1748 708 disciplina
1775 638 1901 708 quid
1931 640 2002 696 sit
2027 655 2166 708 pun,

578 737 744 800 qtuin,
770 729 967 797 quidve
995 729 1153 786 linea.
1181 729 1288 786 Sed
1307 731 1432 799 quia
1458 731 1599 786 inter
1623 747 1720 796 eos
1743 732 1836 802 qui
1859 731 1960 786 ista
1982 731 2168 800 digna-

579 821 778 889 buntur
831 821 1010 887 legere
1053 837 1174 877 esse
1209 829 1389 892 potest
1425 822 1518 892 qui
1557 823 1790 890 nesciat,
1819 822 1886 878 de
1915 824 2020 878 hoc
2049 823 2168 890 ipso

577 911 853 981 paululum
881 911 1194 977 disserendo
1222 928 1544 981 quatramus.
1576 913 1743 968 Linea
1768 921 1849 968 est
1874 913 1955 982 (ut
1974 912 2168 970 doctis-

579 1003 701 1072 simi
748 1010 912 1072 atque
957 1004 1284 1062 excellentes
1328 1005 1430 1058 viri
1468 1020 1577 1060 non
1613 1005 1798 1060 dixere
1841 1004 2034 1069 solum,
2072 1003 2169 1060 sed

580 1093 952 1156 ratiocinando
991 1095 1308 1165 probavere)
1349 1096 1624 1164 longitudo
1667 1096 1912 1166 simplex,
1956 1110 2076 1166 qua:
2112 1096 2166 1150 in

499 1243 501 1245 _
583 1200 814 1255 corpore
858 1202 1080 1256 prorsus
1128 1196 1360 1256 nequeat
1410 1188 1655 1252 inveniri,
1705 1203 1772 1243 eo
1819 1184 1963 1256 quod
2010 1203 2169 1248 omne

583 1291 781 1345 corpus
816 1277 1150 1346 longitudine
1187 1279 1404 1348 longum
1451 1279 1540 1344 sit,
1583 1296 1692 1334 non
1732 1286 1909 1333 tamen
1949 1279 2063 1349 ipsa
2099 1279 2170 1332 sit

583 1368 894 1436 longitudo,
948 1384 1120 1437 neque
1149 1370 1317 1439 possit
1343 1371 1420 1424 sic
1448 1384 1567 1426 esse
1601 1370 1814 1439 longum
1849 1378 1907 1424 ut
1941 1385 2050 1425 non
2091 1369 2171 1424 la-

587 1465 698 1512 tum
726 1459 884 1514 simul
912 1460 1184 1528 altumque
1212 1460 1300 1516 sit.
1327 1459 1610 1527 Quocirca,
1642 1460 1780 1514 sicut
1807 1459 1973 1522 aiunt,
2007 1459 2169 1514 etiam

585 1549 630 1604 si
660 1564 869 1604 aranea:
910 1547 1056 1608 ﬁlum
1098 1551 1436 1618 cogitaveris,
1469 1550 1594 1619 quia
1629 1550 1814 1618 utique
1843 1565 2038 1618 corpus
2066 1557 2168 1615 est,

584 1657 694 1698 non
744 1643 914 1702 solam
951 1643 1339 1710 longitudinem
1380 1643 1646 1712 cogitasti.
1692 1642 1866 1698 Habet
1900 1644 2042 1697 enim
2072 1658 2171 1712 pro

587 1731 749 1788 modo
789 1749 887 1790 suo
928 1733 1388 1790 indissociabilem.
1421 1734 1767 1802 longitudinis
1795 1750 1905 1789 sua:
1935 1734 2171 1788 latitudi-

2267 553 2577 623 perfectius.
2619 551 2883 610 Punctum
2914 563 2940 591 ι
2969 568 3164 622 nempe
3189 552 3561 622 principaliter
3597 560 3682 607 cst
3708 550 3860 618 origo

2269 644 2442 710 linem,
2489 645 2556 698 ab
2587 644 2704 713 ipso
2743 644 2996 714 incipitur
3026 645 3251 714 ipsoque
3291 642 3474 697 ﬁnitur
3506 660 3519 708 ;
3566 658 3685 697 cum
3723 658 3862 711 pun-

2269 746 2417 792 ctum
2461 751 2562 791 nec
2607 737 2735 790 oriri
2782 752 2812 790 a
2851 722 3126 806 quoquam
3172 743 3375 808 pateat,
3405 751 3507 791 nec
3543 734 3704 789 ﬁniri.
3746 733 3862 789 Hoc

2272 829 2776 897 namque-continet-
2813 828 2872 882 in
2917 827 3100 896 figuris
3139 836 3417 898 punctum,
3452 827 3598 896 quod
3638 842 3776 882 unus
3806 826 3861 880 in

2271 917 2527 972 numeris.
2561 917 2665 973 lsta
2691 931 2820 986 ergo
2847 919 2987 972 linea
3015 933 3140 987 quae
3169 918 3514 974 transversim
3550 918 3723 973 secari
3762 933 3862 985 po-

2271 1015 2398 1082 test,
2428 1009 2598 1065 scindi
2645 1025 2740 1080 per
2787 1010 3006 1078 longum
3054 1027 3160 1066 non
3202 1018 3403 1080 potest.
3436 1008 3574 1078 Quia
3602 1010 3785 1079 utique
3814 1010 3860 1063 si

2271 1100 2550 1167 scinditur,
2582 1101 2745 1155 habet
2772 1100 3143 1166 latitudinem;
3183 1117 3306 1156 cum
3341 1101 3570 1157 secanda
3599 1109 3697 1166 est,
3732 1116 3866 1170 pun-

2271 1199 2360 1245 cto
2408 1191 2661 1257 caeditur;
2710 1208 2833 1248 cum
2883 1201 3143 1262 punctum
3195 1193 3400 1248 scilicet
3446 1208 3552 1268 non
3599 1190 3860 1248 caedatur.

2272 1281 2566 1337 Perfectior
2594 1296 2723 1350 ergo
2762 1282 3040 1352 longitudo
3068 1283 3366 1347 latitudine,
3396 1283 3517 1352 quia
3548 1280 3774 1335 latitudo
3803 1290 3864 1334 et

2273 1373 2622 1430 transversim
2652 1381 2708 1427 et
2731 1373 2975 1428 directim
3004 1375 3201 1443 recipit
3219 1373 3529 1428 sectionem.
3563 1369 3861 1426 Perfectior

2274 1464 2500 1519 latitudo
2529 1465 2831 1531 altitudine,
2861 1466 2987 1533 quia
3016 1464 3242 1541 altitudo
3287 1479 3396 1518 non
3439 1463 3605 1517 solum
3634 1463 3760 1518 ﬁndi
3789 1479 3860 1518 ac

2274 1556 2465 1621 secari,
2499 1570 2685 1610 verum
2713 1564 2768 1610 et
2796 1571 2826 1609 a
2849 1556 3018 1612 latere
3045 1555 3176 1610 cmdi
3216 1563 3416 1626 potest.
3459 1553 3600 1622 Ergo
3634 1555 3860 1609 altitudo

2275 1645 2392 1700 sine
2421 1645 2702 1700 latitudine
2733 1653 2787 1699 et
2815 1645 3149 1713 longitudine
3177 1661 3296 1700 esse
3323 1661 3431 1701 non
3455 1653 3652 1714 potest.
3686 1645 3752 1699 Et
3771 1647 3866 1701 ubi

2277 1736 2393 1792 haec
2421 1736 2521 1790 tria
2551 1743 2694 1802 sunt,
2726 1735 2868 1792 haud
2895 1737 3056 1792 dubie
3084 1752 3279 1806 corpus
3309 1745 3412 1792 est.
3460 1735 3710 1793 Latitudo
3747 1737 3866 1792 sine

587 1837 712 1880 nem
751 1832 914 1892 atque
955 1824 1312 1880 altitudinem.
1359 1824 1522 1892 Igitur
1563 1825 1627 1889 si,
1675 1832 1734 1880 ut
1779 1824 1936 1882 fateri
1975 1827 2173 1880 veritas
2200 1829 2250 1892 Β
2278 1827 2614 1897 longitudine
2639 1844 2758 1884 esse
2787 1844 2895 1883 non
2936 1835 3131 1898 potest.
3166 1827 3469 1896 Longitudo
3495 1828 3612 1882 sine
3636 1827 3721 1882 bis
3744 1844 3866 1882 om-

587 1916 750 1982 eogit,
782 1915 925 1974 aliud
951 1923 1036 1972 est
1063 1915 1340 1984 longitudo
1367 1930 1528 1984 quam
1557 1915 1802 1978 altitudo,
1828 1917 2059 1985 seposita
2096 1917 2174 1971 la-

588 2004 815 2066 titudine
861 2004 1032 2061 solam
1077 2005 1808 2076 longitudinemcogitemus.
1841 2005 1965 2061 Scio
1995 2015 2174 2068 autem

586 2094 729 2156 hanc
755 2095 999 2157 eamdem
1038 2095 1239 2166 liquido
1280 2096 1517 2165 conspici
1559 2111 1667 2150 non
1708 2111 1826 2150 esse
1865 2096 2172 2162 multorum,

587 2201 747 2255 quam
776 2203 906 2246 cum:
932 2187 1164 2248 Marcius
1197 2203 1414 2258 quoque
1446 2188 1794 2258 philosophus
1823 2199 2045 2258 negaret
2069 2206 2176 2245 ma-

589 2278 880 2334 thematica
924 2278 1154 2336 Adrasto
1199 2295 1260 2335 se
1295 2279 1496 2344 videre,
1525 2296 1646 2338 cum
1693 2279 1864 2338 lineas
1903 2280 2176 2338 fabrorum

589 2369 800 2434 videret
823 2389 835 2423 :
861 2371 1046 2440 utique
1064 2387 1181 2429 non,
1195 2372 1390 2430 mirum
1417 2381 1518 2438 est,
1542 2375 1718 2444 inquit
1737 2375 2014 2439 Adrastus,
2032 2375 2179 2443 quod

590 2462 760 2520 babes
803 2464 998 2519 oculos
1029 2465 1231 2520 similes
1272 2464 1564 2531 fabrorum,
1610 2468 1881 2537 ingenium
1918 2468 2179 2524 dissimile

567 2555 908 2628 ,Pythagora:
932 2575 947 2623 ;
972 2557 1068 2616 sed
1087 2574 1195 2614 non
1224 2559 1421 2616 idcirco
1441 2561 1764 2616 tardioribus
1781 2561 2178 2631 desperandum

589 2657 691 2715 est,
713 2651 875 2708 modo
899 2652 986 2706 vel
1012 2652 1326 2708 auctoritati
1341 2652 1597 2708 cedamus
1623 2655 1718 2724 qui
1755 2654 2020 2710 rationem
2040 2653 2180 2709 forte

593 2757 700 2797 non
731 2744 992 2813 capimus.
1577 2755 1579 2757 ‘

602 2873 604 2876 -
660 2833 722 2888 ll.
757 2834 880 2891 llaec
912 2849 1042 2904 ergo
1077 2835 1146 2891 de
1173 2851 1280 2906 qua
1325 2837 1473 2907 loqui
1512 2839 1850 2894 institueram
1878 2838 2177 2906 longitudo,

589 2942 712 2982 eum
742 2927 902 2982 fuerit
925 2936 1125 2997 puncto
1155 2929 1404 2984 inchoata
1429 2939 1738 3008 punctoque
1766 2919 1958 2995 ﬁnita,’
1984 2945 2014 2983 a
2041 2928 2181 2984 Grut.

590 3017 667 3072 cis
695 3023 928 3093 γραμμή,
959 3033 989 3071 a
1021 3019 1220 3074 nostris
1249 3020 1386 3074 linea
1412 3019 1627 3075 dicitur.
1661 3019 1778 3075 Jam
1809 3036 1951 3076 nunc
1978 3021 2024 3074 si
2052 3019 2182 3089 quid

591 3106 662 3161 sit
691 3106 966 3174 longitudo
994 3109 1112 3164 sine
1138 3107 1474 3177 longitudine
1501 3123 1830 3177 cognoscere
1858 3109 2092 3172 valuisti,
2126 3117 2183 3165 et
2221 3108 2223 3110 ’

2282 1919 2441 1973 nibus
2469 1933 2589 1974 esse
2613 1919 2937 1988 potest,sed
2979 1919 3095 1983 sine
3143 1926 3342 1989 puncto
3381 1934 3503 1974 esse
3529 1934 3638 1974 non
3666 1928 3861 1990 potest.

2279 2007 2408 2063 Sine
2436 2008 2520 2062 bis
2548 2022 2678 2063 vero
2701 2017 2956 2077 punctum
2981 2024 3194 2078 semper
3215 2017 3318 2074 est,
3347 2025 3450 2073 nec
3467 2011 3784 2079 cuiuspiam,
3807 2018 3865 2071 ut

2278 2099 2370 2163 sit,
2397 2098 2616 2168 indiget,
2640 2099 2764 2167 quia
2788 2099 2944 2153 unius
2965 2099 3165 2154 nullum
3187 2107 3367 2168 potest
3385 2114 3504 2155 esse
3524 2100 3862 2170 principium.

2279 2188 2526 2246 Circulus
2554 2190 2714 2258 igitur
2743 2187 2850 2244 un'a
2877 2190 3174 2259 eademque
3201 2189 3548 2246 circumﬁexa
3592 2191 3649 2246 ﬁt
3677 2192 3815 2246 linea
3848 2211 3864 2244 :

2260 2281 2374 2345 sed
2403 2282 2543 2336 sicut
2571 2283 2625 2336 in
2656 2282 2878 2350 trigonis
2898 2289 2952 2336 et
2981 2283 3275 2351 tetragonis
3302 2297 3400 2352 per
3425 2283 3650 2350 angulos
3669 2291 3867 2353 puncta

2279 2382 2424 2437 sunt,
2457 2373 2659 2441 quibus
2681 2372 3137 2442 ﬁgurarumratio
3167 2374 3441 2440 consistit;
3472 2375 3547 2429 sic
3586 2376 3638 2429 in
3666 2375 3868 2431 circulo

2280 2462 2397 2532 ejus
2424 2463 2660 2518 medium
2683 2477 2883 2534 puncto
2909 2464 3288 2535 possidebitur,
3313 2472 3370 2520 ut
3391 2466 3619 2521 circulus
3645 2474 3764 2521 rata
3781 2466 3867 2522 di-

2281 2554 2564 2618 mensione
2607 2553 2885 2610 formetur.
2918 2554 3049 2608 Nam
3083 2571 3204 2610 cum
3245 2571 3410 2610 unum
3437 2557 3624 2611 circini
3659 2557 3868 2613 radituu

2282 2645 2484 2711 ﬁxeris,
2510 2656 2680 2716 atque,
2708 2648 2870 2702 alium
2911 2663 2942 2702 a
2982 2657 3169 2706 centro
3200 2651 3530 2707 extrinsecus
3559 2651 3865 2710 circumdu-

2283 2739 2457 2803 xeris;
2489 2738 2723 2804 attende,
2767 2748 3025 2808 quantum
3067 2749 3238 2811 potes,
3284 2743 3448 2797 centri
3493 2745 3786 2812 potentiam
3830 2760 3862 2798 a

2283 2829 2460 2892 stabili
2491 2829 2661 2895 radio,
2697 2829 2846 2884 illum
2875 2831 2965 2900 qui
2996 2831 3374 2900 circumagitur
3409 2832 3614 2886 radium
3652 2847 3866 2901 regere,

2266 2928 2341 2997 et
2377 2920 2484 2978 illic
2512 2921 2601 2975 ubi
2631 2921 2874 2978 localiter
2912 2937 3019 2988 non
3061 2928 3162 2987 est,
3210 2921 3572 2991 potentialiter
3611 2922 3870 2982 circulum

2285 3008 2532 3080 ﬁgurare.

2357 3101 2443 3157 IV.
2470 3101 2568 3158 llic
2594 3103 2641 3156 si
2660 3111 2884 3172 purgata
2912 3103 3106 3160 mentis
3127 3103 3372 3160 intendas
3391 3103 3527 3170 acie,
3551 3104 3870 3166 subnitilare

591 3195 790 3251 lineam
839 3197 1168 3267 longitudine
1206 3199 1410 3254 ﬁnitam
1456 3199 1718 3264 formasti,
1765 3200 1900 3256 duas
1949 3196 2183 3268 :equales
2210 3201 2257 3264 (Ξ
2288 3194 2383 3250 tibi
2409 3194 2519 3264 jam
2549 3193 2709 3249 debet
2736 3194 2866 3263 quid
2887 3195 2956 3249 sit
2985 3195 3182 3252 anima.
3215 3193 3347 3252 lllud
3377 3195 3540 3250 etiam
3583 3195 3737 3264 quale
3763 3203 3865 3260 est,

591 3285 762 3341 lineas
797 3286 1013 3341 sibimet
1051 3289 1360 3350 ἀντιστάτας
1391 3304 1425 3343 e
1452 3290 1674 3359 regione
1699 3291 1994 3356 constitue;
2036 3290 2181 3358 quod

593 3389 718 3430 cum
741 3375 948 3441 feceris,
974 3375 1212 3446 intellige
1231 3385 1296 3432 te.
1313 3377 1537 3447 ﬁguram
1563 3379 1770 3434 duabus
1790 3380 1946 3435 lineis
1967 3365 2182 3450 paribus

595 3481 711 3524 non,
735 3464 942 3522 fecisse.
977 3460 1176 3538 Figura
1204 3468 1349 3524 enim
1383 3467 1580 3524 dicitur
1604 3485 1727 3525 cum
1755 3470 1974 3540 paribus
2013 3472 2182 3542 impa-

595 3559 822 3614 ribusve.
864 3559 1018 3615 lineis
1061 3555 1324 3631 capitibus
1375 3577 1496 3618 sese
1549 3563 1983 3631 contingentibus
2033 3564 2182 3620 locus

572 3647 843 3703 ambitur.
875 3649 1094 3705 Duabus
1135 3664 1264 3720 ergo
1306 3652 1528 3721 paribus
1568 3651 1726 3707 lineis
1768 3653 1883 3708 sive
1914 3653 2181 3709 adversim

594 3740 805 3810 positis,
837 3739 951 3796 sive
977 3757 1009 3796 a
1036 3743 1212 3813 capite
1240 3744 1672 3812 contingentibus
1703 3744 1870 3814 ﬁgura
1899 3761 2007 3800 non
2036 3745 2182 3800 claup

594 3830 754 3886 ditur.
786 3828 979 3889 Tribus
1001 3820 1134 3889 [vero
1158 3835 1453 3904 aequalibus
1480 3835 1638 3890 lineis
1661 3835 1827 3903 figura
1852 3835 1910 3888 lit
1936 3837 2142 3902 trigona
2163 3876 2178 3901 ,

572 3929 650 3978 :et
693 3923 796 3980 hoc
840 3931 1040 3979 mternn
1079 3932 1244 3994 atque
1283 3924 1684 3982 indemutabilis
1724 3925 1860 3978 ratio
1902 3932 1990 3979 est
2035 3925 2182 3978 omni

595 4013 842 4068 humana:
881 4015 1048 4069 menti
1093 4015 1178 4069 vel
1225 4029 1332 4070 non
1379 4013 1666 4068 admonita:
1703 4013 1916 4069 clarens
1955 4012 2176 4081 liquido.

596 4101 844 4172 Nunquid
870 4118 997 4172 ergo
1028 4104 1197 4158 tribus
1225 4103 1384 4158 lineis
1409 4103 1626 4173 paribus
1650 4116 1769 4171 quae
1796 4110 1967 4157 semet
1995 4111 2181 4159 mutuo

585 4194 856 4266 capitibus
896 4202 1117 4262 tangunt
1156 4193 1273 4262 ﬁeri
1306 4209 1540 4263 unquam
1578 4193 1769 4260 ﬁgura,
1833 4193 1934 4246 nisi
1969 4193 2179 4262 trigona

594 4285 826 4354 poterit?
856 4283 965 4340 Aut
1003 4284 1145 4340 istud
1172 4284 1343 4352 magis
1370 4300 1513 4339 nunc
1548 4298 1732 4338 verum
1760 4279 1842 4337 ρει
1869 4297 2030 4352 quam
2060 4283 2175 4351 fuit,

595 4382 689 4428 aut
727 4389 844 4430 esse
889 4375 993 4430 hoc
1030 4389 1220 4428 verum
1248 4373 1536 4441 aliquando
1565 4375 1746 4444 coepit,
1778 4383 1870 4430 aut
1895 4375 2180 4444 aliquando

575 4464 772 4528 desiit,
796 4475 888 4519 aut
915 4481 1024 4520 non
1053 4475 1136 4520 est
1164 4464 1372 4519 facilius
1414 4481 1732 4545 corporeum
1762 4469 1983 4524 interire
2021 4484 2176 4524 mun-

2285 3284 2427 3356 (ξιιοά
2468 3287 2512 3340 si
2549 3301 2764 3342 sensum
2812 3289 3058 3356 corporis
3085 3288 3447 3354 consulamus,
3496 3304 3593 3358 per
3635 3287 3866 3343 medium

2285 3377 2546 3450 circulum
2571 3377 2690 3432 duae
2715 3382 2871 3447 pares
2899 3378 3054 3434 lineae
3067 3378 3295 3447 iunctim
3317 3379 3442 3434 duci
3465 3385 3626 3450 posée
3645 3377 3868 3433 credan-

2285 3475 2400 3533 tur;
2458 3484 2579 3532 cum
2607 3469 2745 3524 ratio
2776 3469 3052 3524 manifesta
3080 3470 3366 3532 convincat
3405 3485 3741 3540 nequaquam
3778 3485 3872 3540 per

2262 3559 2533 3634 eumdem
2573 3560 2804 3614 medium
2833 3561 2956 3626 duci
2993 3561 3127 3616 duas
3173 3577 3352 3631 posse,
3388 3562 3487 3616 nisi
3521 3577 3626 3615 una
3656 3563 3728 3616 sit
3750 3560 3873 3615 bre-

2260 3705 2262 3707 ,
2285 3650 2434 3712 vior?
2461 3649 2684 3706 Videtur
2726 3651 2875 3716 mihi,
2908 3651 3048 3705 sicut
3075 3651 3318 3721 superius
3341 3650 3407 3704 de
3434 3651 3646 3718 trigono
3673 3651 3865 3719 patuit,

2258 3797 2259 3802 η
2283 3740 2408 3795 istic
2447 3755 2663 3809 quoque
2691 3741 2874 3795 circuli
2910 3741 3048 3796 ratio
3073 3741 3432 3796 insolubilibus
3458 3746 3621 3807 atque
3645 3739 3864 3794 aeternis

2286 3848 2508 3888 manere
2536 3832 2742 3900 legibus
2770 3833 2994 3888 stabilis.
3028 3833 3107 3888 Tu
3128 3833 3249 3888 mihi
3280 3847 3415 3886 nunc
3439 3829 3586 3886 dhas
3609 3831 3791 3895 velim,
3816 3831 3866 3885 si

2280 3925 2386 3982 ista
2409 3924 2649 3981 localiter
2665 3926 2930 3994 conspicit
2950 3927 3146 3991 anima,
3174 3923 3300 3994 quid
3318 3937 3490 3982 causae
3511 3930 3614 3988 est,
3645 3933 3707 3977 ut
3730 3923 3869 3978 mihi

2285 4015 2502 4084 aliquod
2530 4015 2836 4083 rotundum,
2871 4017 3137 4086 trigonum
3166 4016 3246 4072 vel
3276 4024 3612 4084 tetragonum
3640 4015 3696 4069 in
3724 4015 3872 4070 occi-

2283 4106 2447 4161 dente
2480 4106 2548 4162 de
2593 4108 2911 4177 corporibus
2956 4107 3188 4164 formare
3233 4106 3493 4186 molienti,
3526 4105 3715 4160 eadem
3753 4105 3872 4164 sine

2285 4205 2495 4254 tumore
2523 4199 2610 4254 vel
2635 4208 2803 4267 motu,
2829 4200 2968 4260 ratio
2995 4199 3212 4258 rotundi
3239 4198 3332 4254 vel.
3361 4197 3561 4267 quadri.
3581 4211 3688 4253 non
3707 4196 3864 4261 desit,

2283 4304 2408 4351 cum
2445 4289 2634 4346 eodem
2672 4292 2930 4360 temporis
2957 4298 3156 4360 puncto
3185 4289 3479 4348 secundum
3506 4287 3740 4344 eamdem
3769 4301 3866 4340 ro-

2283 4379 2434 4440 tundi
2457 4390 2514 4438 et
2531 4381 2787 4451 quadrati
2805 4382 2978 4451 legem
3007 4383 3062 4436 in
3091 4382 3300 4440 oriente
3319 4380 3455 4436 alius
3479 4379 3628 4449 paria
3647 4377 3715 4432 de
3738 4391 3866 4433 cor-

2279 4472 2504 4542 poribus
2547 4473 2725 4528 valeat
2768 4472 3064 4534 fabricare?
3111 4472 3344 4535 Videsne
3379 4471 3465 4526 vel
3513 4470 3580 4525 de
3626 4469 3710 4523 bis
3747 4483 3868 4536 quae

593 4553 742 4618 dum,
767 4553 922 4622 cujus
950 4555 1136 4624 utique
1162 4554 1375 4611 turbidte
1403 4556 1712 4628 localesque.
1742 4558 1926 4615 formae
1956 4561 2177 4616 istarum
2201 4572 2260 4638 ι)
2280 4561 2623 4630 conspicatur
2661 4563 2861 4627 anima,
2889 4561 3016 4630 quid
3043 4563 3113 4617 sit
3138 4563 3286 4617 visus
3309 4561 3512 4626 animi?
3538 4558 3866 4625 lntelligisne

591 4641 884 4697 illocalium
924 4643 1446 4716 incorporaliunttque
1491 4655 1617 4702 sunt
1661 4658 1717 4704 et
1754 4650 1930 4719 imago
1977 4648 2177 4712 forma--

594 4748 735 4801 rum,
765 4748 926 4803 quam
956 4744 1014 4792 ut
1041 4737 1242 4808 aliquid
1269 4754 1338 4793 ex
1382 4739 1466 4796 bis
1511 4739 1598 4796 vel
1641 4741 1838 4796 variari
1864 4742 2062 4812 specie,
2094 4743 2180 4798 vel

593 4829 954 4885 transmoveri
983 4829 1122 4896 loco,
1157 4831 1243 4887 vel
1279 4832 1432 4891 senio
1470 4840 1824 4899 veterascere,
1850 4835 1937 4889 vel
1961 4849 2178 4903 quoquo

596 4927 756 4988 pacto
802 4921 998 4976 mutari
1042 4923 1237 4990 queat?
1279 4920 1356 4977 Ne
1401 4937 1530 4991 ergo
1571 4938 1669 4993 per
1706 4939 1892 4980 omnes
1939 4933 1991 4980 te
2020 4924 2179 4980 disci-

595 5011 754 5080 plinae
776 5013 928 5068 istius
956 5013 1209 5069 minutias
1230 5015 1458 5082 traham,
1491 5031 1628 5071 neve
1653 5017 2006 5074 intentionem
2030 5028 2174 5076 tuam

593 5103 649 5157 in
678 5103 1033 5175 aspectandis‘
1045 5106 1325 5175 planorum
1373 5108 1672 5174 ﬁgurarum.
1689 5108 1775 5162 vel
1802 5109 2061 5164 cuborum
2091 5111 2175 5166 vel

589 5195 990 5261 pyramidarum
1019 5197 1320 5252 rationibus
1349 5204 1558 5251 teneam
1589 5204 1812 5266 propter
1839 5199 2023 5254 circuli
2053 5215 2174 5269 per—

587 5281 906 5348 fectionem,
938 5285 1005 5339 de
1047 5303 1151 5342 una
1182 5296 1390 5343 tantum
1425 5287 1612 5356 ﬁgura,
1646 5293 1703 5340 ut
1731 5285 1904 5342 adhuc
1931 5288 2171 5358 fecimus,

594 5372 830 5428 breviter
853 5374 1244 5444 colloquamur.

589 5478 592 5484 '
664 5461 750 5517 Ill.
791 5462 1025 5520 Circuitus
1059 5465 1218 5524 ﬁte:
1257 5485 1363 5524 una
1399 5468 1558 5524 linea.
1589 5468 1695 5525 Sed
1729 5469 1851 5539 jure
1877 5485 2018 5525 nunc
2044 5470 2174 5526 illud

594 5554 970 5613 admoneberis
1004 5559 1148 5628 quod
1187 5560 1780 5624 lineasine-altitudine
1807 5569 1970 5631 atque
1997 5561 2174 5618 latitu-

668 5745 694 5772 ⁸
723 5736 806 5790 Al.
847 5750 1026 5797 neque.

2279 4653 2615 4722 intelligibile
2640 4665 2694 4710 et
2724 4655 3025 4722 intelligens
3052 4666 3391 4724 nequaquam
3423 4667 3583 4723 posse
3622 4649 3864 4718 sejungi?

2279 4745 2750 4807 Animadvertisne
2769 4748 2932 4802 etiam
2956 4745 3084 4814 quid
3113 4735 3324 4802 intersit
3360 4746 3500 4804 inter
3521 4743 3640 4798 illas
3666 4741 3869 4802 formas

2281 4851 2418 4905 quas
2435 4851 2664 4906 corpore
2688 4837 2978 4902 cernimus,
3007 4844 3060 4892 et
3079 4837 3210 4892 istas
3237 4849 3372 4904 quas
3391 4841 3573 4890 mente
3600 4833 3868 4910 conspici;-

2280 4931 2436 4984 mus?
2482 4931 2617 4986 Istas
2653 4946 2774 4986 esse
2818 4931 3203 5001 sempiternum
3250 4928 3539 4992 mundum,
3581 4927 3733 4996 cujus
3779 4925 3869 4980 hic

2269 5020 2513 5076 mundus
2541 5022 2717 5089 imago
2750 5023 2820 5077 sit
2845 5040 2858 5074 :
2889 5021 3030 5076 unde
3056 5020 3312 5076 divinitus
3339 5018 3542 5074 dictum
3563 5024 3646 5073 est
3678 5035 3688 5067 :
3716 5014 3869 5069 Prae-

2282 5112 2399 5166 terit
2425 5111 2595 5182 figura
2624 5113 2778 5182 hujus
2805 5111 2984 5166 mundi
3013 5110 3056 5182 (Ι
3085 5111 3202 5166 Cor.
3247 5127 3337 5175 vn,
3370 5109 3480 5178 ⁸51).
3516 5106 3868 5163 Videsetiam

2279 5202 2422 5270 quod
2446 5217 2569 5257 cum
2595 5203 2974 5270 longitudines,
2999 5201 3309 5257 latitudines
3334 5208 3392 5255 et
3409 5197 3720 5255 altitudines
3739 5211 3868 5251 cur-

2277 5307 2470 5361 porum
2498 5293 2637 5348 scire
2676 5293 2870 5347 nullius
2908 5291 3294 5362 propemodum
3325 5291 3395 5348 sit
3423 5288 3704 5353 momenti,
3736 5285 3875 5342 satis

2276 5397 2396 5438 esse
2423 5382 2586 5448 aliud,
2617 5382 2758 5438 unde
2784 5384 2914 5439 dicit
2942 5382 3232 5453 Apostolus
3264 5400 3277 5435 :
3312 5379 3564 5452 Oportere
3598 5395 3694 5434 nos
3719 5392 3875 5431 tione

2275 5474 2400 5545 quid
2420 5475 2487 5527 sit
2513 5474 2731 5528 latitudo
2759 5484 2809 5528 et
2838 5475 3124 5544 longitudo,
3149 5472 3437 5528 sublimitas
3473 5481 3534 5524 et.
3552 5468 3874 5540 profunda.

2270 5563 2497 5635 (Ep/les.
2520 5581 2595 5634 In,
2629 5564 2752 5636 l8)?
2779 5564 2918 5631 Quid
2954 5565 3100 5621 enim
3127 5563 3258 5620 mihi
3286 5562 3528 5634 proderit
3551 5561 3758 5631 uspiam
3786 5557 3872 5612 al-
