4238 6260
369 381 475 442 755

1531 383 1613 436 DE
1651 382 1731 437 ST
1736 383 1873 439 ATU
1914 382 2146 438 ΑΝΙΜΕ
2187 383 2312 439 LIB.
2354 384 2392 438 Ι.

3524 389 3626 443 754

371 499 655 555 titudinem
681 501 928 569 corporei
951 497 1071 552 cmli
1103 511 1361 566 quaerere,
1403 498 1681 566 planorum
1711 498 1946 552 siderum
1973 501 2021 561 Α
2051 514 2188 564 mus,
2220 511 2356 568 quas
2384 496 2565 553 videre
2611 497 2785 568 ipsum
2813 507 2895 555 est
2936 499 3122 571 utique
3149 513 3260 554 non
3287 498 3494 554 videre.
3527 498 3631 553 Ve-

370 590 716 662 δικστήματα,
739 591 823 646 vel
859 589 1176 644 circulorum
1216 589 1349 653 vias,
1381 589 1467 643 vel
1503 589 1835 656 singulorum
1865 590 1945 644 in-

369 681 593 738 tervalla
639 683 857 736 rimari?
893 681 1021 752 quid
1058 681 1230 750 spatia
1271 689 1428 734 terra:
1467 694 1811 748 cognoscere,
1861 682 1944 737 vel

367 772 548 844 abyssi
576 771 836 844 profunda
865 772 1180 841 penetrare?
1209 769 1325 824 Non
1355 769 1421 826 de
1450 771 1532 824 his
1562 786 1666 833 me,
1703 778 1764 824 ut
1799 785 1940 837 reor,

367 865 660 936 Apostolus
687 863 1065 919 commonitum
1095 861 1285 928 voluit,
1315 877 1434 932 quae
1463 877 1572 917 non
1600 862 1774 916 solum
1803 861 1948 916 labo-

366 957 513 1012 riosa
538 963 683 1020 sunt,
713 953 810 1009 sed
831 953 994 1008 etiam
1010 953 1202 1018 noxia;
1225 954 1272 1007 si
1298 969 1418 1008 cum
1447 969 1544 1024 per
1570 954 1683 1008 haec
1704 952 1768 1008 ad
1789 960 1945 1007 aeter-

366 1063 440 1101 na
484 1061 797 1116 semperque
841 1044 1113 1098 manentia
1163 1043 1546 1098 transeundum
1596 1043 1703 1108 sit,
1753 1042 1807 1096 in
1861 1041 1946 1095 his

365 1133 634 1194 baereatur
660 1144 822 1204 atque
849 1144 1209 1190 remaneatur.

441 1231 501 1285 V.
558 1228 848 1282 Revertere
888 1243 1032 1282 nunc
1077 1235 1237 1297 atque
1277 1229 1487 1289 intuere
1527 1241 1689 1280 omne
1726 1226 1943 1294 longum

363 1318 694 1388 longitudine
736 1318 954 1386 longum
997 1318 1132 1381 ﬁeri,
1183 1320 1350 1387 ipsam
1399 1333 1528 1372 vero
1558 1317 1943 1386 longitudinem

361 1410 577 1479 longam
605 1410 713 1465 dici
757 1425 870 1464 non
915 1425 1106 1479 posse;
1145 1418 1204 1463 ut
1242 1425 1402 1464 oume
1449 1419 1653 1464 castum
1693 1409 1944 1463 castitate

361 1509 569 1556 castum
594 1498 730 1564 ﬁeri,
764 1501 935 1569 ipsam
962 1516 1094 1556 vero
1120 1508 1323 1555 castam
1370 1517 1479 1554 non
1525 1501 1629 1554 dici
1677 1501 1943 1555 ullatenus

363 1593 683 1648 castitatem.
712 1589 848 1645 Cum
869 1604 1000 1659 ergo
1038 1607 1240 1646 meram
1281 1591 1668 1659 longitudinem
1697 1602 1941 1648 conten).

363 1684 500 1753 plari
545 1682 721 1752 cupis,
773 1689 865 1736 aut
904 1697 1026 1736 cum
1067 1682 1122 1735 in
1169 1683 1440 1749 trigonum
1467 1681 1552 1735 vel
1601 1681 1939 1749 hexagonum

325 1775 338 1788 '
365 1773 558 1827 mentis
583 1772 794 1827 oculum
824 1771 959 1840 ligis,
988 1771 1191 1841 projice
1212 1811 1226 1835 ,
1259 1778 1519 1840 quantum
1549 1771 1694 1825 vales
1716 1813 1729 1836 ,
1764 1787 1828 1825 ac
1856 1784 1942 1826 re-

2048 590 2262 644 ritatem
2290 595 2438 644 certe
2461 586 2488 626 δ
2503 588 2790 657 quaerimus
2821 606 2833 643 :
2856 605 2968 646 non
2987 590 3134 645 illam
3158 603 3258 661 per
3283 589 3455 660 spatia
3477 589 3629 644 loco-

2047 696 2166 736 rum
2209 690 2475 752 oportere
2524 682 2708 750 quaari.
2755 696 2867 736 non
2911 696 3011 752 per
3059 697 3376 753 corporeum
3429 680 3629 750 aliquid

2047 773 2279 827 aestimes
2301 771 2548 827 inveniri.
2586 770 2732 826 Satis
2757 786 2825 826 ex
2851 786 3080 842 corpore
3125 786 3238 827 non
3283 771 3458 828 solum
3501 778 3626 824 tau-

2047 863 2244 932 gendo,
2276 863 2369 918 sed
2408 863 2570 918 etiam
2599 861 2903 933 cegitando
2937 877 2996 918 se
3023 862 3296 933 separabit
3319 901 3334 926 ,
3378 863 3469 932 qui
3497 862 3624 917 huic

2049 951 2360 1007 adhaerebit.
2392 951 2610 1008 lllocale
2636 960 2786 1008 certe
2805 951 3112 1022 quaerimus,
3144 966 3254 1007 non
3279 950 3408 1005 illud
3447 964 3629 1020 quaeso

1997 1025 2009 1048 ⁸
2046 1057 2146 1112 per
2169 1042 2339 1098 locale
2365 1056 2686 1112 quaeramus.
2715 1042 2867 1098 Fecit
2890 1043 2991 1098 sibi
3016 1043 3129 1113 ipsa
3149 1041 3351 1097 veritas
3377 1039 3458 1095 sui
3478 1054 3628 1094 com-

2046 1140 2233 1203 potem
2281 1133 2706 1188 similitudinem.
2760 1131 2876 1189 Hoc
2922 1135 2976 1188 in
3015 1133 3173 1190 nobis
3220 1131 3507 1187 olleramus
3557 1130 3629 1184 illi

2047 1225 2192 1293 quod
2219 1224 2362 1279 fecit.
2397 1224 2514 1280 Non
2535 1226 2898 1280 conviciemur
2918 1226 3086 1282 Deum
3108 1234 3373 1288 nostrum,
3391 1225 3630 1279 dicentes

2047 1313 2124 1369 illi
2158 1333 2170 1368 :
2204 1316 2322 1370 Non
2350 1317 2571 1386 potuisti
2615 1316 2790 1372 facere
2833 1317 3033 1386 aliquid
3061 1317 3233 1372 simile
3261 1317 3357 1371 tui.
3391 1315 3525 1381 Quia
3572 1314 3617 1370 si

2046 1423 2247 1478 corpus
2271 1423 2387 1461 sum
2408 1449 2421 1471 ,
2456 1407 2642 1462 similis
2669 1408 2745 1462 tui
2776 1424 2885 1463 non
2926 1425 3064 1474 sum,
3109 1410 3233 1465 auia
3261 1408 3329 1463 de
3356 1407 3623 1462 nobismet

2046 1498 2176 1567 ipsis
2204 1513 2302 1552 nos
2329 1497 2418 1552 ille
2440 1498 2744 1553 convincet.

2600 1588 2830 1646 CAPUT
2866 1589 3053 1645 XXVI.

2046 1682 2258 1738 Secreta
2297 1682 2396 1736 Dei
2444 1682 2634 1737 locutio
2678 1683 3051 1807 ad.an‘iamam,
3097 1683 3317 1755 qualiter
3347 1699 3402 1738 se
3444 1683 3626 1737 debeat

2706 1768 2850 1807 3mm
2911 1771 2975 1807 rt.
3230 1775 3245 1786 ο

2706 1768 2850 1807 361861
2856 1768 2975 1807 tari.
3230 1775 3245 1786 °

365 1864 486 1932 iuge
511 1880 618 1918 non
660 1863 832 1918 solum
858 1877 1019 1918 omne
1053 1877 1391 1932 corporeum,
1423 1861 1529 1919 sed
1557 1862 1813 1930 quidquid
1865 1863 1940 1916 si-

2013 1875 2019 1923 :
2116 1868 2380 1938 Loquitur
2418 1868 2562 1922 enim
2607 1867 2660 1921 in
2707 1866 2923 1920 Silentia
2963 1865 3094 1920 mihi
3128 1867 3347 1932 veritas,
3397 1874 3452 1919 et
3495 1866 3626 1920 dicit

364 1957 490 2012 mile
520 1971 636 2011 esse
664 1965 842 2026 potest
861 1970 1142 2025 corporeo.
1175 1953 1242 2008 Et
1262 1969 1383 2008 cum
1406 1955 1700 2022 trigonam,
1730 1955 1811 2009 vel
1841 1955 1940 2008 tri-

367 2048 468 2102 bus
496 2049 708 2118 punctis
737 2063 801 2102 ac
845 2047 1014 2100 tribus
1059 2046 1245 2108 lineis,
1277 2046 1363 2099 vel
1405 2045 1692 2100 rotundam
1739 2053 1942 2116 puncto

367 2139 453 2192 vel
485 2139 624 2192 linea
654 2137 978 2193 conformari
1023 2136 1432 2206 incorporaliter
1472 2145 1632 2206 atque
1662 2136 1945 2190 illoealiter

366 2230 595 2296 videris;
627 2231 735 2283 vim
774 2244 989 2298 quoque
1026 2243 1090 2282 ac
1133 2228 1644 2297 supereminentiam
1690 2226 1942 2295 conspiee

366 2335 743 2383 numerorum,
777 2327 831 2374 et
861 2318 1096 2387 intellige
1136 2318 1441 2372 universum
1482 2332 1800 2388 corporeum
1842 2330 1944 2370 nuo

364 2412 620 2468 merabile
649 2426 742 2482 per
770 2425 1024 2466 numeros
1053 2410 1195 2474 ﬁeri;
1220 2410 1364 2480 ipsos
1390 2423 1516 2463 vero
1557 2423 1810 2462 numeros
1833 2422 1942 2462 non

363 2518 524 2573 posse
569 2502 859 2557 numerari.
905 2500 1038 2554 Nam
1066 2500 1186 2570 quis
1229 2516 1338 2554 non
1379 2499 1552 2554 dicam
1594 2498 1808 2567 eloqui,
1850 2491 1944 2553 sed

365 2597 600 2663 cogitare
625 2595 784 2664 digne
812 2593 1017 2656 valeat,
1062 2592 1206 2663 quod
1248 2606 1505 2646 numerus
1534 2607 1655 2645 cum
1683 2600 1708 2628 ⁸
1739 2605 1807 2644 ex
1835 2605 1944 2644 uno

364 2698 417 2744 et
446 2704 540 2758 per
569 2704 750 2753 unum,
767 2695 825 2741 et
852 2687 906 2741 in
933 2703 1042 2742 uno
1069 2687 1161 2752 sit,
1183 2685 1506 2756 principium
1534 2696 1715 2739 tamen
1741 2699 1802 2738 ac
1827 2684 1946 2740 ﬁnis

365 2779 502 2832 illius
525 2793 632 2831 non
660 2778 764 2832 sit?
794 2776 853 2830 Si
881 2777 1024 2830 enim
1053 2775 1344 2830 dixerimus
1371 2785 1537 2828 unum
1584 2776 1793 2829 numeri
1827 2790 1945 2831 esse

366 2870 704 2939 principium,
735 2867 902 2937 ipsius
943 2867 1099 2930 unius
1138 2865 1282 2936 quod
1329 2865 1566 2920 dicemus
1591 2881 1710 2922 esse
1750 2867 1946 2936 princi—

368 2961 550 3030 pium?
582 2958 722 3014 Ecce
751 2959 922 3016 habes
950 2959 1272 3028 principium
1319 2959 1527 3014 numeri
1565 2960 1618 3014 in
1660 2960 1942 3030 principio,

370 3061 429 3107 ut
458 3066 526 3104 ex
556 3051 670 3119 ipso
698 3050 768 3103 sit
807 3062 1079 3103 numerus.
1127 3047 1244 3102 Jam
1268 3064 1396 3103 vero
1427 3049 1471 3104 si
1498 3065 1782 3106 numerare
1809 3050 1945 3105 veli-

369 3164 504 3214 mus,
538 3148 723 3217 adjieis
743 3164 907 3202 unum
928 3149 1017 3202 uni
1045 3157 1105 3201 ut
1133 3147 1261 3202 ﬁant
1287 3147 1411 3214 duo,
1465 3154 1521 3202 et
1547 3163 1711 3202 unum
1738 3147 1946 3201 duobus

2043 1959 2176 2014 mihi
2207 1977 2218 2011 :
2252 1958 2330 2012 Tu
2351 1966 2498 2013 certe
2543 1958 2635 2026 qui
2664 1972 2859 2027 corpus
2887 1971 3005 2011 esse
3031 1965 3086 2010 te
3123 1955 3298 2011 credis
3321 1993 3335 2019 ,
3367 1956 3508 2010 unde
3537 1956 3620 2008 in-

2044 2067 2307 2122 corporeo
2328 2051 2492 2105 verbo
2517 2051 2717 2105 uteris?
2741 2047 2896 2103 Aliud
2920 2048 3081 2103 credo
3103 2055 3186 2102 est
3206 2047 3425 2102 verbum
3450 2055 3619 2110 tuum,

2045 2142 2096 2196 id
2141 2150 2241 2205 est,
2273 2140 2552 2196 consilium
2583 2148 2754 2203 tuum,
2786 2135 2928 2192 aliud
2954 2152 3059 2191 vox
3087 2136 3265 2200 verbi;
3309 2135 3452 2189 aliud
3483 2135 3624 2205 quod

2044 2240 2221 2295 sonat,
2254 2231 2397 2285 aliud
2422 2229 2565 2300 quod
2590 2229 2922 2298 intelligitur.
2971 2226 3104 2282 Nam
3133 2227 3273 2280 sicut
3299 2241 3405 2280 vox
3450 2230 3626 2295 potest

2045 2340 2166 2380 esse
2214 2324 2330 2379 sine
2366 2323 2552 2388 verbo,
2603 2322 2679 2374 ita
2727 2329 2808 2374 est
2836 2319 3057 2374 verbum
3101 2319 3218 2373 sine
3249 2330 3401 2372 voce.
3449 2313 3626 2369 Utitur

2046 2426 2226 2472 tamen
2273 2416 2506 2487 quodam
2555 2414 2871 2468 indumento
2913 2413 3062 2468 vocis
3090 2411 3315 2467 verbum
3348 2420 3515 2475 tuum,
3567 2414 3628 2462 ut

2045 2509 2261 2563 insonet
2289 2507 2538 2570 auribus;
2571 2505 2709 2559 sicut
2739 2517 2839 2572 ego
2885 2503 3200 2557 indumento
3229 2502 3424 2565 carnis,
3457 2509 3515 2553 ut
3542 2499 3619 2552 vi-

2045 2599 2206 2654 derer
2234 2595 2562 2650 hominibus.
2597 2593 2664 2648 Et
2702 2609 2820 2647 cum
2872 2592 3105 2661 loqueris
3134 2591 3449 2659 obsequium
3477 2589 3626 2644 vocis

2046 2705 2176 2745 aure
2204 2698 2362 2744 tenus
2389 2695 2552 2752 meat,
2576 2686 2797 2740 verbum
2827 2700 2954 2739 vero
2987 2683 3268 2738 illocaliter
3296 2681 3363 2735 ad
3392 2681 3624 2735 animam

2007 2828 2025 2843 .
2045 2789 2312 2852 permeat;
2346 2779 2470 2848 quia
2485 2778 2562 2832 sic
2588 2776 2656 2830 ad
2686 2777 2834 2830 illum
2863 2776 2946 2830 cui
2977 2773 3212 2842 loqueris
3242 2769 3627 2839 accedit,quod

2047 2891 2077 2929 a
2109 2883 2160 2928 te
2190 2873 2374 2941 utique
2411 2887 2520 2926 non
2558 2867 2780 2924 recedit.
2815 2865 2883 2921 Et
2931 2867 2976 2922 si
3025 2867 3338 2935 loquentem
3385 2871 3438 2917 te
3488 2879 3626 2916 unus

2051 2965 2314 3027 audierit,
2350 2969 2523 3018 totum
2560 2959 2783 3015 verbum
2834 2965 2984 3012 tuum
3025 2971 3191 3027 penes
3228 2963 3282 3009 te
3319 2960 3422 3020 est,
3454 2959 3630 3006 totum
3696 3017 3699 3021 η

2047 3053 2219 3128 penes
2249 3055 2414 3109 illum.
2449 3051 2516 3105 Et
2545 3051 2589 3106 si
2619 3050 2724 3105 duo
2757 3047 3051 3110 audierint,
3084 3053 3257 3101 totum
3290 3043 3530 3099 audiunt.
3564 3039 3631 3095 Et

1999 3131 2002 3134 i
2046 3152 2092 3206 si
2122 3149 2294 3215 multi,
2329 3153 2536 3210 totum;
2587 3151 2641 3198 et
2670 3141 2920 3197 omnibus
2950 3147 3122 3194 totum
3146 3179 3162 3204 ,
3194 3146 3247 3192 et
3276 3135 3497 3205 singulis
3545 3141 3630 3188 to-

368 3252 426 3298 nt
470 3243 604 3296 ﬁant
645 3241 764 3307 tria,
797 3249 852 3295 et
897 3255 1057 3294 unum
1105 3239 1274 3293 tribus
1313 3247 1370 3292 ut
1409 3238 1540 3294 ﬁant
1575 3247 1838 3307 quatuor;
1895 3244 1953 3294 et
1977 3240 2022 3304 C
2054 3251 2186 3308 tum,
2220 3248 2276 3295 et
2307 3238 2400 3292 tibi
2432 3244 2605 3292 totum
2636 3243 2737 3290 est.
2771 3233 2892 3287 Noli
2933 3232 2986 3285 in
3017 3239 3071 3284 te
3101 3219 3324 3309 perdere
3372 3237 3479 3282 tam
3518 3241 3632 3281 ma-

369 3335 618 3404 deinceps
665 3332 876 3400 quoties
930 3343 1093 3386 nnum
1140 3330 1676 3407 multiplicaverimus
1704 3371 1718 3395 ,
1788 3329 1950 3384 toties

369 3425 520 3495 quasi
554 3423 734 3477 multis
762 3420 988 3489 singulis
1023 3421 1078 3474 in
1107 3427 1314 3474 Summa
1345 3422 1631 3484 ducuntur,
1677 3427 1737 3472 ut
1774 3419 1952 3473 decies

370 3517 515 3571 ducti
544 3515 754 3579 decem,
781 3522 836 3568 et
865 3513 1027 3567 vicies
1053 3511 1274 3579 viginti,
1308 3521 1363 3565 et
1389 3513 1597 3566 centies
1637 3519 1874 3576 centum,
1899 3521 1954 3566 et

371 3609 563 3664 millies
589 3606 735 3661 mille
775 3604 1166 3660 nominentur:
1202 3610 1261 3655 ut
1297 3617 1556 3671 agnoscas
1597 3617 1812 3656 omnem
1855 3619 1952 3655 nu"-

372 3715 575 3755 merum
619 3699 692 3752 ita
717 3713 817 3768 per
846 3711 1013 3750 unum
1042 3709 1160 3750 esse
1178 3734 1192 3760 ,
1225 3693 1363 3747 sicut
1401 3709 1469 3746 ex
1499 3708 1608 3746 uno
1637 3692 1949 3761 procedere.

371 3793 503 3847 Illud
533 3807 662 3846 vero
701 3796 852 3860 patet
891 3789 958 3843 ad
1007 3789 1166 3841 linem
1217 3786 1466 3851 numeri,
1509 3785 1598 3854 qui
1648 3783 1821 3838 nullus
1873 3791 1957 3838 est

371 3899 609 3954 prorsus,
640 3881 808 3935 veniri
829 3895 940 3934 non
969 3886 1159 3949 posse;
1192 3878 1317 3946 quia
1347 3884 1495 3930 trans
1519 3890 1732 3930 onmem
1775 3889 1956 3930 nume-

374 3989 493 4027 rum
521 3972 611 4040 qui
640 3987 707 4026 ex
726 3987 853 4035 uno,
885 3977 941 4025 et
967 3985 1065 4041 per.
1091 3985 1274 4034 unum,
1307 3975 1359 4023 et
1389 3968 1442 4022 in
1471 3982 1579 4022 uno
1619 3974 1720 4034 est,
1744 3983 1957 4038 semper

377 4072 462 4119 est
488 4078 646 4116 unus.
672 4061 796 4114 Tria
825 4070 1004 4115 tamen
1032 4061 1131 4115 ista
1157 4068 1282 4115 sunt
1310 4076 1430 4114 cum
1460 4059 1708 4124 dicimus,
1736 4055 1800 4114 ex
1825 4076 1954 4125 uno,

379 4166 434 4213 et
461 4174 560 4228 per
587 4172 774 4221 unum,
800 4164 855 4211 et
881 4156 936 4209 in
963 4171 1070 4209 uno
1092 4157 1292 4224 pariter
1319 4163 1540 4209 mterna.
1576 4151 1808 4208 Proinde
1846 4154 1958 4207 illo-

377 4249 511 4306 calia
552 4247 750 4316 ubique
797 4254 933 4302 tota.
983 4243 1167 4300 Eidem
1197 4247 1408 4300 inlinito
1457 4260 1670 4316 semper
1703 4244 1952 4315 aequalia,

378 4343 502 4412 quia
540 4340 745 4396 nullum
774 4352 902 4392 vere
942 4353 1106 4391 unum
1134 4337 1323 4404 magus,
1371 4351 1603 4392 unumve
1633 4337 1807 4390 minus
1853 4343 1952 4388 est.

378 4433 504 4486 Haec
545 4438 672 4485 sunt
715 4444 1060 4484 numerorum
1099 4427 1430 4495 inchoantia,
1461 4427 1708 4482 ducentia
1732 4468 1746 4492 ,
1798 4426 1958 4496 perli-

377 4523 572 4580 cientia
601 4541 613 4574 :
646 4522 756 4590 ipsa
777 4536 878 4575 nec
904 4519 1178 4584 inchoata,
1209 4533 1310 4574 nec
1329 4527 1632 4578 numerata.
1661 4533 1762 4572 nec
1786 4517 1952 4571 linita.

2054 3348 2216 3402 gnum
2265 3345 2459 3399 munus
2506 3342 2714 3392 meum;
2765 3321 3169 3379 similitudinem
3216 3335 3422 3385 meam,
3472 3332 3632 3388 quam

2054 3425 2150 3478 tibi
2179 3420 2558 3490 benignissime
2590 3417 2770 3482 tribui,
2803 3423 2862 3470 ut
2890 3413 3124 3483 qualiter
3152 3410 3219 3465 ad
3248 3426 3334 3464 me
3364 3407 3631 3471 tenderes,

2054 3531 2162 3570 non
2193 3521 2344 3568 extra
2376 3519 2430 3566 te
2470 3523 2756 3578 qurereres.
2793 3503 2961 3558 Nemo
3003 3504 3138 3558 venit
3167 3501 3236 3552 ad
3264 3498 3494 3562 Patrem,
3523 3496 3623 3550 nisi

2053 3621 2146 3674 per
2175 3619 2256 3656 me
2299 3599 2478 3671 (Joan.
2529 3613 2634 3658 XIV,
2667 3594 2752 3663 6);
2785 3601 2839 3647 et
2885 3590 3051 3644 Nemo
3092 3588 3161 3641 ad
3199 3603 3299 3650 me,
3335 3586 3438 3637 nisi
3479 3599 3629 3674 quem

2054 3672 2219 3746 Pater
2238 3707 2379 3745 meus
2408 3685 2680 3742 attraxerit
2715 3682 2892 3752 (Joan.
2921 3697 2989 3742 γι,
3023 3679 3133 3747 At).
3157 3675 3224 3729 Et
3255 3690 3413 3728 nemo
3444 3672 3509 3726 ad
3538 3687 3626 3726 me

2057 3785 2141 3839 vel
2191 3785 2256 3838 ad
2299 3782 2515 3836 Patrem
2545 3777 2724 3840 venit,
2773 3774 2875 3828 nisi
2925 3772 3160 3827 charitas
3205 3765 3529 3822 dillundatur
3577 3765 3632 3818 in

2057 3875 2218 3931 corde
2247 3873 2363 3943 ejus
2393 3887 2489 3942 per
2517 3869 2775 3939 Spiritum
2806 3871 3069 3926 sanctum,
3099 3860 3192 3930 qui
3220 3875 3331 3914 non
3361 3858 3465 3912 nisi
3493 3856 3632 3911 bene

2057 3970 2316 4034 credenti,
2349 3967 2487 4021 bene
2534 3961 2768 4034 speranti
2817 3967 2871 4013 et
2899 3957 3040 4011 bene
3086 3952 3347 4023 qucerenti
3395 3949 3627 4004 dabitur.

2061 4075 2082 4101 υ
2117 4038 2195 4117 Ad
2227 4062 2384 4116 istam
2431 4072 2534 4127 qua
2565 4070 2702 4109 unus
2750 4053 2888 4106 Deus
2917 4057 2998 4104 est
3027 4061 3231 4110 sumus,
3275 4051 3333 4096 tu
3364 4042 3526 4096 homo
3557 4040 3634 4094 fa-

2057 4165 2173 4213 ctus
2204 4172 2280 4220 es,
2332 4153 2399 4208 ad
2428 4151 2743 4206 Trinitatem
2763 4187 2777 4212 ,
2811 4159 2932 4199 cum
2963 4141 3166 4196 dictum
3196 4146 3278 4194 est
3312 4155 3324 4190 :
3357 4133 3635 4188 Faciamus

2059 4249 2312 4303 hominem
2343 4245 2412 4298 ad
2440 4242 2719 4313 imaginem
2740 4245 2789 4291 et
2818 4231 3207 4289 similitudinem
3229 4236 3459 4283 nostram
3480 4224 3633 4297 (Gen.

2058 4356 2094 4407 ι,
2126 4338 2237 4407 26).
2271 4323 2566 4405 Introspuic
2597 4340 2649 4386 te
2678 4330 2743 4386 de
2774 4336 2826 4383 te
2856 4327 2989 4398 ipsa,
3021 4339 3054 4378 ο
3082 4323 3322 4377 humana
3352 4318 3551 4382 anima,
3584 4323 3639 4370 et

2057 4439 2113 4484 te
2143 4429 2211 4483 ad
2254 4443 2342 4483 me
2373 4428 2560 4481 nitere.
2597 4421 2728 4478 Vide
2777 4427 3015 4476 mentem
3064 4424 3232 4478 tuam,
3267 4411 3386 4466 vide
3413 4409 3638 4464 verbum

2060 4529 2244 4585 tuum,
2293 4517 2416 4572 vide
2465 4516 2794 4570 voluntatem
2849 4519 3016 4565 tuam.
3066 4506 3200 4561 Nam
3258 4512 3428 4562 totum
3457 4509 3539 4558 est
3586 4501 3639 4554 in

379 4616 575 4681 Credo,
618 4614 746 4684 quia
789 4614 1058 4683 sapientia:
1089 4611 1190 4666 Dei
1227 4629 1331 4666 non
1373 4621 1450 4665 est
1487 4627 1730 4664 numerus
1762 4612 1779 4679 (
1807 4608 1953 4664 Ρωι.
1987 4610 2245 4671 Dmente
2297 4604 2443 4675 quod
2469 4594 2736 4671 cogitas;
2768 4611 2828 4656 et
2852 4598 3004 4670 quod
3033 4606 3214 4654 totum.
3241 4594 3412 4650 simul.
3450 4592 3641 4648 memi-

376 4727 547 4774 cxcvr,
576 4708 652 4779 5).
685 4709 819 4764 Nam
847 4726 969 4766 cum
998 4726 1066 4765 ex
1095 4726 1224 4775 uno,
1258 4715 1313 4764 et
1341 4724 1438 4778 per
1466 4722 1650 4774 unum,
1683 4714 1740 4760 et
1764 4706 1816 4758 in
1847 4721 1956 4760 uno

375 4802 444 4854 sit
471 4816 744 4868 numerus,
775 4817 877 4858 nec
915 4803 1183 4856 numerari
1214 4801 1318 4854 nisi
1361 4799 1619 4854 trifariam
1649 4797 1818 4866 possit
1851 4797 1868 4866 (
1899 4805 1958 4850 ut

376 4905 471 4960 per
498 4891 747 4946 eumdem
778 4906 1059 4947 numerum
1107 4889 1401 4954 ordiamur,
1430 4901 1774 4942 numeremus
1812 4893 1869 4940 et
1897 4885 1958 4938 [i—

378 4983 585 5050 niamus
612 4984 652 5050 ),
686 4983 800 5053 ipse
821 4990 903 5039 est
931 4982 1202 5044 ternarius
1231 4989 1376 5036 totus
1397 5021 1413 5045 ,
1457 4993 1553 5049 per
1580 4992 1738 5046 quem
1783 4976 1959 5032 omnis

379 5081 463 5128 est
489 5088 760 5137 numerus.
791 5073 932 5130 Ecce
957 5073 1086 5144 quid
1129 5071 1340 5127 habitat
1378 5072 1434 5126 in
1470 5070 1648 5125 auitua
1673 5069 1906 5123 humana
1941 5087 1954 5124 :

379 5177 508 5218 ecce
547 5163 687 5232 quod
719 5162 1100 5221 oculmcordis
1121 5161 1304 5216 videre
1329 5175 1664 5216 .concessum
1709 5167 1810 5214 est.
1841 5158 1958 5224 Quo

379 5253 702 5324 dill'ugimus,
747 5269 856 5322 quo
902 5253 1272 5318 distrahimur,
1311 5269 1408 5308 cur
1434 5252 1490 5307 in
1535 5251 1804 5306 nobismet
1832 5250 1962 5320 ipsis

379 5351 530 5399 extra
567 5360 670 5400 nos
717 5345 934 5400 sumus?
978 5342 1089 5398 Cur
1137 5343 1368 5413 patriam
1422 5350 1662 5398 nostram
1719 5342 1962 5398 localiter

377 5436 684 5504 quaerimus,
712 5435 780 5489 de
803 5450 909 5503 qua
949 5435 1132 5502 utique
1177 5447 1288 5488 non
1334 5431 1674 5497 ambulando,
1706 5433 1799 5486 sed
1828 5448 1957 5500 pec-

378 5525 549 5582 cando
585 5526 961 5582 discessimus?
999 5523 1110 5580 Cur
1156 5522 1407 5579 tenebras
1453 5522 1738 5593 splendere
1784 5521 1959 5577 credi—

451 5671 477 5699 ε
504 5662 585 5716 Al.
614 5677 678 5715 ex
716 5677 794 5715 eo.

451 5731 479 5769 δ
507 5732 590 5784 ΑΙ.
614 5732 891 5785 credimus.

455 5811 476 5841 ⁸
507 5800 596 5858 Sic
616 5802 782 5858 editio
809 5800 1141 5858 Parisiensis.
1175 5799 1242 5854 At
1281 5795 1649 5863 Lugdunensis
1672 5801 1728 5851 et
1755 5793 1958 5850 Ortho-

2061 4699 2206 4763 nisti,
2225 4705 2396 4754 totum
2427 4693 2595 4749 simul-
2614 4692 2847 4762 cogitas;
2880 4697 2936 4743 et
2961 4689 3039 4742 vis
3069 4687 3306 4756 cogitare
3335 4692 3496 4752 atque
3523 4696 3639 4736 me-

2062 4792 2299 4854 minisse,
2329 4787 2437 4842 hoc
2465 4792 2565 4850 est,
2599 4799 2750 4838 amas
2786 4781 2986 4836 habere
3016 4785 3256 4832 mentem
3285 4782 3341 4829 et
3368 4772 3643 4842 cogitatio-

2061 4899 2205 4938 nem.
2251 4877 2647 4947 Cogitationem
2687 4888 2816 4942 ergo
2844 4880 2992 4928 tuam
3020 4884 3144 4924 cum
3182 4873 3362 4921 mente
3403 4862 3642 4930 comple-

2062 4973 2240 5038 cteris,
2275 4971 2381 5024 hoc
2425 4976 2527 5034 est,
2559 4982 2680 5022 cum
2731 4964 2969 5034 cogitare
3000 4969 3052 5015 te
3099 4954 3437 5017 memineris,
3472 4957 3640 5038 totam

2064 5035 2640 5128 certercogitationem
2697 5063 2809 5110 tota
2838 5059 3022 5107 mente
3076 5039 3506 5112 comprehendis.
3572 5035 3641 5090 Et

2067 5431 2312 5488 eamdem
2343 5438 2510 5485 totam
2531 5423 2918 5493 cogitationem
2955 5425 3104 5472 tuam
3132 5413 3326 5484 diligis,
3367 5429 3490 5470 cum
3527 5427 3644 5467 meo

2066 5522 2289 5577 minisse
2316 5530 2371 5576 et
2399 5517 2640 5586 cogitare
2669 5523 2724 5568 te
2767 5509 2962 5578 diligis.
2995 5507 3181 5564 Nullus
3215 5513 3299 5562 est
3336 5513 3528 5560 tamen.
3551 5499 3644 5569 qui

2063 5655 2212 5720 dox.,
2244 5657 2327 5708 Ad
2363 5658 2536 5715 istam,
2573 5651 2710 5722 quod
2739 5665 2872 5708 unus
2913 5647 3055 5704 Deus
3075 5661 3268 5713 sumus,
3290 5650 3344 5697 tu
3375 5643 3526 5699 homo
3564 5641 3648 5712 fa-

2064 5733 2175 5780 ctus
2197 5742 2270 5786 es.
2297 5725 2618 5785 Trinitatem,
2652 5728 2755 5776 etc.
