4238 6260
1214 268 1341 287 ντέ-

531 358 537 363 '
573 345 678 401 7Ξῦ

1827 335 2139 392 ΜΑΙΕΒΤΙ
2177 334 2543 391 CLAUDIAM

3727 334 3840 390 156

569 453 875 511 meminisse
903 459 957 505 et
986 449 1222 517 cogitare
1250 454 1303 503 et
1330 449 1435 502 hoc
1460 447 1634 517 ipsum
1662 461 1843 500 amare
1884 461 1994 501 non
2021 446 2142 501 dili-
2176 459 2216 515 Α
2246 456 2414 510 certo,
2445 456 2503 500 ut
2530 448 2577 500 si
2622 459 2806 500 earum
2849 454 3019 507 tuum,
3051 443 3188 499 sicut
3233 444 3349 514 ipse
3374 444 3529 511 dicis,
3557 445 3843 505 absentem

569 552 657 613 gat
691 563 703 597 :
734 556 859 598 cum
884 546 1066 595 autem
1097 537 1189 592 tibi
1221 537 1275 615 in
1310 544 1494 611 mente
1532 542 1615 591 est
1654 536 1916 591 memoria
1945 537 2142 604 cogita-

568 635 732 691 tionis
752 640 808 687 et
836 630 1036 687 amoris
1071 629 1168 693 tui,
1201 614 1265 683 si
1289 635 1441 705 tanta
1467 627 1557 682 illa
1617 626 1908 682 meministi
1944 634 2143 698 quanta

565 732 710 790 sunt,
741 729 890 779 tanta
912 729 997 778 est
1035 736 1191 777 mens
1237 729 1329 776 tua
1369 728 1571 790 quanta
1598 726 1730 775 sunt
1769 718 1879 773 illa.
1909 717 1978 772 Et
2021 734 2144 773 cum

568 815 909 872 dilectionem
939 811 1023 869 vel
1074 819 1314 869 mentem
1354 818 1501 867 tuam
1537 811 1778 879 cogitas,
1818 810 1865 865 si
1894 816 2042 864 tanta
2078 824 2144 864 ea

569 910 770 976 quanta
806 908 933 958 sunt
972 902 1212 970 cogitas,
1244 906 1394 955 tanta
1428 908 1513 955 est
1547 899 1804 968 cogitatio
1831 906 1921 953 tua
1947 907 2146 968 quanta

570 993 660 1048 illa
685 1000 829 1048 sunt.
874 990 942 1046 Et
970 991 1018 1046 si
1052 997 1295 1047 mentem
1320 989 1405 1045 vel
1452 989 1834 1063 cogitationem
1873 996 2147 1059 tuampro

569 1086 652 1141 sui
688 1084 853 1141 modo
888 1082 1083 1152 diligis,
1128 1082 1247 1136 hmc
1283 1088 1340 1137 et
1385 1096 1540 1158 amor
1580 1088 1701 1136 tuus
1736 1080 1963 1155 aequalia
2002 1088 2150 1135 certe

570 1186 715 1233 sunt.
744 1175 813 1231 Et
839 1176 884 1231 si
912 1190 972 1231 se
998 1173 1209 1251 singula
1232 1180 1346 1239 tota
1366 1172 1626 1251 simultvel
1657 1178 1862 1247 ament,
1886 1170 1970 1227 vel
1997 1170 2146 1238 cogi-

572 1276 690 1324 tent
720 1267 808 1323 vel
832 1250 1215 1330 meminerint,
1257 1278 1367 1320 non
1396 1262 1604 1331 majora
1640 1270 1800 1318 erunt
1838 1268 1950 1316 tota
1988 1260 2149 1316 simul

572 1360 695 1423 tria,
727 1372 890 1427 quam
919 1356 1004 1411 vel
1042 1369 1207 1410 mens
1225 1362 1340 1410 tota
1368 1353 1569 1424 pariter
1603 1352 1867 1429 recolens,
1897 1351 1980 1406 vel
2003 1351 2151 1419 cogi-

574 1451 705 1509 tatio
734 1457 847 1503 tota
874 1461 1223 1516 cognoscens,
1253 1445 1339 1499 vel
1368 1459 1522 1499 amor
1550 1452 1576 1480 λ
1607 1450 1717 1498 tota
1747 1443 1993 1510 diligens.
2025 1440 2150 1496 Haec

571 1547 627 1595 et
652 1540 706 1593 in
737 1546 790 1593 te
818 1552 938 1592 esse
965 1550 1032 1591 ac
1056 1536 1239 1606 potius
1267 1536 1369 1590 ista
1398 1543 1450 1588 te
1472 1548 1619 1599 esse,
1665 1548 1754 1589 me
1784 1533 1880 1587 tibi
1905 1532 2149 1588 radiante

574 1629 875 1698 cognoscis,
919 1627 965 1680 si
1000 1626 1119 1681 illos
1148 1625 1280 1680 mihi
1309 1624 1493 1681 oculos
1522 1616 1718 1693 quibus
1751 1638 1840 1679 me
1868 1624 2036 1679 videri
2076 1624 2153 1679 di-

572 1735 708 1789 gnor
734 1718 1019 1773 attuleris:
1053 1731 1392 1786 nequaquam
1432 1730 1520 1770 me
1546 1715 1630 1769 vel
1660 1714 2010 1784 incorporeus
2038 1714 2146 1769 nisi

2243 538 2470 606 cogitas,
2503 536 2702 592 ideirco
2738 535 2988 590 eumdem
3029 536 3154 604 quia
3198 534 3295 589 tibi
3322 535 3687 606 corporaliter
3729 555 3844 595 non

2245 637 2485 699 apparet,
2529 626 2717 683 credas
2762 626 3070 691 absentem;
3115 625 3264 695 quia_
3284 627 3332 680 si
3384 626 3482 681 tibi
3519 627 3574 683 in
3622 628 3714 684 illa
3754 631 3846 689 sui

2247 726 2399 789 parte
2426 733 2585 776 carus
2630 726 2734 784 est,
2764 732 2870 787 qua
2898 724 3126 786 uterque
3168 716 3419 773 homines
3435 716 3602 786 estis,
3633 728 3690 775 et
3731 735 3841 792 qua

2244 818 2455 865 vosmet
2478 809 2681 865 vicario
2710 823 2898 864 amore
2942 807 3178 877 diligitis,
3234 807 3311 863 ita
3342 808 3440 864 tibi
3468 809 3560 866 ille
3600 825 3846 881 prasens

2247 906 2348 965 est,
2379 907 2440 954 ut
2465 906 2524 954 tu
2553 900 2668 970 ipse
2693 900 2808 955 tibi.
2841 898 3110 969 Quidquid
3134 898 3281 955 enim
3309 907 3368 954 tu
3394 914 3457 955 es
3500 901 3840 958 substantia-
3911 892 3915 897 ’

2247 988 2389 1054 liter,
2420 988 2527 1044 hoc
2554 988 2645 1044 ille
2690 996 2795 1044 est.
2815 988 2979 1044 Visio
3009 989 3585 1061 vero‘intellectus‘est
3604 992 3840 1061 animm.

2250 1079 2322 1135 Si.
2351 1088 2405 1134 te
2440 1079 2610 1144 vides,
2642 1080 2789 1134 illum
2815 1078 2965 1135 vides
2993 1080 3085 1150 qui
3113 1080 3247 1136 nihil
3270 1087 3356 1135 est
3380 1080 3528 1136 aliud
3547 1096 3713 1151 quam
3742 1092 3835 1150 tu;

2248 1171 2340 1240 qui
2358 1171 2406 1227 si
2432 1171 2786 1242 corporaliter
2810 1172 3106 1238 assisteret,
3135 1186 3234 1242 per
3259 1173 3413 1241 signa
3433 1181 3584 1231 certe
3629 1190 3832 1247 corpo-

2249 1260 2323 1316 ris
2349 1260 2678 1329 agnitionem
2704 1261 2788 1316 sui
2808 1261 2905 1317 tibi
2931 1260 3153 1318 faceret.
3180 1260 3286 1319 Per
3316 1277 3438 1332 qua:
3461 1265 3505 1320 si
3533 1265 3659 1321 illud
3688 1267 3838 1324 forte

2249 1349 2484 1419 cepisses
2510 1348 2786 1417 indicium,
2809 1365 2917 1421 quo
2943 1350 3190 1408 eumdem
3221 1351 3319 1408 tibi
3349 1353 3613 1409 inimicum
3640 1357 3830 1425 potius

2250 1455 2368 1496 esse
2387 1455 2762 1510 cognosceres,
2794 1442 3136 1497 reverberata
3176 1443 3363 1513 utique
3408 1444 3684 1502 aﬂectuum
3732 1447 3821 1503 di-

2248 1533 2548 1604 sparilitate
2593 1533 2773 1588 anima
2820 1541 2910 1588 tua
2960 1533 3027 1589 ab
3065 1533 3184 1603 ejus
3212 1535 3390 1590 anima
3433 1536 3829 1607 quodammodo

2232 1624 2514 1690 resiliret,
2565 1626 2621 1679 e't
2654 1624 2707 1679 in
2730 1622 2846 1697 uno
2882 1625 3235 1694 corporaliter
3260 1625 3414 1692 loco,
3446 1635 3607 1697 atque
3651 1628 3708 1683 in
3736 1644 3831 1684 eo-

2248 1714 2391 1777 dem,
2421 1714 2466 1769 si
2494 1722 2673 1784 potest
2698 1713 2822 1780 dici,
2852 1714 3096 1783 vestigio,
3128 1715 3259 1770 satis
3280 1716 3487 1771 scilicet
3511 1718 3706 1774 essetis
3731 1734 3832 1773 vo.
3886 1724 3903 1737 '

574 1818 828 1881 purgatus
847 1808 1024 1875 videt;
1048 1806 1333 1878 quominus
1354 1804 1520 1860 videri
1545 1819 1634 1860 me
1653 1819 1685 1859 a
1707 1811 2145 1875 teputesposse,
2177 1806 2513 1887 Baluntatum
2540 1806 2851 1861 diversitate
2877 1804 3122 1875 sejuncti.
3146 1805 3301 1873 Quod
3345 1822 3467 1863 cum
3496 1808 3571 1863 ita
3603 1809 3695 1875 sit,
3724 1826 3831 1866 non

573 1902 619 1956 si
647 1901 880 1970 corpus?
905 1898 1017 1968 Ego
1046 1906 1101 1952 et
1127 1906 1281 1968 pater
1307 1906 1362 1952 et
1387 1897 1585 1952 caritas
1622 1904 1805 1951 nostra
1835 1913 1972 1952 unus
2009 1896 2150 1952 Deus

573 2004 759 2046 sumus
788 2008 801 2042 :
834 1996 892 2043 tu
919 2002 1072 2045 mens
1097 1986 1375 2041 rationalis
1389 1994 1444 2040 et
1464 1986 1685 2040 verbum
1714 1985 1797 2040 vel
1824 1985 2040 2043 dilectio
2060 1994 2152 2041 tua

576 2096 712 2135 unus
740 2095 799 2135 es
827 2080 1009 2146 homo,
1040 2078 1110 2134 ad
1148 2078 1548 2135 similitudinem
1592 2080 1828 2135 auctoris
1855 2081 1933 2135 tui
1960 2080 2149 2144 tactus,

577 2186 684 2226 non
712 2168 781 2224 ad
823 2169 1200 2238 aequalitatem,
1252 2176 1465 2225 creatus
1516 2184 1731 2240 nempe,
1762 2184 1871 2225 nou
1918 2170 2147 2239 genitus.

577 2258 861 2314 Formatus
887 2274 946 2315 es
971 2258 1103 2328 ipse,
1136 2274 1243 2313 non
1284 2257 1559 2314 formator.
1587 2257 1799 2314 Recede
1827 2258 1895 2313 ab
1924 2259 2008 2313 bis
2033 2274 2153 2328 qua:

577 2349 711 2403 infra
743 2357 796 2403 te
822 2357 964 2416 sunt,
1002 2349 1179 2405 minus
1218 2341 1400 2418 utique
1423 2347 1677 2415 formata,
1719 2350 1823 2404 hoc
1849 2357 1932 2404 est
1976 2350 2153 2405 minus

579 2440 809 2505 formosa
845 2455 1006 2510 quam
1046 2447 1102 2494 tu
1138 2454 1217 2495 es.
1238 2424 1457 2506 Accede
1478 2438 1788 2503 ,l‘ormatrici
1819 2438 2001 2495 fortuna
2043 2454 2153 2510 quo

580 2531 750 2601 possis
768 2546 887 2586 esse
913 2531 1214 2596 formosior,
1260 2522 1538 2600 eidemque
1581 2546 1797 2601 semper
1821 2530 2111 2601 adjtmgere
2135 2520 2179 2599 ς’

420 2656 425 2661 ο
496 2686 504 2691 ,
578 2625 702 2694 quia
731 2632 881 2679 tanto
910 2623 977 2678 ab
1006 2624 1094 2678 illa
1142 2623 1341 2695 speciei
1368 2623 1596 2694 amplius
1639 2624 1840 2694 capies,
1870 2632 2072 2692 quanto
2103 2632 2155 2678 te

580 2713 654 2769 illi
682 2714 921 2769 caritatis
958 2714 1194 2785 pondere
1220 2714 1390 2782 magis
1417 2713 1769 2784 impresseris.
1819 2712 1900 2767 Ab
1927 2710 2018 2767 illa
2043 2712 2154 2768 sci--
2180 2738 2185 2741 -

580 2804 704 2858 licet
730 2804 997 2869 obtinebis
1025 2804 1270 2874 imaginis
1298 2803 1456 2875 hujus
1479 2802 1912 2858 indemutahilem
1933 2809 2151 2868 statum,

580 2912 609 2948 a
639 2911 743 2967 qua
771 2895 1046 2967 sumpsisti
1091 2896 1429 2967 principium.
1482 2893 1609 2950 Haec
1653 2892 1708 2949 et
1755 2893 1880 2948 talia
1921 2893 2154 2963 loquitur

531 2999 537 3005 ‘
581 2986 780 3040 veritas
807 2985 873 3040 ad
908 3000 1093 3040 aurem
1122 2982 1309 3041 cordis
1332 2985 1681 3051 intrinsecus,
1714 2983 2009 3039 admonens
2033 2998 2151 3048 nos,

583 3081 639 3127 ut
657 3074 799 3142 quod
827 3076 893 3129 ad
918 3075 1320 3133 similitudinem
1351 3076 1656 3146 incorporei
1685 3076 1799 3141 Dei,
1820 3066 1827 3073 ’
1845 3091 1954 3131 non
1982 3075 2048 3131 ad
2075 3076 2151 3130 si—

2252 1897 2486 1951 arbitror
2510 1896 2720 1951 animos
2739 1896 3167 1964 sequestratione
3187 1895 3379 1965 disjici,
3428 1912 3568 1967 quos
3594 1899 3832 1957 videmus

2247 1984 2447 2054 junctis
2468 1984 2786 2058 corporibus
2804 1999 2982 2055 posse
3006 1986 3262 2055 separari.
3293 1986 3371 2042 Ae
3397 1988 3622 2058 perinde
3644 2005 3833 2059 parum

2252 2082 2353 2139 cst,
2382 2075 2526 2143 quod
2551 2073 2790 2129 eﬂlciunt
2823 2089 3062 2145 corpora.
3075 2076 3274 2130 mutuis
3301 2077 3606 2133 animorum
3630 2089 3832 2150 reprae-
3856 2108 3894 2141 -,

2250 2164 2658 2229 sentationibus,
2685 2164 2732 2219 si
2760 2179 2869 2220 non
2897 2172 2990 2218 aut
3015 2179 3114 2234 per
3138 2164 3329 2220 eadem
3359 2166 3414 2221 in
3440 2183 3502 2223 se
3537 2170 3715 2238 imago
3742 2169 3836 2227 Dei

2252 2253 2527 2322 qumritur,
2558 2261 2652 2307 aut
2680 2253 2795 2323 ipsa
2822 2262 3147 2324 quaarantur.
3179 2240 3433 2311 Miserum
3471 2271 3708 2329 namque
3752 2268 3837 2314 est

2252 2344 2585 2414 multumque
2604 2360 2737 2400 vero
2778 2345 3124 2410 contrarium,
3175 2354 3235 2401 ut
3276 2346 3452 2417 imago
3477 2346 3593 2413 Dei,
3636 2349 3690 2404 id
3728 2358 3855 2417 est,.

2252 2450 2411 2491 verus
2437 2436 2619 2504 homo,
2650 2450 2750 2506 per
2775 2450 2973 2507 corpus
3000 2437 3181 2507 potius
3205 2452 3362 2508 quam
3388 2454 3487 2510 per
3510 2455 3572 2495 se
3615 2456 3829 2511 quiera-

2254 2535 2360 2582 tur.
2390 2526 2494 2582 Per
2520 2542 2579 2583 se
2602 2535 2782 2583 autem
2805 2528 3065 2597 quaeritur
3085 2540 3244 2600 atque
3268 2532 3628 2600 cognoscitur,
3658 2534 3703 2588 si
3731 2549 3829 2604 per

2254 2617 2545 2686 imaginem
2592 2618 2687 2674 Dei
2732 2619 3009 2689 quaeritur.
3059 2620 3237 2691 Imago
3281 2631 3455 2678 autem
3504 2624 3621 2692 Dei,
3652 2627 3828 2682 omnis

2254 2708 2430 2761 anima
2456 2708 2740 2763 rationalis
2765 2718 2868 2764 est.
2919 2708 3151 2766 Proinde
3195 2713 3287 2781 qui
3325 2728 3383 2768 se
3422 2714 3704 2785 imaginem
3731 2717 3828 2774 Dei

2208 2794 2219 2805 ’
2253 2801 2464 2869 quaerit,
2494 2808 2602 2856 tam
2630 2816 2690 2857 se
2716 2816 2876 2872 quam
2904 2804 3209 2873 proximum
3231 2808 3447 2874 quaerit.
3479 2805 3547 2862 Et
3572 2810 3665 2880 qui
3684 2809 3829 2865 illam

2256 2891 2309 2946 in
2332 2907 2394 2948 se
2418 2893 2708 2962 qurerendo
2734 2896 3066 2965 cognoverit,
3098 2897 3151 2952 in
3180 2898 3327 2953 omni
3350 2899 3593 2957 eamdem
3610 2902 3837 2960 homine

2254 2983 2608 3051 recognoscit.
2659 2983 2739 3039 Tu
2775 2992 2954 3041 autem
3001 3002 3110 3043 non
3152 2982 3423 3053 immerito
3449 3007 3634 3049 carum
3681 3004 3831 3053 tuum

2254 3072 2528 3129 absentem
2557 3082 2611 3130 te
2638 3076 2838 3132 habere
2863 3078 3130 3144 causaris,
3160 3080 3215 3135 in
3260 3096 3371 3151 quo
3413 3098 3609 3155 corpus
3632 3086 3824 3157 diligis.

582 3160 933 3218 militudinem
956 3166 1201 3233 corporei
1231 3165 1414 3239 mundi
1438 3165 1559 3257 facti
1580 3179 1787 3257 sumus,
1808 3152 2154 3235 incorporeos
2258 3163 2366 3220 Nec
2391 3165 2536 3221 aliud
2561 3180 2722 3238 quam
2750 3175 2946 3240 corpus
2972 3170 3194 3240 diligere
3237 3173 3291 3229 in
3335 3174 3430 3231 illo
3468 3152 3641 3247 potes,
3670 3152 3825 3252 quem

582 3266 679 3306 uos
702 3267 823 3307 esse
845 3268 1249 3322 cognoscamus,
1277 3271 1384 3310 non
1408 3256 1580 3310 solum
1608 3252 1733 3326 quia
1760 3255 1873 3311 Deo
1890 3258 2154 3327 incorpo-

583 3356 676 3396 reo
700 3341 901 3398 similes
926 3358 1136 3412 sumus,
1167 3343 1263 3399 sed
1300 3344 1465 3399 etiam
1502 3344 1625 3414 quia
1664 3358 1929 3414 corporeo
1959 3344 2156 3402 mundo

583 3433 879 3490 dissimiles.

670 3510 675 3519 ’
1125 3522 1352 3581 CAPUT
1388 3523 1598 3583 XXVII.

584 3614 732 3682 Quod
784 3616 991 3689 quilibet
1045 3614 1226 3672 absens
1283 3634 1497 3690 corpore
1554 3633 1728 3672 carum
1786 3634 1928 3672 suum
1990 3627 2157 3673 mente

1271 3688 1460 3742 videat.

654 3797 791 3855 Ecce
815 3800 883 3855 de
906 3809 1048 3856 statu
1076 3801 1157 3857 vel
1184 3802 1391 3858 visione
1433 3802 1712 3859 rationalis
1750 3794 1939 3859 anima:
1982 3801 2158 3857 inﬁni-

585 3897 757 3944 tarum
802 3905 902 3960 pro
942 3890 1251 3959 qmestiouis
1290 3892 1655 3960 magnitudine
1680 3893 1971 3957 rationum,
2001 3894 2157 3948 tactis

584 3977 818 4034 breviter
860 3979 1040 4049 potius
1084 3980 1261 4034 causis
1297 3994 1458 4049 quam
1496 3982 1626 4035 satis
1671 3974 1840 4050 usque
1883 3980 2151 4046 discussis,

584 4069 815 4149 arbitror
834 4086 919 4126 me
946 4070 1014 4126 de
1040 4070 1347 4129 illocalitate
1385 4083 1544 4145 atque
1575 4076 2008 4145 incorporalitate
2034 4075 2152 4141 ani-

584 4175 683 4214 mm
710 4158 977 4219 suﬂiciens
1003 4163 1215 4220 dedisse
1251 4180 1583 4235 responsum.
1620 4164 1698 4220 Tu
1727 4181 1870 4220 nunc
1897 4165 1969 4219 ita
1999 4165 2157 4234 longe

582 4250 890 4322 disparilem
943 4253 1184 4322 infraque
1235 4256 1465 4325 positam
1520 4255 1797 4311 evidenter
1854 4254 2157 4325 intelligens

583 4355 899 4399 cumoream
935 4344 1219 4411 visionem,
1261 4339 1370 4399 non
1399 4345 1624 4401 ulterius
1669 4344 1773 4401 isto
1807 4346 2030 4417 jacteris
2074 4348 2157 4403 in-

714 4500 797 4553 Al.
826 4510 980 4555 totus.

2257 3270 2363 3310 non
2391 3257 2565 3312 credis
2591 3272 2711 3313 esse
2740 3260 2841 3315 nisi
2869 3275 3083 3331 corpus.
3128 3261 3300 3331 Dilige
3348 3264 3517 3322 Deum
3543 3275 3707 3335 tuum,
3750 3269 3827 3325 di-

2257 3342 2360 3413 lige
2389 3345 2442 3400 in
2468 3345 2580 3403 Deo
2616 3354 2710 3402 tuo
2748 3362 2934 3403 carum
2974 3358 3152 3417 tuum,
3180 3353 3470 3423 imaginem
3496 3355 3595 3414 Dei
3620 3361 3716 3415 tui.
3739 3358 3832 3416 Ille

2259 3445 2310 3491 te
2350 3436 2571 3507 perinde
2611 3437 2882 3507 diligendo
2910 3439 3075 3495 Deum
3104 3442 3158 3497 in
3204 3441 3316 3501 Deo
3362 3445 3566 3518 diligat.
3605 3439 3663 3507 Si
3689 3460 3834 3508 uter-

2255 3543 2361 3599 que
2386 3545 2552 3586 unum
2579 3531 2840 3601 quarritis,
2870 3533 2938 3587 ad
2967 3541 3130 3590 unum
3177 3536 3428 3606 tenditis;
3457 3556 3672 3613 semper
3698 3544 3834 3615 apud

2259 3622 2487 3679 invicem
2533 3623 2703 3690 eritis,
2748 3625 2873 3695 Quia
2915 3624 2969 3679 in
2998 3639 3107 3681 uno
3155 3628 3463 3686 consistitis.
3506 3630 3625 3687 Non
3654 3643 3870 3706 autem,

2253 3715 2412 3772 video
2433 3716 2578 3788 quod
2607 3716 2722 3772 ﬁeri
2764 3725 2946 3787 queat,
2985 3727 3055 3772 'ut
3097 3727 3321 3790 corpora
3370 3721 3420 3775 in
3450 3737 3610 3777 unum
3650 3725 3832 3793 posita

2255 3806 2539 3874 prmsentia
2569 3806 2670 3861 sibi
2698 3810 2817 3861 eese
2844 3808 3069 3878 possint,
3100 3816 3154 3864 et
3179 3808 3336 3863 animi
3372 3808 3428 3863 in
3454 3790 3827 3883 unopraesen-
3859 3790 3867 3797 ’

2258 3903 2337 3949 tes
2360 3896 2464 3950 sibi
2491 3910 2614 3950 esse
2642 3910 2749 3951 non
2779 3898 3003 3965 possint.
3036 3897 3138 3954 Sed
3168 3898 3420 3978 quoniam
3464 3881 3598 3977 liber
3621 3881 3724 3959 iste
3746 3882 3830 3956 ii-

2255 3999 2379 4038 nem
2407 3983 2630 4053 tlagitat,
2661 3977 2729 4041 eo
2757 3987 2901 4056 quod
2947 3977 3211 4058 aliquibus
3244 3989 3528 4061 superﬁcie
3563 3999 3723 4048 tenus
3750 4002 3835 4048 at-

2259 4077 2437 4140 tactis,
2469 4077 2762 4148 quamlibet
2783 4079 2950 4135 multa
2980 4081 3259 4138 brevitatis
3285 4082 3464 4140 studio
3503 4084 3665 4140 missa
3689 4084 3834 4141 fece-

2259 4167 2380 4233 rim,
2406 4182 2515 4223 non
2544 4174 2727 4226 tamen
2766 4172 3013 4227 omnibus
3058 4187 3157 4242 pro
3203 4161 3381 4253 causa:
3406 4176 3717 4232 excellentia
3745 4193 3834 4233 su-

2258 4259 2469 4330 persedi
2501 4277 2515 4314 :
2544 4275 2666 4331 qua:
2690 4270 2814 4333 post
2858 4263 2983 4319 hinc
3025 4263 3346 4335 disputanda
3387 4276 3530 4335 sunt,
3574 4268 3833 4341 principio
3862 4330 3866 4339 ,

2256 4350 2476 4406 secundi
2500 4352 2784 4411 voluminis
2803 4353 3093 4411 ordiamur.

668 4596 3795 4635 ——___—_..___________..___.________._______

1518 4692 1989 4802 LIBER
2057 4677 2878 4801 SECUNDUS.

1217 4852 1448 4910 CAPUT
1485 4853 1524 4910 I.

655 4980 759 5039 Cur
794 4980 934 5040 Deus
956 4993 1060 5041 tam
1079 5000 1214 5057 sape
1238 4991 1524 5060 oppugnari
1550 4991 1810 5044 veritatem
1828 4989 2076 5058 patiatur.

650 5117 1028 5186 Saepenumero
1046 5133 1254 5175 mecum
1275 5122 1543 5190 reputanti
1564 5118 1692 5174 mibi
1720 5131 1955 5185 quonam
1992 5129 2150 5189 pacto
2174 5136 2179 5139 ‘

582 5205 1026 5263 excellentissima
1082 5210 1280 5265 veritas
1345 5218 1550 5264 tantum
1601 5207 1932 5262 inimicorum
1978 5220 2151 5266 semet

582 5290 783 5345 habere
800 5294 1031 5362 sciverit,
1053 5307 1176 5367 post
1196 5299 1420 5355 multum
1438 5298 1507 5353 de
1526 5300 1627 5353 hac
1645 5296 1831 5351 eadem
1850 5300 2147 5366 qtuestione

550 5402 553 5403 ν
583 5388 867 5437 tractatum
894 5392 1002 5440 non
1029 5387 1393 5457 improbabilis
1424 5389 1581 5454 ratio,
1612 5387 1766 5443 sicuti
1809 5401 1949 5452 reor,
1981 5403 2147 5458 appa-

582 5473 689 5529 ruit
721 5489 734 5525 :
765 5474 945 5529 omnia
971 5477 1176 5534 scilicet
1209 5480 1596 5549 dignbscuutur
1632 5479 1822 5535 melius
1849 5482 2149 5536 contrario-

581 5577 701 5619 rum
719 5566 1135 5634 cutnparatione.
1166 5567 1255 5633 Sic
1297 5569 1545 5640 equidem
1585 5571 1761 5627 lumen
1791 5569 2042 5633 tenebris,
2072 5570 2151 5626 sic

582 5654 692 5710 vita
731 5657 910 5724 morti,
939 5660 1017 5715 sic
1042 5660 1241 5716 veritas
1269 5661 1507 5739 falsitati.
1525 5665 1822 5733 composita
1851 5662 1969 5735 plus
1998 5662 2146 5717 dele-

581 5743 985 5812 cmv~~0tluvtuit
1010 5751 1171 5818 igitur
1196 5752 1357 5809 hasce
1380 5750 1661 5807 distantias
1704 5772 1803 5826 pro
1842 5757 1953 5811 suis
1979 5754 2149 5827 quali:

2178 4862 2232 4924 ι)
2256 4853 2458 4909 tatibus
2477 4854 2579 4909 sibi
2602 4863 2881 4926 compotes
2921 4856 3104 4913 sortiri
3140 4867 3418 4929 patronos,
3471 4868 3528 4915 ut
3574 4876 3675 4917 nec
3715 4863 3855 4918 falsi-

2253 4946 2448 5001 lateret
2487 4942 2758 5011 defensor,
2803 4961 2902 5003 nec
2929 4947 3042 5003 veri
3088 4956 3303 5005 vacaret
3348 4957 3606 5006 assertor.
3648 4951 3835 5023 Itaque
3868 4980 3873 4985 -

2255 5034 2407 5090 ﬁeret
2434 5042 2493 5088 ut
2517 5048 2619 5088 nec
2649 5034 2738 5089 ille
2762 5037 2934 5105 magis
2977 5047 3198 5095 noceret
3237 5040 3501 5105 occultus,
3548 5056 3650 5096 nec
3692 5043 3834 5097 otio—

2250 5140 2342 5181 sus
2362 5125 2464 5181 iste
2481 5133 2739 5193 torperet.

2863 5217 3093 5274 CAPUT
3128 5218 3193 5274 ll.

2253 5305 2521 5370 Quomodo
2549 5302 2853 5380 philosophi
2885 5308 3078 5380 Διιιειτιάὶ
3117 5309 3477 5380 indagaeerint
3516 5312 3782 5367 veritatem
3808 5352 3825 5378 ,

2426 5373 2782 5447 gradatimque
2824 5377 2895 5432 ad
2934 5376 3102 5432 Deum
3122 5373 3279 5451 usque
3305 5382 3647 5450 pervenerint.

2321 5486 2360 5540 l.
2404 5485 2472 5540 Et
2497 5485 2749 5556 quoniam
2776 5489 3080 5546 mortalium
3098 5492 3284 5560 generi
3311 5499 3501 5547 natura
3540 5493 3726 5549 datum
3747 5500 3832 5549 est

2252 5586 2312 5634 ut
2331 5580 2575 5634 abstrusa
2605 5577 2795 5634 fortius
2820 5589 3046 5650 quaerat,
3077 5593 3136 5639 ut
3164 5593 3357 5652 negata
3405 5585 3827 5661 magisambiat,

2251 5678 2312 5725 ut
2331 5670 2535 5724 tardius
2560 5667 2751 5740 adepta
2786 5673 2904 5744 plus
2930 5674 3143 5744 diligat;
3175 5685 3232 5731 et
3258 5692 3327 5731 eo
3348 5675 3659 5746 ﬂagrantius
3677 5692 3830 5733 ame-

2253 5766 2339 5813 tur
2366 5759 2562 5816 veritas
2589 5773 2699 5830 quo
2726 5762 2811 5817 vel
2837 5763 3037 5822 diutius
3067 5764 3407 5822 desideratur
3477 5769 3561 5824 vel
3590 5768 3825 5825 laborio-
