4238 6260
312 373 418 430 ’157

1510 361 1594 418 DE
1630 355 1853 417 STATU
1893 353 2130 411 ANlM/E
2171 355 2297 410 LIB.
2339 354 2402 408 ll.

3487 361 3591 416 738

311 489 423 544 sius
463 485 740 555 quaeritur,
771 483 856 540 vel
902 481 1106 538 tardius
1145 478 1414 535 invenitur
1467 495 1481 530 :
1531 477 1658 532 hinc
1704 474 1905 530 factum
1934 474 1986 536 Δ
2008 471 2254 540 judicare
2282 479 2337 525 et
2359 468 2614 538 judicari,
2645 485 2871 541 corpora
2914 472 3141 548 judicari
3181 487 3280 528 nec
3324 473 3585 542 judicare.

313 586 398 635 est
454 584 514 631 ut
563 574 867 646 philosophi
919 587 1134 643 quoque
1186 569 1579 626 excellentibus
1630 567 1858 636 ingeniis
1881 606 1898 629 ,

313 666 644 724 multimodis
669 663 956 729 doctrinis,
986 661 1346 732 pugnantibus
1387 657 1694 722 sententiis,
1727 656 1903 724 longis

313 757 525 816 saeculis
551 757 622 814 de
647 756 834 814 eadem
861 754 1088 810 veritate
1115 759 1446 822 quzerentes,
1497 751 1565 805 ab
1587 741 1759 819 usque
1799 746 1903 819 Py-

316 850 542 918 thagora
588 847 771 902 Italico
796 845 883 900 vel
921 844 1102 900 Ionico
1149 842 1375 898 Thalete
1423 855 1636 911 semper
1679 839 1904 894 exstite-

315 942 445 1007 rint,
476 941 568 1009 qui
604 937 985 994 dissidentibus
1024 935 1144 991 aliis
1173 935 1259 990 vel
1284 934 1336 988 in
1385 941 1538 1003 parte
1591 931 1772 1002 operis
1809 929 1905 984 ali-

315 1032 448 1102 quid
467 1032 684 1100 dignum
712 1038 859 1086 tanta
888 1029 1080 1098 indage
1115 1027 1398 1083 sentirent.
1433 1024 1590 1081 Unde
1613 1026 1777 1080 etiam
1798 1023 1907 1078 Do-

318 1130 440 1179 ctor
462 1122 700 1191 gentium
746 1135 857 1175 non
897 1127 1007 1174 tam
1055 1119 1276 1187 ignaros
1301 1117 1416 1171 veri
1443 1115 1794 1185 philosophos
1823 1113 1910 1182 ju-

319 1211 482 1276 dicat,
514 1224 678 1280 quam
699 1209 902 1279 cogniti
933 1213 1338 1277 contemptores
1363 1211 1598 1270 accusat,
1617 1204 1860 1274 inquiens
1892 1219 1905 1254 :

321 1301 610 1356 Invisibilia
645 1299 785 1365 Dei,
818 1317 852 1353 ιι
887 1308 1129 1353 creatura
1162 1296 1359 1362 mundi,
1401 1312 1492 1366 per
1523 1311 1584 1348 ea
1622 1310 1736 1365 qua
1769 1295 1912 1364 facta

315 1401 455 1458 sunt,
476 1391 742 1446 intellecta
783 1390 1172 1460 conspiciuntur
1201 1404 1220 1441 :
1254 1386 1564 1456 sempiterna
1596 1400 1790 1456 quoque
1809 1385 1911 1437 nir-

318 1494 398 1543 ιω
421 1480 535 1553 ejus
555 1489 606 1535 et
628 1481 872 1534 diuinitas
889 1487 997 1544 ,‘ut
1037 1480 1141 1532 sint
1172 1475 1550 1531 inexcusabile:
1579 1491 1596 1529 :
1627 1475 1763 1545 quod
1796 1490 1912 1527 cum

318 1571 679 1643 cognovissent
712 1568 901 1631 Deum,
947 1583 1049 1621 non
1088 1568 1221 1621 sicut
1259 1565 1426 1620 Deum
1459 1564 1915 1634 magniﬁcaverunt

323 1663 500 1731 (Rom.
527 1677 565 1726 ι,
595 1660 683 1726 20,
714 1658 829 1728 21).
860 1658 1003 1728 Ergo
1031 1663 1437 1726 cognoverunt,
1479 1663 1536 1710 et
1562 1654 1802 1724 ingressa
1829 1663 1914 1710 est

325 1751 620 1806 divinitatis
653 1749 846 1804 abditae
873 1763 1026 1805 mens
1053 1747 1285 1801 humana
1322 1751 1617 1809 secretum,
1645 1750 1916 1799 transcen-

2010 561 2165 616 Tunc
2200 569 2378 615 autem
2407 560 2626 615 minimc
2669 561 2776 615 falli
2801 562 3145 631 judicantem,
3195 581 3315 620 cum
3355 567 3593 626 adhzcret

2007 653 2081 707 illi
2108 652 2400 708 secundum
2428 652 2573 720 quod
2595 652 2802 721 judicat
2828 671 2839 706 :
2867 662 2992 710 tunc
3017 658 3249 712 maxime
3278 674 3398 713 cum
3424 661 3592 715 colla—

2007 744 2153 798 bitur
2172 743 2239 798 ad
2263 743 2392 798 i-llud
2413 743 2479 799 de
2493 759 2600 813 quo
2615 744 2837 813 judicat.
2857 746 3121 802 lntellexit
3138 765 3351 820 quoque
3371 760 3592 823 propter

2007 833 2394 888 immutabilem
2421 834 2527 888 vim
2556 835 2948 891 contrariorum
2967 877 2981 902 ,
3018 837 3156 892 sicut
3185 841 3432 896 tenebras
3459 844 3588 908 luci,

2007 925 2145 980 sicut
2173 925 2419 982 essentia:
2447 925 2704 992 nihilum,
2750 927 2822 981 ita
2865 928 3183 998 incorporeo
3231 947 3425 1002 corpus
3473 951 3592 991 esse

2009 1015 2354 1070 contrarium.
2403 1013 2470 1068 Et
2517 1015 2649 1070 vidit
2692 1017 3092 1073 similitudinem
3137 1019 3394 1091 cujusque
3431 1024 3508 1078 rei
3536 1023 3589 1080 in

2011 1105 2279 1160 contraria
2307 1120 2426 1160 esse
2461 1120 2567 1159 non
2611 1121 2797 1176 posse,
2827 1108 2951 1176 quia
2979 1108 3228 1164 videlicet
3257 1110 3474 1166 immota
3504 1127 3590 1169 re-

2011 1213 2130 1252 rum
2158 1197 2293 1253 ratio
2322 1214 2426 1254 non
2447 1200 2608 1266 sinat,
2633 1209 2692 1254 ut
2713 1200 2911 1270 aliquid
2932 1203 3073 1256 vivat
3094 1211 3385 1270 mortuum,
3412 1206 3590 1261 videat

2013 1305 2232 1355 aecum,
2262 1291 2556 1347 substantia
2605 1294 2675 1347 sit
2721 1293 2878 1348 simul
2928 1302 2982 1348 et
3011 1294 3253 1350 nihilum.
3305 1295 3402 1352 Hic
3431 1297 3591 1366 igitur

2013 1380 2315 1450 intelligens
2343 1382 2581 1438 nonnihil
2608 1384 2659 1438 in
2681 1385 2856 1439 anima
2877 1385 3106 1440 humana
3127 1369 3245 1442 esse
3267 1388 3376 1443 Deo
3397 1388 3588 1448 simile.

2013 1472 2136 1542 quia
2165 1474 2235 1528 sit
2261 1475 2350 1529 ille
2380 1475 2554 1530 lumen
2583 1476 2919 1542 illuminans,
2951 1484 3007 1531 et
3046 1477 3160 1532 hac
3187 1478 3365 1532 lumen
3395 1479 3584 1533 illumi-

2014 1563 2217 1628 nabile;
2270 1565 2639 1635 incorpoream
2683 1581 2741 1620 se
2787 1582 2894 1620 non
2935 1565 3096 1621 dubie
3138 1566 3407 1633 decrevit,
3459 1568 3590 1623 illud

2017 1654 2277 1724 adjiciens
2304 1675 2315 1709 :
2341 1657 2485 1727 quod
2511 1659 2556 1711 si
2581 1657 2758 1712 anima
2780 1672 2977 1727 corpus
3005 1665 3165 1723 esset,
3189 1665 3244 1713 et
3266 1659 3382 1713 haec
3405 1659 3592 1714 eadem

2017 1748 2310 1803 similitudo
2339 1749 2432 1803 Dei
2479 1757 2652 1813 esset,
2704 1763 2996 1818 corporeus
3042 1762 3170 1817 ergo
3218 1748 3356 1804 Deus
3402 1746 3590 1814 esset;

325 1842 506 1912 sisque
534 1839 812 1911 corporeis
839 1837 1087 1894 omnibus
1115 1837 1358 1901 emetita,
1381 1834 1458 1889 ita
1486 1833 1634 1888 illum
1662 1833 1914 1889 videlicet
1941 1839 1990 1900 Β
2009 1836 2264 1907 justeque
2292 1838 2486 1891 maluit
2505 1845 2725 1908 propter
2745 1837 3145 1891 similitudinem
3178 1837 3437 1892 creatoris
3463 1837 3591 1892 sub-

326 1930 694 1986 universitatis
737 1929 870 1983 vidit
901 1943 1021 1984 esse
1066 1934 1404 1989 creatorem,
1456 1924 1549 1992 qui
1587 1939 1694 1978 non
1737 1924 1910 1979 solum

328 2037 593 2091 corporea
623 2021 871 2076 universa
902 2018 1145 2089 praeiret,
1175 2017 1316 2072 sicut
1338 2014 1667 2071 irrationalis
1694 2014 1871 2069 anima
1895 2032 1911 2081 ;

330 2129 510 2183 neque
537 2114 677 2168 hanc
714 2111 900 2176 etiam,
948 2111 1087 2166 sicut
1113 2107 1394 2164 rationalis
1421 2105 1786 2168 antecelleret,
1818 2106 1916 2162 sed

331 2207 424 2276 qui
475 2205 562 2260 his
607 2204 767 2260 simul
812 2202 1060 2258 omnibus
1102 2201 1259 2269 longe
1306 2199 1628 2281 incorporali
1673 2200 1913 2270 potentia

335 2304 635 2368 pnnstaret.
670 2294 896 2349 Videbat
923 2293 1068 2347 enim
1107 2291 1313 2347 moveri
1350 2305 1546 2361 corpus
1571 2305 1669 2360 per
1712 2291 1830 2346 loca
1860 2298 1918 2345 et

336 2397 598 2457 tempora,
631 2401 751 2440 cum
781 2384 863 2438 vel
891 2384 958 2438 de
1003 2385 1126 2439 loco
1153 2383 1208 2437 in
1237 2381 1413 2437 locum
1460 2381 1696 2446 cederet,
1724 2380 1810 2436 vel
1835 2396 1911 2434 1e-

333 2487 498 2532 talem
527 2477 781 2546 temporis
811 2474 1206 2529 transcursione
1242 2479 1497 2527 mutaret.
1538 2470 1694 2542 Apud
1720 2485 1779 2526 se
1807 2471 1912 2525 ita-

337 2587 442 2640 que
478 2568 746 2640 paululum
775 2566 1036 2632 constitit,
1085 2563 1494 2636 potentiamque
1522 2562 1606 2618 sui
1647 2577 1756 2617 non
1797 2563 1916 2617 sine

341 2664 562 2718 horrore
591 2658 1276 2731 suspiciens,,Quaerendum
1302 2670 1372 2710 ne
1399 2670 1561 2724 supra
1596 2669 1658 2708 se
1685 2653 1910 2724 aliquid,

342 2771 410 2809 an
439 2755 491 2808 in
519 2767 578 2808 se
604 2760 747 2807 esset
770 2749 1173 2806 consistendum
1218 2746 1344 2812 sibi,
1373 2745 1656 2800 dubitavit.
1686 2743 1792 2798 Sed
1817 2743 1916 2798 du-

335 2846 592 2900 bitantem
617 2859 676 2898 se
704 2859 810 2897 non
849 2856 969 2896 esse
996 2840 1164 2895 Deum
1189 2837 1435 2893 dubitare
1464 2851 1572 2892 non
1601 2837 1794 2905 potuit,
1827 2836 1916 2891 cui

336 2949 498 2991 causa
544 2933 832 2988 dubietatis
876 2930 1141 2998 ignoratio
1180 2936 1323 2983 esset
1363 2945 1375 2980 :
1431 2943 1542 2981 non
1584 2932 1766 2980 autem
1813 2925 1912 2980 nisi

337 3025 558 3094 ignarus
583 3022 897 3090 ambigeret.
927 3020 1068 3076 Deus
1087 3032 1223 3088 vero
1252 3016 1386 3072 nihil
1414 3016 1707 3087 ignoraret,
1731 3030 1797 3070 ac
1816 3028 1911 3083 per

337 3117 444 3171 hoc
472 3113 717 3168 dubitare
739 3127 844 3166 non
867 3119 1062 3181 posset.

404 3203 469 3258 ll.
503 3201 674 3257 Porro
699 3209 876 3254 autem
896 3215 956 3254 se
975 3199 1431 3253 animadvertebat
1457 3206 1513 3251 et
1539 3198 1790 3265 ignorare
1819 3210 1917 3252 ne-
1940 3193 1988 3260 C
2055 3181 2310 3236 corpom’
2337 3206 2352 3232 ν

337 3285 572 3350 cessario
601 3300 657 3346 et
683 3297 1075 3358 consequenter
1100 3288 1392 3357 ambigere,
1423 3286 1635 3357 adjecto
1664 3304 1752 3354 eo,
1774 3287 1918 3357 quod

339 3387 439 3440 etsi
467 3399 574 3439 non
604 3381 919 3439 subderetur
946 3381 1170 3451 motioni
1216 3395 1312 3451 per
1358 3379 1567 3445 locum,
1613 3387 1920 3435 moveretur

341 3485 582 3544 tempore
610 3487 708 3543 per
736 3471 1005 3527 allectum.
1035 3470 1147 3526 Nec
1175 3470 1467 3540 principale
1495 3484 1674 3546 rerum
1713 3470 1920 3525 stabili-

342 3572 578 3620 mentum
609 3562 778 3628 foret,
809 3561 955 3630 quod
1002 3560 1086 3614 vel
1129 3560 1252 3614 loco
1298 3559 1383 3614 vel
1429 3567 1671 3627 tempore
1717 3567 1920 3628 posset,

344 3655 466 3728 quia
496 3655 594 3710 nisi
625 3669 721 3726 per
741 3652 887 3708 aliud
913 3651 1118 3706 moveri
1146 3649 1278 3704 nihil
1305 3656 1506 3720 posset.
1533 3649 1592 3704 ln
1614 3664 1722 3718 quo
1744 3640 1924 3708 autem

344 3747 645 3819 universum
692 3751 880 3810 staret,
930 3742 983 3797 id
1028 3742 1082 3796 in
1128 3756 1188 3796 se
1234 3741 1353 3810 ipso
1379 3740 1697 3796 consisteret
1727 3759 1741 3794 :
1767 3743 1846 3797 sic
1872 3742 1928 3797 in

336 3826 562 3923 auctore
590 3851 687 3890 suo
716 3835 874 3889 altius
901 3832 1240 3917 ratiocinata,
1272 3831 1524 3900 cognovit
1548 3830 1677 3885 illud
1700 3831 1844 3900 quod
1873 3832 1929 3887 in

351 3929 630 3999 superiore
668 3928 803 3982 libro
846 3923 1161 3990 memoravi,
1191 3923 1428 3993 viditque
1456 3924 1556 3979 nisi
1597 3925 1664 3980 a‘b
1704 3924 1932 3980 immoto

344 4020 551 4075 moveri
590 4019 718 4072 nihil
746 4032 922 4088 posse.
952 4017 1139 4088 Itaque
1184 4016 1483 4072 necessario
1523 4024 1667 4071 stare
1694 4017 1927 4072 animam

346 4122 408 4168 ut
433 4127 629 4182 corpus
665 4117 881 4166 moveat
924 4125 1020 4179 per
1064 4118 1275 4180 tempus
1302 4116 1359 4164 et
1384 4109 1580 4163 locum.
1613 4107 1771 4165 Stare
1800 4123 1929 4164 vero

346 4207 402 4258 in
433 4219 493 4258 se
536 4203 655 4272 ipso
694 4201 884 4263 Deum,
934 4201 1027 4270 qui
1072 4207 1285 4256 moveat
1312 4201 1546 4263 animam
1573 4215 1673 4271 per
1697 4209 1928 4270 tempus,

349 4309 545 4364 corpus
559 4307 694 4368 vero
715 4306 814 4362 per
831 4291 1008 4347 locum
1030 4291 1230 4361 pariter
1256 4299 1312 4346 et
1329 4307 1426 4361 per
1450 4299 1679 4362 tempus.
1708 4291 1772 4348 Et
1795 4308 1932 4362 quo-

353 4385 495 4438 niam
526 4381 790 4453 principio
818 4381 1021 4436 nullum
1059 4389 1236 4452 potest
1262 4397 1381 4438 esse
1407 4383 1755 4454 principium,
1785 4385 1947 4455 quod-

347 4475 502 4544 juxta
529 4475 597 4529 de
624 4475 985 4530 immensitate
1011 4489 1076 4530 ac
1122 4474 1545 4545 sempiternitate
1587 4476 1927 4544 cogitandum

2016 1926 2205 1983 limare
2243 1935 2564 1992 creaturam,
2593 1941 2754 1995 quam
2784 1934 3005 1996 propter
3027 1927 3270 1980 eamdem
3294 1925 3594 1982 similitudi-

2015 2030 2138 2070 nem
2161 2015 2440 2070 humiliare
2467 2023 2766 2071 creatorem
2793 2033 2804 2068 :
2831 2023 2980 2071 certo
3009 2027 3338 2083 cognoscens
3366 2015 3594 2071 indisso-

2014 2104 2247 2160 lubiliter
2264 2121 2480 2171 nexum,
2497 2115 2555 2160 ut
2569 2106 2676 2161 duo
2689 2107 2902 2167 similia,
2923 2113 3015 2160 aut
3035 2113 3257 2174 utraque
3277 2106 3591 2177 incorporea

2013 2197 2153 2261 sint,
2201 2203 2295 2250 aut
2342 2204 2568 2266 utraque
2615 2211 2896 2265 corporea.
2931 2195 3062 2250 Esse
3107 2209 3321 2264 quoque
3349 2196 3402 2249 in
3431 2196 3592 2252 rebus

2012 2287 2358 2343 substantivis
2375 2288 2618 2357 quaedam
2641 2304 2747 2344 non
2770 2289 2942 2344 solum
2963 2289 3142 2360 specie
3163 2287 3460 2354 dissimilia,
3496 2289 3592 2343 sed

2014 2379 2175 2434 etiam
2217 2379 2447 2434 naturali
2477 2380 2663 2448 vigore
2690 2380 2986 2446 contraria,
3018 2388 3074 2434 ut
3103 2395 3243 2449 aqua
3268 2379 3352 2434 vel
3381 2377 3592 2435 ﬂamma

2018 2478 2120 2534 est,
2148 2478 2204 2525 et
2231 2470 2344 2526 hmc
2372 2479 2548 2526 tamen
2579 2487 2700 2526 esse
2727 2487 3009 2542 corporea.
3044 2472 3218 2540 Atque
3245 2472 3369 2526 hinc
3395 2472 3588 2525 mirum

2015 2560 2150 2627 fore,
2193 2562 2239 2615 si
2267 2561 2376 2616 duo
2401 2561 2677 2616 dissimilia
2724 2562 3019 2631 eademque
3060 2561 3361 2625 contraria,
3410 2569 3467 2614 ut
3513 2571 3595 2616 est

2017 2665 2156 2718 aqua
2178 2649 2260 2704 vel
2290 2650 2522 2713 ﬂamma,
2547 2661 2808 2719 corporea
2829 2650 2986 2704 simul
3008 2665 3126 2705 esse
3144 2651 3381 2720 possint;
3413 2657 3469 2704 et
3487 2650 3594 2704 duo

2016 2739 2208 2793 similia
2254 2741 2550 2808 eademque
2597 2722 2987 2804 convenientia,
3036 2739 3179 2807 quod
3227 2749 3311 2794 est
3358 2739 3497 2794 Deus
3541 2747 3594 2796 et

2020 2829 2216 2895 anima,
2248 2829 2564 2900 incorporea
2593 2829 2752 2884 simul
2780 2843 2899 2884 esse
2924 2845 3031 2885 non
3057 2829 3281 2900 possint.

2629 2960 2858 3016 CAPUT
2895 2961 2980 3014 Ill.

2019 3091 2570 3165 Philosophisﬁrecis
2605 3093 2756 3148 utitur
2793 3092 3002 3148 testibus
3031 3093 3094 3147 de
3122 3109 3380 3163 corporeis
3417 3095 3494 3147 rel
3517 3096 3608 3148 iu-'

2272 3166 2310 3219 is
2337 3206 2352 3232 ,
2382 3165 2666 3234 exentplum
2705 3165 2887 3219 cameli
2913 3173 2962 3218 et
2993 3165 3223 3235 formica:
3250 3177 3558 3235 proponens.

2089 3298 2128 3351 l.
2162 3296 2476 3366 Hujusmodi
2526 3297 2686 3365 igitur
2730 3296 3026 3352 rationibus
3055 3297 3318 3351 utentium
3361 3297 3600 3366 philoso-

2021 3389 2268 3459 phorum,
2298 3387 2473 3456 quoad
2501 3388 2670 3458 potui,
2700 3388 3058 3443 voluminibus
3083 3388 3407 3457 perdagatis,
3442 3389 3595 3457 igno-

2022 3478 2208 3532 bilium
2235 3478 2391 3548 plebe
2434 3479 2654 3547 rejecta,
2707 3479 2947 3548 potiores
2992 3481 3233 3547 quosque
3271 3479 3475 3546 delegi,
3509 3482 3600 3547 qui

2024 3569 2238 3623 veritati
2267 3567 2745 3638 impraesentiarum
2778 3554 3206 3642 testilicarentur,
3231 3554 3456 3634 quorum
3485 3567 3603 3634 qui-

2026 3662 2146 3716 dem
2175 3678 2244 3716 ex
2272 3660 2560 3716 abundanti
2589 3666 2672 3714 est
2701 3659 2940 3728 proferre
2967 3659 3288 3724 sententias;
3318 3675 3422 3714 non
3460 3659 3633 3726 quod.

2029 3751 2259 3821 propriis
2286 3749 2628 3811 deﬁciamus,
2659 3747 2755 3802 sed
2791 3746 2935 3816 quod
2961 3747 3130 3826 magis
3153 3747 3346 3824 mirum
3386 3748 3474 3810 sit,
3506 3748 3602 3803 ad-

2029 3857 2241 3898 versum
2285 3859 2383 3898 nos
2409 3841 2665 3896 dimicare
2712 3847 2942 3904 nostros,
2975 3847 3030 3894 et
3057 3846 3342 3895 extraneos
3366 3856 3604 3910 pugnare

2028 3947 2129 4004 pro
2158 3934 2330 3989 nobis.
2387 3933 2570 4003 Neque
2597 3931 2727 3986 mihi
2752 3930 2992 4002 profecto
3021 3931 3166 3996 cordi
3192 3931 3331 3988 foret
3359 3941 3601 3988 mutuum

2029 4040 2096 4080 ex
2125 4026 2207 4081 his
2234 4040 2428 4095 capere
2474 4024 2776 4095 quippiam,
2829 4024 2930 4078 nisi
2976 4023 3075 4078 iste
3119 4023 3363 4093 corporis
3405 4025 3620 4092 amicus,

2027 4117 2142 4171 sola
2169 4116 2523 4186 philosophici
2553 4115 2782 4170 nominis
2827 4115 3118 4180 mentione,
3165 4103 3604 4172 terriculamenta

2033 4207 2277 4275 quaedam
2326 4206 2480 4261 nobis
2527 4205 2762 4261 scientiae
2806 4204 3169 4274 profundioris
3214 4205 3623 4275 ostentavisset.

2030 4296 2112 4352 Ex
2158 4297 2243 4353 his
2288 4297 2449 4366 igitur
2493 4313 2629 4368 quos
2657 4304 2844 4352 contra
2873 4291 3154 4351 veritatem
3198 4305 3375 4362 vocat,
3424 4313 3608 4353 vocem

2029 4387 2274 4442 veritatis
2302 4388 2548 4458 accipiat,
2580 4395 2634 4443 et
2661 4388 2884 4456 geminae
2910 4386 3138 4458 primum
3167 4385 3384 4443 Griecim
3425 4388 3609 4443 classi-

2031 4493 2154 4532 cum
2200 4478 2544 4533 multisonam
2595 4477 3048 4549 Pythagoreorum
3101 4479 3279 4534 tubam
3328 4486 3383 4534 et
3424 4479 3611 4534 lituum

349 4543 453 4620 est.
487 4564 622 4630 Quia
665 4563 804 4619 sicut
845 4579 874 4619 a
904 4563 1048 4626 nullo
1075 4543 1268 4650 erepit,
1302 4566 1376 4619 ita
1407 4566 1458 4620 in
1488 4566 1634 4621 nullo
1662 4543 1926 4632 consistit,
1953 4543 2012 4607 D
2034 4565 2270 4622 Platonis
2298 4567 2566 4621 exaudiat.
2601 4543 2709 4623 Nec
2736 4543 2998 4626 tumescat
3024 4569 3138 4625 sola
3168 4569 3406 4650 vanitate
3437 4569 3612 4625 nomi-

351 4671 461 4710 non
489 4656 606 4712 sine
631 4653 865 4723 quodam
894 4640 1168 4710 medio'ab
1196 4655 1316 4710 imis
1342 4655 1488 4725 quod
1533 4671 1695 4711 omne
1735 4673 1934 4728 corpus

353 4753 461 4810 est,
485 4745 550 4800 ad
581 4759 794 4820 summa.
815 4744 958 4812 quod
987 4744 1130 4800 Deus
1157 4753 1257 4811 est,
1290 4745 1670 4801 transeundum
1697 4755 1813 4802 rata
1837 4764 1850 4799 :
1873 4762 1934 4803 se

353 4838 557 4893 scilicet
591 4837 732 4893 inter
758 4844 999 4892 extrema
1029 4836 1260 4892 mediam
1289 4837 1537 4907 reperiit,
1569 4852 1636 4892 eo
1662 4838 1807 4906 quod
1833 4854 1936 4895 nec

355 4927 598 4996 cuiquam
627 4940 916 4996 corporum
942 4925 1132 4981 similis
1159 4927 1447 4993 existeret,
1490 4927 1615 4996 quia
1643 4927 1934 4983 similitudo

357 5016 452 5070 Dei
477 5025 646 5081 esset;
677 5031 780 5072 nec
799 5016 984 5071 itidem
1010 5017 1210 5086 aequari
1229 5016 1342 5087 Deo
1369 5017 1561 5089 possit,
1592 5017 1715 5088 quia
1736 5019 1838 5073 etsi
1865 5019 1934 5073 ab

358 5107 451 5162 illo
483 5108 758 5177 cmpisset,
789 5107 858 5162 de
886 5107 978 5162 illo
1007 5123 1116 5162 non
1143 5116 1304 5164 esset.

286 5242 296 5277 τ
428 5198 514 5253 ΙΙΙ.
548 5197 935 5254 Animadvertit
951 5197 1116 5253 etiam
1141 5197 1195 5253 in
1215 5213 1395 5254 rerum
1414 5198 1763 5271 plenitudine,
1793 5200 1937 5256 aliud

359 5309 477 5357 esse
505 5304 529 5331 ⁸
560 5293 850 5350 secundum
894 5293 1177 5350 veritatem
1216 5294 1358 5362 quod
1384 5293 1645 5363 judicaret
1672 5309 1772 5350 nec
1791 5293 1937 5363 judi-

270 5367 304 5494 ι
358 5381 786 5494 οίιιδθξιις,νειιίιι(1
814 5382 956 5452 quod
976 5379 1250 5494 judicaret
1295 5389 1351 5435 et
1368 5401 1370 5404 ν
1373 5381 1744 5494 11Ῑιιίιὶίξιιιῖξιιιιη
1789 5382 1932 5485 aliud

358 5473 501 5544 quod
532 5472 864 5546 judicaretur
904 5487 1005 5527 nec
1047 5471 1340 5540 judicaret;
1373 5471 1399 5510 δ
1422 5474 1712 5530 secundum
1743 5473 1936 5528 verita-

363 5573 470 5620 tem
493 5565 660 5620 Deum
693 5563 935 5633 judicare
967 5563 1036 5619 de
1061 5577 1170 5632 quo
1200 5578 1304 5618 non
1325 5562 1674 5633 judicaretur,
1703 5567 1937 5623 animam

442 5749 464 5778 "
495 5742 578 5798 AL
612 5745 888 5803 secundum
915 5751 1051 5816 quod
1075 5745 1389 5811 judicaret“
1417 5754 1462 5800 et
1484 5745 1763 5814 judicaret.

2034 4675 2182 4722 num,
2215 4658 2309 4714 sed
2355 4658 2667 4728 pinguescat
2712 4660 3028 4714 multimoda
3056 4661 3284 4714 veritate
3323 4656 3648 4715 rationum.'

2036 4749 2351 4821 Pythagora:
2377 4748 2694 4817 igitur,quia
2724 4749 2855 4803 nihil
2881 4750 2996 4818 ipse
3025 4749 3424 4818 scriptitavcrit,
3457 4765 3485 4803 a
3515 4765 3614 4819 po-

2035 4843 2192 4897 steris
2218 4841 2503 4911 quaerenda
2531 4843 2796 4896 sententia
2827 4848 2930 4896 est.
2975 4840 3032 4896 In
3061 4840 3361 4912 quibusve]
3394 4840 3611 4908 potissi-

2038 4948 2183 4988 mum
2225 4931 2471 4987 ﬂoruisse
2512 4929 2811 4986 Philolaum
2859 4930 3071 5003 reperio
3118 4928 3480 4990 Tarentinum,
3523 4928 3613 4994 qui

2038 5021 2221 5077 multis
2246 5020 2604 5077 voluminibus
2628 5020 2697 5076 de
2727 5019 3101 5088 sintelligendis
3147 5019 3338 5080 rebus,
3388 5023 3444 5068 et
3488 5014 3614 5083 quid

2037 5126 2264 5182 qumque
2289 5111 2588 5180 signiﬁcent
2609 5111 2808 5182 oppido
2833 5110 3060 5164 obscure
3100 5107 3412 5169 dissertans,
3443 5104 3614 5173 prius-

2039 5217 2201 5273 quam
2229 5202 2296 5258 de
2323 5202 2516 5258 anima:
2556 5199 2854 5257 substantia
2898 5197 3171 5259 decernat,
3217 5194 3284 5248 de
3328 5194 3612 5260 mensuris,

2039 5291 2367 5363 ponderibus
2393 5299 2448 5348 et
2477 5290 2712 5348 numeris
2733 5289 2884 5356 juxta
2913 5283 3326 5353 geometricam,
3358 5286 3626 5341 musicam

2033 5377 2203 5454 atque
2231 5386 2602 5442 arthmeticam
2630 5381 2851 5437 mirilice
2878 5379 3116 5448 disputat
3142 5396 3154 5431 :
3184 5395 3280 5449 per
3317 5380 3430 5434 haec
3457 5394 3616 5434 omne

2012 5522 2018 5527 .
2043 5477 2349 5531 universum
2369 5476 2634 5530 exstitisse
2657 5469 2997 5536 confirmans,
3021 5470 3094 5525 illi
3114 5470 3360 5525 videlicet
3378 5469 3618 5538 Scriptu-

2045 5582 2118 5623 m
2144 5567 2510 5630 consentiens,
2547 5580 2651 5636 qua
2680 5563 2788 5618 Deo
2817 5562 3012 5621 dicitur
3036 5581 3047 5616 :
3082 5560 3329 5616 Mensura
3347 5599 3361 5622 ,
3394 5560 3618 5629 pondere

2117 5743 2144 5782 ¹³
2171 5744 2258 5800 ΔΙ.
2290 5740 2566 5800 secundum
2594 5739 2859 5794 veritatem
2895 5737 3206 5792 iudicantem
3240 5735 3508 5788 iudicari.--.
3539 5785 3542 5788 Α
3571 5786 3592 5796 _,
3633 5790 3644 5798 χ
