2119 3130
306 173 357 203 739

938 167 1096 195 MAMERTI
1114 168 1296 197 CLAUDIAM

1882 171 1942 202 γω

305 235 331 259 et
346 238 451 258 numero
467 229 555 257 omnia
571 227 720 262 disposuiui
731 226 807 261 (Sap.
822 234 856 258 χι,
867 225 924 260 ‘21).
936 225 1022 259 Quam
1032 226 1092 260 qui-
1104 227 1130 257 Δ
1143 233 1196 261 que
1206 227 1369 262 proveniret,
1384 227 1530 255 liberaliter
1539 228 1667 255 videlicet
1675 234 1793 261 agerem,
1808 229 1939 259 nonnulla

306 276 366 304 dem
380 283 414 303 ex
427 274 516 301 divina
530 273 647 300 lectione
660 271 820 299 sententiam
848 271 925 298 nobis
949 271 982 298 ab
996 270 1091 298 adver-

305 321 377 349 sario
390 320 473 347 miror
486 312 630 353 objectam.
655 317 724 344 Dicit
743 317 815 344 enim
836 316 925 344 verbis
943 316 984 343 his
999 324 1005 342 :
1021 315 1091 342 Deus

304 365 406 402 quidem
420 373 452 391 ex
463 364 543 391 nihilo
555 364 615 399 fecit
629 363 729 399 omnia,
743 363 786 398 qui
796 363 862 389 sicut
876 370 953 397 opere
967 361 1090 394 instituit,

304 413 340 440 ita
354 411 489 437 materiam
502 409 675 444 incorporauit
689 407 763 435 rebus
786 407 920 440 omnibus,
943 408 1011 434 inter
1028 414 1092 442 quas

305 460 328 484 et
342 456 430 482 anima
448 459 574 482 censetur.
595 453 668 481 Sicut
681 453 810 480 distribuit
822 452 944 489 pondus.
959 460 1092 480 numerum

304 506 379 538 atque
389 508 545 533 mensuram,
557 500 593 526 ita
607 499 691 534 posuit
701 499 879 534 quantitatem.

339 546 372 574 ll.
387 544 592 577 Animadverte,
607 544 692 571 nostri
713 544 783 571 bone
806 543 938 578 cognitor,
954 542 1093 577 praesentis

305 592 395 621 sscculi
409 591 523 626 peritum
538 588 734 623 facundumque
747 588 884 616 doctorem
894 607 902 619 ,
918 587 983 614 nihil
1002 588 1093 615 incor-

306 644 417 673 poreum
432 635 489 662 vult
502 638 632 666 creatum,
657 638 685 661 et
705 634 904 668 incorporatum
926 633 990 660 dicit
1013 640 1093 660 omne

305 689 474 718 corporeum.
498 681 548 707 Cui
570 680 767 714 incorporatur,
792 686 893 713 quaeso,
909 678 981 712 quod
994 686 1093 712 corpus

305 724 363 755 est?
376 726 405 754 Si
419 727 461 758 in,
477 734 525 760 pro
540 733 608 761 non,
623 724 692 751 forte
707 724 836 759 posuisti,
852 729 881 750 ut
901 724 1093 757 incorporatum

304 782 353 810 pro
368 781 419 800 non
440 776 575 806 corporale
598 770 665 798 velis
684 770 806 803 intelligi,
833 769 892 804 plus
915 769 992 796 nobis
1011 776 1093 803 quam

304 819 427 847 volumus
451 820 547 852 sponte
570 815 683 850 largiris.
705 815 773 848 Quia
794 815 816 842 si
837 819 932 844 auctor
944 822 1034 843 rerum
1047 815 1093 848 qui

304 864 372 892 fecit-
379 864 485 895 omnia,
500 870 557 889 non
572 861 739 896 corporavit;
755 861 813 888 sine
827 868 941 895 corpore
952 864 1015 888 sunt
1028 867 1093 895 ergo

1142 273 1190 300 tibi
1214 273 1248 300 de
1269 280 1330 300 meo
1350 273 1411 307 jure
1433 273 1620 301 concederem.
1645 273 1739 308 Neque
1762 274 1888 308 protinus
1901 276 1940 304 de

1143 317 1252 345 homine
1266 325 1413 352 quzcrerem
1423 338 1430 350 ,
1446 318 1492 345 sed
1505 319 1581 353 prius
1608 318 1732 353 precario
1746 326 1889 354 poscerem
1906 325 1938 349 ut

1143 370 1232 390 rerum
1254 364 1356 391 callens
1374 363 1493 391 evidenti
1514 364 1630 391 fatemre
1650 365 1793 399 responso.
1806 364 1938 394 Formica:

1142 411 1171 434 et
1190 408 1286 435 cameli
1308 408 1410 436 animas
1434 412 1589 436 utrumnam
1611 409 1785 443 providentia
1807 417 1842 437 an
1864 411 1939 439 mole

1143 453 1286 480 censeres?
1299 452 1328 480 Si
1341 453 1518 488 providentia,
1531 454 1593 481 luce
1603 453 1730 488 liquidius
1750 458 1824 482 esset
1839 456 1940 483 animat

1091 510 1099 518 κ
1143 497 1239 525 cameli
1260 498 1301 525 sic
1314 498 1431 525 animam
1449 502 1580 533 praestare
1605 499 1740 532 formicae,
1762 504 1797 527 ut
1816 502 1937 529 camelos

1143 547 1219 571 tanto
1234 551 1302 578 pene
1315 544 1403 571 minor
1417 543 1533 571 formica:
1556 540 1591 571 sit
1613 544 1720 577 animo,
1732 549 1835 579 quanto
1849 547 1939 581 majOr

1143 592 1186 616 est
1199 596 1321 623 corpore.
1337 588 1366 616 Si
1379 589 1464 617 moles
1473 589 1521 616 tibi
1530 589 1559 616 in
1569 589 1720 617 istiusmodi
1730 593 1939 626 comparatione

1142 635 1295 670 placuisset,
1312 635 1405 662 eadem
1419 642 1517 670 nempe
1530 635 1699 670 replicarem,
1711 641 1737 664 et
1748 637 1832 664 nihilo
1844 638 1938 666 secius

1143 688 1311 715 qumrerem:
1328 681 1356 708 Si
1374 681 1472 708 modus
1492 682 1590 709 animae
1608 683 1733 717 corporis
1752 683 1846 711 modus
1869 688 1933 717 est.

1143 734 1191 754 our
1200 726 1268 753 infra
1280 727 1401 761 corporis
1411 726 1519 754 modum
1529 727 1648 755 camelos
1657 728 1802 761 brutescat,
1813 733 1840 757 et
1849 736 1934 766 supra

1144 773 1265 807 corporis
1280 772 1387 800 modum
1401 773 1511 800 formica
1520 774 1626 807 vigeat?
1639 773 1772 802 Sistel'ont
1782 776 1865 803 verba
1877 776 1935 804 fon

1144 818 1221 845 tassis
1233 822 1365 852 quie‘tuto
1378 819 1427 846 tibi
1442 826 1537 854 magna
1550 819 1652 847 volant.
1675 820 1727 847 [sta
1741 820 1799 848 haec
1814 822 1870 856 ipsa
1881 822 1935 849 du-

1144 863 1206 898 plici
1229 864 1298 891 forte
1319 871 1515 898 proponerent,
1539 865 1625 892 utrius
1647 865 1743 893 malles
1757 866 1806 894 tibi
1828 868 1935 902 copiam

303 916 467 945 quaecunque
480 912 552 936 sunt.
569 907 712 934 Enimvero
723 907 795 942 quod
813 910 863 939 est,
879 910 907 934 et
920 906 1020 941 absque
1032 914 1093 933 cor—
1106 907 1130 937 Β
1143 908 1268 936 facerem.
1293 908 1322 936 Si
1343 909 1444 937 molem
1458 910 1582 944 corporis
1597 910 1734 944 elegisses,
1758 912 1934 946 perexiguum

303 964 368 991 pore
379 959 430 988 est,
443 956 631 989 incorporeum
645 960 705 981 esse
719 960 829 981 necesse
843 957 884 980 est
900 962 906 979 :
922 952 993 988 quod
1007 952 1094 980 erci

303 1004 452 1038 elegantius
463 1004 596 1039 ἀσώματον
609 1005 716 1028 vocant.
729 1000 758 1027 Si
771 1004 861 1027 autem
872 999 1021 1027 istiusmodi
1031 1007 1094 1034 pro-

303 1050 438 1085 positione
451 1048 608 1083 simpliciter
622 1054 686 1074 usus
699 1054 738 1079 es,
754 1046 888 1073 incurristi
903 1046 1009 1073 nescius
1022 1046 1093 1072 veri-

304 1099 397 1122 tatem.
414 1094 466 1122 Per
485 1093 606 1121 eamdem
624 1097 714 1119 tamen
729 1091 906 1126 ignorantiam
921 1099 974 1118 uno
989 1095 1093 1118 tantum

304 1141 395 1175 lapsus
408 1139 531 1171 articulo,
548 1138 621 1173 quod
630 1137 720 1165 omnia
734 1137 906 1171 incorporata
916 1136 1016 1169 dixisti,
1032 1144 1094 1163 cum

304 1186 369 1213 satis
383 1188 489 1219 constet
502 1184 615 1218 duplicis
630 1186 758 1210 creatura:
772 1182 948 1209 substantiam
963 1182 1002 1209 sic
1019 1181 1094 1209 ordi—

304 1230 441 1258 mitissima
461 1229 518 1263 lege
540 1228 717 1263 compositam
731 1231 761 1254 ut
775 1234 855 1255 omne
868 1231 988 1255 creatum
1003 1227 1093 1254 incor-

304 1282 414 1311 poreum
426 1278 455 1301 et
466 1274 668 1309 incorporatum
680 1273 725 1305 sit,
738 1280 792 1300 non
802 1277 891 1300 autem
904 1280 984 1299 omne
997 1280 1094 1307 corpo-

304 1329 380 1349 reum
403 1321 439 1348 sit
460 1324 489 1347 et
511 1320 667 1347 animatum.
693 1319 732 1347 Ac
754 1327 803 1354 per
823 1319 875 1346 hoc
894 1319 1094 1352 incorporatum

304 1375 403 1402 corpus
413 1367 466 1394 dici
479 1374 535 1394 non
544 1366 643 1401 potuit,
656 1362 772 1393 velut'in
785 1367 884 1399 corpus
895 1365 1019 1397 missum;
1031 1364 1093 1398 quia

304 1413 487 1448 incorporatio
508 1413 541 1439 ad
565 1412 637 1439 illam
661 1411 779 1446 pertinet
799 1411 898 1444 absque
920 1410 1096 1443 ambiguitate

305 1461 437 1490 naturam,
449 1464 508 1491 qum
521 1461 550 1484 et
563 1456 717 1491 priusquam
728 1456 898 1490 incorporate
913 1459 1032 1487 est,.non
1045 1455 1095 1482 fuit

306 1511 417 1537 corpus;
429 1506 457 1529 et
466 1506 609 1537 postquam
623 1502 793 1536 incorporate
807 1505 857 1534 est,
870 1508 924 1528 non
934 1504 975 1528 est
986 1508 1091 1535 corpus.

305 1548 334 1574 Si
345 1554 410 1574 vero
423 1547 596 1582 incorporata
610 1547 701 1574 omnia
714 1554 749 1574 co
763 1546 874 1573 forsitan
894 1554 973 1573 sensu
991 1546 1092 1576 dixisti,

305 1599 359 1627 quo
372 1591 424 1619 dici
444 1592 524 1626 plane
546 1592 645 1627 potuit,
661 1592 712 1618 etsi
735 1598 790 1618 non
804 1591 907 1623 debuit,
918 1592 1009 1618 omnia
1023 1591 1092 1618 facta
1106 1587 1129 1619 C

305 1645 364 1665 esse
374 1644 519 1671 corporea,
529 1637 651 1664 excidisti
662 1637 763 1672 pariter
772 1641 800 1664 et
809 1645 824 1664 a
835 1638 999 1672 proprietate
1009 1637 1093 1669 verbi,

304 1688 333 1711 et
345 1691 362 1711 a
375 1683 481 1711 ratione
492 1683 558 1710 veri.
575 1682 643 1716 Quia
662 1684 685 1710 si
708 1683 796 1710 omnis
818 1687 941 1710 creatura
964 1690 1094 1718 corporea

305 1733 357 1762 est,
374 1729 440 1756 nihil
455 1729 656 1763 incorporatum
671 1732 713 1756 est
726 1737 732 1754 ε
746 1729 769 1755 si
789 1732 881 1756 autem
905 1729 1093 1764 incorporeum

306 1775 370 1809 quid
386 1779 506 1802 creatum
520 1778 576 1807 est,
593 1783 646 1802 non
661 1778 703 1802 est
716 1775 804 1802 omnis
816 1779 939 1803 creatura
953 1783 1093 1810 corporea.

302 1857 304 1860 _
340 1821 383 1849 lll.
399 1821 452 1849 Sed
466 1829 519 1848 una
532 1821 590 1848 haec
602 1821 751 1855 eademque
764 1829 845 1849 causa
853 1826 905 1854 est,
916 1829 978 1856 quae
987 1826 1014 1849 te
1024 1822 1095 1849 mul-

306 1867 388 1902 tiplici
403 1866 515 1893 involvit
529 1874 621 1894 errore
640 1875 646 1892 :
664 1873 760 1900 magna
775 1867 900 1894 videlicet
913 1874 1002 1894 rerum
1016 1865 1094 1901 igno-

305 1913 383 1945 ratio,
399 1916 427 1940 et
445 1912 564 1940 scientiae
580 1913 647 1939 mira
662 1913 844 1948 przesumptio.
861 1913 929 1941 Hinc
945 1914 1044 1949 quippe
1065 1914 1095 1940 ﬁt

305 1962 336 1986 ut
356 1958 398 1986 vel
422 1958 531 1993 spiritus
554 1963 713 1994 corporatos
734 1967 833 1994 corpus
841 1966 911 1987 .esse
933 1959 1036 1992 credas,
1051 1960 1095 1987 vel

306 2004 370 2031 item
384 2010 498 2038 corpora
513 2004 687 2038 incorporata
700 2003 820 2042 deﬁnias.
842 2003 871 2030 In
893 2004 951 2030 istis
966 2008 1020 2030 tam
1034 2003 1093 2031 dia-

305 2049 406 2077 lecticis
420 2049 647 2084 'conclusionibus
671 2048 733 2080 tuis,
756 2056 862 2083 semper
884 2049 931 2076 tibi
954 2049 1095 2076 veniatin

304 2099 422 2122 mentem
432 2095 502 2122 illius
512 2102 591 2129 quam
601 2093 758 2121 inurendam
769 2094 845 2122 ducis
854 2094 924 2126 aliis,
937 2094 984 2121 alti
994 2095 1095 2122 erroris

305 2139 423 2166 infamia.
446 2138 555 2166 Divinus
568 2146 676 2172 quoque
691 2142 773 2165 temet
787 2146 876 2166 sermo
897 2144 1069 2167 commoneat
1085 2149 1101 2166 :.

304 2189 430 2219 oportere
453 2185 527 2222 prius
551 2184 648 2218 deponi
664 2182 766 2210 trabem
786 2184 932 2218 propriam,
957 2188 986 2212 ut
1009 2186 1096 2220 possit

304 2229 419 2257 alienam
431 2230 492 2263 quis
504 2228 610 2256 auferre
624 2228 753 2256 festucam
767 2229 875 2265 (Matth.
886 2238 938 2262 vn,
951 2230 1015 2265 3-5;
1028 2232 1091 2259 Luc.

304 2281 344 2306 νι,
365 2273 410 2305 ιιι,
432 2273 493 2307 42).
510 2272 626 2300 Proinde
639 2273 701 2307 quia
716 2282 770 2301 non
785 2275 894 2303 lacessis
906 2277 983 2311 quasi
997 2277 1092 2305 dubios
1105 2267 1135 2297 Β

297 2317 403 2352 praelii,
428 2317 474 2345 scd
497 2317 621 2353 porcellis
643 2318 750 2353 quietos
773 2328 900 2348 mucrone
919 2322 1049 2355 convicii;
1063 2326 1092 2350 et

304 2363 406 2392 cunctis
417 2368 546 2392 creatum
559 2365 688 2400 partibus,
703 2373 867 2401 mensuram,
881 2369 986 2403 pondus
1000 2373 1028 2396 et
1041 2377 1091 2396 nu-

305 2416 407 2437 merum
422 2409 505 2437 indita
519 2417 579 2438 esse
589 2410 691 2443 dixisti,
702 2412 827 2446 quoniam
841 2413 899 2442 huic
911 2414 990 2441 simul
1005 2415 1091 2442 omnis

303 2454 352 2483 bus
366 2457 473 2482 constat
486 2455 573 2483 inesse
583 2456 750 2491 corporibus,
756 2461 788 2485 et
798 2458 913 2486 animam
925 2467 1023 2493 corpus
1033 2467 1095 2487 esse

304 2501 437 2534 decernis;
453 2508 513 2536 qua:
527 2501 605 2535 hujus
618 2506 742 2530 mensura
756 2503 800 2535 sit,
812 2504 858 2538 qui
868 2511 1003 2537 numerus,
1018 2505 1092 2539 quod

304 2546 408 2580 pondus
422 2547 538 2581 inquiro.
554 2546 582 2574 Si
599 2547 707 2575 modum
720 2549 853 2582 vegetanti
867 2550 963 2577 animo:
978 2550 1092 2578 viventis

304 2592 424 2625 corporis
438 2592 533 2620 modus
547 2592 625 2625 facit,
650 2593 713 2627 quia
726 2601 823 2628 corpus
844 2594 991 2622 extrarium
1012 2595 1088 2628 quasi

305 2642 351 2661 vas
365 2636 482 2670 aliquod,
504 2638 620 2665 animam
636 2639 717 2666 veluti
737 2639 823 2666 minus
845 2639 978 2672 quoddam
992 2648 1090 2676 corpus

306 2678 415 2706 includit
428 2688 435 2706 :
451 2687 515 2715 ergo
530 2682 640 2714 animm,
657 2688 686 2709 ut
704 2687 732 2710 tu
753 2684 806 2715 ais,
822 2684 958 2718 quantitas
970 2692 1019 2719 pro
1032 2678 1113 2714 con"

305 2724 378 2758 poris
391 2726 541 2759 quantitate
553 2729 686 2757 censenda
700 2735 751 2758 est.

338 2769 383 2797 ιν.
397 2768 420 2798 Ο
433 2770 455 2799 si
469 2772 534 2799 mihi
547 2773 581 2800 de
594 2773 636 2800 his
656 2775 727 2808 loqui
742 2780 830 2805 tecum
844 2786 965 2806 cominus
984 2780 1086 2814 palam-
1099 2789 1104 2795 '

341 2864 355 2880 ι
367 2861 500 2898 Virgilius,
516 2863 608 2897 Georg.
626 2872 659 2896 IV,
675 2872 743 2891 vers.
758 2865 797 2891 25.

1133 953 1263 987 formicae
1274 962 1372 989 corpus
1382 962 1556 990 oppona-em.
1569 955 1615 983 Sin
1626 956 1709 983 animi
1718 957 1851 990 vigorem,
1862 957 1934 986 hunc

1145 999 1266 1026 eumdem
1281 1000 1382 1027 nuilum
1393 1000 1538 1028 secundum
1551 1001 1650 1028 molem
1665 1002 1723 1029 fore
1732 1002 1933 1036 convincerem,

1147 1044 1222 1079 cujus
1237 1052 1298 1072 esse
1311 1045 1376 1072 nihil
1391 1046 1418 1072 in
1432 1046 1476 1072 illa
1498 1052 1630 1081 corporea
1642 1047 1737 1074 cameli
1752 1048 1935 1082 magnitudine

1144 1091 1356 1125 comprobarcm.
1369 1091 1417 1119 Hic
1431 1092 1513 1118 etiam
1528 1091 1576 1119 tibi
1586 1091 1772 1120 Maronianum
1786 1093 1851 1121 illud
1866 1094 1935 1128 obji-

1144 1144 1231 1164 cerem
1240 1155 1248 1169 ,
1263 1136 1335 1170 quod
1349 1136 1488 1164 verissime
1501 1137 1535 1165 de
1548 1137 1660 1172 apicnlis
1673 1138 1773 1166 dictum
1791 1143 1834 1167 est
1847 1143 1862 1159 ι
1874 1149 1882 1166 :

1205 1191 1322 1223 Ingentes
1330 1193 1421 1217 animos
1431 1196 1535 1223 angusto
1547 1194 1572 1217 in
1583 1196 1685 1224 pectore
1694 1193 1791 1219 versant

1182 1243 1211 1270 V.
1226 1243 1284 1270 lam
1299 1235 1358 1271 cum
1373 1252 1453 1279 super
1468 1249 1539 1271 statu
1554 1246 1669 1273 hominis
1683 1247 1822 1273 dissertare
1834 1247 1931 1281 coepis~

1145 1290 1210 1321 sem,
1223 1297 1237 1316 a
1253 1293 1280 1316 te
1293 1290 1396 1316 scilicet
1407 1298 1475 1316 nom
1488 1295 1632 1322 gerunetra,
1646 1295 1674 1318 ut
1688 1291 1790 1325 ingenia
1805 1299 1933 1326 quorum-

1144 1342 1249 1369 cnnque
1263 1335 1445 1368 dignoscerem
1462 1335 1650 1369 decempedam
1670 1336 1695 1362 in
1712 1337 1840 1371 judicium
1854 1336 1932 1371 ﬂagi-

1146 1384 1239 1407 tarcm.
1256 1380 1307 1407 Ubi
1322 1381 1343 1407 si
1360 1380 1405 1407 illo
1419 1380 1529 1407 forsitan
1546 1382 1676 1408 voluisses
1690 1382 1727 1408 uti
1748 1382 1884 1420 perfugio,
1902 1387 1932 1412 ut

1145 1426 1247 1453 diceres
1262 1426 1401 1453 invisibilia
1414 1426 1563 1453 Visihilibus
1579 1436 1631 1454 non
1643 1436 1721 1462 posse
1735 1428 1840 1461 metiri;
1856 1437 1872 1456 e
1883 1437 1932 1456 ve-

1145 1471 1224 1505 stigio
1239 1471 1444 1506 responderem,
1467 1481 1498 1498 ex
1519 1473 1702 1505 nmgnitudine
1724 1473 1845 1509 corporis
1863 1473 1934 1509 quod

1146 1510 1263 1545 animum
1285 1519 1432 1546 includeret
1446 1526 1524 1554 posse
1539 1519 1629 1546 metiri
1647 1515 1769 1547 animum
1779 1520 1825 1554 qui
1838 1528 1934 1555 corpus

1147 1564 1279 1599 impleret.
1295 1564 1322 1591 Si
1339 1573 1391 1592 non
1406 1573 1483 1599 posse
1498 1565 1619 1597 dixisses,
1632 1564 1823 1593 instantissime
1834 1574 1934 1601 quaere-

1146 1617 1213 1643 rem,
1228 1619 1275 1638 cur
1290 1611 1346 1637 licri
1369 1610 1403 1638 de
1426 1612 1546 1646 corporis
1559 1618 1658 1645 genere
1680 1620 1734 1639 uno
1756 1620 1810 1640 non
1832 1617 1934 1648 posset,

1146 1654 1217 1688 quod
1230 1654 1263 1681 de
1288 1655 1412 1682 omnibus
1435 1656 1536 1690 possit?
1560 1656 1587 1683 Si
1613 1655 1755 1684 annuisses
1772 1664 1859 1692 posse,
1883 1657 1933 1685 tibi

1146 1700 1262 1727 dicerem
1277 1709 1401 1728 sermone
1422 1702 1601 1737 prophetico:
1621 1701 1695 1729 Vade
1710 1703 1745 1730 ad
1760 1704 1902 1739 fortuitum,
1918 1712 1934 1731 ο

1145 1746 1227 1781 piger,
1248 1750 1272 1772 et
1286 1747 1418 1779 tumulare,
1435 1747 1543 1775 videndo
1563 1749 1617 1775 vias
1632 1748 1687 1784 ejus
1704 1748 1794 1784 (Prov.
1807 1757 1841 1781 v1,
1855 1748 1892 1783 6),
1906 1748 1934 1776 id

1145 1795 1202 1823 est,
1218 1791 1399 1826 providentius
1413 1792 1480 1826 ejus.
1503 1792 1558 1820 Nisi
1572 1791 1641 1820 forte
1655 1793 1817 1820 credendum
1836 1798 1877 1821 est
1898 1794 1934 1821 ob

1147 1835 1172 1863 id
1198 1844 1247 1863 nos
1273 1837 1382 1863 oraculo
1406 1836 1508 1863 caelesti
1532 1837 1719 1870 commonitos,
1746 1841 1775 1863 ut
1796 1836 1935 1872 gradiendi

1145 1881 1284 1908 scientiam
1300 1886 1315 1907 a
1329 1880 1438 1908 formica
1453 1882 1639 1915 quaereremus.
1651 1880 1708 1908 Non
1724 1884 1749 1907 te
1762 1881 1788 1908 in
1802 1881 1853 1908 hac
1867 1889 1933 1915 ραις

1146 1927 1280 1954 locutione
1295 1924 1420 1954 sollicitet
1435 1927 1585 1954 ambulandi
1599 1933 1675 1959 cura,
1691 1925 1739 1953 sed
1758 1925 1854 1961 agendi
1868 1927 1929 1954 sol-

1146 1972 1222 1999 lertia
1237 1972 1250 1991 ιι
1263 1981 1270 2003 ;

1208 2017 1243 2041 Ac
1251 2016 1325 2041 veluti
1338 2018 1463 2047 ingentem
1477 2018 1581 2043 formicae
1590 2017 1658 2043 farris
1666 2024 1781 2043 acervum

1207 2048 1266 2073 Cum
1278 2048 1392 2079 populant
1405 2048 1492 2074 literni:
1499 2052 1632 2079 memores,
1642 2052 1761 2080 tectoque
1769 2052 1902 2080 reponunt;
1931 2052 1936 2057 '

1145 2100 1194 2131 sic,
1202 2099 1284 2127 homo
1294 2100 1392 2133 omnis,
1400 2101 1426 2127 i‘n
1436 2101 1653 2135 eorpor’ationem
1665 2098 1858 2128 irrationaiium
1868 2102 1934 2135 pro-

1145 2146 1253 2180 toplasti
1264 2146 1354 2181 lapsus
1364 2151 1484 2182 peccato,
1496 2154 1531 2174 ne
1540 2146 1629 2175 hieme
1639 2147 1699 2181 fuga
1711 2149 1756 2174 tua
1770 2145 1815 2173 ﬁat
1823 2146 1931 2182 (Μαηιι.

1145 2197 1217 2223 xxiv,
1230 2191 1276 2225 20)
1291 2192 1351 2219 ﬁdei
1372 2192 1462 2219 calore
1480 2196 1509 2219 et
1523 2193 1614 2227 operis
1631 2191 1778 2219 devotione
1791 2198 1932 2226 procures,

1146 2243 1177 2263 ac
1192 2237 1292 2272 pariter
1310 2237 1443 2271 intelligas
1466 2238 1612 2265 formiculae
1635 2233 1663 2265 et
1683 2237 1793 2273 apicula:
1812 2237 1935 2272 ingentes

1146 2283 1250 2310 animos
1270 2287 1353 2318 parre
1367 2286 1480 2319 corpore
1495 2283 1601 2318 includi.
1618 2280 1690 2310 Nihil
1713 2283 1784 2311 enim
1807 2290 1933 2318 magnum

1144 2328 1231 2356 locale
1250 2330 1356 2364 capitur
1374 2330 1469 2363 exigua
1491 2337 1521 2356 re
1536 2329 1613 2356 locali
1630 2338 1636 2355 :
1651 2332 1679 2356 et
1700 2336 1813 2363 parvum
1836 2334 1933 2362 corpus

1145 2377 1226 2408 atque
1238 2375 1331 2408 ingens
1352 2375 1455 2402 animus
1469 2378 1510 2402 est
1529 2373 1648 2409 apiculze.
1670 2372 1729 2401 Non
1743 2380 1807 2407 ergo
1829 2373 1935 2408 capitur

1145 2424 1259 2454 corpore
1273 2423 1349 2447 extra
1364 2427 1407 2452 se;
1423 2420 1505 2454 igitur
1518 2423 1572 2452 est;
1593 2418 1640 2446 sed
1655 2417 1731 2446 extra
1751 2417 1781 2446 sc
1794 2415 1861 2446 nihil
1874 2425 1935 2445 om:

1144 2468 1241 2499 potest.
1260 2464 1307 2492 Est
1319 2471 1383 2499 ergo
1397 2469 1468 2491 totus
1489 2465 1516 2491 in
1531 2470 1654 2499 corpore,
1669 2462 1715 2490 Sed
1728 2466 1858 2497 mugiunt!
1869 2470 1934 2489 core—

1144 2514 1254 2544 porcum
1269 2516 1399 2545 corporeo
1411 2516 1497 2546 parvo
1510 2518 1563 2537 non
1578 2509 1691 2544 capitur,
1780 2506 1840 2536 tam
1856 2507 1934 2543 mag;

1143 2563 1205 2582 num
1220 2556 1306 2590 replet
1317 2555 1414 2587 locum,
1430 2562 1515 2590 quam
1655 2548 1772 2589 quidque
1781 2552 1869 2582 locale
1876 2557 1930 2581 est.

1142 2600 1197 2628 Aut
1211 2601 1292 2635 igitur
1305 2601 1393 2627 sitim:
1403 2600 1515 2628 illacails
1529 2600 1581 2632 ’e'st,
1598 2605 1625 2628 et
1639 2607 1688 2635 per
1700 2600 1759 2627 hzec
1773 2600 1931 2635 ineorporca

1141 2646 1203 2679 erit,
1217 2649 1265 2672 aut
1276 2650 1368 2673 secum
1380 2649 1437 2673 tota
1453 2654 1505 2673 non
1521 2647 1580 2673 erit.
1604 2645 1656 2685 sed
1670 2646 1735 2672 nihil
1749 2653 1810 2673 esse
1824 2645 1876 2672 nisi
1888 2652 1933 2672 se-

1142 2697 1204 2718 cum
1226 2694 1323 2725 potest.
1345 2690 1487 2718 "localiter
1500 2697 1564 2725 ergo
1579 2692 1604 2718 in
1620 2699 1649 2718 rc
1668 2698 1750 2726 parva
1772 2698 1816 2718 res
1830 2696 1933 2725 magna

1143 2739 1192 2763 est.
1208 2735 1265 2763 Non
1288 2736 1368 2770 igitur
1388 2736 1480 2763 loculis
1493 2740 1534 2763 est
1549 2737 1667 2769 animus,
1690 2740 1718 2762 et
1738 2735 1804 2762 nihil
1826 2732 1933 2764 illocale

1143 2789 1286 2817 coporcum
1302 2790 1306 2807 :
1320 2788 1464 2813 corporeus
1477 2782 1558 2816 igitur
1567 2789 1621 2808 non
1633 2785 1682 2808 est.
1695 2781 1828 2815 Quidquid
1839 2786 1931 2809 autem

1177 2870 1190 2889 ι
1204 2871 1336 2904 Virgilius,
1348 2871 1456 2898 .Encid.
1470 2879 1504 2899 ιγ.
1518 2880 1585 2899 \‘crs.
1605 2873 1651 2898 ποι)
