4232 6264
249 206 291 245 λ
1368 182 1404 216 Ο

296 350 390 407 741
1406 334 1421 363 ⁸
1480 339 1566 396 DE
1601 340 1825 400 STATU
1863 342 1892 399 Α

1989 341 2102 399 ΜίΕ
2140 341 2269 399 LIB.
2309 344 2373 399 Il.
3484 356 3591 411 74!

295 475 621 537 corporeum
663 475 775 515 non
802 463 904 521 est,
935 470 1046 511 non
1073 455 1217 511 mole
1257 454 1621 512 censendum.
1632 463 1738 512 est.
1771 455 1892 513 Non
1917 459 1970 520 Α
1994 472 2113 513 ram
2138 469 2261 528 qua:
2286 456 2526 527 metitur,
2556 458 2652 516 sed
2690 452 2806 530 qua
2838 461 3076 517 metitur.
3106 460 3259 520 Sicut
3304 463 3431 520 item
3479 482 3589 523 non

297 571 429 626 ergo
457 570 533 619 ex,
553 548 916 620 magnitudine
942 546 1186 617 corporis
1213 546 1378 601 animi
1408 546 1746 615 magnitudo.
1998 548 2106 605 hoc
2150 556 2234 605 est
2268 549 2583 618 magnitudo
2622 551 2769 621 quod
2819 567 3095 623 magnum,
3125 569 3225 611 nec
3249 554 3356 612 hoc
3379 559 3589 627 atquale

367 646 457 702 Vi.
488 643 758 712 Quorsum
783 646 965 696 autem
991 637 1191 694 evadas
1233 653 1376 694 nunc
1403 636 1702 696 videamus.
1757 638 1889 711 Api.
1996 638 2139 709 quod
2167 639 2465 709 aequalitas,
2490 655 2595 697 nec
2611 640 2717 698 hoc
2744 642 3089 713 pulchritudo
3108 645 3254 715 quod
3281 646 3586 716 pulchrum.

294 739 420 797 eula
451 736 550 792 tibi
574 732 849 807 corporis,
881 729 1117 787 camelus
1145 729 1310 784 animi
1338 730 1767 801 magnitudinem
1796 747 1891 788 ne-
1917 750 1921 755 τ
1994 728 2139 785 Nihil
2169 731 2311 786 enim
2339 740 2583 788 creatum
2601 747 2701 804 per
2728 748 2788 789 se
2815 749 3069 804 magnum
3098 743 3215 803 est;
3246 736 3346 793 sed
3381 753 3453 794 ex
3481 741 3586 796 mi-

299 837 409 902 gat.
439 827 657 883 Videris
698 840 766 879 ne
809 820 1110 879 istiusmodi
1156 820 1456 885 rationibus
1500 821 1768 879 sententia
1795 823 1892 879 tibi

298 920 502 992 placita
524 915 801 973 labascat?
819 913 897 969 Ne
914 912 1209 969 secundum
1227 927 1517 984 corporeas
1535 916 1889 984 quantitates,

279 1011 562 1075 numeris,
592 1006 918 1080 ponderibus
958 1011 1015 1060 et
1060 1004 1326 1060 mensuris
1371 1005 1535 1061 animi
1579 1006 1894 1076 magnitudo

298 1103 597 1173 subjaceat,
637 1099 728 1170 qui
771 1105 827 1153 et
869 1112 1069 1168 parvus
1098 1097 1152 1151 in
1179 1110 1376 1165 magno
1405 1102 1578 1153 totum
1626 1105 1806 1164 tenet,
1836 1104 1894 1154 et

300 1202 531 1266 magnas
556 1193 611 1248 in
639 1206 808 1263 parvo
838 1206 947 1264 non
975 1188 1162 1245 efiluit.
1214 1176 1319 1244 Sed
1361 1188 1501 1245 forte
1541 1190 1897 1263 corporaliter

299 1285 485 1342 metiri
513 1283 723 1339 animus
752 1297 862 1338 non
888 1287 1100 1352 potest,
1129 1287 1185 1335 et
1220 1279 1381 1351 pendi
1409 1287 1606 1350 potest.
1637 1279 1688 1336 is
1715 1280 1895 1337 dicere

301 1377 493 1433 audeat
525 1375 666 1433 scire
698 1389 760 1429 se
796 1388 957 1449 posse
979 1379 1114 1444 quot
1136 1372 1346 1427 animus
1371 1371 1666 1428 secundum
1686 1373 1897 1443 pondus

299 1466 474 1539 possit
501 1470 622 1522 esSe
649 1464 928 1530 librarum,
974 1461 1067 1532 qui
1095 1462 1546 1532 comprehensum
1574 1470 1723 1519 tenet
1764 1470 1903 1535 quot

301 1561 372 1617 sit
398 1557 691 1616 secundum
718 1555 1109 1625 longitudinem
1134 1554 1351 1627 pedum.
1379 1553 1618 1624 .Vestigia
1644 1569 1776 1612 vero
1796 1571 1897 1611 nu-

300 1664 575 1707 merorum
621 1648 677 1704 in
723 1646 1042 1718 corporibus
1089 1645 1291 1721 trifaria
1336 1645 1704 1703 dinoscuntur.
1750 1644 1897 1703 Loco

299 1741 503 1798 etenim
530 1740 727 1813 primo,
758 1746 818 1806 ut
845 1738 915 1795 sit
941 1752 1137 1815 corpus
1159 1736 1455 1822 maximum
1483 1736 1569 1792 vel
1590 1736 1891 1802 minimum,

1996 824 2146 881 noris
2173 826 2582 897 comparatione
2607 841 2861 898 magnum
2881 828 3085 899 aliquid
3104 829 3320 887 dicitur.
3342 830 3480 888 Hinc
3507 841 3591 889 est

1997 916 2143 986 quod
2188 924 2429 973 montem
2462 932 2691 987 parvum
2728 917 2977 987 dicimus,
3009 925 3067 974 et
3107 921 3312 989 grande
3356 921 3587 978 milium.

1997 1006 2270 1064 Grandem
2296 1024 2516 1080 quoque
2542 1024 2805 1079 muscam,
2848 1017 2905 1066 et
2930 1011 3127 1068 bovem
3165 1027 3411 1083 parvum.
3452 1013 3591 1071 Cum

1998 1112 2128 1154 vero
2173 1099 2243 1155 ad
2288 1100 2467 1170 ipsam
2513 1101 2835 1163 creatricem
2875 1102 3092 1159 venitur
3143 1104 3589 1174 magnitudinem,

1996 1190 2124 1260 quia
2151 1192 2457 1261 comparari
2478 1207 2586 1247 non
2604 1198 2809 1264 potest,
2835 1208 2938 1250 nec
2952 1192 3131 1263 major
3155 1209 3258 1251 nee
3281 1196 3461 1251 minor
3476 1202 3583 1252 est.

1998 1279 2089 1339 Sic
2116 1288 2174 1337 et
2199 1281 2254 1336 in
2282 1282 2367 1337 his
2392 1282 2779 1354 principalibus
2805 1282 2996 1341 formis
3019 1284 3159 1341 ratio
3181 1301 3281 1356 par
3304 1294 3420 1357 est,
3452 1300 3590 1356 quas

1999 1370 2155 1439 Plato
2182 1373 2332 1429 ideas
2364 1374 2628 1430 nominat.
2658 1374 2795 1430 Nam
2822 1375 3120 1433 secundum
3165 1375 3410 1433 eamdem
3446 1390 3585 1447 qua-

1997 1462 2139 1519 drati
2167 1464 2339 1532 legem
2364 1465 2690 1522 fabricamus
2714 1473 2772 1521 et
2797 1466 3120 1536 quadratam
3146 1467 3382 1523 tabulam
3411 1475 3468 1524 et
3494 1467 3588 1525 fo-

1998 1571 2118 1622 rum
2138 1555 2478 1625 quadratum.
2510 1555 2721 1612 Etcum
2740 1557 2921 1613 forum
2945 1557 3121 1627 majus
3147 1557 3469 1627 quadratum
3486 1559 3585 1624 sit,

2001 1663 2110 1704 non
2136 1656 2317 1703 tamen
2344 1649 2515 1718 magis
2540 1648 2861 1719 quadratum
2878 1656 2988 1705 est.
3016 1648 3153 1705 Hinc
3169 1648 3354 1720 capias
3370 1657 3591 1721 oportet
3652 1719 3663 1728 υ

2000 1740 2258 1797 iudicium
2276 1741 2428 1799 illius
2469 1756 2578 1797 non
2601 1742 2754 1812 pensi
2781 1742 3037 1813 ponderis
3059 1749 3116 1798 et
3134 1742 3588 1801 immensus-abin:

308 1847 474 1889 unum
503 1830 560 1887 id
596 1845 717 1887 esse
745 1836 1167 1896 necessumest,
1196 1828 1340 1899 quod
1378 1829 1584 1886 scilicet
1608 1845 1640 1887 a
1669 1845 1895 1886 numero
1927 1824 1970 1883 Β
1997 1847 2283 1898 mensurae,
2310 1840 2370 1889 et
2407 1833 2812 1890 innumerabilis
2835 1833 3049 1890 meri
3087 1852 3101 1889 :
3134 1849 3259 1906 quae
3285 1835 3392 1891 tria
3422 1834 3597 1893 simul

299 1926 392 1981 ille
421 1932 531 1981 est.
567 1922 846 1988 Secundo,
879 1930 1013 1994 quot
1040 1921 1284 1993 partibus
1328 1928 1571 1996 constat;
1599 1936 1719 1992 quae
1763 1937 1894 1993 pro-

303 2016 449 2073 fecto
480 2021 680 2086 partes,
715 2022 773 2068 ut
794 2012 910 2082 jam
934 2012 1186 2078 diximus,
1209 2011 1398 2077 dextra
1421 2020 1478 2069 et
1496 2012 1648 2081 lmva,
1680 2029 1894 2070 sursum

301 2122 368 2162 ac
393 2105 668 2170 deorsum,
698 2104 840 2160 ultro
887 2111 944 2159 et
989 2104 1127 2159 citro
1166 2112 1310 2162 sunt,
1341 2102 1546 2171 Tertio,
1576 2113 1710 2174 quot
1740 2102 1896 2173 juxta

300 2196 583 2269 prmfatam
625 2196 988 2253 diversitatem
1016 2194 1268 2265 partium,
1300 2194 1471 2250 secari
1510 2209 1671 2250 omne
1698 2210 1896 2266 corpus

304 2291 359 2345 in
390 2298 575 2361 partes
598 2296 807 2363 potest;
834 2303 1063 2363 quarum
1093 2288 1222 2342 item
1242 2301 1368 2358 pars
1387 2287 1642 2358 quaelibet
1660 2288 1893 2357 partium

301 2381 550 2453 corporis
577 2389 794 2452 propter
839 2380 946 2433 vim
988 2378 1377 2448 primigeniam-
1408 2378 1617 2434 numeri
1645 2384 1701 2434 et
1728 2393 1895 2433 unum

303 2486 500 2542 corpus
524 2470 646 2536 erit,
669 2478 725 2525 et
755 2468 974 2524 totidem
995 2468 1239 2540 partibus
1263 2468 1553 2532 constabit,
1585 2476 1642 2524 et
1668 2468 1893 2539 perinde

304 2550 359 2618 in
385 2570 566 2633 partes
593 2561 763 2617 secari
788 2561 1006 2631 poterit.
1059 2558 1219 2615 Modo
1266 2566 1325 2615 tu
1362 2559 1559 2614 videris
1587 2567 1895 2615 utrumnam

305 2667 427 2708 cum
467 2651 751 2721 cujuslibet
779 2636 1069 2705 animantis
1114 2664 1219 2704 una
1249 2649 1320 2704 sit
1347 2649 1556 2716 anima,
1587 2649 1753 2706 dividi
1780 2650 1895 2716 hmo

313 2732 496 2797 eadem
527 2742 697 2812 possit
720 2748 778 2796 ut
798 2741 991 2796 iterum
1013 2740 1315 2810 quotalibet
1342 2755 1469 2810 pars
1496 2740 1689 2795 animae
1716 2740 1895 2796 anima

308 2832 407 2899 sit,
436 2830 575 2888 sicut
603 2831 903 2902 quotalibet
929 2847 1054 2902 pars
1098 2832 1342 2902 corporis
1370 2847 1566 2903 corpus
1608 2839 1709 2895 est.
1742 2829 1897 2898 Quod

309 2924 437 2996 quia
465 2940 720 2980 sanorum
758 2924 1023 2981 neminem
1047 2940 1175 3003 reor
1203 2940 1362 2996 posse
1387 2924 1587 2993 dicere,
1617 2924 1897 2980 terendum

308 3027 524 3086 tempus
553 3031 661 3071 non
689 3024 771 3071 est
796 3016 849 3069 in
877 3031 1060 3071 earum
1087 3016 1420 3074 discussione
1448 3032 1752 3082 causarum,
1775 3029 1897 3086 qua:

306 3115 504 3178 suapte
552 3114 745 3162 natura
787 3115 895 3161 tam
925 3106 1081 3162 clara:
1125 3117 1248 3163 sunt
1291 3109 1672 3179 utgobscurari
1715 3107 1911 3179 potius

305 3199 671 3271 disputatione
696 3199 901 3253 minuta
928 3198 1224 3279 videantur.

912 3331 1139 3390 CAPUT
1182 3334 1274 3389 Ν.

482 3438 557 3506 De
584 3464 844 3517 mensura,
876 3462 1089 3504 numero
1116 3460 1162 3504 et
1197 3450 1427 3520 pondere
1456 3450 1704 3517 corporis.
1745 3456 1753 3463 '

376 3568 425 3624 ι.
466 3567 525 3623 In
564 3566 695 3623 illud
734 3581 880 3622 nunc
908 3564 1098 3634 magis,
1142 3563 1245 3618 nisi
1290 3563 1611 3628 contemnis,
1642 3563 1892 3619 advertas

307 3659 564 3729 animum,
605 3667 664 3712 ut
710 3656 826 3724 tibi,
860 3656 914 3710 in
957 3660 1219 3725 quantum
1256 3669 1317 3709 se
1353 3653 1522 3721 videri
1563 3652 1886 3721 dignabitur,

304 3750 587 3816 mensu'rze,
632 3748 894 3821 ponderis
922 3745 1215 3815 etlnumeri
1258 3745 1338 3799 vis
1374 3743 1554 3798 divina
1600 3741 1893 3812 pandetur.

304 3840 417 3895 Dici
456 3854 649 3909 nempe
675 3838 744 3893 de
782 3838 894 3893 Deo
943 3836 1172 3906 legimus
1219 3853 1231 3887 :
1267 3833 1540 3899 Mensura,
1590 3848 1803 3886 numero
1840 3839 1893 3897 et

301 3929 529 4002 pondere
556 3931 729 3986 omnia
768 3929 1072 4000 disposuisti
1099 3927 1254 3998 (Sap.
1288 3943 1341 3993 ι,
1377 3925 1466 3997 Μ)
1501 3944 1513 3979 :
1544 3940 1652 3995 quo
1673 3923 1895 3994 potissi‘

300 4037 453 4076 munt
481 4019 790 4074 testimonio
817 4019 872 4072 in
892 4019 947 4073 id
971 4019 1177 4089 scilicet
1206 4033 1331 4074 usus
1351 4032 1428 4083 es,
1452 4024 1515 4071 ut
1539 4016 1663 4071 exin
1688 4013 1891 4084 proba-

299 4121 421 4168 tum
448 4109 635 4175 velles,
660 4107 939 4162 animabus
958 4123 1171 4178 quoque
1190 4108 1393 4164 nostris
1412 4120 1704 4177 corporeae
1724 4119 1888 4176 quas-

298 4203 429 4259 dam
459 4199 654 4255 inditas
681 4198 1028 4269 quantitates.
1059 4199 1346 4271 Videamus
1388 4199 1552 4268 igitur
1587 4216 1598 4250 :
1632 4210 1887 4252 mensura

300 4295 435 4361 haec,
477 4291 687 4364 pondus
715 4291 843 4356 hoc,
872 4305 1127 4346 numerus,
1147 4292 1236 4348 hic
1262 4290 1478 4349 ubinam
1519 4290 1623 4345 loci
1664 4288 1887 4355 fuerint,

299 4385 584 4459 quandove
612 4400 733 4440 esse
756 4384 1046 4454 .emperint,
1078 4392 1139 4440 ut
1165 4384 1234 4439 ad
1263 4384 1488 4439 istorum
1515 4381 1671 4451 quasi
1698 4394 1890 4434 exem-

296 4480 420 4551 plar
439 4478 580 4532 Deus
601 4478 849 4532 universa
879 4475 1173 4532 formarat?
1213 4474 1271 4531 Si
1299 4476 1429 4531 nihil
1456 4475 1754 4539 inereatum
1784 4471 1887 4527 nisi

1996 1924 2313 1993 aequiterna,
2362 1938 2582 1995 semper
2617 1924 2910 1992 individua,
2941 1926 3143 1997 ubique
3188 1933 3247 1983 et
3278 1927 3589 1999 ubicunque

1998 2020 2132 2079 tota,
2157 2029 2298 2071 unus
2318 2013 2463 2070 Deus
2488 2023 2629 2071 sunt.
2733 2066 2741 2073 .

2046 2104 2132 2169 ll.
2160 2102 2355 2165 Omnia
2402 2106 2604 2161 etenim
2649 2120 2880 2176 corpora
2932 2106 3128 2177 quibus
3173 2106 3465 2177 quidquam
3504 2107 3589 2167 vel

1998 2208 2364 2258 numeramus,
2391 2194 2478 2249 vel
2496 2194 2800 2264 pendimus,
2823 2195 2909 2250 vel
2928 2195 3201 2262 metimun
3234 2196 3589 2256 numembiiin

1997 2289 2143 2349 sunt,
2173 2291 2231 2339 et
2255 2282 2649 2354 penderabilia,
2677 2295 2735 2340 et
2778 2285 3182 2345 mensurabilia.
3214 2284 3351 2341 Nam
3383 2296 3444 2342 et
3486 2303 3588 2344 nus

1995 2377 2131 2440 meri
2178 2377 2233 2431 in
2272 2377 2592 2446 corporibus
2629 2384 2811 2434 certus
2855 2384 2941 2432 est
2982 2376 3200 2445 modus,
3230 2385 3287 2433 et
3310 2376 3588 2448 poudieuii
3704 2436 3710 2441 _

1997 2469 2212 2524 trutinae
2230 2475 2436 2524 certum
2460 2476 2548 2523 est
2570 2468 2801 2539 pondus,
2825 2476 2885 2526 et
2900 2468 3243 2540 decempeda:
3260 2478 3410 2527 certa
3432 2485 3586 2527 mem

1996 2574 2120 2615 sura
2150 2566 2252 2615 est.
2287 2558 2334 2613 Δ
2371 2557 2529 2628 cujus
2554 2559 2926 2627 magnitudine
2958 2553 3021 2615 et
3046 2560 3186 2617 citra
3223 2561 3429 2617 reeun'i
3455 2560 3585 2619 licet

1996 2666 2168 2722 usque
2208 2651 2281 2707 ad
2307 2652 2515 2718 uncias,
2546 2659 2602 2708 et
2626 2651 2970 2717 seminnoias,
3016 2659 3075 2708 et
3100 2665 3273 2721 usque
3308 2650 3378 2706 ad
3418 2650 3584 2708 mini-

1994 2758 2164 2808 mum,
2195 2744 2332 2800 citra
2357 2743 2506 2814 quod
2534 2743 2668 2799 nihil
2694 2752 2797 2801 est.
2844 2743 2918 2799 Et
2962 2743 3103 2800 ultra
3154 2743 3286 2800 item
3332 2742 3584 2814 progredi

1996 2848 2168 2903 usque
2191 2833 2259 2889 ad
2297 2833 2552 2897 maxima,
2583 2840 2639 2889 et
2665 2834 2838 2903 ipsius
2860 2847 3079 2903 quoque
3105 2832 3292 2888 mundi
3308 2832 3586 2892 inaccessa
3612 2884 3617 2887 λ

1997 2941 2141 2983 nunc
2166 2926 2412 2982 sensibus
2428 2926 2627 2997 spatia.
2651 2925 2828 2983 Habet
2851 2926 2999 2981 enim
3016 2933 3230 2983 eertum
3248 2924 3583 2996 magnitudii

1998 3019 2082 3076 nis
2099 3019 2318 3075 modum
2341 3017 2602 3087 quidquid
2638 3016 2803 3074 ﬁnale
2818 3026 2927 3074 est.
2951 3016 3186 3074 Proinde
3204 3016 3584 3073 mundi-moles

1998 3111 2268 3175 universa,
2283 3109 2542 3178 quoniam
2561 3094 2629 3164 ex
2652 3107 2818 3164 finitis
2836 3116 2923 3165 est
2944 3115 3227 3178 compacta
3242 3106 3587 3178 corporibus.

1914 3182 1965 3247 Ο
1993 3201 2194 3271 quippe
2221 3214 2344 3256 cum
2369 3199 2598 3256 alterum
2629 3213 2830 3269 corpus
2856 3198 3013 3254 alteri
3044 3197 3209 3254 ﬁnem
3231 3196 3394 3254 “ei”
3412 3224 3431 3263 ἡ
3458 3212 3601 3268 νη·-

1993 3292 2083 3349 cui
2100 3291 2267 3348 dubio
2291 3292 2408 3362 ipsa
2432 3291 2609 3346 ﬁnalis
2626 3299 2731 3356 est,
2753 3297 3150 3363 proptereaque

1778 3375 1785 3383 ’
1894 3384 1904 3397 ’
1994 3382 2334 3453 Transquam
2344 3382 2535 3451 siquid
2550 3382 2848 3452 spatiorum
2862 3382 3099 3437 humana
3121 3395 3277 3437 mens
3288 3381 3585 3453 cogitauit:

1991 3490 2058 3531 ea
2076 3482 2227 3531 certe
2242 3474 2458 3531 ratione
2476 3488 2742 3531 mensura
2760 3488 2861 3545 per
2876 3474 3193 3544 corporales
3209 3473 3410 3530 formas
3434 3473 3582 3529 mitti

1988 3583 2151 3638 posse
2164 3559 2289 3623 ’nou
2314 3567 2525 3623 dubitat
2556 3584 2569 3620 :
2601 3565 2744 3635 quod
2763 3565 2980 3635 quidem
3005 3566 3081 3620 ita
3104 3580 3272 3636 posse
3294 3564 3413 3620 ﬁeri
3436 3564 3574 3620 γετί..

1991 3664 2104 3714 tate
2145 3659 2334 3723 claret,
2372 3657 2420 3712 si
2458 3657 2599 3712 ullus
2624 3664 2781 3712 extra
2818 3656 3080 3711 mundum
3122 3656 3277 3711 iocus
3315 3662 3419 3712 est.
3466 3654 3581 3711 Sed

1990 3750 2247 3819 quoniam
2266 3756 2430 3805 extra
2461 3762 2679 3804 omnem
2714 3748 2892 3803 locum
2920 3748 3074 3803 locus
3102 3760 3229 3802 esse
3248 3758 3358 3803 non
3377 3755 3582 3818 potest,

1990 3841 2178 3898 locatis
2215 3854 2468 3897 mensura
2496 3839 2591 3894 ubi
2612 3839 2766 3895 locus
2790 3845 2897 3905 est,
2926 3852 3039 3893 non
3078 3838 3329 3894 accedit:
3360 3845 3418 3894 et
3456 3852 3599 3896 cm

1991 3934 2131 3992 desit
2155 3934 2302 4003 quod
2327 3932 2507 3989 metiri
2532 3931 2725 4003 possit,
2755 3944 2873 4000 quo.
2901 3928 3078 4000 possit
3100 3928 3282 3984 metin'
3308 3935 3579 3999 superest,

1989 4027 2116 4096 quia
2142 4026 2294 4081 linito
2320 4022 2672 4101 mensurabili
2698 4020 3149 4078 immensurnhills
3172 4032 3427 4076 mensura
3466 4032 3580 4079 non
3666 4066 3671 4069 .

1989 4118 2188 4179 deﬁcit.
2224 4117 2462 4174 Eatenus
2507 4115 2761 4187 equidem
2804 4115 2948 4171 ratio
2990 4112 3266 4185 ponderis,
3316 4124 3386 4168 eo
3432 4109 3583 4183 quod

1988 4212 2149 4283 pendi
2177 4218 2358 4282 potest
2384 4218 2653 4275 cessante,
2684 4218 2794 4265 non
2812 4208 3018 4265 interit.
3046 4206 3120 4261 Et
3144 4218 3402 4262 numerus
3427 4205 3584 4262 linito

1988 4301 2313 4362 numerabili
2332 4316 2442 4357 non
2470 4288 2672 4356 finitur.
2693 4298 2862 4368 Igitur
2880 4299 2927 4354 si
2947 4298 3223 4354 immense
3238 4296 3378 4353 iacis
3396 4296 3599 4367 διῆρεν-

1989 4391 2091 4447 dor
2116 4392 2298 4461 aliquo
2325 4392 2482 4447 nobis
2520 4391 2732 4461 fulgore
2766 4388 3074 4456 subrutilat,
3103 4388 3418 4445 necessario:
3436 4386 3573 4443 sciti

1989 4488 2078 4536 eet
2104 4481 2264 4536 istinc
2291 4480 2676 4548 admoneare,
2706 4488 2768 4535 nt
2790 4479 3071 4551 paululum
3114 4478 3353 4550 seposita
3384 4486 3573 4534 ‘carna-

297 4575 517 4624 creator
560 4575 674 4632 est,
714 4567 828 4622 hmo
866 4581 997 4637 ergo
1039 4574 1218 4621 creata
1248 4573 1390 4622 sunt.
1422 4564 1480 4621 Si
1508 4571 1691 4621 creata
1718 4569 1882 4629 sunt,

1990 4570 2123 4627 lium
2149 4571 2358 4627 failauia
2378 4563 2669 4636 visionum,
2690 4570 2843 4626 dicas
2868 4571 3028 4627 nobis
3044 4568 3385 4640 domum
3406 4569 3580 4627 roma

297 4674 405 4712 non
439 4656 600 4726 igitur
634 4657 814 4715 omnia
855 4657 1000 4712 Deus
1045 4656 1331 4722 mensuris,
1361 4656 1602 4711 numeris
1627 4654 1883 4725 ponderi-

297 4749 502 4819 busque
550 4748 831 4819 disposuit.
863 4746 1308 4817 Quandoquidem
1337 4747 1451 4802 haec
1491 4747 1608 4816 ipsa
1653 4760 1762 4801 non
1788 4762 1879 4803 se-

297 4838 529 4892 cundum
559 4838 659 4895 ista
684 4838 953 4893 formavit.
987 4836 1094 4894 Sed
1114 4837 1423 4893 auctoritati
1439 4837 1634 4893 divina:
1660 4837 1891 4894 obviare-

300 4928 443 4984 nefas
463 4938 565 4985 est.
592 4929 840 4991 Numeris
858 4942 1011 4997 ergo,
1034 4928 1362 4999 ponderibus
1376 4935 1441 4984 .et
1462 4930 1728 4989 niensuris
1754 4928 1887 4983 uni»

302 5036 448 5075 versa
477 5028 657 5081 creata
686 5030 829 5076 sunt.
855 5019 1104 5075 Mensura
1134 5018 1515 5090 ergo,pondus
1541 5026 1597 5076 et
1624 5034 1880 5076 numerus

293 5119 613 5166 noncreata
638 5119 799 5167 sunt:
826 5111 955 5182 quia
992 5125 1101 5166 non
1141 5111 1437 5169 secundum
1462 5111 1655 5168 eadem
1694 5119 1878 5168 creata

291 5209 420 5256 sunt
446 5202 645 5266 omnia,
675 5203 723 5258 si
746 5210 801 5258 et
829 5203 944 5274 ipsa
972 5209 1157 5269 creata
1186 5210 1329 5259 sunt.
1384 5202 1482 5258 Hie
1507 5204 1756 5261 omnibus
1786 5219 1881 5259 eo—

290 5290 497 5361 gitandi
534 5292 734 5350 viribus
778 5292 1090 5374 enitendum
1119 5301 1206 5349 est
1227 5300 1291 5348 ut
1311 5307 1530 5364 quoquo
1559 5294 1721 5351 modo
1746 5309 1891 5364 pos--

287 5384 622 5452 sitagnosei
662 5399 768 5439 non
809 5385 914 5441 hoc
959 5377 1082 5440 esse
1127 5383 1339 5455 pondus
1388 5385 1687 5456 principale
1730 5385 1878 5455 quod

284 5476 559 5547 penditur,
591 5477 684 5532 sed
705 5491 814 5547 quo
840 5477 1127 5548 penditur;
1152 5492 1253 5535 nec
1271 5476 1517 5535 eumdem
1543 5493 1664 5534 esse
1688 5491 1877 5533 nume-

283 5583 408 5621 rum
428 5568 521 5636 qui
545 5576 875 5638 numeratur,
901 5568 997 5625 sed
1023 5585 1133 5640 quo
1164 5576 1507 5627 numeratur'
1534 5583 1633 5626 nec
1660 5586 1874 5629 mensu-

365 5764 385 5787 "
430 5752 517 5807 Al.
548 5754 629 5820 cui
656 5770 776 5809 non.

1984 4660 3223 4734 corporem'cuinoswumvisibilissiHSed
3261 4662 3387 4732 quia
3416 4661 3576 4727 hanc,

1985 4755 2090 4812 nisi
2111 4746 2334 4811 nimim
2350 4754 2581 4810 fortasse
2598 4760 2938 4818 summas,
2955 4750 3579 4822 corporieontempiabin

1983 4846 2891 4916 lemnonnegabiszeonsequentei-
2909 4846 3096 4917 qurere
3123 4844 3578 4899 illaulim‘mensua

1982 4937 2207 4993 rabilern
2222 4936 2296 4992 de
2319 4948 2427 5006 qua
2452 4946 2613 5006 supra
2637 4935 3011 4992 miomti
3016 4940 3345 4998 mensuram,
3370 4933 3575 4986 animos

1983 5042 2138 5085 neas
2146 5029 2364 5099 corpori
2379 5028 2659 5085 dieasesse
2668 5023 3042 5099 ueneﬁcum?
3060 5027 3169 5082 seu
3183 5030 3291 5080 non
3302 5025 3379 5077 ita
3388 5022 3577 5092 quem.

1981 5120 2126 5192 piam
2151 5121 2350 5176 verius
2368 5119 2591 5177 am
2640 5126 2703 5176 ut
2746 5118 2929 5176 divina
2957 5116 3174 5188 mori
3202 5111 3435 5169 visibilis
3456 5112 3574 5170 rore

1983 5211 2293 5281 commit,
2314 5218 2439 5269 eum
2457 5216 2805 5284 neccorpu'ra
2821 5204 3092 5267 vinarias
3110 5206 3217 5263 hoc
3238 5202 3547 5262 ani'amma

1983 5312 2043 5359 to
2058 5309 2372 5372 cognoscat,
2390 5308 2503 5372 aut,
2516 5294 2585 5360 ut'
2598 5304 2776 5361 dicam
2803 5302 3002 5364 verius,
3022 5296 3267 5355 animam
3280 5291 3462 5371 pinnis
3472 5298 3576 5371 pei'

1985 5400 2185 5464 corpus
2220 5406 2381 5465 quam
2424 5396 2716 5467 quidquam
2740 5398 2841 5464 per
2867 5404 2928 5449 se
2955 5386 3157 5467 sentire
3188 5388 3384 5464 corpus
3412 5382 3575 5448 iutel-J

1984 5483 2131 5553 ligat.
2160 5469 2368 5557 Duplex
2392 5466 2475 5541 ea
2503 5490 2633 5555 ergo
2648 5480 2870 5540 videndi
2896 5482 2979 5539 ris
3006 5466 3219 5538 auidae.
3243 5474 3401 5539 Videt
3427 5490 3572 5537 men-

1983 5584 2181 5643 suram,
2212 5576 2424 5632 pondus
2462 5580 2519 5628 et
2543 5576 2829 5631 numerum
2856 5578 2956 5646 per
2980 5586 3041 5631 se
3072 5591 3088 5631 :
3117 5564 3273 5630 vidui
3290 5574 3570 5630 mensura-

1854 5875 2014 5893 .____...—¢
2052 5880 2079 5885 ρ,
