4238 6260
620 378 724 436 N5

621 599 718 655 per
766 595 960 652 corpus
1005 576 1151 631 videt
1193 588 1314 644 quae
1363 579 1489 628 sunt
1525 568 1719 625 similia
1750 565 1985 636 corpori,
2016 565 2067 619 id
2096 574 2200 631 est,

621 688 880 744 corpora;
911 671 1230 740 incorporea
1260 680 1388 721 vero
1416 678 1514 734 per
1541 676 1620 727 se,
1651 658 1846 729 quibus
1874 666 1958 713 est
1985 657 2099 727 ipsa
2129 655 2202 712 si-

622 765 786 821 milis.

693 853 777 908 Ill.
811 851 962 907 Nunc
999 849 1045 905 si
1068 849 1262 919 placet,
1288 844 1541 916 quoniam
1572 840 1857 904 mensuris,
1883 837 2207 910 ponderibus

621 953 676 999 et
707 945 943 998 numeris
970 939 1152 995 omnia
1181 935 1442 1007 disposita
1470 942 1614 998 sunt,
1647 927 1957 987 eorumdem
1986 929 2038 983 in
2065 943 2212 984 crea-

624 1033 757 1088 turis
786 1032 939 1101 signa
959 1043 1281 1101 qureramus.
1314 1026 1486 1080 lmum
1507 1031 1655 1080 certe
1683 1022 2073 1077 elementorum
2096 1032 2212 1073 om-

611 1122 772 1178 nium
804 1129 948 1175 terra
975 1124 1059 1174 est
1088 1135 1100 1171 :
1135 1117 1189 1170 in
1216 1114 1448 1171 rotundo
1488 1103 1693 1168 Scilicet
1720 1109 1851 1165 illud
1890 1108 2055 1163 imum
2077 1122 2211 1162 con-

627 1220 733 1268 stat
771 1203 906 1277 esse,
931 1209 1075 1280 quod
1116 1208 1348 1263 medium
1379 1213 1480 1271 est,
1513 1205 1637 1274 quia
1670 1202 1726 1258 in
1753 1201 1970 1257 rotundi
1999 1198 2215 1255 extimis

629 1303 792 1358 imum
836 1318 943 1358 non
990 1307 1092 1356 est.
1124 1298 1386 1366 Quaelibet
1413 1309 1544 1365 ergo
1565 1303 1724 1350 terrm
1752 1308 1879 1362 pars
1907 1305 2100 1361 magna
2127 1288 2214 1344 vel

627 1393 868 1458 minima,
899 1400 958 1448 ut
986 1392 1200 1462 lapillus
1230 1391 1475 1458 exiguus,
1519 1387 1604 1442 vel
1633 1385 2020 1441 minutissimus
2048 1381 2219 1453 pulvi-

628 1485 806 1540 sculus
832 1484 924 1553 qui
964 1489 1166 1552 puncto
1193 1479 1388 1534 visibili
1415 1477 1654 1545 contingi
1681 1491 1790 1530 non
1828 1481 2012 1544 queat,
2053 1471 2220 1527 habet

629 1581 685 1628 et
710 1587 1015 1627 mensuram
1044 1587 1145 1640 pro
1164 1569 1382 1623 modulo
1411 1567 1514 1632 sui,
1537 1575 1592 1622 et
1622 1581 1904 1620 numerum
1930 1563 2222 1634 pro'ratio-

629 1679 698 1719 ne
719 1655 968 1734 partium,
993 1661 1186 1731 quibus
1213 1659 1414 1713 distant
1443 1644 1734 1727 superiora.
1753 1655 1820 1710 ab
1849 1651 2217 1717 inferioribus,

629 1754 818 1809 dextra
839 1768 869 1806 a
895 1751 1146 1813 sinistris,
1172 1765 1203 1804 a
1227 1748 1622 1820 posterioribus
1643 1747 1842 1817 priora.
1874 1743 2027 1800 Unde
2055 1743 2218 1799 etiam

1903 362 2209 419 MAMERTI
2251 342 2613 420 CLAUDIAM

619 491 774 558 bilia,’
798 487 1144 547 numerabilia
1187 491 1242 540 et
1287 479 1653 554 ponderabilia
1680 493 1776 548 per
1803 491 2017 545 corpus.
2052 474 2197 544 Ergo
2229 479 2280 538 Α
2305 477 2483 532 anima
2513 467 2746 532 hiima'na
2777 475 3052 546 sapientiae

3801 365 3919 418 7H

3099 494 3111 528 :
3159 491 3333 548 capax
3376 491 3610 546 namque
3637 485 3721 530 est
3761 477 3914 547 ejus,

2307 583 2412 636 qua
2443 567 2747 636 intelligens
2774 572 2876 621 est.
2909 564 3051 634 Ergo
3094 574 3154 621 ut
3198 574 3327 621 ante
3365 567 3642 636 indeptam
3684 567 3912 636 sapien-

2311 657 2461 722 tiam,
2482 657 2760 727 sapientizc
2779 670 2950 726 capax
2987 655 3095 710 dici
3116 672 3231 733 non
3263 664 3476 727 potest;
3503 657 3582 712 sic
3612 666 3914 725 antequam

2309 748 2578 818 particeps
2603 747 2719 816 ejus
2741 745 2854 811 llat,
2886 747 3100 818 sapiens
3124 747 3230 802 dici
3259 764 3367 804 non
3396 756 3597 819 potest.
3632 748 3758 804 Istic
3778 765 3915 819 ergo

2310 845 2718 910 percunctatum
2758 840 2920 894 venio
2953 856 2965 891 :
3024 839 3330 908 spatiumne
3372 839 3479 894 loci
3527 839 3642 894 fore
3679 839 3913 908 judices,

2314 946 2383 986 an
2411 930 2625 986 illocale
2647 930 2850 1000 aliquid
2863 945 2972 1000 quo
2986 930 3197 1001 capitur
3213 915 3517 1000 sapientia?
3547 929 3662 999 Ego
3687 932 3766 986 sic
3787 948 3918 987 cen-

2315 1039 2430 1086 seo,
2477 1021 2624 1093 quod
2649 1022 2696 1078 si
2725 1021 3022 1078 secundum
3068 1021 3304 1092 spatium
3331 1022 3592 1092 sapientis
3619 1023 3796 1076 anima
3825 1040 3916 1078 sa-

2314 1111 2534 1184 pientia:
2561 1127 2737 1182 capax
2761 1119 2863 1178 est,
2897 1125 3029 1181 ergo
3062 1111 3359 1166 secundum
3389 1112 3589 1168 molem
3609 1127 3803 1182 magna
3831 1124 3918 1169 est

2318 1204 2599 1280 sapientia.
2632 1191 2786 1270 Quod
2817 1213 2843 1241 ι
2872 1202 3000 1273 quia
3028 1218 3136 1276 non
3165 1202 3292 1258 sinit
3317 1203 3423 1258 dici
3452 1204 3674 1268 veritas,
3700 1205 3917 1260 illocale

2323 1305 2409 1352 est
2434 1295 2581 1365 quod
2601 1295 2768 1365 capit,
2806 1301 2868 1348 ut
2894 1283 3106 1349 illocale
3127 1292 3297 1364 possit
3331 1307 3451 1348 esse
3491 1294 3633 1364 quod
3676 1295 3912 1364 capitur.

2319 1384 2398 1441 En
2426 1385 2523 1441 tibi
2551 1383 2773 1440 humani
2814 1383 2979 1438 animi
3007 1383 3126 1439 sine
3152 1383 3298 1438 mole
3324 1382 3755 1452 magnitudinem.
3791 1383 3917 1438 Nu.

2319 1477 2456 1533 meri
2477 1491 2620 1532 nunc
2645 1475 2857 1530 intuere
2877 1474 3143 1530 rationem

2391 1567 2456 1622 ll.
2483 1565 2946 1628 Animadvertisti.
2969 1572 3028 1620 ut
3055 1565 3308 1628 arbitror,
3338 1565 3453 1620 hazc
3479 1578 3598 1619 esse
3624 1564 3680 1618 in
3707 1579 3916 1635 corpu--

2321 1658 2468 1714 ribus
2493 1657 2647 1726 signa
2677 1670 3046 1720 numerorum,
3072 1655 3216 1726 quod
3242 1655 3448 1710 scilicet
3481 1670 3767 1710 numerosa
3805 1655 3916 1710 sint

2322 1764 2573 1820 corpora,
2597 1764 2718 1820 qua:
2739 1749 2840 1804 sibi
2865 1747 3163 1804 secundum
3183 1748 3680 1817 pratstantissimam
3707 1749 3913 1804 numeri

631 1843 925 1915 quamlibet
953 1841 1231 1896 minimum
1251 1839 1414 1895 dividi
1446 1840 1499 1894 in
1519 1838 1627 1893 duo
1649 1844 1847 1908 potest,
1869 1835 1994 1905 quia
2023 1849 2223 1905 corpus
2250 1843 2298 1906 Β
2324 1839 2686 1910 requalitatem
2715 1839 2949 1910 partium
2977 1838 3249 1908 parilitate
3267 1840 3665 1910 respondeant:
3692 1847 3750 1893 ut
3772 1853 3884 1908 quo

632 1943 732 1989 est.
767 1933 982 1989 Pondus
1001 1947 1132 1988 vero
1156 1931 1297 1986 illius
1327 1931 1448 1984 hinc
1478 1927 1936 1993 animadvertitur,
1959 1926 2105 1997 quod
2135 1926 2215 1996 ip-

633 2041 750 2079 sum
778 2025 1054 2078 minimum
1085 2023 1152 2076 ab
1174 2021 1379 2090 origine
1407 2035 1502 2076 sua
1532 2018 1818 2083 sublatum,
1850 2025 1906 2072 et
1948 2016 2002 2071 in
2052 2031 2215 2086 aqua,

633 2116 912 2186 superiore
940 2115 1187 2170 videlicet
1214 2113 1483 2168 elemento
1509 2111 1804 2176 dimissum,
1837 2115 1988 2164 motu
2035 2106 2216 2162 infati-

634 2209 795 2280 gabili
825 2224 931 2264 non
959 2207 1206 2277 quiescit,
1230 2205 1403 2261 donec
1432 2203 1661 2259 naturali
1693 2202 1931 2271 pondere
1952 2200 2018 2255 ad
2043 2199 2217 2255 solum

637 2308 795 2353 terra:
819 2296 1145 2367 pervenerit.
1169 2294 1321 2349 Hune
1349 2293 1414 2348 ad
1445 2291 1664 2348 modum
1692 2291 1922 2346 rationis
1942 2290 2219 2344 tramitem

637 2389 690 2444 in
720 2387 941 2458 reliquis
969 2393 1187 2456 oportet
1223 2393 1410 2440 tenere
1449 2382 1787 2454 corporibus,
1820 2382 1946 2451 quia
1977 2389 2033 2436 et
2070 2394 2224 2450 aqua:

637 2479 899 2550 guttulam
946 2492 1107 2549 quam
1155 2469 1324 2546 digito
1371 2476 1544 2530 tincto
1589 2473 1896 2535 sustuleris,
1930 2473 2222 2527 habentem

638 2572 842 2630 scilicet
867 2587 966 2642 pro
986 2569 1370 2640 magnitudinis
1399 2566 1564 2622 modo
1603 2579 1935 2628 mensuram,
1969 2579 2067 2635 pro
2097 2577 2223 2632 par-

639 2665 772 2719 tium
810 2662 1064 2718 distantia
1105 2673 1429 2726 numerum;
1462 2659 1580 2727 lege
1605 2656 1864 2727 ponderis
1893 2655 1938 2710 si
1982 2653 2225 2709 dimittas

640 2753 692 2809 in
723 2769 926 2815 aerem,
970 2768 1082 2807 non
1109 2749 1314 2806 residet
1348 2749 1451 2804 nisi
1481 2748 1546 2802 ad
1580 2763 1678 2802 sua
1715 2745 2042 2817 pervenerit.
2073 2743 2227 2799 Aeris

640 2861 853 2918 quoque
883 2845 1023 2900 ratio
1052 2860 1151 2914 par
1180 2852 1283 2908 est,
1311 2841 1464 2911 cujus
1494 2840 1630 2896 nihil
1657 2840 1743 2894 vel
1771 2838 1872 2894 sub
1913 2852 2056 2908 aqua
2095 2851 2227 2892 con-

641 2939 822 3002 tineri,
845 2938 933 2992 vel
953 2952 1115 3006 supra
1147 2936 1325 3004 ignem
1356 2933 1482 2988 ferri
1509 2940 1710 3004 potest.
1738 2930 1894 2998 Quod
1922 2930 1968 2984 si
1997 2943 2107 2998 quo
2130 2942 2228 2999 pa-

642 3037 729 3082 cto
775 3024 896 3092 ﬁat,
942 3026 1270 3082 necessitate
1321 3023 1577 3094 ponderis
1617 3022 1703 3076 vel
1742 3021 1868 3076 hinc
1904 3016 2229 3074 naturaliter

642 3125 913 3186 erumpat,
965 3116 1053 3171 vel
1109 3114 1234 3168 inde
1283 3109 1478 3183 sponte
1529 3111 1764 3168 decidat.
1809 3108 2225 3165 Mensurabilem

2321 1933 2466 1987 niam
2503 1931 2662 1986 unius
2690 1931 2758 1986 ad
2799 1945 2987 1994 unum,
3017 1938 3074 1986 et
3100 1929 3329 1986 duorum
3373 1929 3444 1984 ad
3471 1929 3600 1995 duo,
3640 1938 3696 1984 et
3720 1930 3788 1984 ad
3809 1929 3914 1985 tria

2320 2024 2481 2079 trium
2511 2037 2720 2079 summa
2748 2021 3027 2092 aequalitas
3051 2029 3169 2088 est;
3198 2022 3278 2077 sic
3296 2021 3481 2076 itidem
3507 2020 3638 2076 illud
3666 2036 3916 2075 numero-

2325 2130 2442 2170 sum
2473 2128 2670 2184 corpus
2697 2128 2817 2168 esse
2836 2111 3096 2178 dicamus,
3127 2112 3273 2181 quod
3301 2120 3418 2168 rata
3446 2111 3780 2168 dimensione
3806 2111 3917 2167 for-

2322 2205 2550 2271 matum,
2571 2211 2630 2258 ut
2657 2203 2822 2259 verbo
2849 2212 3006 2259 tenus
3031 2204 3343 2269 humanum,
3367 2219 3489 2274 quae
3517 2211 3644 2259 sunt
3684 2202 3806 2258 bina
3835 2203 3918 2261 sic

2323 2299 2519 2354 habeat
2547 2313 2615 2353 ex
2644 2295 2872 2353 adverso
2899 2296 3096 2367 posita,
3126 2303 3188 2350 ut
3237 2295 3340 2350 sibi
3378 2310 3482 2352 nec
3524 2295 3914 2365 magnitudine,

2321 2405 2421 2446 nec
2446 2389 2642 2459 spatio,
2687 2393 2789 2444 nec‘
2834 2389 2954 2444 loco
2999 2377 3345 2454 dissentiant,
3379 2395 3440 2442 ut
3483 2388 3608 2442 s'unt
3650 2403 3808 2443 aures
3856 2397 3917 2446 et

2323 2480 2482 2536 oculi.
2515 2478 2646 2546 Qua:
2673 2479 2804 2535 item
2843 2479 3071 2550 singula,
3104 2487 3164 2534 ut
3192 2495 3350 2534 nasus
3371 2486 3424 2534 et
3468 2495 3530 2534 os
3557 2479 3792 2534 medium
3819 2479 3915 2535 lo-

2324 2585 2446 2626 cum
2475 2577 2713 2625 teneant.
2747 2569 2921 2638 Atque
2965 2576 3024 2623 ut
3050 2584 3168 2624 esse
3195 2570 3408 2640 pulchra
3456 2568 3682 2638 possint,
3719 2569 3912 2626 conci-

2326 2661 2562 2716 nentiam
2590 2674 2814 2714 summa:
2839 2657 3162 2728 zequalitatis
3187 2658 3471 2713 imitentur.
3506 2656 3781 2724 Quatenus
3801 2658 3911 2729 mi-

2325 2759 2415 2805 tur
2443 2748 2650 2805 numeri
2689 2748 2972 2804 veritatem
3001 2748 3056 2803 in
3084 2747 3260 2803 anima
3296 2747 3621 2819 reperiamus
3646 2748 3909 2815 humana,

2325 2842 2560 2914 primum
2589 2839 2749 2894 debet
2787 2839 2903 2910 ipsa
2943 2839 3159 2894 sibimet
3204 2837 3462 2895 actitandi
3505 2839 3768 2894 rationem
3805 2854 3912 2909 pro

2325 2933 2584 2987 virtutum
2614 2929 2888 3000 parilitate
2933 2929 3239 2996 concinere,
3272 2937 3332 2984 ut
3359 2928 3634 2999 sapientia:
3671 2928 3909 2998 justitia,

2328 3022 2697 3094 temperantiae
2731 3019 2988 3077 lortitudo
3015 3019 3367 3091 respondeat;
3395 3035 3518 3090 quae
3545 3019 3786 3092 parilitas
3804 3020 3909 3075 uti-

2328 3129 2434 3184 que
2475 3126 2762 3168 numerosa
2803 3119 2904 3178 est,
2937 3111 3062 3181 quia
3085 3119 3238 3167 tanto
3267 3119 3352 3166 est
3388 3111 3624 3166 numeris
3662 3110 3906 3178 vicinius,

642 3221 772 3260 vero
800 3221 984 3261 aerem
1013 3213 1070 3260 et
1100 3221 1197 3274 pro
1226 3220 1455 3259 numero
1485 3203 1718 3273 partium
1747 3216 2116 3263 numerosum,
2137 3197 2224 3254 vel
2251 3203 2298 3269 α
2327 3213 2530 3276 quanto
2547 3213 2632 3261 est
2657 3202 2948 3274 quidqualn
2963 3201 3354 3260 cencinentius.
3375 3203 3485 3260 Sed
3508 3204 3636 3260 illud
3655 3205 3707 3261 in
3727 3205 3906 3260 anima

643 3297 786 3361 hinc,
838 3304 899 3350 ut
953 3296 1206 3358 arbitror,
1267 3295 1456 3364 liquet,
1515 3294 1660 3364 quod
1689 3308 2012 3363 corporeum
2043 3292 2223 3348 metiri

643 3402 802 3459 posse
831 3383 1090 3440 mundum
1127 3383 1321 3446 sciant,
1354 3382 1506 3452 cujus
1535 3398 1633 3437 aer
1664 3382 1820 3436 tertia
1850 3395 1974 3451 pars
2001 3390 2104 3436 est.
2137 3380 2226 3436 Sic

643 3476 805 3532 etiam
851 3474 988 3543 ignis
1029 3474 1357 3529 elementum
1400 3478 1596 3542 quarto
1637 3471 1751 3541 jam
1792 3471 2039 3526 constitit
2084 3471 2223 3537 loco,

645 3566 788 3637 quod
834 3573 890 3620 et
930 3581 1028 3635 pro
1069 3563 1310 3634 partibus
1352 3565 1463 3618 suis
1505 3563 1698 3633 recipit
1733 3579 2012 3628 numeros,
2044 3549 2102 3618 et
2131 3579 2228 3634 pro

645 3656 839 3726 spatio,
882 3655 1006 3725 quia
1049 3654 1206 3709 Iinale
1247 3663 1351 3717 est,
1397 3654 1667 3709 mensuris
1706 3653 1973 3709 subditur.
2007 3652 2228 3709 Pondus

646 3753 827 3802 autem
886 3745 1023 3814 ignis
1075 3745 1177 3800 iste
1233 3753 1478 3800 terrenus
1506 3745 1684 3816 .quasi
1725 3745 1998 3816 quoddam
2035 3761 2226 3801 semen

649 3836 856 3904 ignium
873 3851 1249 3906 supremorum
1269 3851 1484 3890 sursum
1505 3851 1694 3891 versus
1723 3835 1917 3901 habet;
1939 3837 2033 3906 qui
2055 3851 2229 3906 quan-

650 3937 706 3982 to
736 3925 940 3996 majore
969 3926 1209 3982 fomento
1251 3935 1456 3998 pastus,
1489 3927 1758 3996 majorum
1791 3925 1954 3980 fuerit
1981 3927 2175 3980 virium
2213 3943 2225 3978 :

562 4071 566 4074 .
650 4018 796 4073 velut
825 4019 878 4073 in
901 4019 1127 4086 patriam
1157 4018 1384 4073 tendens
1409 4017 1593 4072 subtili
1623 4023 1817 4070 natura
1847 4028 2072 4084 magnas
2100 4031 2230 4084 par-

653 4116 735 4163 tes
762 4109 945 4179 stipati
975 4110 1117 4164 aeris
1146 4110 1414 4178 irrumpit,
1447 4115 1503 4161 et
1539 4107 1643 4161 nisi
1679 4104 1932 4160 eumdem
1971 4105 2231 4162 elementi

651 4200 885 4258 alterius
901 4198 1224 4268 profundum
1252 4200 1515 4262 vinceret,
1541 4212 1650 4268 quo
1678 4211 1777 4266 per
1804 4204 2054 4251 naturam
2085 4199 2229 4269 rapi-

657 4295 744 4344 tur
762 4289 1091 4360 perveniret.

1273 4377 1504 4432 CAPUT
1545 4377 1608 4431 V.

836 4468 912 4522 De
945 4483 1206 4529 mensura,
1250 4481 1461 4522 nuner
1503 4477 1553 4521 et
1598 4468 1822 4536 pondere
1848 4470 2057 4526 animm.

2328 3312 2677 3354 numerosum
2706 3296 2889 3368 potius
2913 3296 3164 3361 arbitror,
3194 3311 3304 3366 quo
3349 3296 3538 3353 eadem
3565 3297 3899 3355 scientialitei

2327 3403 2548 3458 compos
2569 3394 2653 3443 est
2681 3387 2921 3452 numeri;
2953 3394 3012 3441 ut
3049 3401 3157 3441 non
3198 3387 3460 3458 partibus,
3492 3387 3651 3444 sicuti
3687 3403 3902 3458 corpus,

2329 3492 2614 3532 numerosa
2671 3478 2760 3542 sit,
2810 3476 2903 3532 sed
2957 3477 3132 3552 ipsum
3179 3475 3478 3546 dignoscat.
3525 3487 3582 3534 et
3618 3472 3907 3535 secundum

2329 3567 2576 3622 eumdem
2598 3565 2803 3645 judicet
2829 3551 3127 3621 numerum.
3156 3566 3288 3622 Nam
3317 3569 3419 3622 tria
3443 3577 3498 3624 et
3520 3577 3754 3638 quatuor
3787 3585 3909 3640 sep-

2331 3665 2440 3711 tem
2471 3656 2612 3724 iore;
2641 3665 2696 3713 et
2723 3657 2839 3713 haec
2865 3657 2967 3712 tria
2995 3665 3052 3713 et
3077 3667 3282 3728 septem
3310 3659 3513 3725 decem,
3540 3661 3685 3714 nulla
3713 3669 3912 3731 praeter

2333 3749 2632 3803 humanam‘
2661 3749 2894 3802 animam
2920 3748 3004 3803 vel
3031 3756 3210 3819 potest
3231 3749 3368 3806 scire
3395 3749 3476 3803 vel
3501 3751 3720 3819 poterit.
3753 3751 3913 3807 Sicut

2334 3840 2494 3909 igitur
2507 3840 2576 3894 de
2603 3854 2853 3895 mensura
2873 3839 3085 3906 claruit,
3110 3841 3180 3895 ita
3207 3848 3260 3896 et
3285 3839 3350 3894 de
3385 3840 3618 3895 numeris
3644 3841 3781 3897 satis
3800 3858 3908 3914 ap-

2333 3939 2488 4002 paret
2516 3946 2635 3986 esse
2674 3932 2775 3986 hos
2808 3932 2862 3986 in
2891 3947 3115 4004 corpore
3133 3930 3426 3998 visibiliter,
3458 3932 3513 3987 in
3531 3931 3712 3988 anima
3741 3933 3912 3991 intel-

2334 4023 2651 4078 lectualiter.
3325 4044 3327 4047 ·
3575 4013 3577 4015 ’

2351 4123 2354 4126 '
2405 4112 2490 4166 lll.
2521 4113 2707 4168 Restat
2727 4129 2866 4169 nunc
2892 4101 2948 4170 ut
2968 4117 3035 4171 de
3056 4116 3293 4187 pondere
3317 4115 3668 4188 disputemus.
3701 4117 3914 4190 Corpo-

2337 4220 2452 4259 rum
2483 4205 2691 4276 pondus
2723 4206 2851 4261 illud
2880 4223 3000 4264 esse
3028 4208 3357 4279 patuit,'quo
3379 4207 3563 4264 eadem
3583 4209 3636 4264 in
3667 4211 3918 4277 regiones

2338 4309 2461 4350 suas
2488 4295 2630 4350 unde
2656 4295 3073 4366 primordialiter
3101 4297 3360 4363 existunt,
3398 4297 3706 4354 naturaliter
3733 4297 3916 4352 ferun-

2339 4394 2446 4453 tur,
2474 4401 2574 4442 nec
2601 4387 2901 4455 quiescunt,
2934 4387 3283 4458 quoadusque
3321 4388 3633 4443 transmisso
3659 4388 3918 4443 elementi

2340 4475 2562 4532 alterius
2587 4477 2781 4547 spatio,
2815 4477 2866 4532 in
2911 4492 3004 4532 sua
3033 4479 3369 4547 perveniant.
3402 4479 3604 4534 Anima:
3630 4493 3756 4534 vero
3781 4493 3920 4549 pon-

727 4555 867 4611 Ecce
894 4555 1068 4623 patuit
1085 4555 1216 4610 nihil
1240 4569 1361 4610 esse
1387 4571 1726 4635 corporeum,
1749 4561 1838 4615 cui
1866 4575 1972 4617 non
1998 4562 2069 4616 sit
2087 4576 2238 4617 men-
2267 4563 2316 4624 D
2339 4565 2439 4620 dus
2465 4567 2714 4622 voluntas
2755 4577 2839 4622 est
2866 4568 3001 4636 ejus,
3031 4583 3152 4637 qua:
3182 4569 3398 4638 proprie
3426 4569 3595 4636 magis
3615 4584 3766 4623 amor
3782 4565 3919 4623 dici-

659 4658 802 4708 sura,
833 4641 1042 4712 pondus
1064 4651 1122 4698 et
1151 4658 1418 4700 numerus.
1451 4645 1603 4704 Nunc
1637 4649 1894 4717 quoniam
1921 4649 2234 4706 earumdem

656 4741 744 4790 est
768 4741 826 4790 et
851 4733 1058 4804 partilis
1085 4734 1283 4802 unitas,
1315 4743 1372 4790 et
1397 4736 1569 4792 locale
1589 4739 1816 4808 pondus,
1848 4747 1904 4794 et
1927 4739 2239 4806 magnitudo

658 4824 1032 4882 mensurabilis
1061 4867 1078 4894 ,
1129 4833 1307 4880 utrum
1353 4827 1455 4881 tria
1495 4827 1610 4883 haec
1664 4837 1888 4886 eatenus
1938 4829 1994 4885 in
2039 4831 2235 4892 anima,

660 4927 720 4974 ut
763 4918 816 4974 in
852 4931 1100 4988 corpore,
1140 4917 1250 4973 sint
1287 4931 1605 4986 quaeramus.
1650 4919 1897 4990 Magnum
1943 4928 2094 4976 certe
2119 4935 2240 4976 cor-

661 5025 762 5081 pus
798 5007 1130 5080 longitudine
1163 5015 1220 5063 et
1258 5003 1540 5066 latitudine
1577 5020 1634 5067 et
1669 5012 1952 5069 altitudine
1989 5013 2237 5082 dicimus,

659 5100 812 5169 cujus
839 5100 1024 5171 utique
1049 5099 1283 5172 spatium
1309 5100 1510 5168 grande
1537 5100 1622 5156 vel
1651 5116 1872 5168 parvum
1920 5118 2020 5172 pro
2041 5103 2124 5158 sui
2151 5118 2240 5158 ca-

661 5190 895 5257 pacitate
939 5205 1238 5264 censemus.
1286 5189 1426 5258 Ergo
1469 5196 1672 5243 tantum
1713 5190 1968 5260 quidquid
1999 5193 2243 5262 corporis

662 5277 1018 5348 quodcunque
1033 5295 1230 5352 corpus
1248 5280 1456 5349 recipit,
1479 5285 1739 5348 quantum
1760 5295 1858 5348 pro
1886 5281 2239 5350 amplitudine

566 5438 572 5445 ι
664 5379 834 5434 capax
858 5375 958 5420 est.
1001 5367 1090 5423 Sic
1114 5369 1364 5439 equidem
1392 5377 1702 5425 transcenso
1726 5368 1994 5434 inferioris
2022 5380 2239 5426 creatu-

668 5469 740 5508 ra:
784 5454 948 5520 gradu
984 5458 1349 5515 subllmiorem
1385 5469 1684 5516 creaturam
1736 5473 1919 5524 cerne,
1967 5459 2035 5514 et‘
2077 5463 2240 5518 animi

670 5542 1086 5612 magnitudinem
1112 5547 1195 5601 sui
1222 5551 1520 5620 capacitate
1557 5549 1764 5607 metire.
1797 5550 1934 5608 Ecce
1961 5566 2129 5622 capax
2161 5563 2245 5612 est

745 5698 890 5785 ιἈι.
921 5728 1040 5796 quia
1067 5728 1211 5784 una.

2341 4663 2444 4721 tur,
2468 4671 2576 4726 quo
2595 4657 2799 4712 scilicet
2812 4658 2896 4712 vel
2929 4672 2987 4713 se
3017 4658 3206 4727 ipsam,
3231 4660 3315 4713 vel
3336 4659 3439 4713 alia
3468 4659 3712 4730 quaelibet
3737 4666 3918 4714 amat:

2341 4746 2455 4800 sive
2482 4748 2622 4802 enim
2649 4747 2750 4802 sibi
2782 4748 3098 4818 incorporea
3125 4748 3329 4818 diligat,
3362 4757 3424 4803 ut
3448 4757 3531 4803 est
3559 4764 3680 4804 vera
3709 4748 3924 4819 sapien-

2343 4835 2446 4897 tia;
2497 4836 2610 4892 sive
2653 4838 2870 4907 corpori
2911 4853 3170 4907 corporea
3218 4839 3582 4907 concupiscat,
3613 4847 3672 4894 ut
3702 4837 3924 4908 pulchra

2345 4933 2471 4981 sunt
2497 4941 2726 4997 corpora
2752 4945 2765 4980 :
2799 4927 2996 4983 lllocali
3019 4928 3218 4982 amoris
3246 4928 3484 5005 pondere
3503 4930 3722 5000 rapitur,
3749 4929 3930 4985 donee

2343 5025 2642 5072 amatorum
2671 5019 2958 5088 adeptione
2985 5019 3238 5089 potiatur.
3271 5013 3661 5090 igitur'pondus
3683 5021 3931 5090 corporis

2343 5123 2661 5178 quocunque
2687 5125 2884 5180 corpus
2914 5111 3116 5176 tulerit,
3139 5126 3420 5167 mensuras
3455 5111 3572 5181 ejus
3598 5120 3654 5167 et
3675 5126 3932 5167 numeros

2345 5198 2812 5262 indissoeiabiliter
2838 5216 3020 5256 secum
3061 5202 3242 5257 trahit.
3273 5201 3406 5258 Item
3436 5203 3664 5274 pondus,
3695 5203 3800 5258 hoc
3825 5211 3930 5267 est,

2346 5303 2498 5342 amor
2525 5289 2737 5354 animm,
2763 5292 2813 5346 in
2845 5291 2896 5346 id
2924 5292 3069 5361 quod
3095 5293 3287 5362 diligit,
3310 5302 3366 5349 et
3392 5295 3706 5351 memoriam
3733 5302 3789 5349 et
3807 5308 3933 5350 con-
3992 5327 4000 5335 -

2346 5377 2522 5433 silium
2551 5395 2730 5436 secum
2759 5384 2938 5450 cogit;
2965 5385 3092 5452 quia
3141 5382 3270 5439 nihil
3315 5385 3459 5440 aliud
3494 5385 3802 5439 meminisse
3846 5385 3935 5439 vel

2345 5468 2582 5536 cogitare
2612 5471 2771 5536 valet,
2801 5474 2903 5528 nisi
2935 5475 3064 5530 illud
3089 5474 3242 5544 cujus
3268 5489 3453 5530 amore
3475 5473 3745 5531 fervescit.
3777 5473 3933 5529 Unde

2347 5558 2600 5616 divinitus
2647 5561 2850 5618 homini
2890 5564 3086 5621 dicitur
3124 5583 3136 5618 :
3188 5564 3389 5636 Diliges
3437 5564 3720 5622 Dominum
3765 5565 3933 5622 Deum
