4232 6264
336 337 446 395 7ι5
1549 321 1637 378 DE
1673 316 1897 379 STATU
1936 333 1952 378 Δ

2052 318 2175 375 ΜΔΕ
2215 317 2344 374 LIB.
2386 317 2448 373 ll.
3528 312 3640 377 τις

335 463 486 509 suum
528 466 593 505 ea:
622 456 731 506 toto
749 447 908 503 corde
935 455 1044 513 tuo,
1071 450 1123 498 et
1144 454 1209 499 ea:
1237 449 1351 497 tota
1391 442 1570 496 anima
1610 450 1699 495 tua
1726 439 1942 513 (Matth.
1970 442 2024 499 Α
2048 451 2245 506 gnarus
2265 435 2406 517 ferre
2425 430 2768 497 sententiam,
2793 444 2934 485 anne
2960 425 3031 484 sit
3059 430 3211 485 locus
3236 429 3382 501 quod
3420 430 3637 489 illocale

337 562 473 611 χιιι,
504 544 571 599 57
587 544 627 616 ).
651 542 916 599 Videlicet
938 547 999 595 ut
1044 538 1185 593 sicut
1226 550 1422 621 corpus
1459 534 1701 606 pondere
1728 533 1937 603 cogitur
2039 530 2253 601 recipit,
2281 545 2348 583 an
2371 525 2568 598 partile
2590 524 2737 594 quod
2757 524 2927 579 secari
2950 523 3156 592 nequit,
3179 538 3247 577 an
3274 523 3641 580 mensurabile

340 643 397 700 in
435 640 678 712 propria,
700 638 779 693 sic
807 637 984 691 anima
1012 632 1254 705 pondere
1281 629 1549 686 referatur
1580 629 1635 683 in
1683 628 1933 699 patriam.

341 732 461 791 Hoc
487 732 728 804 pondere
751 744 851 785 suo
872 738 1052 783 tamen
1076 725 1256 779 anima
1278 738 1385 777 non
1413 721 1589 776 solum
1616 719 1735 775 aliis
1756 718 1937 789 jungi-

342 835 451 893 tur,
475 825 569 882 sed
590 826 703 896 ipsa
724 837 939 894 quoque
961 819 1252 883 solidatur;
1276 817 1400 889 quia
1427 815 1637 872 consilii
1659 830 1721 870 ac
1746 814 1941 868 mentis

342 933 534 973 amore
561 917 758 983 medio,
790 924 846 971 et
871 930 1025 970 mens
1071 911 1320 975 consilio,
1354 918 1408 964 et
1448 907 1732 964 consilium
1759 913 1941 960 mente

347 1008 607 1080 diligitur.
978 1075 1004 1080 Α
1028 1076 1037 1080 _
1058 1073 1195 1080 ____
1232 1072 1300 1080 ___
1918 1020 1921 1023 λ

966 1073 1195 1132 CAPUT
1232 1072 1321 1127 Vl.

346 1170 432 1228 De
471 1187 729 1237 mensura,
778 1184 992 1223 numero
1040 1176 1090 1221 et
1127 1165 1358 1237 pondere
1394 1164 1607 1237 divinae
1632 1161 1940 1224 Trinitatis;

630 1234 885 1314 quomodo
906 1239 1014 1293 hac
1047 1234 1150 1292 tria
1171 1236 1287 1307 ipsa
1315 1234 1543 1289 Trinitas
1563 1235 1650 1287 sit.

416 1354 506 1410 Sic
533 1362 589 1409 et
613 1352 1027 1424 incorporaliter
1066 1355 1261 1405 cuncta
1311 1346 1719 1417 supereminens
1766 1342 1945 1397 unitas

343 1448 770 1521 prtecelsissimze
797 1444 1079 1500 Trinitatis
1099 1455 1351 1498 mensura
1380 1448 1495 1505 est,
1537 1446 1597 1493 ut
1637 1437 1805 1501 aiunt,
1829 1434 1947 1489 sine

344 1556 619 1607 mensura,
651 1547 707 1595 et
753 1537 965 1609 pondus
1009 1537 1125 1591 sine
1157 1533 1416 1605 pondere,
1447 1539 1503 1585 et
1544 1543 1803 1584 numerus
1831 1526 1947 1582 sine

350 1647 602 1688 numero.
618 1630 838 1685 Pondus
857 1642 987 1697 ergo
1006 1642 1113 1695 quo
1133 1626 1252 1681 haec
1270 1618 1459 1679 eadem
1482 1635 1665 1677 secum
1680 1617 1953 1674 ineffabili-

350 1734 437 1781 ter
457 1740 624 1782 unum
654 1730 800 1788 sunt,
831 1721 1067 1777 charitas
1091 1728 1175 1774 est
1197 1716 1370 1772 Patris
1397 1724 1453 1771 et
1478 1714 1621 1781 Filii,
1651 1728 1814 1785 quem
1835 1712 1951 1782 Spi-

2040 621 2187 691 quod
2238 618 2507 674 inﬁnitum
2548 616 2712 686 capit.
2744 614 2898 669 Nunc
2939 613 3006 667 ad
3035 611 3336 668 Philolanm
3369 613 3559 682 redeo,
3605 630 3639 670 a

2042 729 2151 784 quo
2177 712 2378 767 dudum
2421 723 2619 779 magno
2662 706 2945 762 intervallo
2991 700 3260 773 digressus
3288 719 3426 771 smn,
3465 705 3640 774 quiin

2042 806 2205 860 tertio
2224 804 2559 859 voluminum
2579 815 2698 870 quae
2717 803 2837 878 περὶ
2866 800 3066 872 ῥυθμῶν
3093 800 3177 851 καὶ
3203 799 3400 870 μέτρων
3426 809 3642 866 praeno-

2044 906 2142 963 tat,
2166 897 2233 953 de
2262 898 2439 951 anima
2470 897 2706 951 humana
2749 893 2827 947 sic
2874 892 3150 961 loquitur:
3199 890 3389 944 Anima
3442 891 3642 945 inditur

2045 992 2268 1061 corpori,
2297 1007 2391 1059 per
2437 1003 2706 1042 numerum
2732 993 2781 1039 et
2809 982 3153 1039 immortalem
3202 974 3530 1055 eamdemque
3556 984 3641 1036 in-

2044 1083 2363 1155 corpOralem
2418 1080 2841 1135 convenientiam.
2871 1077 3004 1132 Item
3033 1085 3156 1146 post
3185 1074 3288 1129 alia
3323 1093 3336 1129 :
3387 1072 3641 1146 Diligitur

2045 1191 2228 1245 corpus
2257 1172 2321 1227 ab
2341 1174 2537 1239 anima,
2566 1172 2688 1244 quia
2716 1172 2827 1225 sine
2847 1188 2906 1225 eo
2944 1186 3048 1224 non
3076 1176 3242 1239 potest
3268 1168 3345 1221 uti
3380 1166 3634 1221 sensibus.

2045 1267 2090 1319 Α
2120 1283 2217 1337 quo
2246 1273 2518 1337 postquam
2545 1273 2712 1319 morte
2738 1262 2957 1316 deducta
2984 1268 3079 1327 est,
3123 1261 3233 1331 agit
3259 1260 3314 1313 in
3341 1261 3535 1314 mundo
3555 1259 3641 1312 in-

2048 1357 2367 1429 corporalem
2393 1346 2567 1410 vitam.
2611 1354 2730 1409 Non
2757 1367 2858 1422 ego
2884 1368 3027 1407 nunc
3053 1351 3323 1406 rationum
3364 1351 3641 1405 tramitem

2048 1466 2150 1522 per
2190 1449 2612 1505 nexuosissimas
2667 1442 3025 1515 qutestiOnum
3078 1444 3330 1498 minutias
3382 1442 3638 1507 revolvo,

2051 1541 2245 1610 quibus
2287 1540 2403 1594 haec
2438 1536 2756 1608 probabilia,
2788 1550 2897 1604 quo
2923 1534 3073 1589 voles
3095 1534 3430 1599 adversante,
3460 1528 3643 1586 Philo-

2051 1633 2169 1687 laus
2197 1631 2394 1686 ell‘ecit.
2424 1629 2485 1683 in
2512 1644 2632 1698 quae
2659 1628 2706 1682 si
2734 1627 2855 1696 quis
2874 1626 2960 1680 vel
2988 1625 3322 1690 curiositate,
3352 1624 3436 1678 vel
3464 1624 3642 1679 studio
3721 1627 3730 1635 ’

2050 1724 2191 1780 forte
2220 1723 2547 1792 ﬂagraverit,
2576 1722 2645 1777 de
2665 1721 2783 1791 ipso
2802 1718 3007 1775 scilicet
3027 1718 3175 1773 fonte
3193 1718 3424 1772 hauriat.
3456 1715 3643 1771 Enim—

347 1817 513 1872 ritum
534 1822 779 1870 sanctum
800 1811 1090 1883 Apostolus
1116 1808 1332 1880 pr0prie
1360 1807 1654 1870 insinuans,
1687 1804 1947 1869 Charitas,

2055 1832 2185 1873 vero
2208 1824 2410 1872 memet
2437 1829 2600 1870 causa
2629 1812 2963 1869 auctoritatis
2984 1812 3039 1865 in
3061 1795 3466 1865 eumdem'tanti
3486 1794 3642 1864 testi-

348 1907 547 1977 inquit,
577 1906 678 1960 Dei
699 1904 893 1976 diffusa
913 1914 992 1958 est
1014 1904 1069 1957 in
1097 1902 1339 1957 cordibus
1368 1900 1558 1954 nostris
1584 1915 1677 1970 per
1692 1897 1948 1969 Spiritum

348 2010 586 2055 sanctum
614 1999 699 2071 qui
728 1997 879 2050 datus
924 2004 999 2050 est
1027 1994 1174 2049 nobis
1216 1992 1389 2065 (Rom.
1425 2008 1478 2059 v,
1513 1989 1579 2062 5)
1614 2008 1626 2043 :
1671 1989 1949 2045 evidenter

355 2092 668 2157 ostendens,
702 2092 805 2146 isto
827 2088 1085 2160 pondere,
1116 2087 1297 2142 divina
1325 2086 1531 2140 scilicet
1558 2083 1841 2148 charitate,
1884 2081 1948 2135 il-

352 2184 469 2241 lum
518 2182 841 2239 ineﬁ‘abilem
894 2196 1176 2236 numerum
1226 2179 1478 2247 illamque
1520 2190 1826 2231 mensuram
1856 2173 1948 2228 illo

352 2274 621 2332 stabiliter
646 2272 771 2329 ferri
798 2288 907 2342 quo
937 2271 1044 2326 tale
1073 2269 1287 2341 pondus
1320 2267 1628 2324 accesserit.
1660 2265 1825 2335 igitur
1846 2266 1947 2319 tria

354 2364 475 2423 hinc
504 2365 880 2437 inseparabilia
909 2370 1036 2420 sunt
1064 2364 1119 2418 in
1148 2376 1407 2433 corpore,
1440 2360 1535 2416 sed
1573 2360 1743 2415 multo
1779 2358 1950 2427 magis

355 2456 412 2513 in
438 2457 650 2524 anima;
683 2464 738 2511 et
758 2455 1033 2512 individua
1061 2462 1186 2509 sunt
1208 2454 1263 2508 in
1292 2453 1489 2517 anima,
1522 2452 1617 2508 sed
1646 2450 1815 2506 multo
1835 2464 1950 2504 ma-

355 2549 439 2618 gis
480 2550 534 2604 in
563 2564 643 2605 se.
668 2547 736 2603 Et
771 2548 911 2603 sicut
948 2546 1080 2601 nihil
1118 2546 1235 2601 sine
1261 2560 1369 2600 uno
1397 2551 1664 2611 creatore,
1700 2542 1808 2598 hoc
1846 2549 1946 2605 est,

357 2641 477 2713 ipsa
505 2641 770 2697 Trinitate
810 2640 1045 2706 exstitit;
1087 2639 1162 2693 ita
1190 2636 1324 2692 nihil
1354 2636 1574 2691 omnino
1603 2649 1723 2690 esse
1749 2642 1949 2705 potest,

354 2732 503 2803 quod
532 2748 640 2787 non
670 2741 725 2787 et
750 2731 1009 2785 trifariam
1050 2729 1326 2795 subsistat,
1371 2736 1426 2781 et
1468 2742 1633 2781 unum
1662 2726 1762 2780 sit:
1793 2739 1953 2779 omne

355 2823 566 2879 scilicet
593 2838 813 2893 corpus,
836 2830 891 2878 et
920 2836 1084 2876 unum
1113 2820 1239 2884 erit,
1263 2826 1319 2874 et
1347 2816 1709 2874 mensurabile
1747 2817 1867 2882 erit,
1899 2825 1954 2871 et

356 2913 721 2977 numerabile,
754 2921 809 2967 et
835 2910 1201 2982 ponderabile.
1226 2907 1295 2964 Et
1316 2910 1492 2965 omnis
1511 2908 1690 2962 anima
1716 2906 1955 2961 rationa-

355 3004 432 3061 lis
453 3004 625 3059 tribus
653 3002 955 3069 individuis,
982 3004 1249 3069 memoria,
1270 3000 1508 3066 consilio,
1540 3000 1802 3055 voluntate
1827 2999 1955 3054 sub-

356 3095 526 3163 sistit,
554 3096 746 3164 quibus
774 3111 944 3166 capax
966 3103 1046 3151 est
1065 3110 1347 3161 mensurae,
1369 3094 1624 3166 ponderis
1651 3101 1707 3149 et
1723 3092 1948 3148 numeri.

2052 1910 2291 1966 monium
2319 1906 2626 1979 philosophi
2649 1905 2848 1974 jecisse
2875 1901 3125 1969 sufﬁciet,
3148 1901 3305 1956 sicuti
3324 1911 3643 1957 cancrorum

2050 2010 2175 2073 post
2203 2001 2329 2056 hinc
2352 1999 2578 2055 strictim
2605 1996 2850 2067 proferre
2883 1994 3187 2051 conveniet.
3219 1992 3418 2062 injuria
3447 2007 3642 2063 nempe

2050 2109 2083 2148 a
2104 2107 2378 2164 quoquam
2401 2090 2665 2162 poscitur,
2697 2098 2752 2145 et
2781 2094 3156 2157 argumentum
3188 2086 3393 2155 pariter
3414 2093 3470 2141 et
3490 2085 3659 2141 testia.

2049 2187 2309 2241 monium.

2120 2278 2183 2333 ll.
2210 2278 2473 2349 Archytas
2498 2264 2721 2347 perinde
2750 2273 3093 2338 Tarentinus,
3140 2270 3388 2340 idemque
3432 2269 3639 2342 Pytha-

2050 2370 2285 2440 goricus,
2316 2369 2369 2424 in
2398 2383 2465 2423 eo
2493 2382 2658 2438 opere
2677 2365 2823 2437 quod
2860 2362 3201 2435 magniﬁcum
3226 2362 3305 2417 De
3332 2380 3509 2418 rerum
3543 2380 3644 2417 na-

2054 2471 2170 2517 tura
2195 2461 2447 2533 prodidit,
2464 2469 2589 2531 post
2608 2459 2831 2513 multam
2860 2458 2929 2513 de
2948 2457 3186 2513 numeris
3214 2456 3643 2511 subtilissimam-

2052 2573 2157 2628 que
2206 2553 2645 2626 disputationem,
2701 2552 2922 2617 Anima,
2979 2550 3185 2618 inquit,
3235 2548 3304 2601 ad
3352 2547 3643 2628 exemplum

2052 2626 2208 2705 unius
2226 2642 2515 2723 composita
2540 2653 2633 2717 est,
2664 2644 2879 2717 quaesit:
2932 2630 3208 2722 illocaliter
3245 2626 3544 2723 dominatur
3586 2641 3645 2693 in

2053 2760 2285 2815 corpore,
2306 2720 2437 2797 sicut
2460 2758 2594 2795 unus
2608 2740 2663 2793 in
2690 2738 2938 2793 numeris.
2968 2720 3138 2802 Quid,
3171 2719 3373 2804 quaiso,
3413 2747 3644 2804 praees-

2055 2838 2165 2893 sius
2212 2835 2319 2891 dici
2360 2835 2574 2907 potest?
2622 2831 2752 2903 quid
2813 2829 3030 2886 verius?
3068 2828 3149 2882 Ad
3191 2829 3344 2882 unius
3393 2826 3646 2882 videlicet

2054 2930 2343 2999 exemplum
2401 2928 2705 2999 composita,
2742 2924 2868 2995 quia
2892 2922 2960 2978 ad
2998 2922 3156 2978 unius
3194 2921 3483 2991 imaginem
3504 2920 3644 2976 facta

2056 3030 2157 3078 est.
2189 3019 2259 3075 Et
2286 3019 2485 3075 idcirco
2533 3034 2672 3073 unus
2715 3024 2818 3083 est,
2861 3014 3171 3085 exemplum
3199 3011 3498 3083 principale
3536 3009 3646 3065 for-

2059 3128 2292 3176 marum,
2325 3110 2578 3181 quoniam
2609 3100 2912 3164 lormabilia
2951 3105 3019 3160 ab
3058 3105 3150 3160 illo
3180 3102 3383 3159 formas
3403 3103 3647 3179 capiunt,

356 3184 671 3242 Secundum
693 3187 807 3242 huic
836 3186 901 3242 de
927 3187 1377 3242 mensurabilibus
1404 3186 1725 3256 quibusque,
1746 3184 1952 3255 ponde-

2055 3205 2147 3275 qui
2175 3219 2284 3258 non
2306 3202 2466 3271 cepit.
2483 3198 2779 3255 Eromenes
2807 3196 3129 3252 Tarentinus
3151 3210 3215 3250 ex
3246 3194 3436 3275 eadem
3463 3192 3648 3252 schola

355 3278 620 3335 rabilibus
663 3286 718 3335 et
764 3280 1205 3346 numerabilibus,
1239 3281 1341 3336 hoc
1381 3286 1491 3345 est,
1540 3278 1608 3335 de
1636 3276 1954 3349 corporibus

356 3369 633 3442 judicans,
657 3386 776 3440 quas
802 3372 847 3425 si
890 3386 1090 3441 corpus
1120 3378 1282 3437 esset,
1314 3371 1633 3440 incorporea
1672 3375 1820 3423 certe
1847 3381 1956 3422 non

359 3472 597 3534 caperet,
623 3465 763 3520 sicut
788 3481 986 3535 corpus
1015 3465 1179 3519 etiam
1195 3463 1424 3532 judicari
1445 3470 1628 3533 posset
1654 3469 1709 3517 et
1736 3461 1803 3516 de
1831 3476 1955 3515 cor-

357 3556 580 3628 poribus
601 3556 845 3626 judicare
865 3572 975 3611 non
999 3563 1203 3625 posset.
1228 3553 1516 3608 Permanat
1537 3568 1666 3623 ergo
1695 3569 1727 3609 a
1746 3568 1956 3608 summo

360 3648 507 3718 quod
535 3649 677 3704 Deus
707 3660 812 3716 est,
839 3663 941 3719 per
968 3646 1205 3701 medium
1230 3646 1373 3715 quod
1409 3645 1607 3712 anima,
1640 3655 1667 3682 ἰ
1696 3645 1763 3698 ad
1792 3646 1956 3699 imum

360 3739 507 3810 quod
536 3748 616 3795 est
638 3756 855 3812 corpus,
884 3739 1050 3794 unita:
1080 3738 1352 3809 specimen
1382 3736 1690 3801 Trinitatis,
1716 3736 1960 3806 corpori-

358 3829 463 3885 bus
491 3830 640 3900 signa
667 3831 749 3886 sui
794 3830 1132 3902 imprimens,
1174 3829 1455 3883 animabus
1500 3827 1662 3882 etiam
1712 3826 1958 3881 notitiam

362 3920 609 3978 tribuens
640 3941 653 3976 :
678 3923 767 3977 illa
811 3923 1048 3980 formans
1076 3920 1375 3987 visibiliter,
1408 3922 1508 3977 bas
1534 3919 1953 3989 intelligibiliter.

363 4011 500 4067 Cum
528 4027 659 4082 ergo
688 4013 716 4051 δ
748 4014 876 4068 nihil
916 4014 1217 4069 substantia
1246 4014 1348 4069 nisi
1396 4006 1639 4069 absentia
1666 4011 1862 4083 capiat,
1904 4019 1959 4067 et

363 4102 504 4157 nihil
532 4103 636 4157 nisi
663 4103 851 4170 tribus,
883 4105 1019 4160 sicut
1041 4121 1201 4175 supra
1240 4105 1611 4169 disseruimus,
1636 4118 1801 4159 unum
1832 4103 1953 4169 ﬁat;

362 4191 589 4263 quando
610 4199 761 4248 tanta
785 4202 867 4249 est
894 4196 1069 4251 unitas
1097 4197 1150 4251 in
1178 4212 1427 4267 corpore,
1458 4197 1563 4252 hoc
1602 4204 1682 4251 est
1710 4196 1765 4249 in
1790 4195 1955 4251 vesti-

363 4286 456 4357 gio
483 4284 785 4352 Trinitatis,
815 4296 1014 4359 quanta
1062 4297 1146 4344 est
1174 4289 1227 4344 in
1250 4290 1451 4357 anima,
1479 4290 1585 4345 hoc
1613 4298 1697 4344 est
1734 4288 1789 4342 in
1818 4289 1957 4342 ima-

366 4375 493 4447 gine
529 4374 833 4445 Trinitatis;
878 4387 933 4433 et
960 4379 1089 4434 item
1134 4396 1257 4435 cum
1299 4388 1447 4435 tanta
1494 4381 1563 4435 sit
1609 4380 1664 4435 in
1704 4379 1957 4448 imagine,

364 4474 569 4537 quanta
597 4476 679 4523 est
703 4468 757 4522 in
786 4468 902 4540 ipsa
932 4469 1212 4526 Trinitate.

973 4581 1202 4637 CAPUT
1240 4582 1349 4638 VII.

366 4671 604 4744 Paganis
630 4673 790 4745 utitur
819 4673 1049 4740 testibus,
1070 4674 1242 4745 nullas
1268 4675 1324 4728 in
1348 4676 1524 4729 anima
1552 4690 1826 4745 corporeas
1847 4690 1959 4728 esse

733 4760 1003 4798 mensuras
1029 4744 1106 4799 vel
1126 4744 1315 4799 localia
1336 4745 1585 4817 pondera.

438 4850 479 4907 Ι.
674 4854 932 4923 quoniam
976 4871 1120 4911 nunc
1149 4865 1361 4926 tempus
1390 4856 1536 4911 aliud
1562 4862 1663 4921 est,
1696 4870 1860 4925 quam
1901 4864 1959 4912 ut

366 4945 436 5001 de
463 4946 775 5015 quaestionis
801 4947 961 5017 hujus
988 4949 1395 5018 przeeminentia
1422 4948 1693 5019 copiosius
1719 4948 1959 5019 dispute-

368 5052 521 5104 mus;
563 5047 772 5094 tantum
820 5040 1026 5096 scilicet
1053 5042 1107 5096 in
1143 5042 1228 5098 his
1254 5050 1497 5099 moratus
1524 5057 1663 5109 sum,
1694 5050 1956 5113 quantum

304 5180 312 5216 ἶ
367 5128 721 5198 prudentibus
758 5132 891 5187 satis
918 5132 1173 5200 arbitror,
1216 5134 1397 5204 quoad
1442 5135 1601 5205 plene
1635 5142 1965 5205 cognoscant

309 5224 319 5298 ί
367 5219 543 5275 nullas
571 5223 623 5277 in
653 5225 832 5279 anima
858 5240 1152 5297 corporeas
1185 5243 1304 5283 esse
1332 5243 1629 5295 mensuras,
1659 5228 1746 5284 vel
1762 5227 1965 5298 localia

304 5309 319 5363 ἔ
368 5312 632 5382 pondera,
654 5316 741 5371 vel
768 5317 1004 5387 partium
1032 5319 1232 5389 spatia;
1255 5318 1350 5374 sed
1381 5318 1513 5374 illud
1535 5320 1604 5374 ab
1631 5334 1696 5375 ea
1724 5319 1971 5391 percipi,

368 5404 517 5472 quod
548 5421 651 5462 nec
676 5408 828 5463 locus
847 5411 1012 5479 capit,
1045 5426 1146 5467 nec
1175 5410 1387 5482 pondus
1413 5420 1616 5479 movet,
1647 5426 1749 5466 nec
1773 5410 1965 5467 divisio

368 5495 583 5552 minuit.
608 5497 769 5556 Modo
799 5509 879 5570 tu,
910 5503 1114 5560 arbiter
1150 5503 1329 5571 docte,
1359 5504 1674 5575 probaveris
1719 5514 1741 5544 ο
1767 5503 1966 5574 justam

664 5700 735 5777 ad
758 5701 1081 5777 imum‘guod
1108 5721 1375 5777 corporea.

976 5773 1009 5828 il
1051 5773 1394 5833 substantiam
1438 5778 1539 5833 nisi
1584 5776 1809 5833 essentia
1845 5790 1969 5849 cap.

746 5810 1021 5929 ιέζτζζῖ.

2058 3296 2398 3369 Pythagorae,
2432 3292 2726 3364 prmmissis
2753 3306 2855 3361 pro
2884 3297 3030 3345 statu
3057 3290 3341 3345 sententia:
3367 3304 3477 3343 suae
3503 3289 3651 3345 ἰηεο-

2056 3389 2310 3445 lubilibus
2338 3386 2685 3456 argumentis,
2709 3384 2778 3440 de
2797 3384 2974 3463 anima
3004 3383 3082 3438 sic
3096 3382 3409 3453 pronuntiat
3433 3401 3445 3434 :
3469 3380 3651 3454 Longe

2059 3481 2203 3536 aliud
2231 3482 2427 3543 anima,
2451 3478 2597 3533 aliud
2625 3466 2811 3548 corpus
2838 3483 2935 3538 est,
2967 3467 3082 3547 quae
3108 3483 3158 3528 et
3184 3490 3398 3545 corpore
3419 3480 3652 3543 torpente

2056 3566 2211 3645 viget,
2243 3581 2293 3626 et
2316 3588 2455 3626 caeco
2482 3571 2639 3635 videt,
2670 3578 2719 3622 et
2760 3576 2960 3621 mortuo
3006 3567 3144 3620 vivit.
3180 3564 3333 3620 Unde
3369 3571 3572 3631 autem,
3600 3564 3650 3619 si

2058 3664 2165 3719 hoc
2186 3671 2291 3729 est,
2323 3678 2430 3733 quo
2474 3659 2740 3731 principio
2783 3658 3005 3713 nescire,
3031 3671 3090 3711 se
3109 3655 3270 3711 dicit?
3299 3653 3407 3710 Sed
3436 3670 3547 3711 non
3573 3655 3649 3710 ita

2061 3773 2203 3813 nunc
2232 3754 2477 3812 Omnium
2524 3751 2970 3822 philosophorum
3016 3747 3385 3820 Pythagorica:
3431 3746 3649 3803 familia:

2059 3848 2355 3906 sententias
2381 3858 2692 3915 persequor,
2718 3848 2779 3896 ut
2797 3839 3012 3896 easdem
3033 3838 3303 3909 copiosius
3322 3837 3646 3908 aggerando,

2059 3942 2126 3998 de
2151 3942 2342 3997 alienis
2361 3937 2658 4005 admodum
2684 3933 3045 3990 voluminibus
3057 3922 3244 3987 meum
3272 3931 3484 3996 faciam,
3516 3931 3650 3985 satis

2060 4035 2328 4090 arbitrans
2353 4038 2555 4086 memet
2580 4026 2901 4099 principium
2922 4022 3264 4096 Pythagorici
3292 4020 3558 4093 gymnasii
3578 4020 3648 4076 de

2059 4126 2315 4199 praesenti
2332 4123 2629 4194 quaestione
2658 4120 2792 4175 scita
2822 4116 3091 4173 evidentia
3110 4115 3421 4186 protulisse.
3454 4111 3647 4168 Certus

2060 4219 2267 4275 scilicet
2293 4216 2561 4271 neminem
2587 4211 2824 4268 refutare
2851 4209 3133 4265 doctorum
3152 4249 3167 4273 ,
3210 4207 3341 4277 quin
3368 4207 3474 4262 hoc
3501 4205 3645 4261 idem

2060 4311 2326 4367 senserint
2352 4310 2662 4379 scriptoque
2688 4303 3044 4376 prodiderint,
3075 4302 3395 4372 Archippus,
3422 4299 3646 4371 Epami-

2061 4404 2289 4467 nondas,
2315 4401 2575 4465 Aristeus,
2598 4396 2914 4466 Gorgiades,
2946 4393 3213 4450 Diodorus
3241 4402 3296 4448 et
3323 4408 3512 4448 omnes
3538 4390 3647 4463 Py-

2064 4495 2305 4562 thagorae
2324 4490 2527 4561 posteri
2553 4508 2565 4542 :
2598 4502 2828 4558 quorum
2855 4485 3107 4541 videlicet
3146 4485 3443 4551 nominum,
3474 4497 3544 4538 ne
3566 4481 3650 4537 di-

1980 4574 2035 4635 D
2058 4600 2177 4641 cam
2223 4584 2611 4639 sententiarum
2658 4580 3077 4645 multitudinem,
3107 4579 3154 4635 si
3199 4578 3387 4635 eadem
3431 4578 3647 4649 prodita

2061 4675 2242 4739 velim,
2272 4673 2524 4728 volumen
2554 4670 2844 4726 elﬁcerem.

2132 4764 2218 4820 Ill.
2249 4764 2416 4832 igitur
2454 4762 2607 4817 Plato
2644 4760 2902 4833 procedat
2931 4760 2987 4814 in
3031 4759 3289 4825 medium,
3314 4776 3347 4815 a
3384 4776 3492 4829 quo
3520 4776 3651 4816 vere

2060 4858 2251 4921 claret,
2281 4869 2443 4924 quam
2470 4867 2723 4922 magnum
2751 4854 2807 4907 in
2830 4859 3003 4908 semet
3028 4852 3231 4907 bonum
3262 4865 3430 4921 genus
3455 4854 3649 4907 buma-

2061 4965 2191 5005 num
2240 4948 2473 5015 negligat
2518 4954 2705 5002 nostro
2733 4946 3035 5017 praesertim
3084 4946 3306 5008 saeculo,
3351 4957 3460 5012 quo
3492 4942 3651 4998 dictis

2063 5042 2325 5109 factisque
2372 5039 2582 5095 coalitus
2626 5038 2804 5105 editis,
2834 5048 3059 5093 eatenus
3084 5037 3272 5103 religio
3306 5028 3655 5089 Conclamata

2067 5141 2171 5199 est,
2186 5140 2245 5187 ut
2258 5147 2397 5202 pene
2414 5131 2525 5201 jam
2547 5130 2889 5187 credentibus
2908 5129 3094 5183 labore
3108 5126 3380 5188 submoto,
3406 5131 3654 5195 tempore

2069 5228 2192 5284 ﬁdei
2214 5228 2453 5283 scientiae
2478 5228 2709 5283 fructum
2736 5230 2982 5292 capessat
3009 5219 3316 5288 laborisque
3345 5218 3653 5275 mercedem

2070 5334 2236 5391 opere
2258 5336 2364 5375 non
2390 5327 2605 5389 patrato
2629 5314 2912 5386 percipiat.
2944 5310 3062 5378 Quo
3091 5307 3151 5363 ﬁt
3176 5318 3237 5364 ut
3259 5310 3442 5366 mirari
3472 5311 3659 5367 admo-

2071 5411 2198 5467 dum
2253 5410 2413 5478 digne
2465 5420 2727 5478 nequeam
2782 5403 2942 5471 bujus
2978 5400 3218 5458 Platonis
3264 5403 3520 5467 animam,
3562 5402 3656 5472 qui

2071 5504 2236 5558 tantis
2284 5500 2533 5571 equidem
2580 5495 2788 5552 saeculis
2842 5502 2967 5549 ante
3010 5491 3356 5566 puerperium
3400 5493 3655 5563 Virginis,

2068 5702 2232 5759 Forte
2252 5703 2358 5770 leg.
2390 5701 2521 5755 nihil
2546 5699 2851 5756 substantia:
2878 5702 2979 5755 nisi
3009 5702 3232 5755 essentia
3255 5715 3373 5770 cap.

2152 5782 2175 5810 ε
2214 5771 2327 5841 AL,
2347 5771 2496 5845 justa
2523 5772 2761 5845 ignarus.
