4238 6260
601 359 700 416 751

1857 349 2168 407 MAMERTI
2205 347 2572 406 CLAUDIAM

3765 357 3882 418 752

601 475 656 530 id
681 475 924 528 locorum
945 478 1165 526 ventum
1183 473 1345 532 esset,
1375 466 1555 522 dicere
1575 467 1815 522 memini.
1845 465 2174 539 Sequestrari
2200 465 2255 526 Α
2279 466 2456 526 verius
2478 506 2493 531 ,
2523 465 2656 520 nihil
2682 464 2957 537 disputare
2983 481 3141 538 posse
3167 468 3477 542 perfectius.
3510 468 3598 527 En
3611 471 3714 529 tibi
3739 474 3882 534 duos

598 583 695 621 nos
723 582 757 619 a
784 578 999 634 corpore
1020 602 1035 627 ,
1076 559 1389 615 Ambrosius
1415 566 1669 630 oportere
1697 557 2003 628 persuadet.
2053 557 2183 624 Quis

597 670 728 724 ergo
776 654 876 708 iste
921 653 1026 717 sit,
1078 651 1162 706 cui
1209 665 1241 704 a
1283 664 1510 720 corpore
1537 657 1876 719 sequestrare
1896 648 2185 705 conveniat

597 747 819 817 quaero?
859 743 943 798 Ex
986 743 1165 797 anima
1205 742 1349 797 enim
1389 757 1574 796 sumus
1602 750 1658 796 et
1684 754 1930 812 corpore.
1981 740 2059 794 Ac
2084 753 2183 810 per

596 840 703 896 hoc
730 854 853 895 cum
900 835 1226 906 sequestrari
1268 851 1300 889 a
1342 835 1632 906 semetipso
1687 842 1920 902 nequeat
1947 833 2178 898 animus,

598 929 732 982 nihil
762 929 815 982 in
846 926 1002 981 nobis
1027 934 1111 980 est
1143 925 1288 994 quod
1315 926 1642 995 sequestrari
1670 924 1840 994 possit
1867 939 1898 977 a
1927 937 2176 993 corpore,

593 1021 642 1075 si
671 1035 870 1089 corpus
897 1021 980 1072 est
1007 1019 1232 1071 animus.
1285 1016 1412 1080 Cur,
1442 1024 1630 1071 sancte
1659 1014 1909 1070 Ambrosi
1933 1055 1949 1081 ,
1980 1029 2074 1068 cur
2098 1021 2180 1068 ta-

595 1110 720 1164 liter
766 1109 968 1164 doces?
1021 1107 1131 1162 Cur
1179 1122 1429 1176 sponsam
1476 1103 1678 1160 Christi
1721 1120 1876 1159 emno
1933 1103 2182 1159 falsitatis

596 1201 829 1256 oblinis?
869 1199 978 1254 Cur
1013 1199 1259 1254 eamdem
1298 1215 1328 1252 a
1357 1199 1442 1254 via
1470 1199 1709 1253 veritatis
1737 1213 1893 1252 saeva:
1919 1195 2179 1268 pradica-

595 1293 759 1348 tionis
785 1291 1015 1362 impulsu
1038 1332 1053 1357 ,
1085 1292 1139 1345 in
1178 1291 1334 1346 devia
1363 1291 1591 1361 abrupta
1620 1290 1914 1360 propellis?
1960 1287 2070 1343 Cur
2096 1303 2182 1343 se-

595 1386 863 1456 questrari
889 1392 1140 1454 oportere
1169 1400 1200 1438 a
1225 1399 1454 1453 corpore
1481 1399 1676 1454 corpus
1700 1383 1986 1454 perhibes?
2015 1381 2180 1448 Quid-

596 1491 720 1529 nam
769 1475 908 1530 istud
933 1514 948 1541 ,
1001 1489 1224 1542 quaeso,
1277 1474 1516 1544 proderit
1563 1474 1812 1529 homini?
1868 1472 2006 1528 Num
2051 1472 2177 1542 quia

595 1567 827 1623 hominis
879 1566 1148 1620 interioris
1191 1574 1273 1621 est
1317 1573 1511 1620 natura
1558 1565 1824 1628 subtilior,
1856 1579 1976 1634 quae
1998 1571 2177 1618 tamen

595 1674 703 1713 non
729 1665 812 1712 est
839 1657 941 1711 nisi
970 1672 1192 1726 corpus;
1225 1656 1421 1710 idcirco
1447 1657 1692 1710 eamdem
1721 1655 1894 1725 disjici
1924 1653 2178 1710 convenit

594 1759 755 1819 atque
802 1749 1084 1819 separari?
1123 1747 1370 1817 Nunquid
1399 1747 1653 1816 quoniam
1695 1747 1747 1800 in
1779 1747 1878 1801 hac
1905 1754 2171 1802 structura

2285 559 2724 628 praeclarissimas
2767 559 3028 615 virtutum
3050 561 3568 635 ldoctrinarumque
3629 568 3883 637 praemi—

2284 650 2468 704 nentia
2489 651 2647 719 longe
2674 664 2838 720 porro
2864 651 3119 721 praeditos
3158 667 3323 723 super
3349 661 3495 708 statu
3524 656 3721 711 animai
3746 671 3881 714 sen-

2284 743 2386 797 tire
2413 742 2695 798 nobiscum
2718 784 2733 809 ,
2783 743 3153 813 inermemque
3178 751 3234 800 te
3263 747 3605 802 auctoritatis
3631 748 3880 819 pondere

2283 843 2338 889 et
2361 835 2588 891 rationis
2613 834 2818 891 viribus
2844 844 3212 905 prosternere,
3229 837 3328 906 'qui
3357 837 3649 908 disparatis
3676 855 3878 912 corpo-

2282 927 2432 982 ribus
2469 928 2714 983 vanitate
2741 927 3020 998 sapientim
3041 970 3056 994 ,
3102 928 3234 984 duas
3263 929 3471 986 animas
3497 931 3581 986 vis
3607 948 3770 988 unam
3802 932 3877 988 fa-

2281 1033 2425 1074 cere.
2505 1019 2654 1074 Unde
2681 1019 2906 1075 multum
2934 1020 3105 1075 miror
3133 1019 3520 1093 Hieronymum
3548 1023 3648 1079 tibi
3676 1032 3871 1081 testem

2281 1109 2526 1173 citatum,
2549 1125 2670 1164 cum
2697 1110 3012 1180 potissimus
3039 1117 3394 1166 tractatorum
3421 1114 3645 1170 minime
3671 1124 3870 1186 potue-

2280 1199 2352 1253 rit
2379 1206 2436 1254 et
2457 1214 2555 1268 pro
2583 1200 2764 1254 anima
2786 1207 2844 1255 et
2871 1201 2928 1255 in
2956 1201 3191 1256 animam
3220 1202 3511 1273 disputare.
3545 1205 3867 1277 Quanquam

2280 1304 2400 1359 qua:
2426 1304 2495 1344 ex
2521 1289 2711 1345 eodem
2741 1289 3022 1346 adversum
3052 1307 3154 1347 nos
3197 1291 3344 1349 haud
3380 1293 3648 1352 intellecta
3678 1300 3868 1368 posui-

2279 1379 2366 1446 sti,
2395 1395 2497 1435 nos
2523 1395 2590 1436 eo
2617 1396 2789 1452 usque
2813 1381 3146 1448 conducant,
3200 1385 3280 1439 uti
3317 1399 3479 1455 quam
3513 1385 3702 1444 callide
3744 1405 3864 1448 non

2280 1469 2620 1527 adversarius
2641 1511 2657 1538 ,
2723 1487 2911 1528 verum
2955 1474 3339 1544 praevaricator
3379 1477 3702 1535 subornatus
3741 1495 3865 1539 esse

2277 1563 2509 1620 videaris
2530 1605 2546 1631 ,
2593 1566 2685 1634 qui
2735 1565 2884 1621 velut
2929 1575 3240 1623 assentante
3283 1569 3517 1626 colludio
3545 1571 3736 1628 feceris
3760 1589 3864 1630 nos

2277 1655 2384 1710 tuis
2435 1655 2722 1711 admodum
2771 1657 2995 1712 testibus
3038 1659 3274 1714 vincere.
3335 1658 3545 1731 Quippe
3569 1662 3863 1731 gloriosum

2277 1746 2514 1801 victoriae
2558 1759 2728 1814 genus
2767 1754 2883 1811 est,
2935 1747 3003 1802 ab
3047 1763 3116 1802 eo
3143 1763 3268 1803 cum
3295 1763 3404 1818 quo
3441 1749 3688 1807 decertes
3714 1767 3864 1810 arma

593 1837 875 1892 mundanae
903 1837 1061 1892 molis
1089 1837 1332 1906 quaedam
1360 1836 1642 1890 subtiliora
1671 1844 1726 1890 et
1755 1835 1958 1890 leviora
1977 1876 1992 1901 ,
2024 1849 2173 1904 qum-
2206 1825 2253 1884 Β
2278 1851 2492 1907 capere,
2525 1837 2915 1906 quaesitumque
2943 1836 3253 1894 adversario
3281 1847 3478 1895 testem
3505 1840 3656 1897 illinc
3679 1850 3858 1910 stare,

592 1929 716 1983 dam
744 1929 1007 1984 crassiora
1033 1936 1194 1997 atque
1223 1928 1469 1996 graviora
1499 1937 1650 1993 sunt,
1685 1927 1883 1982 idcirco
1912 1927 2174 1982 tenuiori-

591 2023 694 2077 bus
721 2025 1022 2078 universam
1065 2021 1219 2076 solidi
1248 2021 1406 2090 hujus
1432 2021 1687 2076 convenit
1715 2021 1924 2090 rupisse
1952 2035 2174 2090 compa-

589 2115 752 2182 gem?
782 2115 888 2168 Aut
913 2112 1124 2167 beatior
1145 2127 1239 2166 aer
1265 2112 1388 2176 erit,
1418 2113 1464 2166 si
1492 2127 1614 2167 cum
1643 2127 1781 2180 aqua
1804 2127 1868 2166 ac
1895 2120 2037 2166 terra
2066 2127 2175 2166 non

589 2208 791 2262 fuerit?
827 2204 988 2263 Hisce
1029 2205 1344 2274 falsiloquiis
1371 2205 1962 2274 circumgarrientibus,
1994 2205 2174 2260 istius-

590 2300 737 2355 modi
784 2299 887 2354 fert
933 2298 1021 2354 ille
1069 2314 1424 2368 responsum:
1457 2298 1710 2365 Quaadam
1750 2299 1905 2354 nobis
1933 2299 2177 2354 oboritur

590 2390 880 2444 verborum
909 2388 1070 2454 nuda,
1104 2389 1314 2444 virtutis
1342 2404 1513 2452 cassa,
1547 2389 1772 2443 rationis
1799 2388 2002 2454 aliena,
2034 2389 2175 2444 veri-

591 2481 716 2536 tatis
743 2496 935 2546 vacua,
965 2481 1215 2535 vanitatis
1243 2496 1396 2548 cava,
1428 2481 1694 2551 superbim
1725 2479 1946 2546 tumida,
1977 2480 2176 2536 novelli

591 2574 750 2644 hujus
778 2573 1079 2629 schismatis
1119 2573 1236 2627 sine
1263 2581 1485 2628 auctore
1517 2571 1784 2637 doctrina,
1816 2573 1959 2626 elata
1986 2587 2175 2641 super-

589 2663 734 2730 cilio,
776 2663 984 2732 abjecta
1022 2661 1330 2727 mendacio,
1374 2661 1573 2716 referta
1614 2661 1878 2724 convicio,
1932 2659 2174 2716 Creatori

589 2763 914 2827 potestatem
959 2753 1262 2824 subripiens
1288 2793 1304 2819 ,
1353 2751 1571 2820 imagini
1616 2751 1963 2820 dignitatem,
2013 2765 2174 2820 quam

589 2847 728 2902 miro
781 2845 1021 2901 stultitiae
1081 2859 1281 2913 genere
1325 2843 1819 2913 comparationibus
1865 2841 2175 2897 substantia:

586 2938 889 3006 corporalis
935 2936 1176 2990 infamat.
1236 2936 1496 2992 Assereus
1529 2936 1734 2990 scilicet
1760 2943 1868 2988 tam
1899 2934 2032 2988 nihil
2059 2934 2176 2988 ani-

587 3043 679 3081 mo
717 3027 937 3095 profore
962 3028 1109 3096 quod
1151 3027 1333 3082 valeat
1358 3043 1590 3098 corpore
1617 3027 1847 3091 secerni,
1877 3041 2038 3095 quam
2067 3042 2174 3080 non

587 3117 660 3172 sit
703 3117 814 3171 aeri
854 3117 1195 3174 conducibile
1258 3119 1615 3174 erassioribus
1680 3119 1965 3173 mundana:
2015 3119 2175 3173 molis

586 3208 904 3278 corporibus
944 3209 1202 3276 separari.
1255 3208 1423 3264 Porro
1451 3211 1497 3264 si
1524 3210 1617 3279 qui
1644 3210 1774 3264 estis
1802 3210 2011 3278 uspiam
2039 3223 2170 3277 gen—
2195 3187 2242 3251 (ἶ

586 3297 723 3351 tium
747 3337 761 3361 ,
809 3311 1040 3364 quorum
1088 3297 1315 3364 ingeniis
1341 3299 1606 3376 cessprint
1636 3314 1833 3354 arcana
1860 3302 2180 3366 causarum,‘

587 3387 773 3443 adeste
799 3393 1084 3458 praepetes,
1112 3396 1323 3444 vosmet
1349 3389 1664 3458 ignorantiae
1691 3391 1929 3461 plectite.
1961 3391 2168 3447 Novum

586 3479 779 3548 dogma
798 3478 1068 3534 miramini
1092 3497 1105 3532 :
1147 3479 1354 3536 Auitum
1393 3480 1708 3550 dignitatem
1735 3483 1967 3552 capessit
1993 3483 2047 3537 in
2075 3499 2167 3538 so-

584 3571 696 3627 lido
724 3572 946 3639 mundi,
993 3573 1173 3642 portio
1217 3575 1462 3645 corporis
1507 3584 1698 3644 quarta
1727 3575 2003 3630 mundani.
2045 3574 2170 3631 Haec

585 3680 716 3734 ergo
746 3667 998 3722 nimirum
1045 3667 1346 3722 animarum
1373 3669 1613 3723 omnium
1651 3668 1827 3739 major
1853 3677 1940 3725 est
1965 3669 2164 3735 anima,

581 3769 790 3830 proque
835 3757 919 3812 sui
963 3758 1108 3813 mole
1143 3760 1313 3827 magis
1358 3760 1589 3830 sapiens.
1630 3759 1817 3830 Itaque
1845 3776 1987 3816 nunc
2017 3767 2168 3814 tanto

582 3850 764 3919 potius
791 3850 1056 3920 quispiam
1077 3851 1375 3921 prudentim
1395 3868 1620 3923 compos
1641 3855 1763 3919 erit,
1795 3862 1999 3924 quanto
2028 3854 2169 3909 aeris

581 3937 742 4009 hujus
779 3956 878 4011 pro
922 3942 1004 3996 sui
1044 3943 1341 4012 capacitate
1367 3945 1487 4014 plus
1514 3944 1774 4000 hauserit.
1838 3945 1949 3999 Nec
1974 3945 2166 4014 injuria

583 4048 752 4103 genus
778 4036 1070 4092 humanum
1097 4045 1346 4092 naturam
1374 4037 1657 4102 incusavit,
1689 4052 1808 4106 quae
1835 4045 2040 4106 quanto
2061 4051 2169 4090 ma-

581 4123 726 4198 jores
787 4125 1094 4182 hominibus
1140 4128 1308 4183 boves
1354 4127 1504 4182 lucas
1549 4126 1746 4192 edidit;
1808 4141 1874 4182 eo
1919 4127 2170 4182 videlicet

578 4215 852 4273 beatiores
874 4257 894 4295 ,_
935 4232 1044 4287 quo
1072 4218 1402 4287 capaciores.
1452 4215 1561 4272 Sed
1593 4217 1854 4272 hactenus
1882 4219 2014 4274 satis
2040 4220 2166 4276 Am-

584 4307 828 4375 brosius,
873 4310 965 4378 qui
1000 4308 1083 4364 vel
1123 4309 1269 4364 solus
1296 4307 1541 4378 profecto
1569 4308 1640 4362 sit
1668 4308 1818 4364 satis.
1869 4309 2056 4367 Faxim
2088 4321 2167 4368 ta-

534 4467 538 4470 ,
585 4411 708 4456 men
729 4408 783 4454 et
811 4399 930 4453 aliis
954 4396 1275 4452 testiﬁcandi
1304 4397 1500 4452 locum.

501 4475 536 4538 ἒῗ
651 4489 716 4541 Il.
758 4488 1006 4541 Aurelius
1053 4487 1414 4553 Augustinus,
1465 4495 1521 4542 et
1570 4489 1835 4548 acumine;
1862 4491 2079 4561 ingenii,
2111 4501 2168 4548 et

2278 1935 2335 1982 et
2354 1928 2516 1984 istinc
2541 1926 2795 1996 dejicere.

2346 2019 2434 2073 lll.
2475 2019 2553 2074 Ne
2578 2019 2707 2089 quid
2733 2027 2916 2075 tamen
2943 2033 3166 2088 segnem
3194 2036 3282 2077 me
3327 2021 3678 2080 redhibenda:
3699 2025 3859 2082 vicis-

2277 2109 2526 2164 situdinis
2554 2109 2833 2165 arbitreris
2849 2151 2864 2177 ,
2891 2118 3054 2180 prout
3092 2111 3243 2166 locus
3271 2120 3358 2168 est
3381 2128 3603 2180 moneo,
3633 2131 3860 2173 consen-

2277 2207 2496 2254 taneum
2544 2199 2714 2268 magis
2760 2199 2860 2255 tibi
2919 2215 3082 2270 super
3126 2203 3396 2258 sententia
3441 2211 3537 2260 tua
3583 2203 3862 2264 Pictam

2277 2290 2536 2346 Hilarium
2565 2281 2697 2347 esse
2740 2291 2983 2363 potuisse
3003 2333 3018 2358 ,
3054 2293 3152 2364 'qui
3180 2293 3388 2350 scilicet
3414 2295 3558 2352 inter
3583 2300 3863 2371 complura

2276 2381 2654 2453 prteceIsarum
2705 2382 3133 2453 disputationum
3165 2399 3385 2440 suarum
3412 2387 3668 2456 quiddam
3705 2405 3863 2447 secus

2275 2475 2513 2530 sentiens
2535 2514 2551 2540 ,
2597 2473 2706 2530 duo
2743 2473 2864 2531 haec
2890 2475 3033 2530 veris
3075 2475 3304 2532 adversa
3343 2477 3633 2534 disseruit:
3667 2497 3855 2547 unum,

2274 2565 2418 2634 quod
2441 2564 2576 2620 nihil
2614 2566 2996 2636 incorporeum
3041 2575 3283 2623 creatum
3326 2568 3495 2636 dixit;
3525 2571 3672 2626 aliud
3696 2614 3712 2639 ,
3743 2588 3858 2643 quo

2274 2658 2408 2712 nihil
2435 2658 2639 2713 doloris
2665 2655 2941 2717 Christum
2968 2659 3026 2714 in
3050 2660 3301 2730 passione
3325 2661 3572 2717 sensisse.
3611 2662 3780 2732 Cujus
3806 2666 3855 2721 si

2273 2765 2402 2806 vera
2429 2751 2607 2821 passio
2632 2766 2744 2807 non
2781 2749 2884 2806 fuit
2906 2789 2922 2816 ,
2953 2751 3255 2824 redemptio
3280 2767 3489 2824 quoque
3511 2765 3696 2812 nostra
3723 2773 3856 2816 vera

2275 2857 2394 2897 esse
2440 2858 2552 2897 non
2581 2841 2794 2913 potuit.
2843 2841 2952 2898 Sed
2976 2843 3237 2912 quoniam
3263 2844 3453 2900 beatus
3478 2843 3711 2903 Hilarius
3736 2849 3857 2920 opi-

2275 2933 2453 2988 nionis
2495 2933 2718 3003 hujusce
2755 2933 2944 2988 vitium
2991 2933 3190 2990 virtute
3217 2934 3575 2992 confessionis
3602 2937 3862 3007 abolevit,

2276 3026 2354 3080 sic
2381 3025 2610 3080 sustinet
2635 3023 3088 3099 reprehensionis,
3104 3026 3324 3098 stylum,
3355 3027 3503 3098 quod
3521 3044 3632 3086 non
3659 3031 3863 3101 patitur

2276 3115 2599 3170 detrimenta
2641 3116 2979 3171 meritorum.
3032 3114 3378 3188 Quapropter
3405 3128 3632 3177 eatenus
3657 3121 3863 3178 divina-

2272 3223 2392 3262 rum
2420 3206 2806 3262 tractatoribus
2855 3205 3254 3277 Scripturarum
3294 3208 3458 3265 fidem
3494 3211 3734 3268 adhiberi
3762 3227 3860 3283 par

2272 3305 2375 3364 est,
2406 3298 2758 3367 quoadusque
2793 3297 2970 3353 eidem
3001 3300 3177 3354 tenori
3198 3301 3448 3378 veritatis
3481 3303 3853 3374 astipulantur.

2271 3389 2380 3445 Sed
2406 3404 2715 3459 quanquam
2741 3390 3017 3446 nonnullis
3053 3390 3502 3450 dissertatoribus
3528 3393 3860 3467 proferendis

2271 3485 2580 3541 necessario
2607 3483 3032 3555 supersederim,
3063 3487 3193 3542 dum
3220 3489 3290 3542 ad
3319 3489 3541 3546 oracula
3570 3489 3753 3546 divina
3795 3507 3862 3546 ex

2270 3573 2464 3642 quibus
2510 3574 2823 3631 eorumdem
2869 3576 3070 3647 pendet
3116 3579 3433 3646 auctoritas,
3473 3581 3597 3649 jure
3624 3582 3859 3649 festino;

2270 3663 2685 3734 haudquaquam
2723 3673 2907 3733 tamen
2940 3665 3267 3724 Eucherium
3301 3671 3672 3740 praeterierim,
3703 3672 3863 3726 mihi-

2269 3762 2383 3809 met
2409 3754 2681 3811 viventem
2708 3755 2951 3812 doctrina
2978 3765 3036 3812 et
3061 3760 3440 3828 praesentaneis
3465 3775 3648 3814 coram
3670 3761 3860 3831 dispu-

2269 3846 2567 3901 tationibus
2593 3848 2863 3915 cognitum
2883 3889 2898 3914 ,
2942 3864 3055 3904 non
3083 3864 3239 3920 porro
3265 3849 3466 3904 nuntiis
3490 3857 3586 3904 aut
3611 3850 3856 3908 lectione

2269 3944 2609 4006 compertum
2637 3955 2650 3991 :
2681 3939 2776 4007 qui
2800 3938 3011 3995 scilicet
3036 3939 3215 3994 viridis
3237 3939 3355 4005 aevi,
3385 3947 3630 3996 maturus
3659 3942 3853 4009 animi,

2270 4034 2429 4080 terrae
2473 4027 2729 4098 dispuens
2743 4068 2759 4095 ,
2803 4029 2927 4085 cmli
2962 4038 3223 4102 appetens
3244 4029 3462 4086 humilis
3500 4031 3696 4102 spiritu
3720 4072 3737 4098 ,
3769 4049 3862 4089 ar-

2268 4116 2408 4173 duus
2432 4118 2647 4185 merito,
2677 4133 2744 4175 ac
2769 4119 2995 4190 perinde
3022 4121 3223 4189 ingenii
3251 4121 3655 4188 subtilissimus,
3681 4123 3860 4179 scien-

2270 4210 2359 4265 tiae
2387 4211 2579 4282 plenus
2601 4252 2616 4278 ,
2650 4211 2849 4282 eloquii
2898 4211 3142 4283 protinus
3165 4255 3181 4280 ,
3222 4226 3539 4282 magnorum
3566 4214 3746 4270 saeculi
3774 4215 3859 4270 sui

2268 4304 2586 4375 pontificum
2615 4305 2777 4375 longe
2803 4305 3072 4361 maximus
3089 4344 3105 4370 ,
3148 4305 3309 4361 editis
3337 4306 3392 4360 in
3421 4321 3536 4361 rem
3561 4305 3684 4360 ﬁdei
3709 4306 3854 4361 mul-

2270 4394 2455 4464 tijugis
2501 4397 2774 4452 variorum
2822 4411 3050 4467 operum
3082 4396 3474 4463 voluminibus,
3506 4396 3573 4451 ad
3600 4397 3861 4467 populum

2270 4489 2486 4558 quoque
2513 4488 2600 4543 his
2625 4504 2790 4559 super
2815 4495 2962 4543 statu
2975 4489 3169 4544 anima:
3190 4489 3547 4545 concionatus
3573 4495 3688 4542 est:
3713 4485 3863 4552 Quar-

541 4583 543 4586 ’
578 4593 762 4637 rerum
803 4576 1144 4632 multitudine
1168 4616 1183 4642 ,
1232 4585 1288 4633 et
1325 4580 1504 4648 operis
1549 4581 1692 4636 mole
1739 4582 1903 4637 veluti
1929 4559 2165 4654 quidam
2189 4561 2245 4622 Β
2270 4601 2403 4651 rere,
2435 4584 2636 4653 inquit,
2677 4583 2890 4655 quidam
2931 4582 3130 4648 solent,
3161 4581 3418 4656 quomodo
3440 4583 3498 4637 in
3525 4579 3732 4636 Christo
3758 4583 3860 4635 mi-

495 4659 501 4698 ί
578 4672 914 4744 Chrysippus
942 4674 1350 4743 argumentandi
1383 4677 1598 4744 virtute,
1622 4686 1716 4732 aut
1745 4679 1888 4735 Zeno
1914 4695 2165 4736 sensuum

580 4764 912 4832 subtilitate,
957 4773 1051 4820 aut
1091 4754 1258 4821 varro
1304 4775 1492 4822 noster
1541 4769 1873 4825 voluminum
1901 4772 2169 4840 magnitu-

579 4856 737 4921 dine,
769 4864 825 4912 et
852 4857 944 4927 qui
969 4856 1213 4928 profecto
1242 4857 1363 4913 talis
1400 4866 1623 4924 natura,
1657 4861 1977 4928 attentione,
2009 4861 2175 4917 disci!

577 4951 740 5023 plinis
769 4951 1068 5016 exstiterit,
1101 4958 1160 5005 ut
1186 4966 1299 5006 non
1329 4951 1599 5007 immerito
1630 4953 1697 5006 ab
1727 4954 1844 5007 istis
1873 4954 2166 5023 corporali-

577 5043 682 5098 bus
728 5044 901 5100 nostri
949 5043 1129 5098 saeculi
1177 5040 1458 5112 Epicureis
1494 5050 1590 5096 aut
1620 5041 1837 5114 Cynicis
1860 5083 1876 5108 ,
1907 5045 2165 5114 spiritalis

578 5134 822 5202 sophista
851 5133 1204 5197 dissenserit,
1249 5131 1388 5188 libro
1435 5131 1502 5186 ad
1543 5130 1928 5203 Hieronymum
1966 5134 2034 5188 de
2062 5135 2171 5188 ori-

580 5224 704 5290 gine
744 5226 936 5279 animm
971 5225 1051 5280 sic
1085 5226 1441 5295 pronuntiat:
1485 5222 1858 5294 Incorpoream
1897 5241 2009 5279 esse
2048 5228 2168 5280 ani-

581 5328 721 5366 mam
753 5316 848 5367 etsi
887 5315 1090 5385 difﬁcile
1121 5313 1433 5370 tardioribus
1480 5313 1782 5384 persuaderi
1810 5323 2014 5385 potest,
2041 5316 2166 5370 mihi

582 5413 757 5455 tamen
789 5406 958 5475 fateor
977 5421 1088 5459 esse
1110 5423 1432 5476 persuasum.
1481 5404 1723 5476 Cumque
1752 5405 1805 5460 id
1832 5407 1908 5460 ita
1935 5407 2052 5462 fore
2081 5423 2168 5461 ra-

581 5492 820 5548 tionibus
839 5496 1046 5562 magnis
1066 5503 1229 5565 atque
1248 5497 1521 5553 insolubili
1543 5499 2013 5566 argumentatione
2030 5514 2166 5554 con-

580 5586 783 5654 vincat,
813 5602 878 5643 ac
903 5603 1066 5660 super
1104 5589 1210 5645 hoc
1251 5589 1565 5663 Hieronymi
1592 5592 1924 5648 sententiam
1951 5601 2162 5663 poscat,

580 5677 756 5734 laudis
770 5695 881 5735 sum
892 5689 1139 5736 tantuma
1153 5680 1480 5755 Hieronymo
1494 5684 1692 5755 scripta
1706 5692 1989 5754 recuperat
2006 5702 2017 5737 :
2037 5686 2167 5754 quin

582 5767 733 5823 haud
771 5771 930 5826 dubie
976 5771 1332 5843 Hieronymus
1361 5774 1495 5828 nihil
1521 5775 1588 5830 de
1618 5776 1796 5830 anima
1824 5775 2010 5831 sentiri
2039 5775 2169 5831 dicit

2273 4676 2403 4729 sceri
2428 4675 2648 4744 potuerit
2671 4673 2824 4727 homo
2851 4681 2902 4726 et
2926 4669 3087 4725 Deus.
3131 4667 3388 4735 Quaerunt
3413 4681 3464 4724 et
3487 4671 3741 4725 rationem
3767 4669 3858 4722 Itu-

2264 4769 2353 4840 jus
2372 4765 2604 4837 mysterii
2630 4764 2767 4836 quod
2792 4764 2948 4842 semel
2978 4766 3174 4834 factum
3195 4772 3301 4829 est,
3355 4779 3471 4816 cum
3508 4763 3611 4834 ipsi
3645 4761 3860 4816 reddere

2270 4862 2529 4915 rationem
2558 4875 2880 4933 nequaquam
2908 4859 3109 4930 possint
3151 4857 3263 4928 ejus
3301 4858 3378 4912 rei
3405 4872 3521 4928 qum
3546 4857 3609 4926 ﬁt
3635 4871 3857 4926 semper,

2271 4953 2522 5024 quomodo
2549 4953 2772 5007 societur
2799 4952 2976 5006 anima
3013 4951 3250 5021 corpori,
3279 4957 3338 5002 ut
3368 4950 3465 5020 ﬁat
3505 4949 3678 5003 homo.
3718 4945 3861 5016 Ergo

2270 5045 2523 5117 quomodo
2567 5060 2817 5116 corporea
2855 5059 2936 5097 res
2981 5044 3388 5112 incorporeaque
3430 5038 3781 5110 conjungitur,
3810 5044 3862 5090 et

2266 5136 2470 5206 corpori
2499 5136 2677 5189 anima
2715 5135 2960 5189 miscetur
3001 5141 3061 5186 ut
3099 5132 3251 5188 homo
3287 5127 3578 5214 eﬂiciatur;
3599 5130 3678 5184 ita
3705 5128 3860 5182 homo

2263 5229 2566 5300 conjunctus
2611 5235 2688 5281 est
2724 5224 2868 5293 Deo,
2898 5234 2948 5281 et
2989 5228 3156 5298 factus
3185 5231 3264 5278 est
3304 5221 3540 5291 Christus
3561 5238 3580 5276 :
3609 5230 3660 5275 et
3685 5229 3865 5275 tamen

2262 5327 2320 5372 ut
2341 5318 2489 5388 ﬁeret
2515 5315 2773 5382 Christus,
2805 5315 2906 5371 duo
2933 5315 3030 5370 illa
3054 5314 3364 5385 incorporea
3383 5354 3399 5381 ,
3424 5311 3482 5366 id
3506 5319 3584 5366 est
3609 5312 3791 5365 anima
3811 5317 3864 5364 et

2264 5410 2427 5474 Deus,
2459 5407 2666 5481 facilius
2693 5407 2945 5478 conjungi
2965 5405 3363 5479 permiscerique
3383 5409 3685 5474 potuerunt,
3707 5415 3866 5472 quant

2266 5501 2511 5556 miscetur
2532 5516 2641 5553 una
2659 5500 2970 5570 incorporea
2991 5497 3198 5566 aliaque
3226 5509 3494 5565 corporea,
3525 5491 3581 5546 id
3609 5499 3708 5557 est,
3742 5490 3867 5543 ani-

2267 5614 2352 5651 ma
2381 5604 2429 5649 et
2458 5611 2667 5666 corpus,
2689 5601 2746 5648 ut
2771 5609 2996 5662 persona
3025 5590 3252 5645 hominis
3273 5587 3486 5643 existat.
3525 5581 3703 5640 Credo
3729 5579 3870 5636 mihi

2269 5702 2413 5742 nunc
2440 5686 2559 5740 illos
2581 5725 2596 5750 ,
2628 5684 2721 5755 qui
2767 5697 2922 5752 teque
2966 5681 3166 5736 talibus
3191 5676 3456 5743 instituti,
3487 5673 3556 5730 ab
3583 5673 3742 5744 hisce
3765 5670 3868 5726 do-

2268 5779 2454 5835 ctrinis
2500 5778 3002 5848 degeneraverunt;
3054 5786 3272 5844 pessum
3319 5766 3581 5824 facientes
3622 5761 3868 5824 salubﬁl
