4238 6260
401 302 516 363 753

1593 296 1680 354 DE
1714 293 1942 352 STATU
1979 290 2219 349 ANIME
2259 293 2385 348 LIB.
2423 293 2489 349 ll.

3571 297 3680 352 754

406 432 508 476 sua
529 458 546 485 ,
609 424 668 474 et
714 417 903 474 alienis
948 418 1118 474 Semet
1169 417 1326 472 noxis
1381 415 1743 471 obnoxiantes
1791 411 1992 480 injusto
2017 412 2073 473 Α
2097 412 2362 471 facturum
2395 435 2405 468 :
2439 414 2576 481 Quid
2627 424 2684 470 tu
2709 457 2723 481 ,
2757 417 2898 473 unde
2924 415 3068 472 unde
3094 414 3388 472 contractis
3433 414 3683 470 testifica-

408 508 706 564 amantium
733 509 816 565 sui
843 509 968 565 odio
995 524 1233 577 eousque
1270 506 1549 578 prolapsi,
1605 512 1668 560 ut
1706 511 1994 560 extraneos

408 601 635 658 mallent
660 617 782 658 cum
809 602 1040 658 falsitate
1087 601 1375 672 praelegere
1391 639 1406 665 ,
1438 608 1492 655 et
1518 598 1843 654 Eucherium
1869 612 1995 652 cum

407 690 640 748 veritate
667 693 940 748 damnare.

481 781 570 837 ιν.
615 781 809 837 Videas
847 782 974 837 hinc
1019 781 1155 836 alios
1200 781 1451 852 quiddam
1490 767 1707 836 socordi
1732 779 1998 834 trutinare

409 870 615 940 judicio
638 912 654 936 ,
705 872 839 926 alios
883 870 938 926 id
980 871 1155 941 ipsum
1203 879 1298 925 aut
1343 872 1556 926 nescios
1582 870 1748 925 stulto
1779 868 1999 924 laudare

412 961 710 1032 praeconio,
742 969 836 1017 aut
874 961 1071 1017 sciolos
1101 961 1329 1017 subdolo
1357 962 1534 1017 ridere
1575 975 1868 1025 consensu;
1898 960 2000 1014 hos

413 1053 557 1108 inter
582 1053 792 1124 placere
811 1053 915 1108 sibi
935 1053 1105 1119 illum,
1133 1069 1295 1124 quem
1321 1069 1500 1119 nemo,
1534 1053 1636 1107 nisi
1663 1060 1756 1106 aut
1784 1053 1999 1120 ignarus

413 1143 648 1198 laudavit
691 1154 785 1199 aut
833 1144 1078 1200 callidus.
1133 1143 1234 1200 Hic
1273 1144 1386 1214 jam
1415 1144 1660 1199 feruntur
1687 1143 1754 1198 de
1781 1142 2001 1212 singulis

412 1249 520 1288 non
548 1234 647 1304 pro
675 1235 991 1290 meritorum
1010 1274 1026 1298 ,
1064 1233 1160 1291 sed
1186 1251 1286 1306 pro
1313 1243 1566 1290 votorum
1593 1234 1852 1304 qualitate
1878 1249 2002 1290 sen-

409 1326 612 1381 tentiae.
665 1324 746 1381 Ob
786 1326 1002 1382 laudem
1029 1327 1374 1396 praesentium
1400 1324 1771 1395 quarumpiam
1798 1323 2004 1379 fabula-

411 1431 531 1470 rum
580 1415 738 1484 longe
783 1416 1004 1471 maximi
1049 1416 1375 1470 damnantur
1419 1421 1685 1470 auctores.
1745 1413 1871 1468 Istic
1917 1414 2004 1468 ille

411 1504 665 1560 laudatus
711 1521 781 1562 ne
825 1506 962 1561 infra
1010 1506 1346 1561 laudantium
1395 1505 1641 1560 videatur
1684 1511 1828 1560 stare
1862 1504 2006 1574 judi-

414 1597 559 1654 cium
583 1638 598 1664 ,
629 1599 950 1668 panniculos
995 1598 1258 1668 quosdam
1281 1614 1350 1654 ex
1377 1597 1714 1654 diversorum
1737 1597 1885 1650 varia
1925 1596 2004 1649 le-

413 1688 598 1744 ctione
647 1689 926 1758 concerpit
949 1729 964 1754 ,
1018 1688 1348 1758 eosdemque
1395 1687 1593 1742 vilibus
1639 1687 1787 1753 suis,
1835 1686 2006 1741 veluti

2099 508 2334 563 tionibus
2360 508 2543 572 uteris,
2576 508 2989 578 haudquaquam
3010 515 3190 563 tamen
3213 508 3442 563 veritate
3467 506 3686 577 pulsan-

2099 599 2242 655 tibus
2268 600 2612 655 conscientiar.
2641 608 2838 654 nostra:
2859 600 3170 655 sincerum?
3196 599 3334 666 Quid
3354 609 3543 655 autem.
3565 614 3684 653 mea

2050 714 2057 718 -
2083 690 2293 755 refert;
2342 689 2470 758 quid
2510 705 2675 760 porro
2705 690 2929 754 attinet,
2962 690 3154 759 impios
3181 691 3252 745 ob
3279 691 3576 746 detractam
3601 689 3684 742 di—

2100 782 2235 836 vina:
2285 781 2503 848 imagini
2550 782 2864 849 dignitatem
2911 781 3165 836 divinitus
3193 781 3384 850 plecti,
3415 797 3538 837 cum
3568 796 3685 834 me-

2101 882 2212 928 met
2238 873 2533 944 impietatis
2578 873 2803 942 hujusce
2833 873 3038 942 laqueis
3065 873 3307 928 noverim
3337 889 3445 929 non
3470 874 3641 928 teneri
3666 875 3689 926 ?

2103 965 2334 1020 Proinde
2380 980 2578 1020 moneo
2626 963 2898 1030 facessas,
2951 979 3050 1019 nec
3093 964 3374 1019 sententiae
3412 964 3534 1018 talis
3559 964 3690 1017 infa-

2102 1057 2264 1110 miam
2294 1056 2429 1110 mihi
2475 1055 2813 1111 mendaciter
2860 1056 3060 1110 inuras.
3121 1055 3273 1110 Nunc
3323 1069 3424 1123 ego
3471 1054 3574 1109 nisi
3593 1069 3688 1118 re-

2103 1149 2244 1215 nuis,
2278 1149 2330 1202 in
2376 1155 2469 1202 tua
2516 1147 2694 1202 tecum
2739 1147 2902 1202 redeo
2927 1188 2941 1211 ,
2999 1162 3067 1202 ex
3117 1147 3267 1218 queis
3313 1145 3645 1200 arbitrabere
3668 1184 3684 1208 ,

2105 1248 2411 1295 utrumnam
2445 1238 2584 1293 istud
2630 1239 2682 1292 in
2731 1239 2923 1308 impios
2951 1237 3251 1308 prephetici
3279 1235 3543 1292 sermonis
3571 1249 3690 1289 ora-

2104 1333 2281 1387 culum
2302 1373 2316 1397 ,
2352 1339 2374 1368 ¢
2406 1347 2473 1384 an
2506 1331 2557 1384 in
2585 1338 2640 1384 te
2668 1331 2736 1384 sit
2758 1329 3101 1400 porrectum?
3138 1337 3195 1383 te
3221 1327 3458 1390 scilicet,
3491 1333 3546 1380 te
3571 1341 3689 1379 ma-

2104 1425 2184 1492 gis
2228 1423 2578 1492 perstringit,
2632 1423 2724 1490 qui
2782 1428 3047 1492 prmtento
3102 1419 3340 1475 scientiae
3385 1416 3686 1488 privilegio,

2106 1523 2294 1569 contra
2321 1513 2518 1567 famam
2546 1512 2758 1568 deditus
2787 1511 3070 1567 sententiaa
3091 1551 3106 1576 ,
3153 1517 3210 1565 et
3253 1515 3444 1565 contra
3473 1514 3691 1561 senten-

2109 1605 2234 1660 tiam
2281 1605 2542 1660 sollicitus
2586 1605 2769 1669 famm,
2801 1602 2989 1658 eadem
3027 1616 3147 1671 quae
3192 1601 3311 1656 istic
3343 1600 3489 1654 velut
3517 1597 3690 1652 aliena

2109 1694 2310 1756 renuis,
2340 1701 2396 1747 et
2421 1693 2529 1747 illic
2561 1692 2746 1747 itidem
2774 1690 2942 1745 veluti
2969 1690 3187 1760 propria
3215 1687 3472 1743 defendis.

411 1777 732 1848 quibusdam
760 1779 1000 1849 stuppeis
1027 1778 1224 1844 assuit,
1259 1778 1546 1847 laceroque
1573 1778 1771 1832 vestitu
1800 1777 2008 1847 turpior
2040 1782 2088 1842 Β
2184 1785 2248 1839 ιι,
2289 1785 2364 1839 Ne
2392 1785 2512 1854 quis
2558 1785 2629 1839 sit
2677 1792 2857 1838 tamen
2905 1782 2991 1836 vel
3040 1782 3170 1836 mihi
3216 1797 3371 1836 secus
3420 1782 3689 1850 interpre-

417 1869 576 1924 nudis
624 1870 826 1938 absque
866 1869 1036 1925 furaci
1081 1869 1433 1924 meditatione
1480 1875 1661 1924 mutus
1697 1869 2007 1938 eloquentia

416 1961 669 2031 palliatus
697 1960 913 2016 incedit.
943 1959 1149 2016 Cernas
1175 1961 1305 2016 hinc
1331 1961 1494 2016 alium
1517 2001 1532 2026 ,
1564 1961 1674 2015 situ
1700 1960 2006 2026 fetidarum,

419 2051 656 2121 turpium
683 2066 752 2106 ex
776 2052 943 2108 olenti
971 2052 1140 2108 omnis
1168 2053 1279 2107 suis
1307 2068 1370 2106 ac
1398 2052 1637 2107 tenebris
1664 2052 1849 2106 cloaca
1877 2067 2008 2107 ven-

419 2143 520 2199 tris
549 2150 606 2198 et
633 2143 744 2199 oris
789 2143 1032 2198 inhalare
1076 2145 1368 2208 sentinam,
1415 2144 1660 2213 interque
1687 2143 2006 2198 ructandum

418 2236 679 2308 quasdam
701 2237 1196 2305 suggillatiunculas
1215 2235 1636 2306 fringultientem
1665 2235 1734 2290 ab
1760 2236 1889 2301 alio,
1916 2235 2008 2305 qui

419 2333 619 2402 stipem
646 2347 800 2387 suam
843 2332 1006 2386 variis
1055 2331 1623 2387 conlucernationibus
1672 2329 2007 2400 dilapidavit,

420 2425 712 2499 parasitico
776 2439 930 2480 more
978 2424 1201 2480 laudari.
1275 2424 1422 2479 lnter
1469 2424 1571 2479 has
1616 2422 2010 2491 hujusdemque

420 2516 564 2572 modi
603 2515 918 2586 quisquilias
947 2515 1149 2584 aliquid
1175 2523 1234 2570 tu
1261 2515 1504 2570 sobrium
1529 2520 1647 2568 tuto
1699 2513 2009 2568 dixerisne?

421 2607 590 2664 Porro
631 2620 884 2675 magnum
933 2606 1152 2676 aliquod
1200 2622 1231 2661 e
1277 2605 1490 2662 socordi
1531 2605 1686 2660 turba
1713 2604 2008 2674 periculum

419 2698 833 2771 periclitahere:
888 2705 915 2735 ι
963 2697 1056 2768 qui
1093 2696 1222 2752 dum
1266 2696 1539 2768 (Imperio
1577 2695 1603 2736 ιι
1642 2697 1832 2767 quippe
1878 2694 2010 2748 nihil

419 2787 700 2862 quidquam
726 2787 1003 2858 injustius)
1053 2787 1156 2843 hos
1202 2803 1266 2843 ac
1290 2788 1425 2843 tales
1452 2795 1634 2842 tamen
1661 2793 1877 2856 egomet
1900 2801 2010 2840 non

424 2894 684 2950 pavesco.
720 2878 798 2934 Ac
825 2878 872 2933 si
898 2878 1019 2948 quis
1048 2894 1192 2933 nunc
1217 2879 1471 2934 monendi
1497 2879 1648 2934 locus
1677 2887 1779 2946 est,
1810 2893 2010 2934 moneo

425 2976 592 3039 atque
616 2968 873 3024 denuntio
898 2985 910 3020 :
943 2968 1142 3037 quique
1172 2968 1260 3023 isti
1287 2969 1484 3037 quique
1511 2976 1639 3024 sunt
1665 2970 1776 3035 alii,
1804 2970 1898 3039 qui
1926 2969 2012 3023 vel

428 3061 486 3117 in
513 3074 740 3130 magnos
765 3061 911 3116 viros
938 3060 1190 3129 obloquia
1208 3100 1223 3123 ,
1255 3060 1340 3114 vel
1384 3061 1452 3115 de
1479 3060 1639 3116 rebus
1666 3062 1890 3116 summis
1917 3061 2012 3116 de-

2111 1877 2277 1942 tandi,
2308 1877 2392 1930 vel
2422 1876 2518 1930 tibi
2566 1875 2746 1930 forsan
2789 1873 3056 1928 inﬁciandi
3084 1875 3233 1929 locus
3257 1915 3270 1938 ,
3302 1873 3690 1943 imprznscntia-

2109 1983 2230 2022 rum
2257 1983 2419 2036 super
2463 1966 2656 2034 quibus
2702 1966 2909 2032 agimus
2956 1972 3184 2032 utraque
3211 1964 3505 2018 videamus.
3556 1961 3692 2037 Pro-

2109 2060 2274 2130 pheta
2316 2073 2511 2128 nempe
2551 2057 2680 2112 dicit
2722 2057 2918 2127 impios
2951 2055 3131 2110 dicere
3168 2073 3179 2108 :
3230 2054 3533 2108 Exstinctus
3561 2054 3695 2109 cinis

2109 2152 2208 2204 erit
2234 2167 2419 2221 corpus
2456 2158 2693 2203 nostrum
2718 2189 2732 2214 ,
2767 2156 2818 2202 et
2850 2148 3062 2218 spiritus
3102 2145 3420 2215 diﬂ‘undetur
3450 2154 3694 2214 tanquam

2109 2242 2280 2297 mollis
2301 2258 2408 2295 aer.
2441 2241 2730 2296 Enimvero
2751 2247 2866 2294 tute
2885 2237 3015 2309 quid
3039 2236 3210 2292 dicis?
3242 2235 3520 2291 Nonnullae
3547 2240 3693 2300 sunt,

2111 2335 2310 2404 inquis,
2339 2334 2646 2404 spirituales
2676 2340 2900 2396 naturae,
2934 2338 2994 2384 ut
3018 2329 3227 2398 angeli,
3258 2327 3567 2396 archangeli
3587 2341 3692 2381 caa-

2111 2435 2346 2494 terchue
2370 2425 2617 2488 virtutes,
2651 2424 2764 2494 ipsa
2783 2436 2998 2490 quoque
3019 2421 3197 2474 anima
3225 2427 3409 2475 nostra
3435 2418 3522 2472 vel
3547 2424 3696 2471 certe

2111 2533 2205 2572 aer
2232 2518 2332 2572 iste
2359 2517 2572 2571 subtilis
2596 2555 2609 2579 ,
2641 2524 2820 2569 tamen
2848 2514 3184 2582 incorporeas
3219 2511 3526 2565 nullatenus
3551 2508 3696 2562 aesti—

2111 2609 2337 2665 mandaz.
2379 2609 2600 2664 Intende
2623 2649 2638 2674 ,
2685 2622 2888 2676 quazso,
2944 2605 3180 2658 animum
3222 2618 3321 2672 pro
3369 2610 3422 2656 te
3467 2601 3697 2670 quisque

2112 2702 2285 2757 nostri
2313 2700 2532 2764 arbiter,
2564 2698 2750 2766 terque
2789 2695 3075 2765 judicium,
3115 2698 3255 2748 sitne
3308 2691 3524 2761 aliquod
3569 2705 3698 2761 pro-

2113 2791 2445 2848 locutionum
2494 2791 2752 2844 harumce
2798 2786 3127 2842 discrimen:
3176 2785 3327 2855 lmpii
3355 2784 3422 2839 de
3457 2783 3697 2837 humano

2113 2884 2304 2954 spiritu
2327 2924 2341 2947 ,
2392 2882 2460 2937 de
2506 2881 2742 2936 humana
2770 2879 3022 2934 videlicet
3045 2877 3522 2941 anima’dixerunt,
3552 2874 3699 2942 quod

2115 2974 2440 3032 diffundatur
2463 2973 2684 3043 spiritus
2713 2979 2965 3040 tanquam
2988 2970 3166 3026 mollis
3195 2985 3304 3024 aer.
3357 2964 3702 3021 Necessarins

2117 3067 2207 3122 hic
2235 3072 2419 3121 noster
2448 3063 2722 3132 adiungit,
2747 3062 2893 3130 quod
2919 3062 3096 3116 anima
3125 3061 3361 3114 humana
3389 3067 3444 3112 et
3478 3071 3572 3111 aer
3599 3056 3702 3110 iste

425 3150 714 3206 liramenta
780 3147 1022 3218 quaedam
1089 3163 1209 3203 cum
1257 3150 1663 3219 computoribus
1708 3152 2010 3217 mussitant,

2078 3155 2088 3214 ζ
2119 3158 2331 3214 subtilis
2349 3171 2502 3226 atque
2527 3153 2824 3225 spiritualia
2846 3159 2991 3218 sunt,
3017 3151 3110 3206 sed
3136 3149 3358 3220 perinde
3386 3149 3702 3216 incorporea

425 3251 522 3299 aut
547 3242 727 3313 palam
773 3241 1079 3309 loquantur,
1110 3247 1202 3294 aut
1229 3247 1463 3295 taceant.
1507 3239 1795 3296 Enimvero
1817 3256 2012 3296 eruen-

425 3343 515 3392 tur
540 3334 675 3390 mibi
727 3341 888 3402 atque
937 3331 1293 3386 extrahentur
1339 3332 1502 3385 etiam
1553 3333 1902 3402 nuncupatim
1949 3346 2018 3386 ex

428 3425 624 3482 abditis
652 3423 1044 3480 tenebellarum
1066 3463 1082 3486 ,
1121 3422 1214 3490 qui
1249 3420 1514 3475 hactenus
1541 3421 1820 3478 delituere.
1869 3421 2016 3478 Prm-

430 3516 581 3573 nosci
623 3529 754 3571 vero
800 3513 964 3579 licet,
1019 3522 1200 3568 tacens
1245 3529 1312 3569 ne
1352 3514 1584 3568 habeam
1621 3512 1762 3568 facta
1789 3531 2018 3582 quorum

434 3607 651 3663 nomina
695 3620 807 3661 non
854 3604 1066 3660 tacebo.
1119 3602 1315 3657 Faxint
1362 3611 1545 3658 tamen
1592 3604 1681 3658 isti
1708 3603 1853 3672 quod
1882 3603 2022 3658 foret

432 3700 660 3763 libitum,
688 3697 1040 3767 salubresque
1068 3697 1306 3751 monitus
1332 3704 1606 3766 spernant,
1632 3696 1780 3750 haud
1807 3697 2022 3766 impune

435 3791 661 3848 scilicet.
709 3789 826 3858 Ego
854 3803 984 3844 vero
1023 3787 1392 3859 praeeligerem
1423 3787 1492 3842 ab
1521 3787 1640 3843 istis
1664 3803 1789 3843 cum
1810 3786 2022 3842 Euche-

433 3882 518 3937 rio
546 3880 718 3951 rejici,
751 3894 912 3949 quam
959 3894 1080 3935 cum
1110 3878 1227 3933 istis
1257 3893 1310 3956 _a
1341 3879 1570 3934 veritate
1605 3879 1864 3933 damnari.
1917 3877 2023 3933 Sed

437 3974 560 4030 istic
605 3987 751 4027 nunc
797 3971 946 4026 locus
975 3979 1031 4026 et
1077 3978 1292 4041 tempus
1320 3979 1439 4034 est,
1472 3979 1531 4026 ut
1552 3972 1691 4028 sicut
1720 3987 1751 4026 a
1778 3971 2022 4042 philoso-

439 4065 564 4137 phis
591 4063 660 4117 ad
688 4069 1008 4117 tractatores
1026 4102 1041 4128 ,
1091 4063 1168 4118 sic
1213 4079 1244 4117 a
1284 4065 1667 4119 tractatoribus
1695 4065 1764 4119 ad
1792 4065 2024 4119 authen-

440 4157 577 4213 ticos
601 4153 824 4224 gradum
852 4169 1124 4224 consequa
1168 4156 1377 4211 ratione
1405 4155 1666 4212 faciamus
1689 4195 1704 4221 ,
1763 4158 2024 4212 suadente

438 4248 623 4318 modo,
653 4247 860 4306 scilicet
886 4248 1157 4319 plerisque
1183 4251 1401 4304 testium
1431 4250 1629 4305 tacitis.

1072 4337 1298 4395 CAPUT
1328 4340 1391 4394 X.

741 4430 893 4486 Teste
918 4432 1082 4486 utitur
1105 4434 1222 4504 ipsa
1247 4433 1421 4487 diuina
1449 4434 1724 4504 sapientia.

2119 3265 2227 3305 non
2256 3249 2381 3303 sint.
2441 3245 2620 3302 Verba
2650 3259 2794 3299 nunc
2814 3242 3004 3298 eadem
3027 3283 3041 3308 ,
3086 3248 3141 3296 et
3167 3255 3384 3295 sensum
3414 3235 3658 3308 expende
3685 3251 3697 3286 :

2117 3360 2240 3399 nam
2270 3342 2416 3412 quod
2444 3341 2553 3396 illic
2584 3340 2804 3410 spiritus
2837 3337 3034 3392 dicitur
3057 3336 3356 3396 humanus,
3387 3332 3474 3384 hic
3500 3330 3696 3382 anima.

2117 3436 2195 3490 Ita
2244 3435 2488 3506 profecto
2535 3431 2867 3495 concordat,
2918 3437 3080 3498 atque
3126 3428 3172 3480 si
3213 3433 3438 3491 uterque
3467 3421 3702 3474 animam

2120 3535 2214 3583 aut
2239 3526 2485 3596 spiritum
2527 3530 2754 3590 uterque
2800 3520 3055 3583 dixisset;
3104 3519 3195 3586 qui
3239 3515 3444 3572 scilicet
3490 3511 3598 3565 illic
3646 3510 3702 3563 in

2120 3621 2338 3675 mollem
2365 3617 2514 3672 fundi
2544 3629 2722 3670 aerem
2750 3612 2961 3676 dicitur,
2994 3610 3134 3663 sicut
3161 3607 3342 3661 itidem
3371 3604 3555 3659 subtili
3583 3603 3704 3657 istic

2123 3711 2236 3766 aeri
2263 3715 2626 3778 comparatur.
2668 3702 2823 3769 Quod
2861 3713 2988 3768 ergo
3013 3697 3235 3752 diffundi
3264 3695 3481 3771 spiritus
3508 3693 3704 3747 dicitur

2122 3811 2378 3871 tanquam
2406 3797 2584 3852 mollis
2613 3810 2726 3858 aer,
2761 3793 2868 3847 tale
2896 3798 2977 3846 est
2999 3805 3062 3844 ac
3090 3789 3136 3844 si
3165 3788 3452 3850 diceretur,
3474 3783 3706 3854 Spiritus

2124 3893 2233 3949 hoc
2259 3902 2340 3948 est
2366 3888 2512 3960 quod
2540 3886 2716 3941 mollis
2744 3899 2855 3939 aer.
2908 3882 3165 3950 Itemque,
3195 3875 3451 3948 spiritalis
3478 3882 3560 3928 est
3587 3873 3704 3926 ani-

2126 4003 2214 4042 ma
2242 3994 2423 4040 nostra
2444 3990 2499 4038 et
2526 3996 2619 4037 aer
2640 3981 2742 4034 iste
2770 3975 3012 4040 subtilis;
3038 3974 3111 4028 ita
3137 3978 3220 4027 est
3244 3985 3307 4024 ac
3333 3969 3377 4022 si
3397 3967 3700 4022 diceretur:

2126 4073 2314 4133 Anima
2343 4081 2528 4129 nostra
2556 4072 2663 4125 hoc
2691 4077 2775 4124 est
2809 4065 2954 4136 quod
2981 4066 3093 4119 'aer
3137 4063 3237 4116 iste
3265 4058 3496 4114 subtilis.
3539 4055 3707 4112 Cum-

2126 4183 2231 4238 que
2259 4165 2285 4204 ά
2315 4182 2382 4220 ex
2409 4165 2495 4219 his
2541 4161 2748 4218 duobus
2797 4157 2942 4228 quod
2989 4161 3114 4209 ante
3159 4151 3359 4206 dictum
3388 4155 3493 4213 est,
3524 4146 3709 4216 impio-

2046 4286 2050 4288 ·
2128 4277 2246 4315 rum
2273 4258 2606 4328 blasphemia
2647 4255 2752 4320 sit,
2802 4250 2948 4322 quod
2987 4245 3343 4320 postpositum
3371 4251 3464 4296 tua
3487 4247 3709 4295 senten-

2129 4351 2224 4416 tia,
2265 4350 2481 4419 duoque
2507 4349 2610 4402 ista
2638 4354 2864 4401 eatenus
2892 4333 3165 4404 uniantur,
3190 4344 3250 4391 ut
3276 4335 3384 4390 sint
3411 4341 3468 4388 et
3493 4329 3712 4400 negotio

2129 4449 2185 4498 et
2209 4457 2369 4498 sensu
2394 4449 2448 4495 et
2467 4439 2634 4494 verbo
2656 4432 3149 4492 indiscriminabilia
3178 4448 3190 4482 :
3223 4425 3351 4498 quid
3375 4423 3714 4496 potissimum

514 4523 557 4580 l.
599 4521 893 4579 Audiamus
927 4522 1088 4591 igitur
1126 4523 1253 4594 quid
1293 4525 1539 4594 imaginis
1579 4541 1690 4581 suae
1716 4528 2030 4596 pronuntiet
2053 4515 2106 4575 Ῑ)
2133 4534 2499 4602 consequitur,
2550 4531 2652 4586 nisi
2703 4539 2764 4584 ut
2813 4537 2904 4583 aut
2932 4543 3032 4598 pro
3061 4521 3411 4580 similitudine
3436 4515 3716 4574 sententias

443 4617 676 4678 inimicis
721 4615 898 4671 divina
945 4616 1257 4687 Sapientia:
1310 4616 1601 4681 Dixerunt,
1645 4617 1837 4685 inquit,
1886 4617 2033 4688 impii

445 4714 734 4784 cogitantes
759 4726 865 4765 non
891 4703 1061 4765 i‘ecte:
1108 4708 1371 4781 Exiguum
1392 4718 1441 4763 et
1468 4725 1584 4763 cum
1613 4709 1768 4764 twdio
1793 4717 1870 4762 est
1902 4717 2032 4763 tent-

446 4820 541 4874 pus
579 4803 700 4858 vim
739 4809 964 4867 nostra;
1006 4809 1056 4856 et
1083 4802 1374 4856 exstinctus
1411 4801 1539 4854 cinis
1573 4802 1670 4854 erit
1706 4816 1892 4872 corpus
1937 4819 2033 4856 no-

447 4901 638 4959 strum,
690 4899 742 4946 et
798 4893 1014 4963 spiritus
1052 4891 1376 4960 diﬂ'undetur
1421 4897 1666 4960 tanquam
1719 4892 1890 4946 mollis
1941 4909 2033 4946 aer

453 4983 606 5055 (Sap.
632 4999 688 5050 η,
720 4981 774 5049 l,
803 4983 879 5055 5).
911 4982 1067 5052 lmpii
1087 4981 1204 5037 haec
1231 4982 1504 5046 dixerunt,
1534 4996 1693 5052 super
1713 4997 1851 5052 quos
1869 4985 2030 5054 paulo

452 5081 579 5144 post
645 5073 833 5129 eadem
894 5071 1174 5143 Scriptura
1222 5073 1301 5129 sic
1347 5074 1584 5142 loquitur
1629 5092 1659 5146 ρ
1733 5073 2033 5131 Excwcavit

452 5165 588 5220 enim
611 5163 728 5219 illos
774 5165 978 5219 malitia
1006 5180 1221 5230 eorum;
1262 5166 1506 5237 quoniam
1546 5164 1687 5221 Deus
1716 5168 1906 5220 creavit
1934 5168 2032 5223 ho-

451 5258 642 5312 minem
668 5253 1202 5322 inexterminabilem,
1231 5264 1281 5311 et
1300 5257 1369 5310 ad
1395 5257 1678 5327 imaginem
1705 5273 1813 5312 sua:
1849 5260 2035 5313 simili-

452 5348 646 5404 tudinis
668 5350 791 5422 [ει-ει
815 5349 964 5403 illum
993 5347 1182 5422 (Ibid,
1212 5349 1300 5416 21,
1329 5349 1441 5420 25).
1473 5349 1599 5407 Istic
1627 5365 1757 5420 ergo
1784 5359 1953 5409 temet
1981 5354 2034 5408 in

449 5442 823 5500 defensionem
847 5444 927 5499 tui
952 5443 1130 5500 acrius
1157 5446 1579 5515 permovendum
1608 5449 1801 5515 credo,
1831 5467 2036 5520 proque

451 5549 628 5592 causae
671 5535 866 5591 merito
913 5535 968 5591 in
1014 5552 1103 5594 me
1142 5536 1308 5592 etiam
1348 5537 1647 5595 istiusmodi
1675 5530 1844 5596 ferme
1873 5542 2033 5608 verba

528 5660 557 5723 ξι
592 5650 693 5723 [lic
719 5631 910 5709 deesse
945 5651 1148 5723 aliquid
1174 5651 1407 5723 videtur.
1979 5689 1982 5692 ι

526 5718 568 5764 δ’
596 5721 898 5789 Terentius,
930 5718 1182 5796 Adelph"
1210 5731 1318 5779 act.
1350 5722 1404 5792 l,
1426 5739 1575 5782 scen.
1598 5724 1654 5792 2,
1684 5740 1827 5782 vers.
1859 5725 1946 5780 l8.

2134 4615 2276 4693 tuae,
2323 4627 2369 4680 si
2415 4623 2660 4678 eamdem
2705 4617 3129 4677 defensitandam
3178 4614 3355 4669 credis
3378 4652 3394 4676 ,
3427 4611 3716 4681 impiorum

2135 4733 2350 4789 quoque
2400 4715 2664 4771 sententia
2714 4710 2994 4787 laudabilis
3021 4708 3122 4772 sit;
3155 4712 3249 4760 aut
3274 4703 3402 4774 quia
3431 4697 3718 4773 plectibilis

2135 4813 2224 4867 illa
2256 4819 2366 4876 est,
2396 4815 2489 4863 tua
2516 4821 2731 4875 quoque
2765 4805 2834 4859 sit
2873 4816 2972 4872 pro
3012 4798 3129 4867 ejus
3172 4795 3445 4867 parilitate
3492 4791 3717 4843 damna-

2135 4905 2256 4962 bilis
2276 4906 2299 4958 ?
2917 4957 2920 4960 ,

2207 4993 2291 5048 lll.
2325 4991 2432 5048 Sed
2460 4989 2589 5061 quid
2615 4989 2814 5044 diutius
2858 4985 2944 5039 vel
2981 4979 3418 5049 argumentantes
3450 4965 3720 5061 allucina-

2137 5101 2277 5152 mur,
2307 5098 2432 5139 cum
2467 5058 2629 5152 super
2655 5081 2761 5134 hoc
2805 5074 3070 5146 prOpheta
3105 5061 3412 5122 censuerit:
3440 5058 3720 5152 D_ixerunt,

2137 5149 2329 5244 inquit,
2372 5174 2518 5243 impii
2533 5149 2695 5240 ἀρυά
2723 5184 2776 5222 se
2803 5165 3087 5237 cogitantes
3115 5170 3221 5211 non
3259 5158 3436 5208 recte:
3459 5149 3723 5220 Exiguam

2139 5274 2216 5321 est
2243 5275 2442 5336 tempus
2462 5265 2580 5318 uitta
2607 5266 2824 5322 nostra;
2863 5263 2915 5308 et
2951 5250 3236 5306 exstinctus
3257 5245 3387 5300 cinis
3413 5245 3722 5336 criticorpus

2139 5334 2390 5423 nostrum,
2434 5363 2484 5409 et
2526 5352 2737 5422 spiritus
2779 5343 3107 5416 diffundatur
3135 5350 3381 5412 tanquam
3418 5334 3589 5391 mollis

2139 5421 2383 5519 Postque
2399 5443 2676 5517 paululum
2703 5437 3029 5495 sententiam
3066 5447 3284 5506 quoque
3327 5426 3574 5485 intersita
3609 5421 3756 5477 dis--

2137 5518 2418 5612 putatione
2463 5532 2736 5602 subiungit
2767 5549 2779 5586 :
2812 5529 2974 5598 Haec,
3018 5528 3212 5598 inquit,
3253 5522 3634 5594 cogitaverunt,
3665 5518 3725 5567 et

2219 5665 2244 5734 «ξ
2285 5653 2410 5734 llaec
2431 5650 2669 5734 praeterit
2692 5648 2863 5734 “editio
2890 5647 3192 5734 Eugdupzh
3218 5674 3237 5685 ν

2220 5721 2248 5761 ιι
2285 5721 2414 5780 Haec
2431 5717 2567 5780 item
2598 5721 2799 5778 omittit
2816 5720 3005 5780 eadem
3031 5717 3218 5776 editio.
