4232 6264
462 328 576 392 755

467 457 813 508 erraverunt:
843 445 1119 508 excaecauit
1157 443 1297 510 enim
1336 438 1459 504 ξιιος
1495 437 1701 500 malitia
1749 459 1946 498 eorum.
1993 439 2066 496 Et
2097 441 2146 502 A

467 546 728 616 tanquam
758 541 964 598 diceres
998 558 1008 591 =
1048 539 1187 611 Quid
1234 545 1289 600 in
1327 546 1406 598 eis
1436 541 1604 610 culpa
1645 538 1896 603 vertitur.
1936 535 2065 606 quid

469 635 704 696 erroris?
734 633 823 694 ille
848 635 1157 708 respondit:
1179 633 1463 689 Hominem
1487 631 1721 686 animam
1744 641 2066 698 corpoream

471 733 861 802 cogitaverunt,
910 736 964 784 et
1002 733 1317 785 erraverunt
1349 744 1361 778 :
1395 740 1458 780 ac
1499 724 1646 778 velut
1671 727 1891 791 rogaret
1921 729 1941 757 δ
1974 733 2066 787 ge-

470 825 794 888 mmantem;
819 830 875 878 et
891 821 1020 891 quid
1047 822 1104 876 in
1131 821 1236 875 hoc
1264 820 1461 874 veritas
1485 816 1722 883 claudat,
1751 821 1814 870 ut
1831 814 2065 868 animam

471 930 667 985 corpus
696 929 814 972 esse
843 913 963 982 quis
990 912 1204 975 sentiat,
1232 902 1392 965 iterat
1413 910 1676 979 propheta
1705 919 2021 976 responsum
2049 922 2062 954 ε

471 1004 791 1062 Erraverunt
839 1004 1106 1068 videlicet,
1157 1009 1479 1066 erraverunt,
1527 1001 1649 1071 quia
1700 996 1841 1052 Deus
1878 995 2067 1049 creavit

471 1100 729 1156 hominem
749 1094 1277 1161 inexterminabilem,
1307 1103 1358 1148 et
1385 1093 1453 1147 ad
1482 1093 1759 1163 imaginem
1788 1103 1895 1144 sua:
1924 1087 2068 1142 simi-

470 1181 712 1247 litudinis
755 1189 876 1264 fecit
904 1187 1071 1243 illum.
1112 1185 1170 1242 ld
1209 1193 1292 1239 est
1337 1184 1515 1265 dicere
1549 1201 1560 1234 :
1595 1180 1743 1236 Adeo
1774 1188 1930 1234 tenus
1961 1192 2069 1232 non

472 1286 559 1341 est
576 1295 769 1350 corpus
799 1279 997 1343 anima,
1025 1283 1083 1330 ut
1109 1277 1179 1332 sit
1206 1275 1382 1344 imago
1412 1273 1609 1328 divina.
1654 1270 1822 1325 Estne
1865 1267 2067 1337 aliquid

472 1386 582 1441 quo
628 1371 695 1426 ab
742 1370 868 1426 hinc
911 1370 1155 1426 locorum
1203 1367 1410 1440 uspiam
1448 1362 1829 1434 progrediaris,
1863 1366 2070 1415 tuomet

470 1462 671 1518 indicio
715 1460 979 1531 proditus,
1014 1459 1252 1516 veritatis
1299 1457 1501 1511 viribus
1549 1462 1757 1524 captus,
1795 1450 2069 1520 prophetae

472 1553 855 1611 testiﬁcatione
901 1549 1217 1606 convictus?
1264 1546 1371 1602 Sed
1421 1545 1616 1601 viderit
1659 1544 1884 1612 quisque
1924 1540 2069 1610 quod

475 1648 716 1706 sentiat:
750 1651 912 1717 prout
958 1659 1080 1702 mea
1109 1650 1288 1698 tamen
1331 1641 1514 1712 opinio
1559 1639 1682 1705 fert,
1729 1638 1834 1692 ho‘c
1880 1636 2070 1690 saltem

473 1741 703 1813 probum
738 1736 890 1810 quod
923 1747 1149 1791 eatenus
1187 1731 1594 1789 dissertavimus
1632 1729 1915 1784 adversum
1945 1741 2067 1780 cor-
2104 1751 2106 1754 τ

1715 315 2031 386 Hm“
2065 320 2438 381 CLAUDIAM

2761 436 2993 495 CAPUT
3031 437 3144 495 ΧΗ.

2171 530 2249 585 De
2277 547 2337 586 eo
2361 529 2498 600 quod
2519 528 2798 601 Apostolus
2826 539 3036 658 matiam
3055 548 3110 586 se
3128 547 3289 604 usque
3307 532 3381 587 ad
3407 534 3620 589 tertium
3640 535 3770 590 dicit

2864 619 2892 656 ε
2958 619 3063 658 um.

2238 716 2275 769 l.
2308 714 2453 770 Sana
2481 717 2681 785 quippe
2715 717 2996 772 catholicae
3035 717 3158 772 ﬁdei
3196 717 3444 774 doctrina
3488 721 3562 775 ita
3610 728 3774 778 tenus

2168 809 2417 864 intersito
2440 809 2610 877 gradu
2629 808 2698 862 ab
2722 808 2844 864 imis
2871 808 2938 862 ad
2965 810 3162 875 media,
3194 825 3226 864 a
3254 810 3446 866 mediis
3466 811 3534 866 ad
3559 827 3768 868 summa

2169 901 2569 965 conscenditur,
2603 891 2660 956 iit
2702 907 2823 957 rato
2866 901 3078 970 judicio
3110 912 3433 972 corpoream
3451 912 3770 959 creaturam

2171 993 2496 1064 incorporali
2535 999 2797 1048 creatura:
2837 993 3092 1060 subdens,
3125 1003 3180 1049 et
3207 1010 3418 1050 summo
3443 998 3770 1068 incorporeo

2170 1087 2406 1141 creatori
2427 1087 2567 1142 hanc
2595 1086 2840 1141 eamdem
2867 1076 2991 1141 cum
3019 1088 3102 1144 sui
3130 1081 3372 1143 inferiori
3400 1088 3692 1158 subjiciens
3712 1089 3769 1145 in

2171 1179 2389 1234 tertium
2417 1179 2613 1234 malum
2640 1177 2790 1234 Pauli
2820 1180 3170 1251 pedissequos
3197 1183 3387 1251 rapiat,
3411 1183 3501 1251 qui
3528 1183 3766 1239 solidum

2171 1270 2442 1326 sensibilis
2489 1271 2673 1326 mundi
2732 1272 3054 1341 penetrabili
3101 1281 3285 1328 mente
3337 1275 3759 1343 transmiserint;

2172 1365 2539 1433 intentamque
2561 1365 2732 1420 aciem
2749 1381 2815 1420 ex
2839 1367 2948 1421 imo
2970 1368 3090 1422 caeli
3119 1375 3270 1436 tergo
3290 1369 3556 1433 sistentes,
3578 1370 3760 1425 rediu-

2173 1458 2397 1525 tegratis
2433 1457 2636 1512 viribus
2669 1473 2832 1513 omne
2866 1460 3244 1530 incorporeum
3283 1467 3524 1516 creatum
3551 1462 3762 1530 potiore

2173 1549 2289 1603 nisu
2319 1565 2418 1619 pro
2446 1549 2763 1604 substantia:
2791 1551 3190 1606 excellentioris
3221 1552 3484 1620 dignitate
3515 1560 3766 1608 tranave-

2171 1642 2299 1707 rint,
2333 1650 2494 1711 atque
2521 1642 2650 1697 hinc
2677 1641 2911 1698 redactis
2933 1644 3204 1713 paululum
3233 1645 3564 1715 respiraculo
3589 1661 3774 1714 pausa:

2172 1733 2397 1799 viribus,
2430 1734 2484 1788 in
2532 1750 2781 1804 suprema
2828 1736 3144 1805 incorporea
3192 1737 3454 1791 creatoris
3499 1737 3775 1805 agnitione

475 1831 707 1904 porales,
743 1843 844 1899 pro
885 1827 1215 1897 spiritalibus
1242 1832 1326 1880 sat
1353 1824 1510 1888 foret.
1543 1822 1598 1876 ni
1638 1836 1735 1892 Par
1762 1834 1880 1874 esse
1906 1818 2070 1872 άυοθ-
2099 1815 2147 1875 Β
2175 1825 2533 1880 constiterint.
2565 1821 2830 1890 Quocirca
2860 1842 3004 1881 nunc
3043 1827 3280 1881 locorum
3310 1828 3773 1897 percunctari~se~

475 1941 614 1992 rem,
644 1922 942 1996 apostolica
971 1935 1187 1990 quoque
1215 1928 1310 1974 aut
1337 1919 1502 1974 etiam
1531 1914 1842 1985 evangelica
1873 1913 1926 1968 in
1955 1925 2070 1967 rem

477 2013 859 2078 controversiae
887 2012 1167 2083 praesentis
1195 2011 1467 2065 adhibere.

1094 2101 1323 2158 CAPUT
1361 2100 1450 2156 XI.

545 2198 719 2262 Paulo
747 2197 984 2270 apostolo
1011 2204 1137 2252 teste
1158 2212 1250 2267 pro
1270 2193 1574 2250 illocatitate
1594 2191 1787 2246 animae
1813 2189 1994 2244 utitur.

546 2291 714 2362 Igitur
736 2304 1045 2361 quanquam
1069 2285 1344 2342 nonnullis
1370 2284 1611 2338 locorum
1653 2280 1823 2336 sicubi
1861 2277 2068 2336 condu-

477 2386 580 2450 xit,
603 2383 977 2453 quarumpiam
1007 2378 1404 2450 Scripturarum
1430 2375 1753 2432 testimoniis
1781 2388 1908 2428 usus
1935 2371 2070 2436 sim;

477 2474 561 2530 fas
599 2480 780 2530 tamen
826 2479 912 2534 est
958 2469 1274 2526 multimodo
1303 2467 1548 2526 veritatis
1576 2464 1772 2533 gaudio
1802 2460 2072 2530 falsiloqui

478 2567 803 2628 cerviculam
865 2565 1067 2622 salubri
1118 2563 1429 2620 concisione
1476 2559 1821 2629 concipilare.
1874 2555 2073 2610 Paulus

478 2658 670 2718 doctor
687 2658 947 2729 gentium,
974 2671 1066 2711 vas
1090 2655 1322 2710 electum
1353 2669 1369 2714 ;
1397 2651 1561 2707 Omne
1575 2661 1857 2723 peccatum,
1876 2649 2068 2717 inquit,

477 2760 629 2809 castra
651 2766 833 2821 corpus
858 2759 951 2805 est.
987 2747 1090 2814 Qui
1107 2757 1281 2804 autem
1304 2749 1612 2819 fornicatur,
1642 2745 1699 2802 in
1719 2759 1904 2814 corpus
1923 2757 2073 2795 suum

477 2853 656 2917 peccat
675 2844 742 2916 (ll
771 2843 890 2900 Cor.
922 2860 994 2910 vr,
1028 2842 1139 2914 l8).
1168 2841 1227 2898 Si
1255 2849 1485 2910 excepto
1505 2839 1730 2894 crimine
1759 2835 2073 2892 fornicatio-

479 2937 583 3002 nis,
618 2943 771 2992 extra
799 2950 994 3004 corpus
1020 2941 1105 2990 est
1131 2948 1293 2988 omne
1321 2939 1622 3002 peccatum,
1657 2930 1713 2982 in
1741 2927 1918 2982 anima
1942 2940 2072 2994 ergo

480 3033 583 3082 est.
616 3024 792 3080 Porro
821 3025 866 3082 si
895 3025 949 3078 in
974 3025 1154 3082 anima
1182 3031 1286 3088 est,
1315 3031 1373 3079 et
1400 3035 1595 3092 corpus
1622 3026 1707 3074 est
1730 3019 1927 3081 anima,
1960 3032 2072 3074 non

480 3129 612 3184 ergo
641 3121 793 3168 extra
822 3130 1020 3184 corpus
1044 3121 1128 3170 est
1155 3128 1316 3170 omne
1343 3120 1645 3183 peccatum.
1687 3110 1795 3166 Sed
1834 3110 2069 3180 Aposto-

2176 1916 2304 1971 dulo
2333 1917 2644 1986 corporales
2673 1917 2808 1972 istos
2837 1918 3019 1983 velim,
3051 1933 3170 1987 quae
3197 1933 3325 1974 vera
3355 1919 3460 1974 illis
3487 1935 3651 1989 super
3671 1920 3773 1976 hac

2176 2010 2473 2079 apostolica
2494 2011 2763 2064 sententia
2793 2011 2880 2065 sit.
2911 1996 3043 2065 Nam
3067 2027 3186 2066 cum
3217 2027 3275 2067 se
3303 2011 3450 2068 dicat
3483 2012 3772 2084 Apostolus

2176 2109 2391 2170 raptum
2437 2115 2608 2171 usque
2654 2101 2721 2156 ad
2771 2103 2988 2157 tertium
3030 2104 3246 2168 coelum,
3296 2105 3770 2174 primum-quaero,

2177 2194 2440 2260 localiter,
2471 2210 2539 2249 an
2563 2195 2848 2250 illocaliter
2865 2196 2935 2250 sit
2952 2203 3138 2266 raptus
3165 2215 3177 2250 :
3203 2204 3258 2252 et
3279 2197 3369 2267 qui
3399 2205 3509 2252 tres
3537 2199 3624 2253 isti
3651 2199 3772 2256 oreli

2178 2288 2314 2353 sint,
2345 2301 2486 2341 anne
2513 2286 2692 2356 plures
2731 2287 2956 2352 horum,
2987 2303 3054 2340 an
3085 2302 3272 2342 omnes
3313 2287 3592 2356 corporei,
3625 2303 3769 2344 anne

2176 2378 2482 2448 incorporei
2532 2379 2835 2448 quippiam;
2869 2387 2931 2433 ut
2968 2381 3224 2448 quoniam
3264 2395 3367 2435 nos
3403 2379 3470 2433 ad
3510 2380 3561 2434 id
3604 2395 3771 2450 usque

2177 2472 2282 2528 loci
2301 2471 2682 2542 disputationis
2702 2473 2836 2527 ordo
2856 2472 3090 2540 devexit,
3114 2475 3241 2543 quid
3261 2474 3420 2530 istinc
3439 2474 3772 2544 sequendum

2178 2564 2264 2629 sit,
2291 2563 2448 2618 nobis
2475 2563 2721 2618 consulta
2750 2564 2998 2630 veritate,
3023 2565 3319 2620 videamus.

2247 2655 2311 2709 ll.
2343 2654 2421 2710 Ac
2446 2656 2680 2725 primum
2723 2671 2835 2710 non
2881 2671 3051 2727 usque
3091 2655 3246 2712 facile
3274 2657 3344 2712 de
3385 2657 3638 2713 caelorum
3666 2675 3766 2714 nu-

2177 2761 2328 2802 mero
2384 2747 2738 2816 quaestionem
2791 2749 2953 2818 paulo
3009 2749 3376 2818 scrupulosius
3429 2749 3758 2805 ventilemus.

2176 2837 2381 2908 Nempe
2426 2838 2654 2906 legimus
2687 2857 2699 2891 :
2746 2838 2981 2894 Laudate
3019 2839 3321 2905 Dominum,
3371 2841 3478 2895 cati
3526 2841 3768 2896 caelorum

2181 2928 2352 2993 (Pent.
2385 2945 2599 2997 CXLVIII,
2632 2929 2710 3002 4).
2754 2929 2861 2986 Sed
2896 2931 3034 2987 istuc
3060 2941 3115 2988 et
3146 2932 3214 2988 de
3249 2932 3431 2987 multis
3460 2941 3513 2986 et
3535 2932 3603 2988 de
3626 2932 3775 2989 binis

2176 3020 2303 3075 licet
2330 3021 2573 3091 intelligi,
2605 3030 2665 3076 ut
2692 3030 2747 3077 et
2775 3024 2954 3093 plures
2981 3024 3102 3080 θωιὶ
3141 3025 3377 3095 plurium
3406 3025 3686 3090 cmlorum,
3719 3034 3776 3081 et

2176 3116 2284 3171 duo
2305 3116 2427 3172 οωιί
2456 3116 2685 3171 duorum
2713 3119 2974 3173 caelorum
3001 3119 3167 3173 tacito
3197 3119 3409 3174 numeri
3432 3119 3663 3174 articulo
3683 3134 3772 3173 ac-

464 3204 564 3289 lus
605 3203 754 3271 dicit,
805 3213 1001 3274 praeter
1053 3204 1464 3260 fornicationem
1513 3210 1667 3258 extra
1711 3217 1907 3272 corpus
1951 3214 2070 3257 esse
2097 3194 2143 3255 C
2175 3209 2281 3278 cipi
2302 3224 2464 3278 posse
2490 3210 2794 3264 videantur.
2829 3210 2969 3266 Ecce
2995 3219 3152 3265 terra:
3181 3211 3447 3280 contiguis
3473 3225 3598 3266 aere
3616 3220 3769 3266 tenus

481 3312 645 3354 omne
686 3303 987 3366 peccatum.
1031 3296 1357 3366 Incorporea
1404 3310 1533 3363 ergo
1569 3303 1655 3350 est
1686 3296 1884 3358 anima,
1917 3301 1976 3351 ut
2001 3294 2072 3349 sit

483 3390 684 3459 aliquid
730 3391 788 3446 in
829 3405 937 3460 quo
982 3397 1136 3446 extra
1179 3404 1376 3456 corpus
1416 3389 1589 3458 possit
1615 3402 1735 3442 esse
1765 3395 2066 3458 peccatum.

482 3478 723 3550 itemque
759 3481 827 3536 ad
865 3479 1178 3538 Corinthios
1217 3479 1273 3534 in
1309 3495 1431 3534 eum
1470 3481 1562 3549 qui
1599 3480 1803 3536 scelere
1839 3478 2075 3548 pollutus

482 3571 694 3639 incesti,
725 3573 1068 3632 novercalem
1097 3579 1278 3628 torum
1305 3587 1444 3642 pene
1478 3572 1665 3628 matris
1702 3577 1978 3641 stuprator
2005 3569 2072 3624 il-

484 3664 701 3730 luserat,
739 3666 1064 3723 sententiam
1111 3665 1546 3735 promulgaturus
1573 3665 1651 3719 sic
1675 3664 1750 3718 ait
1783 3682 1795 3716 :
1833 3659 1944 3718 Etsi
1977 3660 2072 3718 ab-

485 3771 603 3811 sens
625 3771 858 3826 corpore,
880 3773 1111 3828 praesens
1140 3765 1313 3814 autem
1347 3758 1550 3827 spiritu,
1581 3771 1697 3812 eum
1717 3756 1802 3826 qui
1829 3755 1924 3808 hoc
1947 3770 2075 3824 opus

487 3849 608 3919 fecit
635 3848 1023 3917 jamjudicavi.
1058 3847 1196 3915 Quid
1237 3848 1400 3913 istud,
1442 3848 1687 3919 apostole
1735 3845 1916 3912 Paule,
1946 3846 2077 3915 quid

489 3940 630 3996 istud
656 3941 772 3996 est?
801 3939 1085 4006 Quomodo
1128 3941 1324 3997 absens
1363 3955 1593 4010 corpore
1629 3955 1706 4005 es,
1741 3938 1832 3992 ubi
1860 3938 2080 4006 spiritus

491 4034 760 4104 praesens?
786 4031 845 4088 Si
888 4049 1086 4104 corpus
1131 4042 1213 4088 est
1257 4033 1493 4101 spiritus,
1537 4047 1633 4086 cur
1670 4045 1778 4086 non
1806 4029 1986 4097 potius
2011 4043 2078 4082 ex

492 4125 701 4182 duobus
729 4123 757 4162 ι)
778 4132 1092 4194 compactus
1131 4122 1466 4192 corporibus,
1498 4135 1604 4175 uno
1643 4120 1940 4184 absentem,
1973 4117 2079 4172 alio

492 4221 812 4287 prmsentem
858 4222 913 4269 te
960 4229 1078 4271 esse
1123 4213 1289 4270 dicis?
1323 4225 1342 4252 ε
1373 4213 1479 4268 Aut
1515 4211 1562 4268 si
1609 4226 1772 4265 unum
1800 4223 1996 4278 corpus
2023 4224 2084 4265 es

495 4318 660 4373 totus.
691 4325 787 4366 cur
813 4323 926 4368 non
953 4317 1107 4378 parte
1132 4302 1378 4376 corporis
1398 4305 1587 4361 abesse
1618 4311 1688 4367 te,
1713 4311 1767 4357 et
1795 4296 1956 4371 parte
1968 4318 2086 4360 cor-

492 4400 642 4471 poris
671 4399 860 4458 adesse
888 4397 1132 4468 profers?
1163 4395 1234 4451 Ut
1261 4395 1406 4450 enim
1441 4408 1670 4462 corpore
1709 4391 2002 4452 Corinthiis
2031 4401 2086 4450 te

497 4490 642 4546 dicas
669 4490 968 4553 absentem,
1014 4502 1080 4542 eo
1125 4485 1377 4543 videlicet
1417 4484 1544 4542 ferri
1581 4493 1754 4554 potes,
1786 4485 1912 4555 quia
1940 4493 2084 4542 totus

2177 3317 2437 3370 aquarum
2459 3302 2788 3357 elementum
2809 3310 2909 3358 est.
2936 3302 3071 3356 Exin
3093 3301 3419 3373 profundum
3442 3304 3584 3358 aeris
3602 3319 3766 3372 usque

2178 3395 2245 3448 ad
2291 3394 2496 3449 lunaris
2536 3395 2728 3450 sideris
2775 3396 3016 3450 citimum
3055 3395 3255 3450 lumen.
3302 3395 3383 3450 Ab
3413 3396 3544 3451 hinc
3572 3397 3769 3465 ignium

2177 3486 2524 3541 tetheriorum
2565 3488 2738 3558 spatia
2777 3502 2947 3558 usque
2993 3487 3049 3542 in
3088 3488 3288 3542 extima
3327 3487 3769 3552 transmundana,

2179 3592 2284 3647 qua
2331 3577 2652 3656 σφαιροειδής
2693 3577 2854 3647 globo
2906 3577 3134 3632 mundus
3180 3577 3488 3632 includitur.
3544 3577 3771 3632 Ubinam

2179 3684 2324 3723 nunc
2346 3677 2536 3725 exacta
2559 3669 2906 3724 universitate
2933 3684 3220 3740 corporum
3248 3683 3545 3740 quaeramus
3572 3669 3769 3722 omium

2181 3769 2335 3815 trans
2380 3776 2541 3816 omne
2572 3745 2954 3816 mundanum?
2993 3759 3099 3816 Sed
3146 3761 3196 3815 in
3242 3761 3344 3814 hoc
3378 3773 3548 3827 opaco
3582 3772 3763 3811 rerum

2181 3855 2528 3923 caligantium
2564 3854 2750 3907 nubilo
2780 3869 2847 3908 ex
2877 3855 3052 3926 adytis
3074 3851 3524 3923 supercmlestium
3554 3849 3760 3905 doctri-

2183 3960 2370 3999 narum
2397 3946 2642 4000 consulta
2664 3953 2990 4014 repetamus.
3026 3945 3092 4000 In
3120 3944 3364 4013 principio
3396 3942 3593 4013 (inquit
3616 3941 3768 4012 prin-

2183 4039 2382 4108 cipium
2408 4037 2703 4109 Geneseos)
2735 4042 2925 4093 creavit
2947 4039 3087 4094 Deus
3115 4039 3293 4094 caelum
3321 4045 3366 4092 et
3396 4046 3588 4091 terram
3615 4035 3773 4108 (Gen.

2184 4146 2221 4193 1,
2260 4129 2336 4202 i).
2384 4130 2440 4183 Si
2478 4129 2821 4198 opinionibus
2856 4131 3052 4196 missis,
3098 4132 3209 4186 veri
3253 4128 3406 4184 ﬁdem
3449 4143 3774 4197 qumramus,

2185 4237 2313 4276 ecce
2342 4222 2437 4276 tibi
2464 4230 2830 4292 creaturarum
2861 4231 3052 4278 testem
3084 4224 3259 4293 ipsum
3284 4222 3573 4278 creationis
3593 4227 3776 4276 aucto-

2187 4329 2333 4380 rem;
2364 4314 2455 4382 qui
2483 4329 2606 4368 cum
2635 4321 2758 4368 ante
2783 4329 2944 4368 omne
2970 4322 3183 4384 tempus
3210 4313 3474 4369 creaverit
3503 4311 3693 4365 omium
3722 4316 3776 4362 et

2188 4413 2404 4471 terram,
2450 4413 2678 4476 postque
2705 4406 2791 4460 die
2819 4421 2927 4461 uno
2966 4405 3154 4460 fecerit
3182 4405 3356 4460 lucem
3387 4411 3442 4459 et
3471 4402 3776 4456 ﬁrmamen-

2193 4507 2325 4561 tum,
2370 4499 2605 4553 secundo
2654 4499 2836 4554 itidem
2881 4500 2968 4554 die
3005 4499 3325 4566 condiderit,
3372 4497 3534 4568 idque
3585 4495 3780 4551 coelum

496 4580 554 4636 in
581 4579 833 4636 universo
861 4585 956 4634 tuo
974 4591 1268 4646 corporeus
1287 4592 1345 4632 es
1373 4595 1385 4630 :
1409 4591 1594 4632 verum
1623 4576 1768 4645 quod
1794 4591 2079 4648 corporeus

2192 4591 2415 4646 abusivo
2456 4590 2676 4645 nomine
2714 4593 3052 4658 vocitaverit,
3081 4594 3167 4646 eui
3208 4592 3338 4646 ratis
3378 4589 3782 4645 intervallorum

494 4676 663 4734 Intus,
692 4678 747 4728 et
772 4682 869 4738 per
895 4669 1001 4727 hoc
1026 4668 1151 4738 quia
1182 4668 1375 4724 absens
1408 4683 1657 4738 corpore,
1690 4668 1883 4725 absens
1913 4677 2086 4736 totus;

496 4760 701 4826 nescio,
746 4775 855 4831 quo
893 4761 992 4825 tui,
1033 4777 1142 4831 quo
1186 4778 1297 4818 non
1342 4778 1416 4828 es,
1461 4762 1650 4820 adesse
1689 4771 1742 4820 te
1780 4763 1932 4820 dicis.
1983 4767 2091 4822 Aut

496 4853 765 4912 mendacii
812 4863 865 4911 te
904 4855 1102 4924 arguis,
1147 4864 1241 4912 aut
1278 4836 1587 4928 carporales
1623 4859 1756 4916 istos
1790 4860 1858 4916 de
1896 4859 2090 4916 animat

495 4949 938 5018 incorporalitate
983 4949 1276 5004 convincis.
1326 4947 1490 5004 Estne
1519 4950 1722 5022 aliquid
1751 4952 1868 5007 istic
1897 4967 2087 5022 crepe—

497 5054 641 5107 rum,
681 5047 774 5096 aut
819 5039 1062 5098 fortassis
1092 5040 1401 5108 obscurum,
1430 5043 1562 5112 quin
1604 5050 1866 5112 quantum
1892 5059 2088 5114 corpo—

494 5143 625 5188 reus
663 5137 767 5196 est,
817 5131 1015 5189 absens
1060 5129 1354 5190 Corinthiis
1399 5133 1514 5190 est?
1543 5131 1651 5190 Aut
1683 5133 1831 5192 nullo
1859 5136 1962 5202 sui,
1997 5144 2090 5190 aut

495 5236 600 5292 per
639 5220 1017 5291 incorporeum
1051 5239 1286 5294 [imaeue
1322 5233 1424 5282 est.
1470 5221 1824 5296 Incorporeus
1851 5241 1979 5295 ergo
2007 5236 2092 5284 est

501 5311 724 5382 spiritus
747 5311 1036 5382 humanus,
1064 5331 1162 5387 per
1187 5333 1350 5387 quem
1370 5316 1569 5374 Paulus
1597 5318 1874 5388 apostolus
1897 5317 2090 5376 absens

501 5411 622 5460 toto
642 5418 907 5474 corporeo
932 5407 1017 5462 sui
1041 5406 1333 5465 Corinthiis
1370 5411 1546 5480 potuit
1591 5411 1921 5480 prasentari.
1965 5411 2090 5469 Haec

503 5501 562 5550 et
599 5494 702 5550 alia
748 5510 818 5550 ex
862 5499 1010 5554 omni
1062 5498 1231 5566 ferme
1280 5503 1713 5560 authenticorum
1759 5504 2090 5564 voluminum
2137 5537 2139 5540 ‹

508 5599 740 5658 corpore
767 5587 1049 5650 innumera
1075 5591 1320 5662 proferre
1347 5609 1648 5664 possemus.

581 5707 609 5772 ξ
635 5701 1076 5772 Al.,'geminatui.

578 5765 612 5816 δ
636 5765 746 5836 AL,
775 5765 1059 5842 compacto.

2195 4681 2450 4737 limitibus
2486 4683 2610 4737 loco
2645 4684 2730 4737 vel
2777 4683 2938 4737 modo
2984 4684 3305 4737 variantium
3331 4697 3510 4762 .porro
3548 4681 3783 4735 siderum

2195 4783 2510 4828 ornamenta
2532 4775 2823 4829 subtexuit.
2851 4774 3218 4829 Animadverti
3241 4779 3548 4844 promptum
3580 4780 3662 4825 est
3681 4770 3785 4824 hoc

2194 4865 2404 4920 visibile
2421 4865 2810 4921 ﬁrmamentum
2835 4875 2984 4921 tanto
3008 4866 3290 4921 intervallo
3311 4865 3626 4920 substantia:
3648 4862 3784 4918 creto

2196 4958 2449 5014 invisibili
2487 4959 2696 5025 cedere,
2737 4967 2942 5030 quanto
2983 4959 3126 5014 idem
3169 4967 3326 5012 terr'e
3373 4956 3494 5010 imis
3542 4956 3786 5010 locorum

2195 5052 2597 5122 intercapedine
2621 5053 2989 5122 prmeminore.
3024 5051 3285 5118 Quocirca
3317 5049 3494 5104 alieno
3522 5063 3587 5102 ac
3613 5055 3790 5100 trans-

2194 5145 2368 5200 latitio
2391 5147 2608 5200 nomine
2636 5144 3030 5201 ﬁrmamentum
3062 5144 3204 5199 istud
3232 5143 3414 5198 coelum
3434 5142 3540 5196 dici
3569 5147 3787 5214 potest:

2194 5252 2315 5292 cum
2359 5253 2486 5292 vere
2514 5253 2633 5294 esse
2677 5240 2873 5294 ccelum
2903 5239 2978 5294 illi
3005 5246 3188 5294 creato
3218 5244 3344 5291 ante
3373 5243 3620 5306 tempora
3649 5231 3794 5286 coelo

2193 5330 2263 5384 sit
2283 5331 2577 5399 proprium.
2606 5331 2892 5386 Enimvero
2913 5333 3050 5388 istud
3075 5331 3403 5400 stelligerum
3424 5327 3570 5399 quod
3592 5325 3794 5383 calum

2200 5419 2442 5485 dicimus,
2477 5422 2527 5474 in
2577 5422 2848 5491 Scriptura
2888 5422 3163 5478 Geneseos
3201 5422 3322 5477 caeli
3362 5421 3560 5474 dicitur
3607 5415 3800 5472 ﬁrma-

2199 5520 2442 5566 mentum
2470 5513 2669 5584 quippe
2698 5515 2788 5568 ubi
2821 5515 3166 5569 luminarium
3190 5514 3520 5569 creationem
3550 5508 3756 5565 retexit
3782 5527 3796 5562 :

2199 5599 2370 5667 Fecit,
2391 5603 2584 5672 inquit,
2615 5604 2756 5660 Deus
2777 5607 2877 5661 duo
2906 5608 3185 5662 luminaria
3212 5623 3428 5680 magna,
3458 5613 3509 5660 et
3533 5604 3709 5676 posuit
3727 5618 3804 5660 ea

2272 5727 2293 5756 ε
2326 5716 2434 5788 AL,
2464 5722 2531 5774 At
2559 5722 2623 5776 st.
