4238 6260
375 293 492 355 .m

387 506 522 563 illud
554 521 718 564 unum
749 512 873 561 ante
900 513 1306 576 temporaneum
1352 501 1548 559 omium
1589 494 1808 554 credere
1854 497 1980 553 sini-

388 616 535 666 mur,
563 614 866 670 quanquam
905 596 1044 653 istud
1071 591 1138 651 de
1165 611 1274 667 quo
1310 595 1517 664 agimus
1563 591 1973 653 ﬁrmamentum,

389 692 573 748 catum
597 690 775 747 dicere
800 706 908 747 non
935 689 1289 752 inhibeaniur,
1311 701 1377 744 eo
1396 685 1666 749 videlicet,
1688 683 1812 754 quia
1835 681 1978 736 Deus

392 782 792 838 firmamentum
818 779 1094 837 vocaverit
1125 778 1341 835 omium.

463 872 552 930 Ill.
595 872 702 928 Sed
743 880 926 950 movet
963 872 1181 937 iterum,
1212 869 1358 940 quod
1385 867 1510 925 cmii
1554 868 1611 923 in
1658 865 1980 922 authenticis

394 957 755 1022 voluminibus
787 979 896 1019 non
935 962 1078 1019 duali
1127 969 1353 1027 tantum,
1385 960 1480 1018 sed
1525 959 1717 1031 plurali
1756 973 1980 1014 numero

394 1071 540 1127 saepe
577 1055 895 1112 vocitantur.
927 1053 1072 1112 Vero
1101 1062 1281 1108 autem
1321 1052 1622 1123 subjicitur,
1651 1050 1797 1120 quod
1826 1057 1982 1105 ten-te

393 1163 592 1218 corpus
621 1162 785 1202 unum
831 1147 887 1204 in
931 1145 1228 1216 Scripturis
1256 1145 1449 1202 dicitur
1486 1145 1634 1202 orbis
1660 1159 1779 1199 esse
1809 1150 1981 1198 terra-

334 1307 340 1316 I
391 1254 530 1293 rum.
568 1235 646 1291 ita
689 1239 847 1307 igitur
879 1237 1061 1293 forsan
1091 1237 1336 1293 dicantur
1382 1236 1494 1292 creti
1529 1235 1684 1290 multi
1727 1250 1846 1290 cum
1875 1234 1983 1290 duo

389 1327 516 1392 sint,
549 1327 689 1383 sicut
719 1333 873 1382 terra
900 1326 1148 1382 dicuntur
1178 1341 1316 1392 esse,
1347 1341 1466 1381 cum
1495 1325 1691 1380 existat
1709 1323 1851 1379 haud
1879 1323 1983 1380 du-

393 1417 540 1474 bium
583 1419 730 1490 quod
773 1435 877 1473 una
923 1419 1012 1474 sit.
1056 1417 1136 1473 Ad
1173 1417 1316 1486 quod
1364 1430 1493 1486 ergo
1541 1416 1757 1473 tertium
1787 1416 1983 1472 omium

392 1515 581 1580 raptus
618 1516 706 1564 est
743 1503 979 1564 Paulus?
1005 1507 1104 1564 Eia
1133 1525 1275 1566 nunc
1301 1507 1458 1566 sedes
1487 1507 1760 1577 egredere,
1792 1515 1848 1562 et
1874 1507 1987 1562 ele-

322 1612 324 1614 '
392 1606 694 1654 mentorum
734 1599 965 1654 molibus
1013 1601 1270 1666 excussis,
1302 1585 1608 1668 trutinaque
1644 1597 1829 1669 iudicii
1857 1613 1983 1654 oor-

392 1704 582 1762 porum
633 1688 961 1760 ponderibus
1012 1679 1314 1762 impositis,
1373 1675 1619 1759 appende
1663 1675 1922 1748 mundum
1969 1707 1981 1742 :

1579 249 1666 339 ne
1702 280 1925 337 srmo
1968 276 2207 332 iustum
2247 275 2376 332 us.
2417 275 2483 330 ιι.

379 417 444 493 in
469 415 802 488 ﬁrmam
835 413 948 470 cali
967 427 990 467 -.'
1018 424 1124 482 qua
1149 409 1396 467 videlicet
1434 406 1755 464 auctoritate
1792 417 1977 459 verum
2003 403 2055 462 Δ
2082 399 2238 464 ritur,
2289 412 2388 453 nec
2432 395 2680 452 localiter
2725 397 2996 453 invenitur
3045 415 3058 450 :

3565 278 3674 340 758

3106 397 3221 454 hac
3264 413 3390 455 vera
3430 400 3670 470 profecto

2077 488 2408 545 ascensionis
2444 495 2548 542 tum
2587 502 2748 542 causa
2779 488 3011 553 dabitur,
3053 489 3099 543 si
3142 489 3210 544 ab
3246 488 3516 546 inferioris
3544 491 3672 547 sub—

2079 579 2451 637 stantiae-emis
2479 578 2545 632 ad
2572 578 2768 634 omium
2797 580 3107 635 substantiae
3144 581 3371 651 potioris
3402 581 3668 637 ascendis.

2080 672 2216 740 Quia
2253 670 2619 740 quaerentibus
2665 669 2834 724 Deum
2887 685 2915 723 a
2973 672 3250 742 corporeis
3299 672 3364 726 ad
3411 687 3672 743 corporea

2081 765 2258 820 nullus
2288 778 2542 818 ascensus
2585 771 2688 828 est,
2719 777 2825 831 qua
2870 778 3084 817 versum
3133 782 3274 820 nunc
3321 767 3673 836 corporalitas

2081 858 2284 914 inclusa
2314 854 2587 924 dilfugiet?
2616 854 2763 911 Ecce
2805 863 2860 910 et
2899 863 3108 926 raptum
3138 856 3300 912 fuisse
3330 857 3552 913 Paulum
3581 873 3674 914 us-

2078 967 2187 1022 que
2213 951 2266 1005 in
2289 950 2508 1006 tertium
2537 949 2730 1004 omium
2760 964 2948 1004 verum
2971 957 3082 1015 est;
3107 957 3163 1004 et
3186 965 3396 1004 rursum
3419 959 3529 1006 tres
3558 965 3678 1005 esse

2084 1044 2249 1099 omios
2275 1057 2567 1113 corporeos
2595 1057 2782 1096 verum
2824 1057 2930 1096 non
2973 1049 3076 1097 est.
3111 1041 3278 1111 igitur
3307 1050 3400 1097 aut
3428 1043 3678 1113 incorpo-

2084 1149 2235 1190 reum
2275 1132 2402 1204 quid
2432 1141 2672 1187 creatum
2703 1131 3050 1199 eonﬁtebere,
3082 1140 3174 1187 aut
3213 1141 3323 1187 tres
3360 1134 3525 1189 cmlos
3555 1133 3676 1188 infi-

2083 1227 2315 1281 ciabere.
2347 1223 2453 1280 Sed
2475 1223 2818 1293 quoniam‘et
2845 1231 2954 1277 tres
2982 1237 3102 1278 esse
3131 1223 3317 1289 cmlos,
3341 1231 3397 1278 et
3424 1239 3530 1278 non
3561 1239 3677 1278 om-
3719 1287 3726 1306 ι

2083 1332 2182 1372 nes
2228 1330 2540 1386 corporeos,
2572 1314 2657 1368 vei
2703 1313 3111 1369 indiscussibiiis
3158 1315 3451 1369 auctoritas
3498 1314 3674 1377 docet,
3720 1317 3726 1356 ἐ

2087 1409 2172 1465 vel
2199 1408 2340 1465 ratio
2369 1407 2650 1462 manifesta
2677 1407 2944 1462 convincit
2966 1424 2981 1473 ;
3007 1408 3107 1462 sub
3129 1407 3285 1462 unius
3312 1422 3415 1477 ope
3438 1407 3679 1462 veritatis

2086 1499 2225 1554 sicut
2248 1497 2488 1553 fallentia
2516 1497 2884 1561 discussimus,
2918 1498 2996 1552 sic
3021 1512 3147 1552 vera
3177 1512 3493 1567 quaeramus.

2156 1589 2244 1644 Vl.
2279 1578 2530 1658 Legimus
2559 1589 2612 1643 in
2642 1587 2913 1658 Propheta
2946 1607 2958 1641 :
2994 1586 3094 1653 Qui
3128 1590 3248 1659 fecit
3286 1589 3467 1643 caelum
3501 1598 3550 1642 et
3581 1599 3682 1643 ter-

2088 1699 2220 1736 ram.
2255 1680 2449 1736 Caelum
2493 1680 2605 1736 caeli
2643 1679 2887 1748 Domino,
2934 1690 3124 1735 terram
3171 1689 3343 1735 autem
3383 1680 3522 1734 dedit
3559 1681 3683 1752 [iliis

389 1779 666 1852 quippiam
696 1778 923 1834 fortasse
961 1780 1078 1838 οωιὶ
1124 1779 1279 1835 nobis
1309 1779 1450 1834 unde
1498 1778 1640 1835 unde
1681 1781 1978 1850 prosiliant.
2017 1781 2060 1842 Β
2089 1775 2352 1828 hominum
2375 1772 2543 1845 (Psat.
2577 1788 2723 1839 oxm,
2750 1771 2834 1838 i5,
2869 1771 2980 1842 i6).
3011 1771 3134 1828 istic
3153 1771 3684 1828 animadvertendum

394 1868 504 1925 Aut
542 1871 588 1925 si
618 1886 753 1926 unus
790 1870 1022 1926 mundus
1049 1871 1233 1942 plures
1261 1886 1425 1942 porro
1471 1886 1579 1926 non
1608 1871 1772 1926 habet
1799 1871 1982 1937 omios,

395 1961 606 2030 aliquos
648 1961 741 2015 tibi
771 1977 894 2016 cum
921 1957 1153 2033 Epicuro
1182 1963 1410 2018 mundos
1439 1971 1743 2018 atomorum
1784 1963 1987 2017 minuta

396 2052 721 2123 parturiant,
759 2060 819 2106 ut
866 2051 1079 2106 tertium
1127 2054 1322 2108 omium
1367 2051 1564 2108 Paulus
1593 2052 1849 2108 inveniat.
1882 2052 1989 2108 Sed

397 2145 527 2214 quid
555 2143 622 2197 ad
649 2144 1038 2198 beatitudinem
1064 2153 1289 2215 spectat,
1323 2153 1379 2200 ut
1404 2145 1472 2200 de
1497 2161 1606 2200 uno
1635 2161 1900 2215 corporeo
1921 2145 1988 2200 ad

399 2233 564 2300 aliud,
597 2242 689 2288 aut
732 2234 799 2288 ab
840 2235 944 2290 hoc
972 2234 1037 2290 ad
1067 2235 1280 2291 tertium
1315 2251 1468 2305 aeque
1496 2251 1820 2308 corporeum
1843 2236 1990 2305 quis-

397 2341 505 2398 que
533 2326 804 2394 ascendat,
837 2343 958 2382 cum
997 2343 1103 2382 non
1152 2327 1205 2382 id
1249 2329 1318 2382 sit
1364 2329 1559 2382 merito
1587 2328 1816 2393 beatius,
1845 2326 1990 2396 quod

399 2418 521 2473 loco
567 2417 884 2472 sublimius?
931 2417 1181 2488 Alioquin
1217 2419 1412 2475 cedent
1456 2419 1678 2474 aviouiis
1725 2420 1989 2486 homines,

400 2514 560 2577 atque
607 2507 676 2563 ad
719 2509 1074 2566 aeternitatem
1114 2526 1221 2566 non
1259 2509 1591 2584 profectibus
1619 2511 1718 2566 ibit
1743 2511 1987 2582 quisque,

398 2598 494 2652 sed
521 2599 782 2670 passibus.

473 2689 560 2743 IV.
592 2690 932 2763 Quapropter
957 2709 1076 2747 eum
1103 2708 1202 2749 nec
1229 2693 1634 2764 prmeminentia
1660 2694 1847 2750 localis
1865 2695 1994 2774 bea-

402 2792 514 2836 tum
543 2781 723 2849 faciat,
757 2800 857 2839 nec
885 2793 995 2839 tres
1035 2785 1328 2840 identidem
1374 2785 1542 2841 cmios
1584 2788 1763 2842 anima
1793 2803 1990 2857 oorpo-

401 2873 544 2928 rales
586 2874 838 2939 inveniat,
884 2884 942 2928 ut
985 2875 1198 2930 tandem
1227 2874 1435 2932 defecta
1466 2879 1782 2950 corporibus
1812 2880 1993 2936 incor-

405 2964 586 3032 poreis
631 2963 817 3029 cedat;
859 2965 1011 3034 juxta
1070 2966 1398 3035 prmlibatam
1448 2968 1610 3022 tacita
1657 2969 1994 3025 discussione

406 3056 672 3111 rationem
696 3095 713 3122 ,
761 3059 1053 3112 ternarium
1097 3058 1356 3113 cmiorum
1407 3076 1686 3116 numerum
1743 3061 1995 3117 diﬂ‘eren-

2090 1871 2190 1933 est,
2223 1865 2369 1920 aliud
2411 1881 2528 1920 esse
2565 1866 2747 1919 caelum
2793 1873 2850 1919 et
2891 1864 3037 1920 aliud
3078 1867 3256 1919 emtum
3303 1865 3432 1919 caeli.
3478 1864 3686 1935 Quippe

2088 1974 2208 2014 cum
2236 1957 2415 2012 omium
2439 1958 2549 2012 caeli
2579 1956 2792 2022 dicitur,
2826 1958 2932 2011 tale
2960 1967 3043 2015 est
3077 1973 3140 2012 ac
3166 1958 3210 2013 si
3239 1959 3418 2018 omium
3448 1975 3508 2012 ac
3548 1968 3686 2012 terra

2089 2042 2314 2105 dicatur.
2347 2047 2517 2103 imum
2545 2063 2740 2119 nempe
2769 2041 2963 2102 siderei
2989 2047 3112 2104 coeli
3140 2049 3255 2103 haec
3281 2059 3422 2103 terra
3446 2059 3546 2104 est.
3580 2047 3686 2105 Sed

2090 2155 2212 2194 eum
2243 2147 2369 2192 ante
2395 2153 2557 2193 omne
2586 2147 2994 2208 temporaneum
3023 2140 3288 2193 creaverit
3317 2139 3458 2194 Deus
3491 2140 3686 2195 omium

2091 2240 2147 2286 et
2168 2239 2388 2298 terram,
2419 2232 2766 2301 secundoque
2805 2231 2891 2286 die
2929 2229 3034 2285 hoc
3079 2231 3288 2286 visibile
3317 2232 3512 2286 omium
3544 2230 3687 2287 fece-

2092 2323 2188 2391 rit;
2219 2334 2299 2379 est
2327 2338 2456 2394 ergo
2483 2323 2677 2379 omium
2706 2339 2823 2378 τενο
2857 2333 3015 2378 terra:
3063 2325 3351 2394 posterius,
3384 2340 3504 2378 cum
3536 2333 3688 2380 tanto

2091 2417 2162 2471 sit
2181 2417 2441 2489 qualitate
2470 2417 2830 2487 prmstantius.
2861 2415 2969 2471 Sed
2996 2417 3252 2488 quoniam
3273 2417 3418 2471 vices
3441 2415 3493 2472 et
3519 2417 3689 2486 spatia

2092 2515 2416 2579 temporum,
2470 2516 2525 2562 et
2582 2522 2763 2563 moras
2813 2507 3040 2573 dierum,
3097 2507 3450 2561 momentaria
3505 2505 3690 2562 mundi

2093 2601 2298 2658 creatio
2342 2617 2449 2658 non
2485 2599 2739 2663 admittit,
2784 2600 2908 2670 quia
2956 2599 3023 2654 de
3070 2614 3163 2653 sex
3212 2599 3418 2653 dierum
3462 2613 3688 2653 numero

2093 2694 2283 2764 magis,
2315 2708 2476 2763 quam
2521 2691 2695 2764 spatio
2734 2690 2937 2745 nullum
2967 2689 3265 2746 disserendi
3306 2704 3451 2742 nunc
3479 2696 3690 2758 tempus

2095 2796 2179 2844 est
2216 2807 2228 2840 :
2262 2786 2390 2841 illud
2436 2785 2735 2856 intelligere
2779 2784 3036 2838 debemus
3079 2783 3221 2852 quod
3262 2783 3524 2852 pmplieta
3555 2782 3692 2834 inter

2095 2879 2273 2936 caelum
2297 2887 2351 2932 et
2371 2878 2551 2932 omium
2572 2878 2684 2930 caeli
2708 2884 2912 2930 tantam
2934 2873 3287 2929 differentiam
3320 2873 3463 2937 fecit,
3489 2881 3688 2940 quanta

2095 2970 2263 3026 ferme
2293 2978 2376 3024 est
2405 2969 2545 3022 inter
2575 2968 2679 3024 hoc
2708 2967 2887 3022 caelum
2936 2973 2991 3021 et
3039 2977 3251 3020 terram.
3289 2964 3354 3019 Ut
3382 2965 3519 3019 sicut
3547 2973 3690 3020 terra

2095 3062 2257 3130 hujus
2297 3059 2503 3115 scilicet
2553 3051 2677 3113 omli
2715 3066 2860 3112 terra
2900 3063 3010 3125 est;
3041 3057 3113 3111 ita
3164 3049 3268 3111 hoc
3315 3055 3508 3110 omium
3553 3055 3692 3110 illius

405 3149 643 3218 tiamquc
688 3149 980 3206 videamus.
1024 3149 1160 3216 Quia
1198 3166 1320 3206 cum
1349 3150 1648 3208 differentia
1677 3154 1994 3222 dignitatum
2023 3161 2068 3223 ο
2098 3153 2220 3209 (mli
2250 3167 2414 3222 porro
2441 3151 2510 3204 sit
2540 3159 2700 3204 terra.
2739 3145 2892 3204 Unde
2933 3149 3326 3218 conjiciendum
3371 3156 3472 3213 est,
3511 3147 3694 3203 mundi

401 3239 473 3293 sit
500 3239 675 3294 distan
685 3241 768 3294 tiae
794 3239 1053 3305 locorum,
1078 3242 1122 3296 si
1149 3241 1352 3297 distant
1377 3243 1551 3312 magis
1569 3259 1729 3313 quam
1748 3244 1997 3300 differant

404 3329 545 3384 inter
573 3330 801 3400 primum
841 3331 1242 3400 secundumque
1279 3335 1497 3400 omium,
1529 3351 1730 3405 quaero,
1759 3337 1886 3405 quid
1917 3338 1995 3392 rei

404 3421 509 3476 sit?
554 3421 660 3475 Aut
705 3420 1002 3476 substantia
1031 3421 1279 3477 videlicet
1317 3425 1446 3491 illic,
1481 3433 1573 3478 aut
1613 3426 1742 3480 nihil
1781 3431 1898 3481 est?
1939 3426 1996 3482 Si

405 3510 554 3577 nihil,
588 3509 732 3565 nulla
761 3511 927 3565 creati
971 3510 1095 3565 cmii
1143 3527 1303 3566 causa
1350 3513 1576 3579 suberit,
1623 3531 1743 3568 cum
1791 3515 1906 3572 haec
1944 3517 1998 3571 in

408 3600 603 3657 inlimis
648 3609 806 3658 terra:
850 3603 1167 3672 quippiam,
1218 3604 1316 3658 nisi
1369 3599 1794 3673 praecedentibus
1836 3625 1998 3677 porro

407 3691 545 3764 apud
565 3709 736 3749 aevum
763 3695 940 3749 causis
970 3695 1253 3749 exstiterit.
1286 3694 1380 3750 Sin
1413 3703 1592 3750 autem
1623 3705 1706 3752 est
1736 3699 1843 3753 illic
1864 3715 2002 3768 qum-

407 3781 530 3840 dam
563 3788 790 3841 terrenis
818 3787 1000 3856 potior
1025 3786 1316 3840 viventium
1363 3786 1668 3855 multitudo,
1703 3798 1727 3825 ει
1749 3789 1999 3844 substan-

407 3877 482 3931 tia
531 3893 660 3947 ergo
703 3877 1098 3948 superemiestis
1129 3877 1227 3932 ista
1270 3879 1368 3932 sub
1411 3879 1548 3934 cmio
1599 3887 1701 3946 est,
1750 3881 2002 3937 hauriens

410 3969 659 4025 videlicet
687 3986 717 4024 a
745 3986 979 4041 superno
1009 3971 1090 4025 sui
1124 3971 1446 4026 vibrantium
1486 3972 1724 4028 siderum
1758 3972 2002 4030 flammas

415 4066 469 4114 et
497 4059 808 4128 iiquidiores
849 4075 1008 4115 auras
1054 4061 1209 4128 aeris,
1262 4063 1416 4132 cujus
1457 4062 1783 4120 elementum
1832 4066 2004 4136 replet

414 4150 789 4208 intercmlestis
836 4151 991 4206 vacui
1038 4167 1350 4219 concavum,
1382 4154 1527 4222 quod
1569 4156 1775 4210 scilicet
1803 4172 1834 4210 a
1863 4155 2002 4212 omio

413 4243 574 4298 tertio
603 4243 691 4298 alii
731 4243 1023 4298 viventium
1052 4243 1234 4314 populi
1268 4254 1430 4314 atque
1459 4245 1562 4299 alia
1603 4247 1834 4302 intersiti
1865 4251 2004 4303 aeris

407 4331 676 4406 profunda
698 4335 1083 4390 diseriminant.

483 4423 550 4478 Υ.
574 4423 726 4480 Nunc
744 4426 906 4495 igitur
925 4427 968 4482 si
992 4441 1088 4496 per
1112 4427 1226 4482 haec
1255 4436 1498 4499 raptatus
1519 4428 1807 4499 Apostolus
1836 4445 2004 4499 usque

2099 3260 2296 3315 corpus
2326 3243 2635 3298 universum
2665 3239 2920 3297 divinitus
2943 3251 3137 3295 terram
3157 3241 3280 3308 dici,
3315 3250 3366 3294 et
3396 3241 3523 3294 illud
3551 3239 3694 3310 quod

2101 3337 2328 3393 Domino
2368 3337 2551 3391 datum
2603 3345 2708 3400 est,
2757 3337 2976 3410 proprio
3025 3336 3242 3389 nomine
3284 3335 3463 3389 cmlum
3492 3335 3690 3390 vocari.

2101 3430 2377 3500 Scriptura
2407 3445 2637 3501 namque
2665 3430 2744 3484 sic
2772 3428 3012 3498 loquitur
3047 3446 3057 3479 :
3089 3427 3278 3481 Catum
3310 3427 3418 3480 caeli
3448 3425 3691 3492 Domino,

2101 3531 2296 3576 terram
2317 3529 2488 3576 autent
2519 3520 2662 3575 dedit
2691 3521 2815 3591 ﬁliis
2847 3521 3128 3573 hominum.

2172 3610 2282 3666 νη.
2314 3610 2452 3678 Quid
2483 3624 2612 3679 ergo
2641 3610 2908 3663 dicimus?
2937 3606 3183 3677 Nunquid
3214 3606 3315 3660 hoc
3341 3605 3533 3659 omium
3569 3604 3695 3660 visi-

2103 3703 2210 3758 biie
2239 3719 2345 3758 non
2388 3701 2694 3758 hominibus
2727 3700 2908 3754 datum
2938 3708 3037 3762 est,
3067 3709 3158 3752 aut
3201 3698 3393 3753 solaris
3434 3696 3610 3765 fulgor
3639 3705 3695 3750 et

2104 3795 2271 3861 calor,
2301 3795 2384 3849 vel
2415 3793 2615 3848 lunaris
2642 3792 2788 3861 globi
2815 3807 2912 3862 per
2941 3792 3270 3845 incrementa
3294 3806 3355 3844 ac
3373 3789 3693 3843 detrimenta

2106 3887 2354 3952 variatio,
2385 3885 2472 3940 vel
2519 3895 2783 3940 astrorum
2826 3897 2990 3951 vagus
3024 3892 3276 3950 ratusque
3307 3881 3578 3945 circuitus,
3611 3880 3696 3936 vel

2106 3992 2204 4047 per
2231 3992 2452 4045 magnos
2481 3973 2639 4030 orbes
2669 3988 2988 4042 congressus
3011 3972 3246 4026 siderum
3268 3981 3320 4025 et
3341 3979 3539 4025 statuta
3568 3985 3695 4040 pro-

2106 4070 2330 4136 gressio,
2361 4069 2473 4121 sive
2501 4082 2622 4122 cum
2651 4065 2856 4120 dierum
2888 4065 3231 4132 noctiumque
3277 4064 3420 4117 vices
3464 4061 3692 4128 variant,

2107 4159 2220 4212 sive
2253 4157 2377 4228 quia
2417 4157 2611 4212 caloris
2651 4170 2714 4209 ac
2758 4153 2970 4224 frigoris
3017 4155 3226 4208 alterno
3273 4152 3387 4209 fotu
3438 4152 3695 4207 mundum

2110 4257 2437 4319 temperant,
2490 4264 2586 4304 seu
2635 4246 2780 4317 quod
2835 4247 3091 4301 dimensis
3139 4246 3396 4301 limitibus
3443 4244 3698 4300 articulos

2111 4347 2412 4410 temporum
2453 4340 2694 4406 signant,
2752 4338 3048 4407 eodemque
3095 4337 3382 4392 intermino
3437 4337 3697 4390 linearum

2109 4431 2321 4485 tramite
2351 4431 2402 4483 in
2432 4430 2482 4484 id
2513 4432 2682 4500 ipsum
2724 4431 2840 4484 sine
2880 4426 2984 4484 ﬁne
3022 4429 3320 4495 redeuntia,
3360 4444 3457 4499 per
3482 4427 3698 4483 easdem

419 4517 471 4570 in
502 4518 720 4571 tertium
747 4518 938 4572 omium
966 4520 1130 4583 venit,
1153 4521 1279 4588 quid
1308 4523 1462 4577 istinc
1488 4523 1826 4593 potissimum
1857 4540 2006 4594 repe-
2033 4541 2084 4602 ι)
2109 4520 2430 4574 circulorum
2455 4520 2566 4573 vias
2596 4519 2876 4588 revehunt,
2903 4520 2986 4574 vel
3010 4518 3154 4589 quod
3176 4519 3440 4574 distinctis
3465 4517 3701 4572 numeris

417 4603 526 4660 rit?
555 4604 708 4671 Quod
755 4606 798 4661 si
847 4607 1089 4664 localiter
1131 4612 1477 4678 qumrendum
1510 4614 1630 4676 fuit.
1663 4621 1718 4669 et
1747 4615 1799 4669 in
1831 4615 2004 4685 primo

414 4696 556 4753 omlo
586 4697 828 4752 invenire
858 4713 962 4753 non
991 4700 1186 4769 potuit,
1218 4702 1312 4756 sed
1351 4704 1465 4774 ipse
1491 4705 1619 4759 dicit
1647 4715 1856 4777 raptum
1886 4721 2006 4762 sese

414 4803 585 4858 usque
616 4789 666 4843 in
692 4791 907 4844 tertium
938 4791 1153 4857 omium,
1184 4795 1365 4849 nescio
1388 4796 1514 4863 quid
1536 4795 1748 4851 audisse
1767 4799 2004 4853 divinum

416 4880 560 4963 quod
600 4881 804 4936 homini
855 4882 1002 4952 loqui
1043 4899 1151 4939 non
1197 4885 1382 4950 liceat,
1427 4887 1519 4940 ait.
1562 4886 1713 4942 Itane
1753 4889 2001 4956 tandem,

417 4970 692 5041 Apostoie,
736 4987 834 5042 per
875 4973 994 5029 ioca
1043 4976 1184 5032 Deus
1228 4978 1504 5046 qumritur,
1537 4985 1628 5033 aut
1676 4996 1780 5036 non
1824 4981 1925 5036 nisi
1955 4985 2006 5038 in

416 5061 538 5117 loco
561 5064 758 5120 veritas
787 5065 1096 5121 invenitur?
1115 5067 1173 5123 Si
1196 5069 1331 5125 istuc
1360 5071 1434 5124 ita
1462 5079 1563 5137 est,
1596 5078 1649 5125 et
1679 5071 1820 5129 Deus
1848 5075 2010 5144 igitur

417 5152 606 5208 localis
631 5156 756 5223 erit,
778 5165 834 5212 et
861 5165 922 5212 tu
950 5156 1121 5214 Deum
1149 5177 1309 5229 quem
1335 5162 1577 5218 localiter
1605 5163 1833 5232 invenis,
1862 5167 2007 5222 loea-

418 5243 544 5301 liter
588 5249 822 5316 amittis;
855 5249 948 5318 qui
995 5251 1037 5305 si
1078 5265 1186 5305 non
1226 5253 1325 5306 nisi
1367 5255 1417 5306 in
1451 5255 1607 5310 tertio
1635 5257 1776 5311 emio
1805 5264 1908 5322 est,
1939 5258 2009 5313 ibi

419 5350 548 5409 ergo
588 5338 685 5394 tibi
721 5342 963 5407 relictus,
997 5344 1087 5398 ubi
1118 5353 1364 5415 repertus
1410 5355 1509 5401 est.
1561 5348 1630 5402 At
1656 5366 1778 5404 cum
1809 5366 1915 5405 non
1943 5350 2009 5404 de

418 5431 557 5487 omlo
584 5445 871 5504 corporeo,
911 5435 1006 5491 sed
1053 5437 1119 5492 de
1165 5437 1287 5492 cmii
1333 5437 1560 5494 Domino
1605 5441 1678 5510 sis
1717 5441 1924 5506 beatus,
1958 5450 2012 5495 et

417 5527 564 5578 totus
585 5523 784 5595 ubique
803 5527 875 5582 sit
898 5526 1158 5585 Dominus
1185 5530 1328 5596 omli,
1360 5531 1452 5600 qui
1479 5545 1580 5587 nec
1605 5533 1850 5589 localiter
1871 5549 2010 5604 qum-

2109 4620 2163 4666 ct
2184 4611 2349 4675 horis,
2369 4620 2423 4666 et
2440 4613 2656 4669 musicis
2671 4613 2964 4668 intervallis
2983 4615 3240 4668 mtherem
3264 4614 3519 4684 pingunt?
3540 4611 3702 4667 Sunt-

2111 4719 2179 4758 ne
2206 4703 2321 4758 hmo
2347 4704 2524 4757 omnia
2552 4707 2695 4772 genti
2727 4705 3031 4759 mortalium
3061 4705 3148 4759 vel
3177 4706 3551 4760 convenientia
3581 4702 3700 4759 usui

2110 4793 2196 4849 vel
2220 4793 2452 4863 joounda
2484 4797 2838 4864 spectamini?
2867 4797 2942 4852 Ac
2972 4810 3068 4866 per
3096 4797 3202 4849 hoc
3228 4796 3299 4850 ita
3333 4804 3488 4850 tenus
3516 4808 3702 4862 oorpo-

2113 4901 2262 4940 reum
2311 4885 2526 4951 omium,
2566 4887 2689 4955 quia
2739 4886 2987 4941 videlicet
3034 4885 3341 4940 hominibus
3383 4885 3565 4937 datum
3595 4891 3696 4941 est,

2111 4987 2250 5034 terra
2295 4978 2518 5045 dicitur;
2559 4979 2697 5034 sicut
2739 4994 2998 5048 aquarum
3037 4985 3092 5032 et
3131 4977 3271 5031 aeris
3299 4987 3548 5042 corpora,
3593 4989 3700 5026 non

2112 5076 2297 5144 utique
2336 5073 2575 5144 ejusdem
2618 5073 2965 5143 corpulentia:
3005 5071 3158 5138 cujus
3191 5075 3274 5122 est
3314 5075 3487 5128 terra;
3522 5072 3699 5118 tamen

2113 5167 2236 5237 quia
2259 5166 2380 5222 iiiiis
2401 5167 2675 5221 hominum
2697 5151 2821 5218 data
2846 5170 2990 5225 sunt,
3021 5170 3162 5214 terra
3189 5159 3457 5224 dicuntur,
3491 5157 3701 5226 adjecin

2112 5278 2178 5316 eo
2207 5263 2351 5332 quod
2380 5263 2619 5318 omnium
2649 5255 2966 5314 sensuaiiter
3002 5253 3295 5308 viventium
3339 5251 3704 5323 principaliter

2112 5360 2288 5409 tactus
2315 5369 2381 5408 ex
2411 5362 2552 5409 terra
2584 5358 2685 5406 est.
2731 5347 2901 5403 Porro
2941 5354 3122 5400 autem
3160 5345 3300 5401 sicut
3325 5345 3442 5400 sine
3470 5343 3591 5413 igne
3623 5342 3701 5395 vi-

2113 5446 2225 5500 deri
2258 5447 2410 5511 nihil,
2443 5448 2520 5501 sic
2560 5443 2704 5514 tangi
2745 5441 3122 5514 absque.terra
3167 5439 3296 5495 nihil
3324 5444 3504 5510 potest
3535 5454 3546 5488 :
3579 5433 3703 5503 quia
3785 5471 3788 5474 ι

2115 5547 2170 5593 ει
2198 5539 2332 5608 ignis
2360 5539 2525 5594 tactui
2555 5536 2816 5606 subiacet,
2859 5543 2915 5591 et
2950 5533 3123 5591 aether
3159 5534 3296 5604 ignis
3323 5539 3436 5597 est;
3467 5543 3577 5584 non
3605 5525 3702 5580 ab-

495 5733 520 5761 “
558 5726 666 5796 AL,
714 5729 1002 5784 substantia
1041 5740 1189 5784 erunt
1233 5732 1619 5788 superiniectis.
1664 5731 1779 5787 Ista
1817 5733 1908 5787 sub
1937 5732 2081 5799 cato,
2114 5740 2215 5788 etc.
