4232 6264
539 348 650 411 159

1823 333 2139 391 MAMERTI
2175 332 2541 392 CLAUDIAM

3725 333 3831 394 760

538 409 727 517 horret
748 457 948 527 aliquid
973 456 1083 510 illic
1119 467 1238 510 esse
1273 459 1567 507 terrenum.
1601 448 1943 518 Quapropter
1969 459 2132 500 omne
2158 445 2210 505 Δ
2233 446 2452 503 adverte
2489 448 2603 518 jam
2640 447 2787 503 aliud
2834 447 2924 504 hic
2963 447 3067 506 dici
3087 409 3389 514 hominem,
3422 448 3568 506 aliud
3607 465 3826 522 corpus.

541 565 863 621 corporeum
891 555 1050 601 terrm
1076 558 1275 599 nomen
1304 540 1545 604 includit,
1574 546 1806 609 ratoque
1846 537 2050 608 judicio
2079 536 2134 592 in

541 641 820 712 corporeis
867 637 1226 708 compositum
1279 643 1424 691 terra
1478 627 1675 690 dicitur
1729 647 1890 688 omne
1936 645 2134 700 corpo-

540 749 694 789 reum
723 751 734 786 :
769 731 894 802 quia
918 730 1006 786 hic
1031 727 1298 785 sensibilis
1343 725 1574 781 mundus
1615 741 1738 780 cum
1763 723 1958 780 visibili
1997 723 2135 778 cmlo

540 835 685 882 terra
715 834 817 888 est,
843 838 964 894 qua:
988 821 1110 877 ﬁliis
1131 811 1413 877 hominum
1438 819 1564 874 data
1588 826 1688 873 est.

616 917 754 972 Vlll.
811 915 952 983 Quid
1003 916 1070 970 de
1123 915 1216 971 illo
1263 913 1402 969 cmlo
1429 912 1692 973 dicemus,
1724 909 1868 980 quod
1896 907 2132 965 Domino

542 1012 730 1067 datum
759 1017 862 1071 est,
890 1024 1002 1063 non
1048 1006 1171 1061 liliis
1214 1006 1534 1061 hominum?
1578 1017 1707 1071 ergo
1738 1000 2033 1057 identidem
2065 997 2134 1052 ad

543 1101 759 1170 eloquia
788 1100 968 1154 divina
997 1112 1363 1154 recurramus.
1395 1095 1542 1150 Idem
1563 1108 1758 1163 nempe
1797 1091 2136 1162 psalmogra-

542 1193 686 1264 phus
712 1191 841 1247 dicit
870 1209 882 1243 :
918 1172 1248 1260 Conﬁtemini
1273 1187 1516 1252 Domino,
1539 1188 1627 1256 qui
1650 1187 1772 1258 fecit
1793 1183 1948 1239 calas
1975 1185 2031 1238 in
2057 1185 2136 1237 in-

546 1285 753 1340 tellectu
775 1281 946 1352 (Psal.
979 1297 1174 1346 cxxxv,
1209 1281 1261 1344 ’5,
1296 1277 1372 1350 5).
1403 1277 1667 1344 Quocirca
1693 1277 1741 1331 si
1768 1277 1825 1330 in
1853 1275 2135 1330 intellectu

546 1384 675 1432 sunt
693 1375 814 1431 coeli
843 1389 981 1442 quos
1015 1372 1229 1426 habitat
1273 1370 1435 1435 Deus,
1461 1384 1564 1424 nec
1592 1368 1697 1423 nisi
1753 1367 2134 1436 incorporeum

547 1469 746 1525 ccelum
799 1474 884 1521 est
929 1465 1078 1534 quod
1106 1464 1340 1519 Domino
1368 1462 1555 1517 datum
1607 1467 1712 1526 est,
1743 1459 2000 1514 videlicet
2045 1459 2134 1514 cui

547 1570 691 1618 terra
741 1567 827 1614 est
879 1572 1044 1613 omne
1090 1571 1451 1627 corporeum;
1482 1553 1687 1623 liquido
1736 1553 1927 1618 claret,
1970 1566 2132 1606 omne

547 1651 694 1720 quod
722 1648 976 1716 intelligit
1001 1663 1112 1704 non
1139 1661 1261 1702 esse
1289 1659 1634 1717 corporeum.
1680 1644 1848 1699 Porro
1876 1643 2130 1698 substan-

546 1734 1030 1794 tialiter'liumanus
1051 1738 1264 1793 animus
1283 1736 1535 1806 intelligit
1558 1753 1570 1788 :
1595 1737 1948 1805 incorporeus
1969 1734 2131 1804 igitur

2237 538 2377 596 Ecce
2405 547 2587 598 tamen
2612 541 2908 597 discretum
2937 549 3040 606 est,
3072 541 3202 611 quid
3243 540 3471 598 nescire
3511 540 3820 612 Apostolus,

2236 629 2365 701 quid
2391 631 2530 687 scire
2557 646 2618 687 se
2647 631 2812 687 dicat.
2844 631 3195 688 Excutiamus
3244 632 3410 701 igitur
3438 639 3624 688 utrum
3650 650 3719 688 ex
3747 636 3830 690 in-

2235 735 2501 793 corporeo
2528 707 2881 793 corporeove,
2914 739 2984 778 an
3023 739 3091 779 ex
3141 730 3378 794 utroque
3423 724 3518 790 sit,
3564 724 3640 780 ita
3669 733 3847 782 tenus-

2235 815 2466 880 nesciat,
2492 815 2652 871 sicuti
2681 830 2805 871 cum
2833 831 3088 887 corpore,
3112 831 3182 870 an
3209 816 3331 873 sine
3351 831 3587 887 corpore
3613 817 3685 872 sit
3711 834 3830 889 rap-

2238 914 2326 961 tus
2353 906 2588 975 ignorat.
2632 906 2775 972 Scio,
2808 907 3001 978 inquit,
3031 909 3296 964 hominem
3325 921 3574 983 raptum;
3603 913 3696 967 sed
3724 913 3828 968 sive

2234 1000 2290 1054 in
2310 1017 2543 1071 corpore,
2574 1001 2678 1055 sive
2703 1009 2852 1056 extra
2880 1017 3087 1072 corpus,
3121 1003 3316 1058 nescio.
3345 1003 3474 1060 Istic
3489 1021 3636 1061 nunc
3654 1005 3822 1060 anim-

2235 1091 2443 1147 adverti
2463 1092 2611 1160 licet,
2639 1092 2783 1162 quod
2836 1093 2881 1148 is
2915 1093 3008 1164 qui
3045 1100 3233 1164 raptus
3257 1102 3362 1161 est,
3387 1103 3445 1152 et
3464 1104 3680 1168 raptum
3702 1113 3825 1154 esse

2235 1198 2295 1238 se
2349 1184 2520 1248 novit,
2549 1184 2789 1240 sentiens
2811 1192 2995 1241 tamen
3022 1201 3137 1241 non
3181 1187 3357 1257 ipsum
3380 1203 3440 1244 se
3465 1204 3589 1245 esse
3617 1207 3820 1262 corpus

2236 1293 2424 1343 suum,
2456 1284 2514 1333 et
2539 1277 2618 1333 sic
2655 1293 2776 1334 cum
2813 1277 3080 1336 eodemne
3127 1295 3199 1335 an
3244 1280 3361 1336 sine
3397 1281 3588 1338 eodem
3634 1291 3829 1354 raptus

2233 1370 2306 1425 sit
2353 1370 2598 1437 haesitat;
2648 1387 2709 1426 se
2758 1371 2932 1442 ipsum
2963 1379 3147 1429 tamen
3189 1389 3310 1430 esse
3355 1391 3465 1430 non
3490 1375 3717 1430 dubitat.
3750 1375 3826 1431 Et

2234 1477 2358 1517 cum
2388 1462 2531 1518 istuc
2579 1477 2741 1518 omne
2769 1463 3005 1532 patescit
3051 1463 3378 1529 obscurum",
3411 1481 3609 1536 nempe
3653 1465 3700 1521 is
3726 1467 3821 1536 qui

2232 1571 2329 1612 seu
2359 1571 2483 1611 cum
2531 1570 2761 1626 corpore
2789 1555 2864 1611 sit
2890 1563 3101 1627 raptus,
3132 1557 3376 1613 incertus
3423 1564 3528 1612 est.
3574 1556 3826 1629 lncorpo-

2233 1665 2385 1704 reum
2447 1655 2629 1705 tamen
2660 1661 2780 1704 esse
2809 1656 2868 1704 et
2913 1664 3112 1719 corpus
3140 1663 3201 1706 se
3249 1648 3457 1705 habere
3502 1657 3684 1705 certus
3712 1657 3826 1717 est;

2230 1741 2322 1810 qui
2373 1740 2420 1797 si
2449 1756 2564 1798 non
2619 1740 2739 1797 sine
2792 1755 3024 1810 corpore
3070 1748 3258 1811 raptus
3314 1749 3418 1804 est,
3461 1756 3661 1812 corpus
3707 1758 3829 1798 cum

545 1841 633 1888 est
659 1833 873 1886 animus
893 1831 1184 1885 humanus.
1212 1829 1293 1884 En
1317 1829 1414 1884 tibi
1445 1837 1666 1894 terram,
1691 1843 1910 1884 omnem
1939 1844 2135 1898 corpo-
2161 1814 2211 1877 Β
2236 1832 2329 1888 illo
2375 1839 2590 1904 raptum
2645 1838 2762 1896 est;
2811 1847 2925 1887 non
2972 1839 3155 1886 tamen
3209 1833 3318 1887 hoc
3372 1838 3458 1887 est
3513 1832 3632 1902 ipse
3683 1832 3829 1902 quod

543 1943 698 1983 ream
725 1932 1030 1984 creaturam
1067 1943 1079 1978 :
1112 1941 1181 1980 en
1206 1925 1304 1979 tibi
1325 1925 1543 1991 coelum,
1568 1925 1947 1995 incorpoream
1976 1925 2132 1980 intel-

549 2019 952 2088 lectualemque
981 2005 1367 2072 substantiam.
1390 2016 1545 2072 Nunc
1564 2016 1727 2085 igitur
1751 2024 1811 2071 ut
1833 2017 2014 2087 possis
2038 2033 2138 2088 per

544 2109 685 2166 duos
712 2109 881 2165 coelos
903 2124 1074 2178 usque
1099 2099 1171 2162 'in
1195 2108 1417 2163 tertium
1444 2108 1642 2164 caelum
1664 2107 1834 2163 Paulo
1854 2117 2136 2178 prmeunte

543 2201 770 2272 raptari,
795 2201 1120 2269 incorporeo
1151 2199 1231 2254 tui
1257 2199 1574 2254 universum
1597 2199 1906 2254 transmitte
1934 2215 2132 2270 corpo-

543 2305 721 2351 reum.
746 2293 982 2364 Postque
1011 2294 1179 2349 etiam
1203 2294 1584 2364 incorporeum
1608 2301 1851 2350 creatum
1883 2294 2135 2366 idemque

542 2384 829 2452 mutabile,
861 2387 1071 2442 acriore
1115 2385 1405 2442 admodum
1434 2387 1558 2442 nisu
1599 2395 1656 2442 et
1704 2387 1891 2442 volatu
1937 2388 2133 2458 perni-

544 2479 696 2534 ciore
727 2478 1075 2544 transcende;
1108 2487 1273 2548 atque
1301 2477 1370 2533 ab
1398 2477 1527 2532 hinc
1545 2515 1550 2520 -
1567 2477 1623 2532 in
1649 2479 1872 2534 tertium
1911 2479 2130 2545 caelum,

543 2568 606 2624 in
629 2569 799 2640 ipsius
828 2569 1182 2624 immutabilis
1209 2570 1520 2640 incorporei
1548 2569 1862 2626 beatissima
1886 2579 2134 2626 contem-

543 2660 786 2730 platione
815 2661 1116 2728 requiesce,
1148 2668 1313 2730 teque
1361 2661 1600 2716 humana
1649 2661 1833 2716 anima
1877 2661 2132 2732 incorpo-

540 2767 697 2807 ream
735 2768 922 2809 nosce.
950 2753 1050 2807 Cui
1091 2769 1189 2824 pro
1235 2761 1444 2809 natura:
1465 2753 1788 2810 excellentia
1817 2761 2132 2826 promptum

541 2849 630 2898 est
647 2845 810 2900 simul
835 2853 893 2900 et
917 2860 1219 2915 congruum
1254 2845 1398 2902 inter
1418 2845 1527 2902 ima
1547 2846 1636 2902 vel
1661 2861 1873 2902 summa
1907 2848 1987 2902 tui
2011 2855 2132 2904 tan-

541 2950 706 3003 quam
732 2936 1008 2992 mediante
1037 2937 1360 3005 substantia,
1385 2938 1477 2994 vel
1519 2939 1658 2994 infra
1687 2939 1972 3011 despicere
2009 2957 2132 2997 cor—

541 3040 645 3094 pus
673 3027 859 3092 imum,
892 3029 981 3081 vel
1001 3044 1167 3098 supra
1195 3030 1513 3100 conspicere
1533 3030 1701 3086 Deum
1723 3047 2019 3087 summum.

612 3116 705 3172 IX.
739 3119 892 3174 Nunc
933 3129 1150 3189 egomet
1181 3123 1447 3189 sciscitor,
1479 3123 1743 3181 aﬁ‘erasne
1780 3126 1940 3182 nobis
1965 3127 2127 3182 aliam

2239 1940 2456 1996 corpus,
2479 1939 2604 1980 cum
2630 1938 2740 1992 quo
2770 1929 2983 1993 raptum
3004 1930 3090 1978 est
3117 1937 3335 1993 corpus.
3365 1922 3422 1978 Si
3442 1922 3562 1978 sine
3577 1939 3825 1995 corpore,

2239 2016 2410 2071 multo
2439 2016 2622 2087 potius
2661 2014 2984 2083 intelligitur
3011 2029 3124 2068 non
3152 2028 3275 2069 esse
3304 2029 3524 2085 corpus,
3556 2014 3701 2083 quod
3728 2031 3830 2086 po-

2237 2111 2348 2160 test
2374 2119 2496 2161 esse
2549 2105 2666 2159 sine
2697 2117 2949 2174 corpore.
2983 2102 3140 2168 Scio,
3170 2102 3365 2171 inquit,
3399 2102 3661 2158 hominem
3706 2122 3829 2175 rap-

2237 2205 2377 2264 tum;
2407 2198 2499 2252 sed
2545 2199 2649 2251 sive
2696 2197 2752 2250 in
2800 2212 3037 2265 corpore,
3069 2197 3176 2250 sive
3203 2204 3353 2249 extra
3382 2212 3566 2266 corpus
3585 2237 3600 2260 ,
3629 2198 3822 2252 nescio.

2237 2288 2392 2355 Quod
2421 2288 2528 2343 tale
2559 2294 2645 2342 est
2674 2302 2740 2342 ac
2784 2287 2830 2341 si
2861 2286 3068 2342 diceret
3102 2285 3384 2357 :‘Raptum
3432 2303 3520 2343 me
3565 2287 3700 2354 scio,
3731 2289 3829 2344 sed

2236 2393 2358 2434 cum
2405 2392 2636 2448 corpore
2685 2393 2754 2431 an
2803 2377 2921 2432 sine
2969 2391 3232 2449 corpore,
3285 2377 3488 2434 nescio.
3542 2377 3684 2448 Ergo
3721 2380 3826 2435 etsi

2235 2485 2359 2526 cum
2389 2485 2620 2541 corpore
2648 2478 2836 2541 raptus
2865 2485 2943 2537 es,
2976 2471 3093 2541 rapi
3121 2477 3304 2525 tamen
3333 2469 3451 2526 sine
3477 2487 3705 2542 corpore
3735 2488 3826 2542 po-

2233 2561 2405 2617 tuisti.
2432 2562 2790 2634 lncorporeus
2819 2563 2983 2632 igitur
3003 2577 3062 2618 es
3091 2562 3258 2618 etiam
3288 2561 3344 2616 in
3373 2577 3622 2633 corpore,
3655 2563 3701 2618 si
3724 2579 3817 2633 po.

2233 2655 2386 2710 tuisti
2413 2655 2531 2726 rapi
2560 2656 2679 2711 sine
2695 2671 2945 2727 corpore.
2970 2654 3180 2726 Quippe
3202 2654 3584 2726 incorporeum
3605 2655 3822 2726 corpori

2232 2748 2381 2803 salva
2410 2748 2494 2804 sui
2522 2749 2843 2814 substantia,
2875 2747 3184 2804 viviﬁcandi
3214 2747 3456 2818 ejusdem
3503 2763 3662 2802 causa
3689 2747 3818 2802 mis-

2231 2849 2403 2898 cetur.
2439 2842 2512 2898 Ut
2540 2850 2719 2898 autem
2745 2857 2949 2914 corpus
2976 2842 3098 2898 sine
3127 2857 3358 2913 corpore
3385 2841 3472 2907 sit,
3502 2847 3707 2895 statuta
3732 2854 3819 2898 re—

2231 2951 2354 2990 rum
2384 2936 2504 3004 lege
2532 2951 2642 2991 non
2672 2935 2890 2990 sinitur.

2753 3131 2758 3133 ,
2803 3068 3033 3126 CAPUT
3070 3067 3207 3124 XIII.
3237 3076 3242 3080 '

542 3208 614 3264 de
639 3209 882 3264 ternario
910 3227 1139 3266 numero
1167 3213 1432 3268 caelorum
1479 3229 1544 3269 ac
1594 3215 1910 3273 diversitate
1955 3219 2128 3272 ratio-

2239 3204 2318 3259 Ea:
2351 3204 2636 3277 Evangelia
2659 3243 2675 3270 ,
2711 3203 2824 3259 Deo
2871 3203 2936 3258 de
2982 3202 3409 3289 iacorporalitate
3459 3202 3649 3256 anim
3691 3208 3818 3254 teste

541 3311 688 3354 nem.
719 3297 893 3364 Quam
935 3301 1152 3367 quidem
1175 3303 1354 3372 cupio,
1386 3304 1483 3358 sed
1511 3305 1683 3373 liquet
1709 3306 2129 3379 haudquaquam

542 3389 660 3446 dari
680 3407 712 3446 a
737 3407 1012 3461 quoquam
1033 3408 1216 3463 posse,
1237 3395 1342 3449 nisi
1362 3395 1506 3451 inter
1529 3411 1726 3466 corpus
1755 3406 1813 3454 et
1834 3397 2004 3454 Deum
2033 3417 2130 3455 na-

541 3489 666 3536 tura
689 3499 751 3538 se
771 3483 1088 3539 substantiae
1111 3486 1410 3556 corporalis
1437 3485 1752 3543 interserat.
1777 3487 1912 3555 Quia
1928 3491 1980 3544 si
1995 3491 2130 3545 nihil

543 3571 748 3642 absque
775 3572 889 3628 Deo
917 3574 1021 3628 nisi
1049 3590 1248 3645 corpus
1275 3581 1378 3643 cst,
1411 3591 1525 3631 non
1555 3583 1668 3633 tres
1696 3593 1827 3647 ergo
1855 3581 1978 3635 εωιὶ
1995 3623 2009 3645 ,
2033 3581 2129 3636 sed

543 3665 655 3721 duo
681 3672 841 3731 sunt;
873 3673 933 3720 ut
960 3682 1131 3722 unum
1159 3666 1330 3724 ferme
1373 3668 1572 3748 coelum
1601 3670 1675 3724 sit
1715 3687 1878 3727 omne
1908 3688 2124 3743 corpus,

542 3763 600 3811 et
625 3765 842 3812 creator
864 3760 1111 3828 corporis
1139 3759 1305 3814 aliud.
1336 3758 1537 3818 Verum
1559 3764 1817 3832 quoniam
1846 3781 1956 3820 non
1978 3774 2127 3822 trans

539 3848 780 3912 tertium,
812 3848 906 3903 sed
933 3850 988 3904 in
1020 3851 1242 3906 tertium
1289 3853 1486 3908 malum
1533 3863 1723 3924 raptus
1771 3864 1859 3911 est
1906 3855 2125 3924 Paulus,

537 3940 852 3996 transeundi
882 3950 1011 3996 sunt
1053 3941 1204 3997 velut
1231 3942 1339 3998 duo
1365 3945 1508 4011 cmli,
1545 3947 1722 4001 omnis
1751 3961 2012 4015 corporea
2044 3956 2126 4002 at-

535 4047 643 4100 que
671 4033 995 4103 incorporea
1023 4042 1310 4089 creatura:
1345 4034 1412 4088 ad
1457 4043 1765 4090 creatorem
1793 4051 1924 4090 vero
1971 4039 2125 4105 quasi

535 4125 594 4179 in
623 4127 843 4181 tertium
867 4126 1085 4191 ccelum,
1109 4141 1220 4181 non
1241 4126 1575 4192 transeundi,
1599 4127 1743 4197 quod
1769 4141 1879 4181 non
1900 4137 2119 4198 potest;

537 4230 717 4284 neque
746 4216 1024 4280 redeundi,
1051 4216 1197 4286 quod
1224 4233 1336 4271 non
1363 4215 1544 4281 debet,
1579 4217 1674 4272 sed
1719 4216 1899 4272 standi
1921 4226 1979 4274 et
2003 4235 2121 4274 ma-

532 4305 698 4361 nendi
719 4321 880 4361 causa
908 4305 1234 4361 veniendum
1254 4314 1357 4360 est.
1391 4306 1528 4360 Hine
1549 4313 1731 4360 autem
1751 4321 1940 4362 cursus
1958 4315 2123 4379 atque

532 4402 707 4450 status
753 4395 1029 4464 profectus
1085 4402 1170 4449 est
1217 4403 1381 4462 atque
1435 4394 1718 4463 perfectio,
1745 4411 1869 4466 quas
1913 4399 2122 4456 scilicet

532 4484 794 4539 virtutum
824 4494 928 4550 est,
960 4501 1072 4538 non
1127 4485 1372 4539 locorum
1405 4503 1417 4537 :
1457 4486 1716 4554 quoniam
1744 4487 1838 4558 qui
1883 4490 2117 4561 prolicit,

530 4574 732 4637 currit;
757 4580 812 4627 et
835 4575 926 4642 qui
948 4572 1244 4644 perﬁcitur,
1273 4575 1542 4644 pervenit.

601 4661 671 4717 X.
701 4661 856 4719 Nunc
885 4663 1145 4732 quoniam
1174 4665 1536 4735 amplissimos
1563 4683 1789 4740 campos
1838 4671 2116 4728 latissima:

529 4755 845 4826 quaestionis
865 4754 1019 4810 brevi
1039 4755 1327 4810 admodum
1354 4757 1490 4812 calle
1531 4761 1944 4827 transmisimus,
1977 4762 2117 4818 datis

527 4850 756 4920 aliquot,
786 4857 848 4904 ut
875 4855 1017 4914 recr,
1051 4849 1281 4916 indiciis,
1313 4865 1432 4920 qua:
1459 4851 1671 4908 scilicet
1713 4868 1744 4907 a
1794 4862 1946 4910 reeto
1973 4856 2115 4910 veri-

526 4943 657 4998 tatis
685 4943 904 4997 tramite
933 4957 1184 4997 errorum
1205 4941 1359 4996 devia
1382 4954 1706 5009 secernunt;
1729 4945 1855 5014 quid
1885 4945 1988 5001 sibi
2015 4962 2112 5001 ve-

525 5031 592 5087 lit
618 5032 745 5088 illud
775 5031 923 5102 quod
952 5032 1245 5102 Apostolus
1292 5033 1407 5088 sive
1452 5033 1508 5088 in
1555 5049 1782 5104 corpore
1813 5036 1927 5091 sive
1954 5044 2110 5091 extra

525 5135 743 5195 corpus,
791 5133 1007 5195 raptum
1035 5140 1096 5179 se
1125 5139 1246 5180 esse
1291 5124 1444 5191 dicit,
1491 5125 1725 5195 inquiro.
1771 5125 1980 5199 Quippe
2033 5130 2112 5186 sic

523 5214 602 5268 ait
632 5234 645 5267 :
679 5216 804 5270 Scio
825 5218 1084 5272 hominem
1110 5213 1316 5290 raptum
1331 5235 1350 5283 ;
1377 5220 1482 5273 sive
1507 5221 1562 5272 in
1577 5235 1810 5291 corpore,
1835 5223 1939 5276 sive
1960 5233 2110 5278 extra

522 5321 732 5374 corpus,
763 5311 936 5362 nescio
978 5309 1044 5380 (ll
1071 5309 1191 5365 Cor.
1225 5328 1317 5378 xu,
1347 5310 1403 5382 Ξ)
1443 5329 1454 5363 :
1480 5318 1536 5366 et
1562 5313 1771 5380 reliqua
1800 5313 1868 5368 de
1913 5315 2108 5382 quibus

523 5396 670 5465 quod
698 5396 922 5450 attinuit
963 5399 1216 5456 diximus.
1251 5401 1327 5457 Ac
1366 5403 1599 5472 primum
1628 5403 1864 5459 adhibita
1903 5406 2108 5462 discus-

521 5487 702 5553 sione,
723 5486 1006 5544 videamus
1033 5491 1160 5560 quid
1209 5501 1418 5549 certum
1447 5495 1568 5551 istic
1603 5479 1706 5550 Sibi
1746 5495 1938 5552 beatus
1965 5497 2112 5569 Apo-

518 5579 714 5645 stolus,
740 5580 938 5651 quidve
966 5581 1198 5639 fateatur
1219 5585 1516 5655 incertum;
1544 5595 1757 5659 raptum
1782 5604 1903 5645 esse
1932 5589 2108 5647 homi-

519 5682 649 5726 nem
681 5672 785 5728 scit
816 5691 828 5727 :
862 5672 917 5729 in
946 5688 1174 5746 corpore
1203 5691 1272 5730 an
1299 5684 1452 5732 extra
1480 5694 1675 5750 corpus
1702 5681 1893 5737 nescit.
1926 5681 2104 5739 Anim-

772 5898 820 5906 ς..

2938 3276 3120 3328 utitur.

2299 3411 2405 3467 Sed
2429 3412 2540 3480 jam
2571 3428 2712 3466 nunc
2745 3412 2975 3467 testibus
3003 3410 3138 3466 meis
3161 3450 3176 3476 ,
3209 3409 3552 3480 praeconibus
3605 3408 3813 3464 scilicet

2229 3502 2495 3564 veritatis,
2529 3501 2597 3555 ad
2627 3499 2984 3556 indubitatam
3035 3500 3193 3556 tidem
3247 3500 3452 3555 veritas
3482 3499 3599 3568 ipsa
3630 3497 3820 3554 testiﬁ-

2231 3593 2461 3648 cabitur.
2494 3592 2634 3648 Dicit
2662 3594 2716 3647 in
2746 3591 3039 3661 Evangelio
3071 3591 3332 3646 Dominus
3366 3609 3378 3643 :
3415 3589 3595 3644 Nolite
3637 3592 3818 3645 timere

2229 3701 2315 3739 eos
2343 3687 2430 3757 qui
2458 3685 2699 3739 occidunt
2722 3701 2936 3754 corpus,
2962 3683 3198 3736 animam
3243 3691 3413 3737 autem
3447 3698 3550 3736 non
3596 3688 3818 3750 possunt

2228 3773 2462 3827 occidere
2492 3772 2704 3845 (Matth.
2751 3790 2803 3836 χ,
2825 3771 2940 3843 28).
2973 3771 3099 3836 Cur,
3132 3786 3313 3839 qumso
3344 3777 3413 3832 te,
3448 3768 3685 3822 animam
3715 3783 3810 3822 oc-

2228 3865 2409 3920 cidere
2437 3880 2546 3918 non
2577 3870 2777 3934 potest,
2809 3863 2900 3932 qui
2931 3863 3179 3918 occidere
3222 3875 3417 3929 corpus
3455 3859 3670 3928 potest?
3699 3857 3805 3912 nisi

2227 3955 2352 4024 quia
2384 3953 2523 4009 forte
2570 3954 2749 4008 anima
2778 3970 2890 4009 non
2939 3961 3025 4010 est
3071 3967 3280 4022 corpus.
3314 3950 3397 4004 Tu
3442 3964 3571 4003 vero
3618 3948 3803 4003 dicis:

2226 4043 2436 4113 Corpus
2464 4051 2549 4097 est
2575 4043 2812 4113 quidem,
2846 4043 2943 4098 sed
2975 4044 3222 4108 tenuius;
3244 4056 3438 4112 corpus
3457 4047 3541 4095 est
3568 4039 3808 4108 quidem,

2224 4134 2320 4188 sed
2367 4133 2556 4188 levius.
2601 4134 2672 4188 At
2699 4142 2915 4204 egomet
2966 4148 3289 4205 responsum
3318 4131 3494 4187 refero
3527 4149 3539 4183 :
3574 4129 3814 4186 Tenuius

2224 4227 2297 4280 sit
2351 4227 2478 4282 licet
2526 4237 2582 4283 et
2609 4228 2809 4294 levius;
2842 4227 2939 4283 sed
2970 4236 3153 4282 tamen
3183 4227 3228 4283 si
3274 4240 3470 4297 corpus
3500 4231 3605 4292 est,
3637 4223 3810 4280 occidi

2223 4326 2406 4389 potest
2450 4318 2518 4374 ab
2557 4335 2624 4375 eo
2665 4335 2696 4374 a
2743 4336 2853 4390 quo
2882 4335 3081 4390 corpus
3137 4318 3310 4375 occidi
3365 4324 3566 4388 petest.
3616 4314 3694 4370 De
3722 4313 3809 4370 his

2222 4424 2418 4480 nempe
2447 4410 2656 4466 duobus
2685 4411 2912 4480 agimus,
2946 4412 3127 4466 anima
3175 4409 3429 4466 videlicet
3456 4417 3513 4464 et
3556 4422 3807 4478 corpore,

2223 4500 2418 4570 quibus
2447 4500 2615 4556 conlit
2639 4500 2805 4556 homo
2824 4501 3073 4557 visibilis.
3107 4499 3211 4568 Qui
3240 4500 3385 4556 enim
3412 4498 3546 4554 dixit
3580 4515 3593 4552 :
3626 4496 3810 4554 Nolite

2223 4593 2404 4647 timere
2431 4609 2540 4659 eos,
2573 4609 2682 4648 non
2709 4592 2865 4659 dixit,
2895 4593 2988 4664 qui
3029 4592 3285 4649 occidunt
3329 4591 3559 4664 spissius
3586 4604 3806 4661 corpus,

2221 4685 2438 4754 gravius
2466 4700 2690 4756 corpus;
2719 4686 2817 4741 sed
2835 4688 2921 4756 qui
2941 4686 3183 4742 occidunt
3204 4703 3410 4757 corpus.
3440 4683 3510 4739 Et
3538 4685 3669 4739 item
3695 4697 3807 4739 non

2219 4775 2375 4841 dixit,
2425 4776 2638 4831 tenuius
2689 4785 2748 4832 et
2795 4778 2965 4833 levius
3012 4792 3239 4847 corpus;
3271 4776 3370 4832 sed
3421 4778 3657 4831 animam
3702 4792 3809 4830 non

2217 4875 2435 4935 possunt
2459 4866 2717 4922 occidere.
2739 4867 2861 4923 Hoc
2889 4883 3084 4939 nempe
3105 4868 3351 4938 corporis
3379 4867 3603 4922 nomine
3618 4867 3808 4921 vivens

2217 4958 2463 5028 profecto
2491 4975 2690 5031 corpus
2720 4961 2959 5026 inclusit,
2993 4961 3122 5030 quia
3171 4975 3275 5017 nec
3323 4960 3496 5016 occidi
3538 4959 3671 5030 quid
3698 4958 3806 5014 nisi

2216 5049 2396 5102 vivum
2427 5057 2608 5118 potest
2640 5068 2652 5102 :
2687 5066 2752 5106 ac
2793 5067 2892 5121 per
2935 5051 3044 5107 hoc
3073 5051 3119 5105 si
3168 5051 3347 5106 anima
3387 5065 3586 5121 corpus
3613 5056 3698 5106 est
3725 5050 3810 5105 vi-

2217 5156 2362 5205 vum,
2395 5140 2567 5195 occidi
2596 5140 2664 5194 ab
2695 5141 2788 5196 illo
2817 5150 3001 5212 potest
3045 5158 3078 5197 a
3105 5157 3215 5212 quo
3244 5147 3429 5213 potest
3468 5155 3665 5212 corpus
3720 5155 3811 5196 oc-

2217 5233 2340 5288 cidi.
2375 5231 2587 5288 Veritas
2605 5233 2738 5290 dicit
2771 5253 2784 5288 :
2819 5233 2921 5299 Qui
2948 5237 3190 5290 occidunt
3217 5224 3426 5307 corpus,
3450 5234 3680 5289 animam
3699 5250 3808 5288 non

2215 5333 2432 5396 possunt
2460 5325 2712 5380 occidere.
2749 5327 2867 5383 Non
2896 5335 2981 5382 est
3028 5328 3190 5398 igitur
3230 5343 3431 5399 corpus
3459 5329 3660 5391 anima,
3683 5341 3810 5396 qua:

2217 5416 2390 5473 occidi
2419 5432 2530 5473 non
2556 5426 2739 5488 potest
2772 5415 2803 5475 a
2835 5422 3032 5492 quibus
3051 5437 3252 5493 corpus
3281 5421 3458 5478 occidi
3703 5419 3812 5477 Ve-

2210 5523 2330 5563 rum
2355 5508 2611 5578 quoniam
2649 5509 2877 5567 levanda
2914 5521 2998 5568 est
3041 5520 3317 5584 perpetua:
3363 5511 3612 5569 lectionis
3637 5526 3814 5567 onere

2210 5600 2438 5670 legentis
2491 5601 2757 5670 intentio,
2796 5604 3024 5675 hujusce
3065 5606 3180 5676 jam
3236 5606 3530 5663 voluminis
3585 5604 3687 5661 iste
3735 5605 3815 5665 sit

2209 5690 2350 5748 linis.
