4238 6260
316 304 421 366 ’161

1496 304 1583 360 DE
1617 300 1841 359 STATU
1884 299 2119 355 ΛΝΙΜΑΞ
2160 299 2287 355 LIB.
2330 300 2418 357 Ill.

3504 308 3610 365 762

587 437 3603 468 W

1310 500 1790 667 LIBER
1886 531 2625 644 TERTIUS.

842 711 1068 769 CAPUT
1115 709 1408 767 PRIMUM.

730 827 810 883 De
829 826 1020 881 Lazari
1046 841 1261 898 corpore
1288 824 1536 879 exanimi.

407 940 581 997 Editis
626 940 680 995 in
726 940 1109 996 astructionem
1148 938 1285 1003 veri,
1332 946 1389 992 et
1415 936 1610 992 merito
1637 934 1844 1004 pariter
1872 940 1929 987 et

334 1048 566 1089 numero
593 1032 720 1088 satis
740 1040 799 1087 ut
816 1031 1069 1097 arbitror,
1096 1029 1304 1087 idoneis
1322 1028 1578 1093 vadibus;
1600 1033 1769 1082 restat
1788 1040 1931 1081 nunc

338 1133 399 1178 ut
427 1140 548 1194 qua:
576 1140 643 1179 ex
664 1123 922 1194 opusculo
946 1122 1104 1191 hujus
1130 1121 1349 1193 patroni
1375 1119 1618 1190 corporis
1645 1124 1933 1188 supersunt

341 1215 639 1271 indiscussa
662 1213 968 1279 videamus;
996 1212 1090 1283 qui
1119 1228 1244 1268 cum
1271 1210 1559 1266 temeraria
1584 1208 1933 1280 persuasione

338 1307 595 1362 decernat
634 1305 871 1361 animam
918 1306 1179 1370 localem,
1224 1313 1500 1375 assumipto
1538 1304 1592 1358 in
1638 1302 1743 1357 hoc
1791 1300 1932 1355 idem

339 1398 665 1468 evangelica:
694 1392 1034 1454 auctoritatis
1054 1398 1325 1469 exemplo,
1348 1396 1603 1467 tanquam
1630 1401 1934 1465 perempto-

338 1487 419 1544 rie
458 1496 908 1560 argumentatur,
953 1490 1140 1546 dicens
1172 1508 1183 1544 :
1215 1490 1425 1560 Corpus
1454 1488 1642 1543 Lazari
1685 1502 1806 1543 cum
1834 1485 1936 1540 fuit

340 1590 634 1648 mortuum,
666 1582 829 1637 fuisse
853 1582 971 1638 sine
997 1582 1126 1647 vita,
1158 1581 1409 1652 idemque
1441 1580 1737 1636 redivivum
1766 1579 1933 1635 fuisse

344 1687 467 1728 cum
494 1672 624 1738 vita,
649 1680 710 1727 ut
732 1688 832 1742 per
850 1673 953 1728 hoc
973 1674 1150 1727 anima
1178 1673 1367 1728 localis
1386 1687 1506 1728 esse
1526 1671 1794 1737 credatur,
1816 1686 1937 1740 qua:
1974 1706 1985 1723 .

345 1763 632 1819 recesserit
656 1778 688 1817 a
716 1778 966 1833 corpore,
992 1778 1284 1835 rursusque
1314 1763 1379 1818 ad
1402 1778 1601 1834 corpus
1624 1763 1931 1818 accesserit.

346 1856 520 1926 Atque
559 1864 619 1911 ut
674 1856 927 1911 universo
975 1856 1272 1911 animarum
1310 1855 1495 1925 generi
1545 1855 1599 1911 in
1652 1870 1938 1911 commune

344 1947 678 2018 prtescribat,
708 1947 879 2018 ipsam
921 1947 1091 2003 nostri
1120 1946 1499 2019 Redemptoris
1529 1946 1762 2000 animam
1791 1947 1939 2002 loca-

348 2038 455 2094 lem
486 2054 607 2095 csse
647 2041 976 2110 pronuntiat.

971 2129 1201 2186 CAPUT
1228 2131 1311 2186 .Il.

537 2244 609 2302 De
636 2245 829 2310 anima,
860 2244 914 2298 in
940 2260 1038 2316 quo
1068 2244 1458 2301 similitudinem
1482 2243 1578 2300 Dei
1606 2256 1769 2317 gerat.
1854 2270 1871 2283 -

424 2357 464 2412 1.
496 2355 845 2413 Formidabili
871 2356 1096 2423 scilicet,
1126 2366 1309 2426 atque,
1351 2364 1411 2412 ut
1438 2366 1703 2423 autumat,
1734 2358 1940 2413 insolu-

354 2448 451 2505 bili
489 2446 803 2520 syllogismo
834 2464 848 2501 :
882 2457 934 2503 ut
984 2447 1164 2502 anima
1194 2447 1285 2502 ubi
1329 2457 1430 2514 est,
1461 2447 1561 2514 sit;
1605 2456 1661 2503 et
1698 2464 1804 2504 non
1834 2448 1941 2514 sit,

352 2540 445 2597 ubi
488 2554 595 2595 non
623 2547 738 2605 est;
772 2547 1024 2609 tanquam
1067 2554 1167 2595 nos
1187 2538 1434 2595 eamdem
1473 2547 1567 2594 aut
1587 2538 1814 2608 ubique,
1852 2547 1947 2595 aut

354 2645 615 2700 nusquam
655 2644 777 2685 esse
803 2629 1066 2686 dicamus.
1097 2622 1235 2686 Cum
1275 2630 1323 2685 si
1353 2630 1552 2699 ubique
1579 2639 1758 2698 esset,
1802 2630 1949 2688 Deus

355 2731 530 2789 esset;
569 2722 616 2777 si
658 2737 921 2792 nusquam
945 2762 961 2789 ,
1004 2722 1136 2777 nihil
1165 2733 1330 2779 esset.
1363 2722 1457 2779 Illa
1485 2723 1701 2793 quidem
1735 2739 1843 2780 non
1889 2726 1947 2785 in

356 2822 473 2871 toto
517 2814 718 2870 mundo
742 2824 827 2871 est
857 2824 998 2879 tota,
1029 2814 1124 2871 sed
1148 2815 1289 2871 sicut
1315 2816 1457 2872 Deus
1487 2816 1685 2886 ubique
1719 2826 1863 2874 totus
1889 2818 1943 2874 in

355 2907 707 2962 universitate
736 2915 836 2974 est,
856 2907 929 2962 ita
960 2908 1072 2964 haec
1100 2908 1298 2978 ubique
1320 2918 1432 2966 tota
1459 2911 1728 2967 invenitur
1749 2911 1802 2966 in
1823 2925 1946 2967 cor-

299 3006 513 3068 :pore.
555 2995 624 3052 Et
652 2997 792 3052 sicut
837 2996 977 3053 Deus
1016 3013 1353 3070 nequaquam
1392 3000 1603 3057 minore
1642 3002 1724 3057 sui
1769 3012 1945 3073 parte,

358 3088 627 3144 minorem
657 3088 837 3143 mtmdi
862 3098 1069 3160 partem
1098 3091 1291 3161 replet,
1316 3091 1521 3162 majore
1549 3093 1827 3163 majorem,
1850 3092 1947 3150 sed

359 3187 508 3235 totus
536 3178 591 3234 in
620 3188 803 3250 parte,
843 3188 989 3236 totus
1016 3182 1067 3235 in
1101 3191 1217 3238 toto
1247 3192 1359 3248 est;
1392 3184 1463 3239 ita
1492 3194 1548 3239 ct
1574 3185 1689 3241 lucc
1711 3201 1818 3242 nou
1848 3202 1948 3257 pro

356 3282 511 3345 parte
537 3274 618 3329 sui
646 3282 729 3328 est
758 3274 809 3328 in
840 3284 993 3345 parte
1020 3277 1282 3348 corporis.
1321 3277 1431 3335 Nec
1468 3280 1575 3334 alia
1602 3295 1727 3351 pars
1755 3281 1949 3335 animae

357 3365 627 3421 sentilicat
653 3366 892 3432 oculum,
919 3377 975 3422 et
998 3369 1103 3423 alia
1132 3370 1370 3426 vivilicat
1396 3370 1620 3440 digitum
1650 3390 1662 3425 :
1690 3372 1783 3428 sed
1812 3373 1950 3429 sicut

1950 698 2007 759 Α
2028 694 2249 768 Opinari
2278 707 2461 755 autem
2502 701 2801 771 ignorantis
2828 712 2913 760 est
2942 722 2955 758 :
2988 705 3290 776 ignorantia
3325 723 3458 765 vero
3486 724 3618 765 con-

2032 792 2199 847 traria
2227 799 2311 847 est
2349 794 2591 850 scientiae
2622 812 2637 848 :
2669 797 2845 852 nescit
2879 813 3008 868 ergo
3048 800 3292 871 quisquis
3340 802 3611 873 opinatur.

2030 884 2168 943 Hinc
2194 886 2443 956 equidem
2471 888 2671 944 factum
2700 898 2801 958 est,
2834 899 2894 946 ut
2912 876 3194 948 scientiam
3224 910 3335 965 pra:
3362 895 3618 965 opinione

2030 980 2487 1051 concupiscerem,
2517 982 2695 1038 sciens
2722 984 2934 1040 nescire
2960 1001 3068 1051 me,
3097 986 3275 1055 quoad
3304 1002 3473 1057 usque
3500 988 3620 1059 opi-

2033 1070 2218 1126 nabar.
2254 1071 2331 1127 Tu
2379 1080 2560 1129 autem
2604 1074 2776 1141 dicis,
2807 1076 2941 1131 Cum
2970 1076 3039 1133 de
3080 1078 3273 1133 anima:
3316 1080 3616 1136 substantia

2032 1163 2319 1230 quaerimus
2340 1205 2355 1230 ,
2398 1165 2544 1234 quod
2570 1182 2750 1237 -supra
2794 1183 2896 1223 nos
2941 1174 3061 1235 est,
3112 1170 3269 1225 nobis
3300 1170 3471 1227 videri
3509 1188 3617 1228 non

2034 1268 2211 1322 posse,
2243 1268 2367 1308 cum
2396 1270 2558 1325 supra
2598 1272 2699 1311 nos
2724 1258 2870 1327 ipsos
2908 1258 3008 1329 ipsi
3036 1274 3143 1314 non
3174 1259 3360 1316 simus.
3393 1260 3462 1315 Et
3489 1263 3617 1317 item

2034 1344 2179 1415 quod
2220 1347 2439 1415 agnosci
2468 1363 2628 1418 posse
2656 1363 2823 1417 negas
2846 1390 2861 1415 ,
2907 1351 3061 1421 quasi
3088 1352 3363 1421 cognitum
3386 1352 3615 1422 judicas,

2035 1439 2379 1510 animamque
2412 1443 2656 1513 corporis
2684 1458 2879 1514 corpus
2906 1460 3028 1500 esse
3054 1444 3360 1501 conﬁrmas.
3393 1445 3549 1513 Quod
3574 1447 3620 1504 si

2035 1533 2212 1588 sciens
2240 1534 2393 1601 dicis,
2423 1536 2551 1605 quia
2579 1535 2713 1591 falsa
2742 1537 2869 1593 sciri
2909 1547 3203 1608 nequeunt,
3232 1555 3419 1595 verum
3446 1540 3620 1608 dicis;

2037 1631 2093 1680 et
2118 1626 2164 1680 si
2190 1627 2295 1682 hoc
2323 1642 2513 1682 verum
2540 1628 2694 1693 dicis,
2726 1629 2918 1684 animae
2951 1630 3306 1686 substantiam
3335 1631 3484 1687 nosci
3514 1647 3622 1687 non

2037 1731 2229 1786 posse,
2272 1718 2536 1775 mentiris.
2570 1718 2678 1773 Aut
2714 1719 2877 1789 igitur
2904 1720 3098 1776 falsum
3126 1728 3209 1777 est
3235 1721 3469 1777 animam
3496 1737 3623 1777 eor-

2037 1824 2140 1880 pus
2165 1824 2305 1876 esse,
2335 1819 2430 1865 aut
2454 1810 2645 1867 falsum
2666 1820 2749 1867 est
2777 1814 2972 1869 animae
2999 1816 3352 1872 substantiam
3372 1816 3622 1886 cognosci

2039 1916 2149 1956 non
2177 1916 2357 1971 posse.
2382 1901 2545 1958 Vides
2572 1917 2681 1972 quo
2707 1903 2966 1975 perducat
3001 1907 3185 1977 opinio
3210 1922 3468 1979 sequaces
3495 1908 3623 1965 sui?

2042 1991 2175 2046 Nam
2202 1994 2457 2062 quoniam
2500 2010 2661 2050 nemo
2689 1996 2792 2051 nisi
2823 1997 3041 2065 ignarus
3067 1998 3337 2069 opinatur,
3386 2006 3444 2055 et
3470 1999 3621 2069 ignoo

1968 2071 2019 2134 Β
2044 2084 2216 2139 rantia
2253 2093 2339 2140 est
2364 2084 2587 2141 adversa
2615 2087 2885 2151 scientias;
2934 2096 2993 2142 tu
3020 2088 3113 2159 qui
3154 2104 3224 2144 ex
3251 2088 3520 2160 opinionis
3546 2089 3631 2145 in-

2044 2184 2195 2231 certo
2239 2177 2322 2232 vis
2367 2186 2573 2236 certam
2615 2178 2755 2236 ferre
2790 2181 3113 2237 sententiam
3134 2222 3152 2249 ,
3184 2190 3240 2237 et
3265 2181 3335 2237 de
3361 2183 3445 2238 bis
3481 2184 3631 2238 velut

2045 2270 2223 2327 sciens
2260 2272 2612 2342 pronuntiare
2638 2287 2759 2343 qua:
2804 2275 3014 2340 nescis,
3059 2274 3396 2331 eonvinceris
3435 2273 3631 2333 dooere

2046 2361 2191 2432 quod
2222 2362 2418 2418 nescis.
2446 2362 2666 2420 Nescire
2693 2364 2856 2433 igitur
2880 2364 3076 2432 doces;
3103 2382 3335 2437 cumque
3362 2367 3507 2436 quod
3537 2382 3631 2423 ne-

2046 2452 2169 2508 sciri
2199 2468 2361 2523 posse
2380 2453 2533 2522 dicis,
2567 2455 2767 2512 docere
2792 2457 3177 2528 prtesumis.Da
3205 2459 3383 2526 nobis,
3415 2474 3629 2529 quaesu-

2047 2562 2189 2614 mus,
2218 2548 2432 2603 veniam
2459 2548 2768 2605 nolentibus
2792 2550 3003 2607 discere
3030 2552 3401 2607 nescientiam.

2667 2682 2897 2740 CAPUT
2928 2683 3015 2739 Ill.

2254 2796 2492 2850 Animam
2520 2812 2735 2871 corpore
2762 2815 2868 2852 non
2895 2798 3147 2853 contineri
3172 2796 3427 2852 localiter.

2117 2908 2157 2963 1.
2192 2909 2334 2966 Dicis
2357 2924 2487 2980 ergo
2511 2910 2747 2966 animam
2771 2927 3003 2982 corpore
3028 2909 3313 2967 contineri.
3355 2910 3631 2980 Nunquid-

2049 3013 2171 3056 nam
2193 3001 2280 3057 vel
2299 3001 2655 3071 apostolicum
2685 3002 2816 3057 illud
2840 3002 2939 3059 tibi
2968 3002 3023 3057 in
3041 3010 3281 3058 mentem
3307 3003 3495 3058 venire
3522 3018 3632 3057 non

2048 3094 2251 3161 debuit,
2282 3094 2427 3163 quod
2454 3095 2655 3150 dictum
2681 3103 2765 3151 est
2794 3112 2808 3148 :
2839 3094 2910 3149 Et
2946 3097 2993 3150 si
3027 3097 3254 3151 exterior
3279 3096 3431 3151 homo
3460 3102 3635 3150 noster

2049 3186 2414 3254 corrumpitur,
2442 3185 2534 3240 sed
2558 3187 2777 3241 interior
2814 3196 3093 3242 renovatur
3137 3186 3205 3258 (ll
3244 3187 3362 3243 Cor.
3395 3204 3467 3254 IV,
3500 3186 3636 3259 16)?

2048 3278 2220 3333 Omne
2247 3279 2393 3347 quod
2420 3287 2525 3345 est,
2556 3287 2613 3355 ut
2638 3278 2876 3335 breviter
2897 3279 3095 3355 dicam,
3124 3288 3219 3335 aut
3246 3280 3298 3335 in
3324 3295 3385 3337 se
3412 3288 3512 3347 est,
3542 3288 3636 3335 aut

2052 3369 2373 3439 subjectum,
2406 3378 2500 3424 aut
2545 3348 2871 3440 in’subjecto
2912 3348 3013 3427 est.
3061 3370 3118 3426 In
3165 3387 3224 3427 se
3252 3380 3335 3428 est
3378 3372 3540 3427 Deus.
3576 3372 3637 3428 In

360 3458 416 3514 in
443 3458 601 3515 oculo
632 3454 744 3515 to‘ta
774 3460 939 3527 vivit,
983 3468 1039 3515 et
1067 3476 1164 3530 per
1192 3464 1408 3517 oculum
1439 3473 1552 3519 tota
1586 3465 1761 3532 videt;
1797 3466 1871 3522 ita
1894 3476 1953 3522 et
1976 3445 2025 3511 (ἶ
2056 3460 2216 3516 rebus
2257 3462 2631 3532 corporalibus
2660 3463 2963 3532 subjectum
3011 3472 3094 3518 est
3119 3476 3316 3533 corpus
3337 3504 3352 3529 ,
3394 3471 3451 3518 et
3486 3464 3639 3519 color

362 3548 417 3603 in
442 3548 610 3619 digito
641 3557 754 3605 tota
783 3551 936 3615 vivit,
963 3560 1019 3605 et
1047 3566 1143 3621 per
1168 3551 1391 3621 digitum
1419 3563 1531 3610 tota
1560 3557 1741 3610 sentit.
1771 3558 1877 3612 Aut
1903 3558 1950 3613 si

361 3637 604 3696 fortassis
631 3640 710 3696 sic
738 3649 851 3695 tota
897 3641 951 3696 in
977 3640 1145 3710 digito
1174 3643 1358 3709 sentit,
1409 3653 1469 3698 ut
1514 3653 1627 3699 tota
1666 3662 1773 3702 non
1797 3634 1869 3703 sit
1897 3650 1951 3705 in

362 3731 562 3802 digito;
591 3734 759 3789 sentit
785 3747 916 3804 ergo
965 3743 1077 3789 tota
1107 3735 1198 3789 ubi
1235 3744 1348 3791 tota
1379 3751 1484 3792 non
1515 3745 1627 3805 est,
1659 3748 1715 3794 et
1741 3748 1823 3794 est
1862 3740 1952 3797 ubi

362 3838 471 3878 non
501 3831 603 3879 est.
636 3823 743 3878 Aut
772 3822 933 3893 igitur
965 3832 1077 3879 tota
1101 3824 1205 3879 crit
1231 3825 1410 3881 anima
1438 3826 1489 3881 in
1519 3829 1767 3898 corporis
1799 3839 1954 3901 parte

363 3914 585 3970 minima
610 3955 625 3981 ,
658 3930 779 3971 cum
810 3915 1157 3972 nihilominus
1188 3916 1242 3971 in
1274 3926 1388 3974 toto
1414 3918 1485 3973 sit
1512 3928 1626 3974 tota
1650 3965 1665 3990 ,
1698 3930 1791 3977 aut
1829 3937 1952 3979 cum

364 4011 482 4059 tota
510 4006 707 4059 sentiat
733 4006 822 4060 ubi
851 4014 960 4062 tota
991 4022 1097 4062 non
1138 4018 1239 4063 est.
1284 4007 1381 4065 Est
1421 4024 1551 4079 ergo
1582 4020 1693 4068 tota
1723 4013 1813 4069 ubi
1841 4030 1951 4071 non

365 4102 452 4150 est
492 4101 625 4150 tota.
670 4094 777 4151 Sed
820 4096 888 4151 de
926 4097 1027 4153 hoc
1055 4108 1110 4154 et
1139 4099 1190 4153 in
1232 4101 1406 4170 primo
1453 4101 1592 4158 libro
1633 4106 1952 4177 quamplura

366 4184 617 4252 disserui,
646 4194 703 4242 et
722 4186 775 4241 in
803 4188 1023 4243 secundi
1054 4190 1316 4262 principio
1344 4209 1453 4249 non
1484 4210 1657 4265 pauca
1679 4200 1908 4268 prmmisi
1935 4218 1950 4255 :

366 4277 421 4332 in
444 4292 566 4348 qua:
592 4277 638 4332 si
667 4278 939 4350 quispiam
968 4281 1196 4338 solerter
1216 4283 1527 4353 intenderit,
1555 4288 1623 4343 ad
1652 4290 1795 4347 hunc
1814 4292 1958 4348 vide-

367 4366 495 4423 licet
522 4367 701 4423 locum
724 4385 833 4425 non
860 4370 1008 4427 rudis
1031 4374 1249 4430 accedet
1283 4393 1296 4428 :
1328 4375 1701 4435 dimcillimum
1722 4396 1956 4452 namque

367 4465 455 4514 est
482 4458 802 4530 incorporea
830 4464 1206 4534 contemplari,
1236 4467 1363 4537 quia
1396 4468 1557 4524 lallax
1587 4470 1733 4527 visus
1760 4488 1956 4543 corpo-

368 4549 565 4605 ralium
594 4565 849 4608 sensuum
876 4553 953 4609 ita
980 4566 1205 4625 peccato
1250 4558 1466 4615 oculum
1497 4562 1776 4620 imbecilla:
1805 4580 1959 4621 men-

372 4640 443 4696 tis
470 4641 731 4709 obnubit;
758 4650 820 4698 ut
846 4658 965 4699 cum
992 4660 1053 4701 se
1078 4647 1166 4702 vel
1203 4647 1375 4703 Deum
1416 4653 1774 4724 contemplari
1800 4655 1918 4711 vult
1938 4694 1955 4721 ,

2054 3546 2301 3624 corporis
2329 3554 2381 3608 in
2410 3554 2671 3622 subjecto.
2704 3553 2760 3607 In
2795 3554 3129 3623 incorporeis
3156 3555 3365 3610 animus
3392 3564 3446 3610 et
3478 3555 3639 3609 disci-

2057 3645 2233 3714 plina;
2276 3659 2395 3713 quae
2436 3645 2507 3698 ita
2549 3645 2651 3700 sibi
2690 3660 2830 3699 nexa
2859 3652 3021 3708 sunt,
3069 3652 3128 3698 ut
3154 3659 3255 3700 nec
3291 3645 3409 3700 sine
3453 3646 3639 3702 colore

2054 3754 2272 3809 corpus,
2319 3753 2420 3794 nec
2447 3738 2563 3793 sine
2606 3737 2886 3807 disciplina
2933 3737 3005 3792 sit
3041 3737 3378 3792 rationabilis
3405 3738 3633 3794 animus.

2056 3829 2216 3887 Modo
2273 3839 2331 3886 tu
2379 3828 2577 3885 videris
2608 3870 2623 3895 ,
2674 3828 2767 3898 qui
2816 3828 3051 3882 animam
3094 3842 3294 3897 corpus
3358 3842 3478 3882 esse
3506 3867 3523 3893 ,
3582 3836 3641 3884 et

2056 3925 2300 3980 eamdem
2327 3922 2685 3996 superjectam
2730 3921 2785 3977 in
2824 3919 3072 3990 subjecto
3099 3935 3329 3991 corpore
3373 3920 3639 3976 contineri

2055 4017 2267 4085 credis;
2300 4026 2605 4073 utrumnam
2644 4013 2877 4085 probare
2904 4013 3181 4069 valeamus
3226 4027 3448 4068 manere
3490 4012 3638 4082 quod

2056 4108 2111 4163 in
2133 4108 2380 4178 subjecto
2402 4116 2503 4174 est,
2536 4108 2653 4178 ipso
2673 4108 2977 4162 intereunte
2996 4103 3260 4174 subjecto.
3288 4102 3425 4171 Quia
3447 4105 3493 4160 si
3516 4119 3638 4161 cor-

2054 4214 2191 4270 pore
2217 4201 2554 4266 continetur,
2580 4199 2695 4269 ipsa
2724 4198 2779 4252 in
2807 4213 2906 4253 suo
2928 4196 3233 4269 superiecta
3263 4195 3506 4265 subjecto
3533 4203 3636 4262 est,

2058 4306 2159 4347 nec
2184 4306 2404 4347 manere
2428 4291 2631 4362 poterit
2654 4305 2772 4360 qua:
2798 4290 3124 4357 continetur,
3148 4288 3241 4344 illo
3267 4296 3529 4359 pereunte
3547 4288 3641 4359 qui

2057 4383 2317 4438 continet.
2350 4382 2458 4439 Sed
2484 4382 2614 4438 dicit
2636 4381 2927 4453 Apostolus
2959 4399 2972 4435 :
3004 4380 3388 4437 Veteraseente
3413 4394 3642 4450 corpore

2058 4474 2307 4529 renovari
2349 4473 2583 4528 animam
2617 4493 2629 4527 :
2675 4484 2702 4513 ιι
2733 4484 3022 4545 corrupto,
3052 4489 3206 4545 teque
3233 4472 3475 4530 solidari.
3523 4471 3642 4528 Non

2058 4581 2188 4637 ergo
2217 4580 2447 4636 corpore
2474 4568 2800 4623 continetur.

2132 4659 2196 4715 ll.
2221 4659 2429 4715 Vereor
2463 4674 2532 4715 ne
2548 4659 2610 4715 et
2636 4661 2759 4717 istic
2786 4662 3039 4730 opinatus
3063 4661 3296 4717 videaris
3324 4676 3496 4716 novus
3520 4674 3645 4715 aca-

368 4732 663 4804 imaginum
690 4750 1075 4807 corporearum
1102 4740 1352 4797 velamen
1391 4744 1537 4813 quod
1564 4745 1667 4801 sibi
1707 4749 1959 4818 prietexi-
1980 4818 2020 4822 _
2059 4752 2317 4818 demicus,
2341 4750 2434 4822 qui
2462 4758 2519 4806 et
2543 4766 2664 4806 cum
2692 4751 3014 4808 academicis
3038 4752 3173 4807 nihil
3205 4752 3368 4817 scias,
3390 4759 3447 4807 et
3474 4751 3541 4805 de
3560 4750 3644 4805 his

372 4834 480 4893 tur,
516 4828 690 4884 solum
709 4828 909 4896 videat,
936 4846 1061 4886 cum
1090 4839 1238 4889 trans
1261 4834 1391 4891 illud
1416 4836 1599 4893 videre
1626 4853 1735 4894 non
1763 4841 1952 4909 possit.
1979 4818 2038 4881 Ῑ)
2059 4858 2179 4915 qua:
2226 4818 2403 4900 nescis
2448 4843 2564 4899 sine
2603 4845 2950 4900 cunctatione
2988 4841 3229 4899 deﬁnias.
3262 4842 3399 4898 Vide
3426 4856 3494 4895 ne
3532 4857 3641 4895 non

369 4916 623 4988 Quisquis
667 4934 799 4981 ergo
840 4921 1161 4980 difﬁcultate
1188 4925 1414 4982 visionis
1440 4928 1601 4999 hujus
1644 4929 1952 5000 oﬂ‘enditur,

368 5008 605 5064 studium
645 5019 808 5083 atque
848 5028 985 5083 opus
1013 5014 1285 5085 insumat,
1330 5034 1440 5074 non
1471 5028 1530 5074 ut
1572 5021 1956 5081 calumniatum

370 5104 480 5164 eat,
510 5100 603 5155 sed
633 5110 693 5157 ut
718 5105 937 5175 purgari
964 5105 1163 5162 valeat.

436 5188 503 5245 ll.
533 5188 644 5249 Nec
671 5201 852 5250 tamen
884 5206 1099 5266 egomet
1124 5199 1198 5254 ita
1227 5214 1348 5256 sum
1376 5202 1573 5261 oblitus
1597 5206 1731 5273 mei,
1761 5216 1820 5263 ut
1846 5224 1955 5265 non

367 5280 642 5352 languoris
682 5300 847 5356 quam
886 5289 1132 5346 sanitatis
1159 5292 1391 5363 amplius
1431 5294 1608 5351 inesse
1650 5297 1782 5353 mihi
1829 5314 1956 5355 sen-

368 5374 516 5430 tiam.
548 5376 936 5455 Verumtamen
965 5380 1110 5439 hanc
1149 5396 1239 5441 me
1275 5386 1587 5456 opinionem
1629 5406 1734 5461 qua
1762 5408 1959 5464 corpus

366 5468 605 5526 creditur
628 5472 829 5539 anima,
858 5488 981 5531 cum
1010 5478 1307 5548 puerilibus
1334 5482 1489 5538 annis
1517 5484 1752 5541 evasisse
1778 5485 1957 5543 delec-

368 5564 478 5627 tat;
521 5562 647 5651 quia
692 5570 822 5620 tunc
868 5581 990 5622 cum
1038 5570 1301 5640 opinabar
1324 5612 1342 5641 ,
1394 5575 1581 5645 utique
1622 5578 1951 5637 nesciebam.

440 5759 467 5789 ⁸
497 5749 610 5819 AL,
638 5760 976 5823 corruptaque
1001 5751 1240 5807 solidari.
1322 5779 1331 5785 -

2059 4952 2256 5008 corpus
2285 4935 2562 4991 contineat
2581 4937 2837 5001 animam,
2866 4936 2963 4993 sed
2982 4938 3325 4993 contineatur
3344 4934 3413 4988 ab
3441 4931 3639 4985 anima.

2061 5027 2177 5084 Hoc
2201 5042 2397 5098 nempe
2424 5036 2682 5101 corrupto
2713 5029 2802 5083 illa
2831 5029 3111 5090 solidatur,
3137 5027 3278 5082 sicut
3302 5022 3431 5078 illud
3460 5020 3644 5076 itidem

2060 5121 2220 5191 hujus
2256 5122 2549 5179 amissione
2588 5124 2919 5179 dissolvitur.
2950 5122 3043 5174 Illa
3084 5120 3201 5174 sine
3234 5118 3340 5172 hoc
3368 5116 3500 5170 vivit
3527 5130 3645 5172 me-

2063 5214 2184 5279 lius,
2212 5215 2317 5270 hoc
2344 5216 2461 5271 sine
2490 5216 2579 5270 illa
2610 5231 2710 5271 nec
2734 5212 2908 5284 pejus.
2938 5209 3115 5279 Atque
3144 5215 3204 5263 ut
3231 5222 3299 5263 ex
3326 5207 3409 5262 his
3436 5205 3647 5263 duobus

2065 5306 2259 5376 quibus
2282 5308 2450 5362 conlit
2477 5308 2714 5362 humana
2734 5301 3059 5367 substantia,
3079 5299 3209 5371 quid
3234 5300 3289 5355 in
3317 5316 3426 5372 quo
3451 5300 3521 5357 sit
3540 5316 3649 5356 non

2067 5396 2383 5469 argumento
2408 5400 2527 5457 solo
2550 5401 2746 5469 vigeat,
2778 5395 2874 5452 sed
2897 5395 3065 5451 etiam
3095 5395 3418 5452 auctoritate
3450 5394 3650 5450 clareso

2066 5499 2187 5558 cat;
2231 5493 2607 5563 propheticum
2633 5503 2851 5559 quoque
2877 5488 3248 5545 testimonium
3289 5486 3646 5558 proferamus.

2065 5584 2155 5641 Ait
2178 5598 2412 5656 namque
2443 5601 2456 5637 :
2488 5582 2683 5653 Corpus
2701 5582 2840 5654 quod
2858 5584 3226 5655 corrumpitur,
3256 5585 3509 5653 aggraeut
3531 5575 3649 5631 ani-
