4238 6260
641 331 747 387 763

1824 318 1832 319 7
1891 313 1894 318 ’
1931 313 2245 373 ΙΔΗΕΒΤΙ
2283 312 2650 374 CLAUDIAM

3800 310 3917 388 iet

638 464 777 504 mam
817 447 971 518 (δαν.
1000 461 1075 511 rx,
1105 441 1219 513 l5).
1255 441 1331 497 Ac
1352 441 1512 497 nobis
1801 434 2095 490 videndum
2116 439 2218 496 est,
2252 431 2301 491 Α
2327 441 2412 488 εει
2441 437 2618 505 spatii,
2644 437 2880 507 intellige
2899 439 2954 494 in
2984 439 3106 496 loco
3136 455 3254 496 esse
3281 455 3445 512 posse
3462 442 3582 499 siue
3605 443 3751 502 loco.
3776 443 3918 512 Quia

642 533 946 605 utrumnam
973 536 1102 592 illud
1131 531 1405 604 aggravet,
1439 531 1585 602 quod
1624 531 1677 585 in
1705 542 2012 598 quoquam;
2056 540 2122 580 an
2155 523 2222 578 il-

641 633 729 690 lud
775 633 827 685 in
856 645 962 698 quo
991 626 1228 697 quidque
1255 633 1358 680 est.
1406 624 1463 678 Si
1495 621 1619 676 illud
1649 620 1705 674 in
1732 633 1842 688 quo
1884 615 2083 685 aliquid
2113 622 2217 678 est,

639 727 878 787 levatur;
910 729 936 757 ι
972 730 1103 786 ergo
1127 717 1368 787 pondere
1393 714 1628 784 quidque
1655 717 1932 768 oneratur.
1966 706 2059 760 Sin
2088 719 2219 760 vero

618 815 768 874 illud
811 821 1065 882 aggravet
1090 810 1236 879 quod
1277 809 1332 864 in
1361 807 1560 877 aliquo,
1592 819 1700 861 non
1729 801 1860 859 illud
1885 801 1941 854 in
1979 813 2089 868 quo
2117 797 2218 851 ali-

637 911 765 981 quid
795 917 905 974 est;
939 906 1109 976 magis
1138 906 1191 960 in
1220 905 1398 958 anima
1427 909 1511 956 est
1548 912 1748 969 corpus
1790 896 1936 966 quod
1965 900 2218 963 aggravat

637 1003 889 1064 animam,
913 1015 1075 1068 quam
1097 999 1148 1052 in
1178 1009 1407 1065 corpore
1428 993 1608 1046 anima
1628 1005 1748 1060 quae
1767 995 2020 1057 gravatur
2041 1001 2071 1040 a
2093 1001 2188 1040 cor
2203 1015 2216 1024 -

637 1113 771 1170 pore
803 1115 815 1149 :
849 1109 985 1151 onus
1032 1091 1279 1148 videlicet
1307 1089 1362 1143 in
1391 1087 1690 1158 portitore,
1740 1099 1846 1137 non
1892 1080 2125 1150 portitor
2163 1078 2217 1132 in

560 1184 563 1186 ’
636 1169 823 1248 onere.
847 1188 978 1254 Qua:
996 1200 1120 1242 cum
1146 1185 1219 1240 ita
1241 1181 1369 1245 sint,
1391 1192 1639 1247 magnam
1662 1175 1852 1229 animae
1878 1171 2113 1230 auctoris
2133 1169 2216 1224 sui

553 1345 555 1348 ,
637 1285 814 1338 inesse
841 1276 1263 1339 similitudinem,
1294 1272 1530 1326 tnaximo
1559 1268 1685 1323 illud
1715 1266 1913 1322 indicio
1941 1272 2044 1325 est,
2073 1259 2218 1330 quod

617 1391 737 1444 .pro
765 1370 1114 1427 similitudine
1141 1368 1276 1422 sicut
1305 1363 1589 1419 illocalitcr
1616 1359 1846 1415 mundus
1885 1357 1939 1411 in
1968 1357 2080 1410 Deo
2111 1361 2211 1419 est,

636 1464 717 1520 sic
745 1462 1028 1520 illocalitcr
1046 1473 1243 1526 corpus
1271 1457 1323 1510 in
1353 1455 1549 1508 anima.

705 1555 792 1612 ιιι.
832 1551 985 1608 Nunc
1003 1546 1295 1604 sciscitanti
1325 1544 1454 1600 mihi
1481 1551 1612 1612 peto
1631 1539 1958 1610 respondeas
1983 1555 1995 1590 :
2041 1536 2097 1592 Si
2125 1535 2211 1590 lo-

635 1646 825 1704 caliter
868 1644 1008 1697 intra
1052 1653 1247 1708 corpus
1297 1644 1381 1691 est
1433 1635 1629 1699 anima,
1673 1630 1946 1702 quomodo
1974 1629 2217 1685 continet

635 1737 867 1808 corpus?
893 1735 1091 1790 Notum
1121 1745 1312 1800 nempe
1340 1736 1439 1792 est,
1495 1741 1724 1796 corpore
1770 1721 2036 1779 contineri
2081 1720 2214 1775 nihil

2323 525 2368 579 si
2400 525 2528 581 illud
2555 526 2702 598 quod
2732 529 2904 584 locale
2933 538 3036 595 est,
3065 531 3118 585 in
3162 533 3284 587 loco
3311 540 3426 598 est;
3459 534 3631 589 multo
3655 537 3831 589 minus
3863 538 3918 588 in

2323 616 2445 674 loco
2473 633 2581 672 non
2611 627 2711 686 est,
2745 619 2889 690 quod
2911 621 3085 677 locale
3112 639 3217 678 non
3247 631 3351 679 est.
3673 622 3679 629 ’

2945 723 3178 789 CAPUT
3211 732 3283 790 IV

2323 819 2470 876 Sicut
2495 824 2672 876 anima
2703 825 2978 897 illocalitcr
2997 826 3216 897 discedit
3236 845 3269 880 α
3299 843 3517 897 corpore
3554 836 3611 881 ut
3657 831 3921 884 moriatur

2391 908 2610 962 corpus;
2649 897 2722 947 sic
2761 895 3005 950 divinitas
3051 894 3244 950 Christi
3272 894 3548 952 illocalitcr
3575 897 3814 954 discessit
3867 909 3924 952 ut

2391 972 2676 1017 moreretur
2699 963 2870 1020 Filius
2901 965 2998 1020 Dei
3028 965 3259 1022 Christus
3281 969 3335 1022 in
3362 983 3534 1024 cruce.

2391 1077 2496 1133 Sed
2555 1077 2695 1134 istud
2751 1079 3048 1151 quamlibet
3077 1081 3311 1146 clareat,
3347 1082 3616 1153 intelligas
3647 1095 3668 1122 ε
3701 1098 3880 1140 necne
3907 1125 3921 1148 ,

2319 1168 2673 1224 dubitaverim
2709 1190 2720 1224 :
2753 1169 2881 1225 illud
2913 1187 3041 1226 vero
3071 1173 3215 1243 quod
3246 1189 3312 1228 eo
3345 1190 3512 1246 usque
3540 1183 3622 1230 est
3648 1175 3914 1247 simplicis

2319 1264 2737 1333 consequentia,
2762 1269 2822 1316 ut
2841 1264 3043 1333 agnitio
3064 1261 3198 1333 ejus,
3223 1280 3334 1320 non
3357 1263 3543 1331 dicam,
3569 1267 3622 1320 in
3643 1275 3911 1339 promptu

2320 1353 2407 1416 sit,
2460 1353 2553 1408 sed
2609 1370 2676 1407 uc
2707 1354 2862 1408 vitari
2891 1354 3107 1424 quidem
3140 1354 3294 1411 facile
3324 1356 3517 1424 valeat,
3547 1356 3621 1412 sic
3651 1358 3910 1429 elapsum

2321 1446 2414 1501 tibi
2448 1448 2578 1501 satis
2607 1448 2791 1502 mirari
2819 1461 3050 1519 nequeo.
3085 1443 3110 1484 ἀ
3144 1449 3288 1504 Dicis
3330 1450 3508 1519 itaque
3528 1466 3720 1522 corpus
3745 1449 3912 1506 Chri-

2319 1539 2384 1593 sti
2442 1554 2561 1593 cum
2617 1539 2856 1609 patibulo
2913 1539 3178 1594 sublatum
3236 1548 3337 1607 est,
3369 1541 3658 1596 animatum
3684 1541 3903 1597 fuisse:

2318 1630 2624 1683 exanimum
2653 1645 2784 1684 vero
2815 1646 2935 1685 cum
2966 1631 3213 1701 sepulcro
3243 1631 3552 1686 mandatum
3587 1650 3599 1683 :
3650 1638 3906 1702 propter-

2317 1735 2423 1792 que
2477 1722 2584 1777 hoc
2632 1721 2774 1793 quod
2824 1723 3120 1791 negandum
3173 1740 3279 1777 non
3311 1732 3414 1791 est,
3448 1723 3710 1780 acuminis
3739 1739 3903 1794 argu-

611 1846 795 1905 ,posse
821 1841 1162 1899 corporeum,
1194 1823 1291 1879 nisi
1318 1819 1464 1891 quod
1504 1817 1745 1874 continet
1761 1815 2009 1872 exterius
2044 1814 2133 1878 sit,
2161 1820 2216 1868 et
2245 1807 2293 1868 Β
2319 1821 2503 1870 mento
2533 1815 2609 1868 tui
2644 1815 2828 1870 localis
2853 1816 2957 1870 erit
2986 1817 3214 1882 animus,
3246 1817 3372 1886 quia
3402 1815 3681 1872 viviﬁcare
3700 1816 3903 1873 Christi

543 1988 545 1991 ,
635 1923 780 1995 quod
831 1921 1136 1977 continetur
1180 1915 1425 1973 interius.
1475 1912 1664 1966 Anima
1715 1925 1861 1973 vero,
1892 1919 1951 1963 ut
1979 1907 2212 1995 afﬁrmas

619 1991 773 2087 ipse,
801 2025 1061 2082 corporea
1085 2006 1356 2078 quomodo
1378 2005 1516 2060 intra
1547 2017 1742 2072 corpus
1769 2000 1939 2056 estad
1961 1999 2014 2054 id
2039 1991 2210 2052 viviti-

635 2107 886 2173 candum,
918 2112 976 2159 et
1021 2109 1172 2159 extra
1193 2114 1390 2169 corpus
1412 2096 1478 2152 ad
1496 2094 1918 2152 continendum?
1945 2094 2024 2147 An
2055 2091 2213 2145 forsi-

637 2209 727 2256 tan
754 2199 833 2254 sic
853 2178 1088 2252 exterius
1114 2192 1373 2256 continet,
1399 2197 1458 2245 ut
1477 2187 1716 2244 exterius
1745 2202 1851 2241 non
1881 2187 1986 2239 sit?
2013 2184 2215 2238 Rursus

638 2281 799 2361 ἷϐἱιιιτ
827 2291 881 2345 in
921 2289 1066 2343 illam
1097 2285 1386 2353 redigimur
1431 2279 1819 2344 diliicultatem,
1851 2285 1909 2331 ut
1937 2285 2027 2331 aut
2054 2276 2124 2329 sit
2148 2276 2214 2330 il-

637 2382 880 2439 localitcr
924 2386 1077 2434 extra
1119 2391 1334 2446 corpus,
1392 2381 1450 2427 ut
1499 2372 1774 2427 contineat
1801 2375 2144 2438 corpus;aut
2171 2367 2214 2422 si

636 2471 881 2528 continet
923 2467 1012 2524 ubi
1059 2480 1166 2523 non
1193 2474 1296 2529 est,
1327 2464 1397 2520 sit
1424 2463 1514 2517 ubi
1541 2477 1649 2515 non
1679 2469 1780 2515 est.
1811 2458 1917 2514 Sed
1945 2458 2081 2512 ratio
2105 2457 2217 2511 haec

639 2573 693 2620 te
730 2563 955 2618 forsitan
983 2561 1065 2616 sui
1105 2559 1346 2615 novitate
1386 2555 1659 2612 sollicitet.
1691 2551 1896 2620 Evigila
1925 2550 2213 2620 paulisper,

639 2673 720 2722 ac,
751 2656 797 2710 si
836 2663 1010 2725 potes,
1044 2653 1292 2708 intuere:
1325 2650 1371 2705 si
1393 2665 1502 2705 non
1530 2655 1702 2718 potes,
1734 2646 2000 2701 admirare
2039 2644 2217 2697 incor—

609 2746 790 2818 ‘porei
818 2744 1136 2816 potentiam,
1166 2749 1222 2796 ut
1261 2755 1456 2810 corpus
1503 2745 1718 2793 moveat
1745 2744 1995 2800 stantem,
2028 2743 2084 2788 et
2111 2749 2218 2788 non

640 2837 772 2892 locis
800 2835 918 2890 loca
947 2833 1201 2902 quaelibet
1230 2830 1537 2893 adeuntem,
1582 2828 1636 2882 in
1669 2827 1966 2894 iisdemque
1997 2825 2128 2880 locis
2157 2823 2220 2876 il-

640 2927 882 2982 localitcr
902 2931 1169 2993 agentem.
1201 2921 1348 2977 istud
1375 2922 1422 2976 si
1448 2932 1671 2976 cernere
1702 2917 1958 2988 quiveris,
1988 2929 2096 2970 non
2123 2930 2220 2969 no-

641 3018 721 3072 his
750 3017 982 3071 animam
1011 3013 1200 3068 Lauri
1228 3027 1327 3082 pro
1354 3011 1588 3082 quadam
1627 3007 1950 3065 abscedendi
1993 3006 2221 3061 redeun-

640 3106 801 3175 dique
821 3105 1114 3168 loealitate,
1137 3103 1302 3158 veluti
1327 3101 1594 3171 quoddam
1617 3115 1814 3169 corpus
1834 3113 2102 3169 oppones;
2126 3096 2220 3151 sed

2315 1923 2510 1977 corpus
2539 1907 2904 1962 alternaverit.
2939 1907 3048 1962 Sub
3079 1906 3237 1977 hujus
3266 1923 3396 1977 ergo
3425 1901 3752 1964 necessitate
3779 1924 3905 1964 sen-

2317 1999 2497 2052 tentia:
2516 1998 2682 2052 Deum
2694 2013 2907 2069 quoque
2928 1998 3156 2069 profano
3184 2015 3317 2054 ausu
3345 1999 3575 2055 localem
3600 2001 3902 2066 credemus,

2314 2091 2407 2160 qui
2436 2096 2493 2145 et
2520 2091 2574 2143 in
2603 2090 2819 2144 Christo
2840 2105 2962 2145 cum
2990 2089 3274 2144 cruciﬁxus
3295 2097 3397 2156 est,
3426 2089 3543 2154 fuit,
3577 2097 3634 2144 et
3653 2091 3900 2146 eumdem

2316 2183 2370 2236 in
2425 2183 2673 2252 passione
2729 2178 3031 2252 dereliquit.
3091 2181 3210 2250 Ipse
3264 2196 3479 2251 quoque
3536 2181 3795 2236 Dominus
3834 2183 3905 2238 de

2317 2291 2477 2330 cruce
2505 2275 2755 2329 clamavit
2787 2292 2799 2326 :
2833 2273 2977 2328 Deus
3020 2290 3180 2340 meus,
3228 2289 3386 2346 quare
3423 2290 3505 2328 me
3544 2273 3858 2347 dereliquiin
3880 2276 3906 2328 Ρ

2317 2370 2375 2423 Si
2404 2369 2545 2425 enim
2595 2385 2701 2424 non
2726 2369 2993 2433 discessit,
3036 2383 3148 2422 non
3178 2367 3490 2436 dereliquit;
3523 2368 3570 2422 si
3597 2367 3902 2438 dereliquit,

2320 2460 2504 2528 utique
2535 2460 2799 2514 discessit.
2833 2457 3019 2527 Objice
3046 2473 3188 2512 nunc
3215 2457 3375 2525 igitur
3406 2457 3737 2513 localitatem
3766 2458 3902 2514 Deo.

2317 2551 2616 2619 Contiguus
2664 2551 2912 2606 videlicet
2937 2549 3134 2618 gradus
3163 2556 3265 2612 est,
3300 2558 3369 2601 ut
3395 2548 3463 2602 ab
3494 2547 3688 2616 injuria
3717 2545 3906 2603 simili-

2321 2645 2521 2699 tudinis
2550 2645 2644 2699 Dei
2675 2643 2867 2698 feraris
2915 2643 2966 2696 in
2998 2643 3197 2706 Deum;
3240 2650 3297 2695 ct
3346 2641 3435 2710 qui
3458 2640 3682 2695 infamas
3708 2640 3905 2708 imagi-

2322 2752 2465 2799 nem,
2515 2737 2748 2791 lacessas
2777 2743 3072 2789 auctorem.
3106 2731 3256 2788 Sicut
3295 2746 3423 2800 ergo
3463 2730 3745 2786 illocalitas
3784 2728 3902 2786 Deo

2321 2844 2430 2882 non
2461 2827 2732 2890 adimitur,
2765 2825 2909 2896 quod
2939 2825 3212 2879 hominem
3252 2821 3518 2878 Christum
3571 2819 3904 2877 discedendo

2321 2921 2590 2984 deseruit;
2622 2920 2700 2974 sic
2728 2918 2904 2972 anima
2933 2915 3262 2971 illocalitatis
3274 2912 3609 2983 privilegium
3626 2927 3740 2967 non
3752 2912 3906 2967 amit-

2324 3016 2405 3081 tit,
2436 3029 2559 3070 cum
2589 3026 2820 3082 corpore
2849 3011 3120 3065 moriente
3156 3007 3400 3064 discedit.

2942 3122 3173 3182 CAPUT
3211 3124 3274 3178 V.

642 3196 884 3290 έθωξθω
903 3210 1100 3264 corpus
1120 3193 1236 3290 {Ejus
1256 3195 1578 3261 incorporeo
1607 3200 1885 3290 vel}???
1902 3198 2056 3290 ξιξῗω
2082 3188 2221 3290 ‘39"
2247 3180 2291 3241 Ο
2326 3221 2451 3278 Non
2495 3222 2670 3278 Maria
2714 3178 3004 3275 Gabrieleiu
3045 3178 3280 3290 uegetam
3317 3220 3374 3272 in
3403 3233 3466 3290 en
3493 3215 3776 3290 substantia
3801 3178 3902 3284 oua

641 3287 884 3345 localiter
939 3286 1254 3348 excessisse,
1307 3297 1627 3351 rursumque
1673 3281 1740 3336 ad
1791 3279 1919 3336 illud
1940 3278 2223 3334 illocalitcr

641 3379 863 3435 rediisse
891 3391 1203 3452 cognosces.
1315 3357 1328 3373 ³
1633 3367 1644 3382 ‘

711 3470 798 3526 IV.
840 3468 956 3523 Jam
986 3468 1032 3523 si
1079 3468 1176 3524 tibi
1197 3467 1420 3522 visionis
1449 3466 1672 3535 hujusce
1699 3467 1965 3520 sincerum
1993 3463 2224 3519 veritate

641 3561 912 3626 claruerit,
940 3558 1083 3614 nulla
1105 3558 1417 3630 quaestionis
1437 3555 1751 3612 diﬁicultate
1771 3555 2074 3625 jactabere;
2098 3569 2224 3624 qua-

643 3662 796 3708 tenus
825 3650 1006 3705 auima
1035 3664 1264 3720 corpore
1293 3649 1469 3719 posito
1496 3647 1781 3703 illocalitcr
1820 3661 1940 3701 esse
1969 3645 2139 3716 possit
2169 3646 2223 3700 in

640 3743 861 3800 mundo.
893 3742 1029 3810 Quia
1058 3742 1135 3798 sic
1182 3741 1286 3795 erit
1333 3739 1618 3796 illocalitcr
1657 3741 1709 3793 in
1755 3738 1994 3809 qualibet
2041 3738 2222 3792 mundi

641 3843 814 3907 parte,
867 3836 1006 3890 sicut
1053 3833 1334 3889 illocalitcr
1380 3832 1480 3886 fuit
1507 3833 1559 3886 in
1600 3845 1844 3900 corpore.
1901 3829 1980 3883 Tu
2011 3845 2138 3884 vero
2170 3829 2218 3882 in

641 3925 1005 3998 pnejudicium
1031 3926 1242 3994 generis
1265 3923 1564 3980 animarum
1588 3923 1848 3984 oumium,
1877 3919 2070 3975 Christi
2091 3935 2224 3988 quo-

641 4033 747 4088 que
801 4017 1032 4072 animam
1089 4015 1317 4071 localem
1347 4027 1774 4083 corporeamque
1802 4011 2136 4081 pronuntias,
2168 4018 2223 4065 et

641 4123 835 4178 corpus
864 4108 998 4162 dicis
1026 4105 1408 4160 esseanimam
1437 4101 1832 4172 Redemptoris,
1863 4115 1984 4153 cum
2016 4114 2124 4153 non
2155 4099 2222 4153 sit

642 4198 818 4253 anima
874 4195 1113 4267 pecudis.
1171 4193 1280 4248 Sed
1327 4194 1371 4250 si
1399 4195 1538 4247 forte
1582 4190 1896 4253 contendas,
1950 4190 2221 4259 quomodo

643 4278 820 4344 anima
875 4295 930 4343 et
980 4288 1036 4342 in
1090 4287 1211 4341 loco
1241 4293 1340 4350 est,
1374 4291 1432 4340 et
1459 4283 1644 4337 localis
1669 4297 1781 4337 non
1810 4288 1923 4346 est;
1955 4289 2011 4336 et
2036 4295 2136 4348 ego
2169 4290 2219 4336 te

643 4389 827 4437 mutua
856 4379 1250 4438 consultatione
1275 4384 1617 4446 percunctor,
1637 4375 1908 4445 quomodo
1930 4391 2221 4446 corporeus

643 4469 874 4530 mundus
902 4477 961 4524 et
988 4467 1174 4522 localis
1198 4474 1302 4530 εει,
1335 4472 1391 4526 ει
1441 4466 1494 4518 in
1525 4465 1644 4519 loco
1697 4481 1805 4521 non
1837 4475 1939 4521 est.
1973 4465 2126 4534 Quod
2174 4469 2218 4522 si

2394 3296 2602 3364 spiritus
2645 3300 2721 3347 est
2765 3293 2917 3364 vidit,
2959 3289 3049 3345 sed
3096 3287 3261 3364 careo
3302 3287 3441 3360 quod
3471 3287 3537 3341 de
3565 3303 3680 3341 aere
3718 3301 3903 3355 corpus

2397 3361 2594 3420 uisibile
2623 3363 2976 3434 temporaliter
2999 3361 3234 3430 sumpsit.

2398 3483 2440 3538 Ι.
2464 3481 2562 3538 llic
2583 3483 2696 3551 jam
2718 3495 2858 3536 nunc
2876 3479 2939 3535 ad
2962 3480 3273 3549 angelorum
3295 3489 3494 3536 statum
3514 3483 3776 3552 superbus
3796 3498 3888 3537 ora

2326 3582 2416 3630 tor
2442 3574 2729 3640 inveharis,
2776 3580 2831 3629 et
2860 3570 3163 3627 Gabrielem
3189 3572 3282 3626 tibi
3321 3573 3470 3640 quasi
3507 3573 3776 3642 quoddam
3804 3574 3904 3628 lin-

2327 3680 2447 3737 guai
2473 3667 2782 3738 praeludium
2804 3665 3011 3734 deligis,
3041 3674 3097 3719 et
3121 3665 3403 3720 declamas.
3427 3664 3546 3734 lpse
3568 3666 3909 3720 beatissimus

2325 3755 2560 3826 Gabriel,
2591 3759 2680 3827 qui
2721 3773 2779 3813 se
2806 3766 2931 3812 ante
2958 3758 3125 3812 Deum
3173 3764 3346 3812 astare
3369 3746 3612 3820 testatur,
3645 3773 3768 3811 cum
3791 3773 3906 3812 ea.»

2326 3849 2498 3904 lorum
2526 3850 2806 3904 Dominum
2834 3847 3016 3901 Mariae
3043 3845 3412 3901 infundendum
3442 3845 3735 3899 visceribus
3756 3861 3906 3899 nun-

2325 3942 2503 4007 tiaret,
2531 3955 2758 4009 cumque
2779 3941 2877 3995 sub
2898 3939 3174 3995 dominica:
3192 3937 3359 3993 oculis
3379 3936 3648 4005 genitricis
3668 3942 3900 4002 astaret;

2322 4033 2442 4087 sine
2479 4033 2641 4087 dubio
2695 4034 2832 4087 cmlo
2885 4033 3088 4097 deerat,
3137 4029 3302 4086 ma'ria
3348 4045 3453 4085 non
3495 4019 3903 4100 supervolabat,

2325 4136 2491 4177 vacua
2514 4130 2675 4190 atque
2701 4120 2891 4176 diﬂ'usa
2921 4123 3058 4178 vasti
3087 4122 3226 4177 aeris
3254 4136 3360 4175 non
3389 4108 3675 4190 implebat;
3708 4119 3805 4175 sed
3831 4121 3910 4190 ip—

2323 4227 2439 4266 sum
2486 4221 2691 4265 tantum
2730 4212 2906 4267 locum
2933 4213 2985 4267 in
3014 4225 3122 4281 quo
3153 4211 3356 4276 aderat,
3391 4210 3703 4280 occupabat.
3728 4211 3905 4265 Dilata

2324 4304 2482 4374 hujus
2500 4303 2772 4374 paululum
2797 4304 3129 4359 discussione
3148 4303 3450 4368 sententiae,
3479 4309 3682 4355 tantum
3711 4301 3907 4355 adrer-

2321 4397 2552 4452 santium
2580 4395 2983 4465 repugnantiam
3012 4395 3447 4464 prolocutionnm
3473 4399 3683 4462 stupere
3710 4405 3799 4445 me
3819 4390 3904 4444 fa-

2323 4496 2457 4542 teor.
2511 4486 2659 4542 Nunc
2696 4501 2878 4560 aerem
2925 4487 3196 4552 subtilem,
3254 4500 3396 4540 nunc
3420 4483 3664 4540 eumdem
3694 4492 3903 4538 vastum

644 4554 924 4645 mundum,
956 4557 1009 4608 ίη
1062 4556 1182 4609 ¹⁰θ⁰
1241 4569 1359 4609 esse
1406 4557 1770 4626 ι’θεροηάθΐὶεν
1803 4559 1972 4614 nihilo
2001 4559 2219 4628 εεεηίιιε
2251 4559 2299 4618 D
2319 4577 2452 4632 dicis
2476 4595 2489 4631 :
2513 4592 2655 4632 nunc
2675 4555 2925 4645 magnum
2947 4575 3129 4631 mundi
3153 4577 3350 4640 locum,
3374 4591 3534 4645 quem
3554 4577 3904 4645 proportione

641 4661 824 4718 qumro
857 4664 870 4699 :
913 4644 1086 4700 Locus
1132 4645 1188 4700 in
1215 4662 1324 4718 quo
1355 4655 1438 4703 est
1485 4649 1714 4703 mundus
1759 4660 1910 4705 extra
1941 4651 2214 4715 mundum,

641 4753 781 4793 anne
809 4738 877 4793 de
905 4737 1106 4794 mundo
1134 4737 1222 4793 sit.
1255 4737 1313 4794 Si
1344 4739 1412 4794 de
1440 4740 1661 4805 mundo,
1686 4739 1711 4778 δ
1735 4758 1845 4796 non
1873 4743 1929 4796 in
1959 4742 2049 4797 illo
2070 4758 2222 4796 mun-

640 4832 758 4898 dus,
788 4830 884 4886 sed
904 4831 959 4886 in
989 4829 1095 4885 alio
1124 4830 1239 4901 ipse
1267 4846 1389 4885 cum
1418 4831 1618 4887 mundo
1647 4839 1748 4888 est.
1773 4832 1828 4887 Si
1879 4841 2030 4888 extra
2061 4849 2219 4889 mun-

639 4925 786 4994 dum,
817 4942 1002 4982 rursus
1029 4941 1210 4996 quaero
1239 4944 1251 4978 :
1285 4936 1464 4981 utrum
1493 4927 1641 4981 locus
1659 4927 1715 4980 in
1735 4943 1841 4998 quo
1861 4935 1945 4982 est
1971 4927 2218 4990 mundus,

641 5023 696 5080 in
725 5023 844 5078 loco
873 5021 962 5077 sit.
990 5020 1094 5075 Aut
1124 5020 1285 5090 igitur
1311 5020 1451 5085 loca,
1484 5020 1588 5095 hoc
1617 5027 1720 5085 est,
1751 5035 1980 5090 corpora
2011 5018 2222 5076 inﬁnita

639 5113 924 5180 fateberis;
956 5115 1138 5184 itaque
1167 5113 1301 5181 Deo,
1332 5111 1424 5183 qui
1454 5111 1598 5166 solus
1626 5112 1865 5166 inlinitus
1890 5119 1991 5178 est,
2024 5128 2222 5183 corpus

639 5205 952 5273 mquaveris,
977 5212 1068 5258 aut
1095 5204 1355 5258 mundum
1382 5218 1493 5257 non
1540 5202 1595 5256 in
1639 5201 1760 5256 loco
1791 5217 1908 5257 esse
1934 5204 2218 5259 concedas.

640 5292 804 5348 Istam
833 5309 974 5350 nunc
999 5309 1128 5363 ergo
1175 5295 1442 5351 rationem
1471 5301 1649 5348 mente
1679 5301 1970 5362 pcrtracta,
1999 5302 2056 5350 et
2084 5297 2221 5350 sicut

641 5391 849 5440 tantum
870 5385 1133 5452 locorum,
1158 5395 1476 5458 tantumque
1500 5387 1798 5456 spatiorum
1816 5402 1935 5442 esse
1961 5388 2222 5458 perspicis

642 5489 752 5530 non
779 5475 836 5532 in
863 5475 1022 5530 loco:
1057 5477 1131 5531 ita
1159 5478 1289 5533 illud
1316 5479 1461 5549 quod
1478 5479 1680 5534 nullius
1703 5486 1786 5534 est
1807 5478 1984 5546 molis,
2020 5480 2219 5544 nullius

669 5610 675 5615 '
711 5620 739 5684 ξ
777 5611 887 5684 AL,
911 5625 1030 5682 ergo
1057 5604 1282 5684 pondere
1296 5611 1574 5684 quidquam
1606 5631 1708 5670 non
1736 5627 1998 5676 oneratur.

711 5680 738 5719 δ
776 5683 886 5749 AL,
925 5680 1029 5734 non
1065 5682 1119 5733 in
1145 5680 1354 5735 mundo.

717 5762 739 5791 ε
779 5751 870 5808 Sic
910 5752 1087 5807 locum
1132 5751 1483 5811 distinximus.
1530 5759 1638 5827 AL,
1691 5775 1846 5822 necne
1873 5766 2206 5825 dubitaverim

2323 4669 2461 4724 aeris
2491 4669 2814 4724 elementum
2855 4669 3043 4739 replet,
3075 4669 3288 4739 poetica
3318 4667 3546 4737 quadam
3575 4666 3787 4721 licentia
3809 4683 3904 4721 ra-

2321 4775 2478 4814 cuum
2509 4760 2776 4829 perhibes,
2811 4774 2911 4814 nec
2953 4759 3206 4827 intelligis
3252 4768 3479 4814 vacuum
3527 4771 3748 4827 prorsus
3781 4771 3905 4812 esse

2321 4865 2430 4906 non
2455 4866 2634 4921 posse,
2663 4851 2787 4918 quia
2832 4849 2920 4904 ubi
2970 4858 3053 4905 est
3097 4849 3316 4918 aliquid,
3359 4849 3602 4903 nonnihil
3651 4855 3751 4903 est.
3795 4847 3905 4902 Aer

2323 4953 2451 4994 vero
2498 4940 2629 4994 nihil
2676 4955 2782 4995 non
2833 4935 2944 5005 est;
2976 4940 3137 5008 igitur
3165 4938 3254 4993 ubi
3285 4953 3379 4993 aer
3405 4945 3506 5004 est,
3537 4951 3766 4993 menum
3795 4951 3905 4994 non

2319 5037 2422 5086 est.
2451 5029 2556 5086 Sed
2585 5046 2684 5086 nec
2711 5030 2840 5085 illud
2863 5041 3092 5086 vacuum
3112 5037 3258 5086 recte
3280 5042 3440 5099 posse
3459 5029 3584 5094 dici,
3605 5028 3754 5099 quod
3773 5029 3904 5084 nihil

2318 5130 2426 5187 est;
2456 5123 2580 5190 quia
2611 5122 2755 5191 quod
2785 5122 2911 5176 nihil
2943 5128 3043 5188 est,
3076 5122 3316 5191 recipere
3342 5121 3539 5190 aliquid
3570 5135 3680 5176 non
3701 5128 3898 5191 potest.

2321 5210 2551 5266 Proinde
2605 5227 2831 5268 vacuum
2888 5227 2995 5267 non
3043 5220 3142 5278 est,
3192 5213 3338 5281 quod
3363 5213 3558 5268 nullius
3593 5226 3768 5284 capax
3797 5220 3897 5267 est.

2319 5304 2453 5359 Illud
2480 5317 2610 5359 vero
2631 5319 2738 5373 quo
2768 5314 2997 5374 spectat,
3029 5303 3172 5374 quod
3200 5303 3426 5359 Matrem
3474 5304 3686 5361 Domini
3714 5303 3901 5374 appel-

2319 5398 2432 5452 lare
2459 5398 2627 5452 mavis
2651 5406 2932 5467 poetarum
2956 5413 3109 5454 more
3135 5399 3471 5467 genitricem,
3493 5406 3549 5455 et
3570 5399 3776 5469 absque
3787 5413 3903 5454 ver-

2317 5489 2462 5545 sibus
2481 5491 2690 5559 poetice
2705 5491 2997 5548 oratoriam
3018 5492 3184 5547 teris?
3197 5491 3310 5562 Ege
3324 5499 3504 5548 tamen
3515 5507 3624 5548 non
3647 5492 3900 5562 qualiter,

2317 5625 2469 5697 illud,
2496 5627 2647 5697 quod,
2675 5633 2774 5682 etc.

2389 5696 2411 5732 ι¹
2454 5696 2531 5751 [ta
2553 5697 2938 5768 rescripsimus,
2964 5697 3052 5753 ubi
3079 5697 3176 5768 aL,
3206 5696 3468 5769 Dicitque.
