  <div class='ocr_page' id='page_1' title='image "/cluster/home/n/w/nwhite01/storage/ocr_20150623/53/hvd.32044073505232/388.png"; bbox 0 0 4238 6260; ppageno 0'>
   <div class='ocr_carea' id='block_1_1' title="bbox 313 219 418 275">
    <p class='ocr_par' dir='ltr' id='par_1_1' title="bbox 313 219 418 275">
     <span class='ocr_line' id='line_1_1' title="bbox 313 219 418 275; baseline 0 0"><span class='ocrx_word' id='word_1_1' title='bbox 313 219 418 275; x_wconf 83' lang='grc'><strong>765</strong></span> 
     </span>
    </p>
   </div>
   <div class='ocr_carea' id='block_1_2' title="bbox 1477 205 2402 274">
    <p class='ocr_par' dir='ltr' id='par_1_2' title="bbox 1477 205 2402 274">
     <span class='ocr_line' id='line_1_2' title="bbox 1477 205 2402 274; baseline -0.001 -11"><span class='ocrx_word' id='word_1_2' title='bbox 1477 207 1563 263; x_wconf 82' lang='lat' dir='ltr'><strong>DE</strong></span> <span class='ocrx_word' id='word_1_3' title='bbox 1600 207 1825 274; x_wconf 69' lang='lat' dir='ltr'><strong>STAIU</strong></span> <span class='ocrx_word' id='word_1_4' title='bbox 1865 205 2102 264; x_wconf 69' lang='grc' dir='ltr'><strong>ΑΝΙΜᾹ]</strong></span> <span class='ocrx_word' id='word_1_5' title='bbox 2142 207 2274 264; x_wconf 86' lang='lat' dir='ltr'><strong>LIB.</strong></span> <span class='ocrx_word' id='word_1_6' title='bbox 2315 207 2402 263; x_wconf 92' lang='lat' dir='ltr'><strong>III.</strong></span> 
     </span>
    </p>
   </div>
   <div class='ocr_carea' id='block_1_3' title="bbox 3455 220 3592 278">
    <p class='ocr_par' dir='ltr' id='par_1_3' title="bbox 3455 220 3592 278">
     <span class='ocr_line' id='line_1_3' title="bbox 3455 220 3592 278; baseline 0.015 -2"><span class='ocrx_word' id='word_1_7' title='bbox 3455 220 3592 278; x_wconf 66' lang='grc'><strong>’766</strong></span> 
     </span>
    </p>
   </div>
   <div class='ocr_carea' id='block_1_4' title="bbox 313 326 3594 411">
    <p class='ocr_par' dir='ltr' id='par_1_4' title="bbox 313 326 3594 411">
     <span class='ocr_line' id='line_1_4' title="bbox 313 326 3594 411; baseline 0.002 -23"><span class='ocrx_word' id='word_1_8' title='bbox 313 335 405 390; x_wconf 88' lang='lat' dir='ltr'><strong>sed</strong></span> <span class='ocrx_word' id='word_1_9' title='bbox 426 333 556 402; x_wconf 91' lang='lat' dir='ltr'><strong>quid</strong></span> <span class='ocrx_word' id='word_1_10' title='bbox 574 331 1064 402; x_wconf 88' lang='lat' dir='ltr'><strong>loquarisinquiro;</strong></span> <span class='ocrx_word' id='word_1_11' title='bbox 1091 334 1254 399; x_wconf 83' lang='lat' dir='ltr'><strong>atque</strong></span> <span class='ocrx_word' id='word_1_12' title='bbox 1267 333 1327 381; x_wconf 90' lang='lat' dir='ltr'><strong>ut</strong></span> <span class='ocrx_word' id='word_1_13' title='bbox 1355 326 1681 395; x_wconf 83' lang='lat' dir='ltr'><strong>respondeas</strong></span> <span class='ocrx_word' id='word_1_14' title='bbox 1696 339 1897 395; x_wconf 66' lang='lat' dir='ltr'><strong>quaeso.</strong></span> <span class='ocrx_word' id='word_1_15' title='bbox 1929 328 1981 385; x_wconf 77' lang='grc' dir='ltr'><strong>Δ</strong></span> <span class='ocrx_word' id='word_1_16' title='bbox 2009 343 2116 398; x_wconf 85' lang='lat' dir='ltr'><strong>que</strong></span> <span class='ocrx_word' id='word_1_17' title='bbox 2160 341 2446 384; x_wconf 76' lang='lat' dir='ltr'><strong>causarum</strong></span> <span class='ocrx_word' id='word_1_18' title='bbox 2492 341 2784 402; x_wconf 81' lang='lat' dir='ltr'><strong>rerumque</strong></span> <span class='ocrx_word' id='word_1_19' title='bbox 2831 331 3022 392; x_wconf 82' lang='lat' dir='ltr'><strong>notitia</strong></span> <span class='ocrx_word' id='word_1_20' title='bbox 3051 333 3266 408; x_wconf 77' lang='lat' dir='ltr'><strong>indaga,</strong></span> <span class='ocrx_word' id='word_1_21' title='bbox 3306 338 3594 411; x_wconf 79' lang='lat' dir='ltr'><strong>distingue,</strong></span> 
     </span>
    </p>
   </div>
   <div class='ocr_carea' id='block_1_5' title="bbox 382 413 1907 479">
    <p class='ocr_par' dir='ltr' id='par_1_5' title="bbox 382 413 1907 479">
     <span class='ocr_line' id='line_1_5' title="bbox 382 413 1907 479; baseline -0.007 -1"><span class='ocrx_word' id='word_1_22' title='bbox 382 422 450 479; x_wconf 87' lang='lat' dir='ltr'><strong>II.</strong></span> <span class='ocrx_word' id='word_1_23' title='bbox 491 422 627 477; x_wconf 88' lang='lat' dir='ltr'><strong>Cum</strong></span> <span class='ocrx_word' id='word_1_24' title='bbox 683 421 1024 477; x_wconf 80' lang='lat' dir='ltr'><strong>beatissimus</strong></span> <span class='ocrx_word' id='word_1_25' title='bbox 1079 417 1295 474; x_wconf 82' lang='lat' dir='ltr'><strong>Gabriel</strong></span> <span class='ocrx_word' id='word_1_26' title='bbox 1349 423 1473 472; x_wconf 93' lang='lat' dir='ltr'><strong>ante</strong></span> <span class='ocrx_word' id='word_1_27' title='bbox 1522 416 1708 472; x_wconf 91' lang='lat' dir='ltr'><strong>oculos</strong></span> <span class='ocrx_word' id='word_1_28' title='bbox 1733 413 1907 469; x_wconf 89' lang='lat' dir='ltr'><strong>domi-</strong></span> 
     </span>
    </p>
   </div>
   <div class='ocr_carea' id='block_1_6' title="bbox 315 505 1906 578">
    <p class='ocr_par' dir='ltr' id='par_1_6' title="bbox 315 505 1906 578">
     <span class='ocr_line' id='line_1_6' title="bbox 315 505 1906 578; baseline -0.008 -5"><span class='ocrx_word' id='word_1_29' title='bbox 315 517 451 573; x_wconf 67' lang='lat' dir='ltr'><strong>nicie</strong></span> <span class='ocrx_word' id='word_1_30' title='bbox 498 513 685 569; x_wconf 77' lang='lat' dir='ltr'><strong>Matris</strong></span> <span class='ocrx_word' id='word_1_31' title='bbox 745 513 1037 578; x_wconf 88' lang='lat' dir='ltr'><strong>assisteret,</strong></span> <span class='ocrx_word' id='word_1_32' title='bbox 1094 510 1294 566; x_wconf 85' lang='lat' dir='ltr'><strong>illudne</strong></span> <span class='ocrx_word' id='word_1_33' title='bbox 1344 509 1394 563; x_wconf 90' lang='lat' dir='ltr'><strong>in</strong></span> <span class='ocrx_word' id='word_1_34' title='bbox 1447 507 1696 564; x_wconf 90' lang='lat' dir='ltr'><strong>Gabriele</strong></span> <span class='ocrx_word' id='word_1_35' title='bbox 1738 505 1906 562; x_wconf 83' lang='lat' dir='ltr'><strong>Maria</strong></span> 
     </span>
    </p>
   </div>
   <div class='ocr_carea' id='block_1_7' title="bbox 315 599 1907 679">
    <p class='ocr_par' dir='ltr' id='par_1_7' title="bbox 315 599 1907 679">
     <span class='ocr_line' id='line_1_7' title="bbox 315 599 1907 679; baseline -0.008 -14"><span class='ocrx_word' id='word_1_36' title='bbox 315 610 470 678; x_wconf 83' lang='lat' dir='ltr'><strong>vidit,</strong></span> <span class='ocrx_word' id='word_1_37' title='bbox 519 623 628 679; x_wconf 90' lang='lat' dir='ltr'><strong>quo</strong></span> <span class='ocrx_word' id='word_1_38' title='bbox 655 606 869 663; x_wconf 84' lang='lat' dir='ltr'><strong>Gabriel</strong></span> <span class='ocrx_word' id='word_1_39' title='bbox 906 605 1187 662; x_wconf 89' lang='lat' dir='ltr'><strong>Dominum</strong></span> <span class='ocrx_word' id='word_1_40' title='bbox 1214 602 1396 658; x_wconf 73' lang='lat' dir='ltr'><strong>videt?</strong></span> <span class='ocrx_word' id='word_1_41' title='bbox 1415 603 1538 673; x_wconf 89' lang='lat' dir='ltr'><strong>quia</strong></span> <span class='ocrx_word' id='word_1_42' title='bbox 1569 601 1614 656; x_wconf 89' lang='lat' dir='ltr'><strong>si</strong></span> <span class='ocrx_word' id='word_1_43' title='bbox 1644 599 1823 654; x_wconf 84' lang='lat' dir='ltr'><strong>Mariae</strong></span> <span class='ocrx_word' id='word_1_44' title='bbox 1845 599 1907 654; x_wconf 91' lang='lat' dir='ltr'><strong>il-</strong></span> 
     </span>
    </p>
   </div>
   <div class='ocr_carea' id='block_1_8' title="bbox 318 694 1907 767">
    <p class='ocr_par' dir='ltr' id='par_1_8' title="bbox 318 694 1907 767">
     <span class='ocr_line' id='line_1_8' title="bbox 318 694 1907 767; baseline -0.008 -9"><span class='ocrx_word' id='word_1_45' title='bbox 318 704 411 759; x_wconf 90' lang='lat' dir='ltr'><strong>lud</strong></span> <span class='ocrx_word' id='word_1_46' title='bbox 463 701 669 758; x_wconf 90' lang='lat' dir='ltr'><strong>visibile</strong></span> <span class='ocrx_word' id='word_1_47' title='bbox 723 700 840 763; x_wconf 77' lang='lat' dir='ltr'><strong>fuit,</strong></span> <span class='ocrx_word' id='word_1_48' title='bbox 887 705 969 754; x_wconf 91' lang='lat' dir='ltr'><strong>est</strong></span> <span class='ocrx_word' id='word_1_49' title='bbox 1013 710 1142 767; x_wconf 86' lang='lat' dir='ltr'><strong>ergo</strong></span> <span class='ocrx_word' id='word_1_50' title='bbox 1197 695 1409 752; x_wconf 89' lang='lat' dir='ltr'><strong>illocale</strong></span> <span class='ocrx_word' id='word_1_51' title='bbox 1453 694 1614 748; x_wconf 91' lang='lat' dir='ltr'><strong>locali</strong></span> <span class='ocrx_word' id='word_1_52' title='bbox 1664 701 1907 748; x_wconf 90' lang='lat' dir='ltr'><strong>contem-</strong></span> 
     </span>
    </p>
   </div>
   <div class='ocr_carea' id='block_1_9' title="bbox 319 785 1909 868">
    <p class='ocr_par' dir='ltr' id='par_1_9' title="bbox 319 785 1909 868">
     <span class='ocr_line' id='line_1_9' title="bbox 319 785 1909 868; baseline -0.008 -18"><span class='ocrx_word' id='word_1_53' title='bbox 319 797 538 868; x_wconf 87' lang='lat' dir='ltr'><strong>plabile.</strong></span> <span class='ocrx_word' id='word_1_54' title='bbox 581 793 734 860; x_wconf 85' lang='lat' dir='ltr'><strong>Quod</strong></span> <span class='ocrx_word' id='word_1_55' title='bbox 798 791 842 847; x_wconf 91' lang='lat' dir='ltr'><strong>sl</strong></span> <span class='ocrx_word' id='word_1_56' title='bbox 901 797 1000 856; x_wconf 89' lang='lat' dir='ltr'><strong>est,</strong></span> <span class='ocrx_word' id='word_1_57' title='bbox 1071 788 1282 846; x_wconf 89' lang='lat' dir='ltr'><strong>illocale</strong></span> <span class='ocrx_word' id='word_1_58' title='bbox 1339 803 1446 842; x_wconf 90' lang='lat' dir='ltr'><strong>non</strong></span> <span class='ocrx_word' id='word_1_59' title='bbox 1502 787 1621 840; x_wconf 79' lang='lat' dir='ltr'><strong>eSt:</strong></span> <span class='ocrx_word' id='word_1_60' title='bbox 1674 785 1798 853; x_wconf 89' lang='lat' dir='ltr'><strong>quia</strong></span> <span class='ocrx_word' id='word_1_61' title='bbox 1862 785 1909 838; x_wconf 90' lang='lat' dir='ltr'><strong>si</strong></span> 
     </span>
    </p>
   </div>
   <div class='ocr_carea' id='block_1_10' title="bbox 321 876 1910 960">
    <p class='ocr_par' dir='ltr' id='par_1_10' title="bbox 321 876 1910 960">
     <span class='ocr_line' id='line_1_10' title="bbox 321 876 1910 960; baseline -0.009 -15"><span class='ocrx_word' id='word_1_62' title='bbox 321 889 549 960; x_wconf 90' lang='lat' dir='ltr'><strong>quisque</strong></span> <span class='ocrx_word' id='word_1_63' title='bbox 575 886 762 941; x_wconf 87' lang='lat' dir='ltr'><strong>localis</strong></span> <span class='ocrx_word' id='word_1_64' title='bbox 789 891 890 951; x_wconf 89' lang='lat' dir='ltr'><strong>est,</strong></span> <span class='ocrx_word' id='word_1_65' title='bbox 913 883 1157 939; x_wconf 82' lang='lat' dir='ltr'><strong>localiter</strong></span> <span class='ocrx_word' id='word_1_66' title='bbox 1178 881 1344 946; x_wconf 89' lang='lat' dir='ltr'><strong>videt,</strong></span> <span class='ocrx_word' id='word_1_67' title='bbox 1367 886 1419 934; x_wconf 92' lang='grc' dir='ltr'><strong>ει</strong></span> <span class='ocrx_word' id='word_1_68' title='bbox 1451 878 1718 950; x_wconf 83' lang='lat' dir='ltr'><strong>aspiciens</strong></span> <span class='ocrx_word' id='word_1_69' title='bbox 1738 876 1910 946; x_wconf 89' lang='lat' dir='ltr'><strong>respi-</strong></span> 
     </span>
    </p>
   </div>
   <div class='ocr_carea' id='block_1_11' title="bbox 322 967 1910 1048">
    <p class='ocr_par' dir='ltr' id='par_1_11' title="bbox 322 967 1910 1048">
     <span class='ocr_line' id='line_1_11' title="bbox 322 967 1910 1048; baseline -0.01 -12"><span class='ocrx_word' id='word_1_70' title='bbox 322 994 447 1036; x_wconf 83' lang='lat' dir='ltr'><strong>cere</strong></span> <span class='ocrx_word' id='word_1_71' title='bbox 475 994 582 1034; x_wconf 90' lang='lat' dir='ltr'><strong>non</strong></span> <span class='ocrx_word' id='word_1_72' title='bbox 610 982 790 1048; x_wconf 86' lang='lat' dir='ltr'><strong>potest</strong></span> <span class='ocrx_word' id='word_1_73' title='bbox 807 976 906 1030; x_wconf 91' lang='lat' dir='ltr'><strong>nisi</strong></span> <span class='ocrx_word' id='word_1_74' title='bbox 935 981 1164 1048; x_wconf 86' lang='lat' dir='ltr'><strong>partem.</strong></span> <span class='ocrx_word' id='word_1_75' title='bbox 1195 971 1354 1027; x_wconf 70' lang='lat' dir='ltr'><strong>Videt</strong></span> <span class='ocrx_word' id='word_1_76' title='bbox 1374 971 1535 1040; x_wconf 84' lang='lat' dir='ltr'><strong>igitur</strong></span> <span class='ocrx_word' id='word_1_77' title='bbox 1563 969 1762 1048; x_wconf 86' lang='lat' dir='ltr'><strong>locum,</strong></span> <span class='ocrx_word' id='word_1_78' title='bbox 1785 967 1910 1037; x_wconf 87' lang='lat' dir='ltr'><strong>quia</strong></span> 
     </span>
    </p>
   </div>
   <div class='ocr_carea' id='block_1_12' title="bbox 321 1061 1911 1139">
    <p class='ocr_par' dir='ltr' id='par_1_12' title="bbox 321 1061 1911 1139">
     <span class='ocr_line' id='line_1_12' title="bbox 321 1061 1911 1139; baseline -0.009 -13"><span class='ocrx_word' id='word_1_79' title='bbox 321 1071 564 1127; x_wconf 85' lang='lat' dir='ltr'><strong>localiter</strong></span> <span class='ocrx_word' id='word_1_80' title='bbox 592 1067 753 1135; x_wconf 81' lang='lat' dir='ltr'><strong>videt,</strong></span> <span class='ocrx_word' id='word_1_81' title='bbox 785 1069 910 1138; x_wconf 86' lang='lat' dir='ltr'><strong>quia</strong></span> <span class='ocrx_word' id='word_1_82' title='bbox 938 1083 1064 1139; x_wconf 90' lang='lat' dir='ltr'><strong>pars</strong></span> <span class='ocrx_word' id='word_1_83' title='bbox 1092 1067 1244 1122; x_wconf 89' lang='lat' dir='ltr'><strong>locus</strong></span> <span class='ocrx_word' id='word_1_84' title='bbox 1274 1071 1374 1128; x_wconf 90' lang='lat' dir='ltr'><strong>est,</strong></span> <span class='ocrx_word' id='word_1_85' title='bbox 1406 1067 1461 1118; x_wconf 91' lang='lat' dir='ltr'><strong>et</strong></span> <span class='ocrx_word' id='word_1_86' title='bbox 1487 1062 1639 1117; x_wconf 89' lang='lat' dir='ltr'><strong>locus</strong></span> <span class='ocrx_word' id='word_1_87' title='bbox 1667 1061 1911 1116; x_wconf 87' lang='lat' dir='ltr'><strong>locorum</strong></span> 
     </span>
    </p>
   </div>
   <div class='ocr_carea' id='block_1_13' title="bbox 322 1152 1910 1234">
    <p class='ocr_par' dir='ltr' id='par_1_13' title="bbox 322 1152 1910 1234">
     <span class='ocr_line' id='line_1_13' title="bbox 322 1152 1910 1234; baseline -0.008 -17"><span class='ocrx_word' id='word_1_88' title='bbox 322 1162 506 1234; x_wconf 87' lang='lat' dir='ltr'><strong>utique</strong></span> <span class='ocrx_word' id='word_1_89' title='bbox 539 1173 662 1232; x_wconf 87' lang='lat' dir='ltr'><strong>pars</strong></span> <span class='ocrx_word' id='word_1_90' title='bbox 691 1166 790 1222; x_wconf 85' lang='lat' dir='ltr'><strong>est,</strong></span> <span class='ocrx_word' id='word_1_91' title='bbox 821 1167 877 1214; x_wconf 88' lang='lat' dir='ltr'><strong>et</strong></span> <span class='ocrx_word' id='word_1_92' title='bbox 904 1160 1023 1213; x_wconf 88' lang='lat' dir='ltr'><strong>loca</strong></span> <span class='ocrx_word' id='word_1_93' title='bbox 1055 1172 1284 1227; x_wconf 90' lang='lat' dir='ltr'><strong>corpora</strong></span> <span class='ocrx_word' id='word_1_94' title='bbox 1314 1160 1455 1210; x_wconf 91' lang='lat' dir='ltr'><strong>sunt.</strong></span> <span class='ocrx_word' id='word_1_95' title='bbox 1487 1152 1554 1206; x_wconf 86' lang='lat' dir='ltr'><strong>Et</strong></span> <span class='ocrx_word' id='word_1_96' title='bbox 1585 1153 1676 1222; x_wconf 90' lang='lat' dir='ltr'><strong>qui</strong></span> <span class='ocrx_word' id='word_1_97' title='bbox 1702 1160 1910 1223; x_wconf 87' lang='lat' dir='ltr'><strong>partem</strong></span> 
     </span>
    </p>
   </div>
   <div class='ocr_carea' id='block_1_14' title="bbox 273 1243 1913 1326">
    <p class='ocr_par' dir='ltr' id='par_1_14' title="bbox 273 1243 1913 1326">
     <span class='ocr_line' id='line_1_14' title="bbox 273 1243 1913 1326; baseline -0.009 -17"><span class='ocrx_word' id='word_1_98' title='bbox 273 1268 276 1271; x_wconf 86' lang='lat'><strong><em>&#39;</em></strong></span> <span class='ocrx_word' id='word_1_99' title='bbox 319 1253 484 1319; x_wconf 80' lang='lat' dir='ltr'><strong>videt,</strong></span> <span class='ocrx_word' id='word_1_100' title='bbox 526 1260 738 1326; x_wconf 89' lang='lat' dir='ltr'><strong>partem</strong></span> <span class='ocrx_word' id='word_1_101' title='bbox 790 1252 871 1305; x_wconf 89' lang='lat' dir='ltr'><strong>sui</strong></span> <span class='ocrx_word' id='word_1_102' title='bbox 902 1250 1067 1314; x_wconf 87' lang='lat' dir='ltr'><strong>videt,</strong></span> <span class='ocrx_word' id='word_1_103' title='bbox 1100 1263 1200 1305; x_wconf 87' lang='lat' dir='ltr'><strong>nec</strong></span> <span class='ocrx_word' id='word_1_104' title='bbox 1249 1246 1419 1302; x_wconf 90' lang='lat' dir='ltr'><strong>videri</strong></span> <span class='ocrx_word' id='word_1_105' title='bbox 1446 1252 1621 1317; x_wconf 89' lang='lat' dir='ltr'><strong>parte,</strong></span> <span class='ocrx_word' id='word_1_106' title='bbox 1665 1243 1764 1297; x_wconf 90' lang='lat' dir='ltr'><strong>nisi</strong></span> <span class='ocrx_word' id='word_1_107' title='bbox 1786 1257 1913 1314; x_wconf 85' lang='lat' dir='ltr'><strong>pars</strong></span> 
     </span>
    </p>
   </div>
   <div class='ocr_carea' id='block_1_15' title="bbox 314 1333 1912 1414">
    <p class='ocr_par' dir='ltr' id='par_1_15' title="bbox 314 1333 1912 1414">
     <span class='ocr_line' id='line_1_15' title="bbox 314 1333 1912 1414; baseline -0.009 -15"><span class='ocrx_word' id='word_1_108' title='bbox 314 1349 515 1414; x_wconf 84' lang='lat' dir='ltr'><strong>potest.</strong></span> <span class='ocrx_word' id='word_1_109' title='bbox 551 1341 684 1397; x_wconf 84' lang='lat' dir='ltr'><strong>Pars</strong></span> <span class='ocrx_word' id='word_1_110' title='bbox 733 1351 864 1396; x_wconf 90' lang='lat' dir='ltr'><strong>vero</strong></span> <span class='ocrx_word' id='word_1_111' title='bbox 905 1339 1003 1394; x_wconf 87' lang='lat' dir='ltr'><strong>Dei</strong></span> <span class='ocrx_word' id='word_1_112' title='bbox 1034 1340 1178 1393; x_wconf 88' lang='lat' dir='ltr'><strong>nulla</strong></span> <span class='ocrx_word' id='word_1_113' title='bbox 1211 1343 1312 1402; x_wconf 89' lang='lat' dir='ltr'><strong>est,</strong></span> <span class='ocrx_word' id='word_1_114' title='bbox 1346 1337 1471 1410; x_wconf 90' lang='lat' dir='ltr'><strong>quia</strong></span> <span class='ocrx_word' id='word_1_115' title='bbox 1492 1333 1774 1404; x_wconf 89' lang='lat' dir='ltr'><strong>impartilis</strong></span> <span class='ocrx_word' id='word_1_116' title='bbox 1805 1349 1912 1387; x_wconf 90' lang='lat' dir='ltr'><strong>non</strong></span> 
     </span>
    </p>
   </div>
   <div class='ocr_carea' id='block_1_16' title="bbox 316 1424 1909 1505">
    <p class='ocr_par' dir='ltr' id='par_1_16' title="bbox 316 1424 1909 1505">
     <span class='ocr_line' id='line_1_16' title="bbox 316 1424 1909 1505; baseline -0.008 -14"><span class='ocrx_word' id='word_1_117' title='bbox 316 1437 482 1491; x_wconf 84' lang='lat' dir='ltr'><strong>habet</strong></span> <span class='ocrx_word' id='word_1_118' title='bbox 525 1443 757 1505; x_wconf 85' lang='lat' dir='ltr'><strong>partem.</strong></span> <span class='ocrx_word' id='word_1_119' title='bbox 815 1433 921 1488; x_wconf 78' lang='lat' dir='ltr'><strong>Aut</strong></span> <span class='ocrx_word' id='word_1_120' title='bbox 969 1433 1129 1503; x_wconf 77' lang='lat' dir='ltr'><strong>igitur</strong></span> <span class='ocrx_word' id='word_1_121' title='bbox 1175 1429 1393 1485; x_wconf 87' lang='lat' dir='ltr'><strong>Gabriel</strong></span> <span class='ocrx_word' id='word_1_122' title='bbox 1422 1425 1589 1482; x_wconf 90' lang='lat' dir='ltr'><strong>Deum</strong></span> <span class='ocrx_word' id='word_1_123' title='bbox 1610 1443 1718 1481; x_wconf 91' lang='lat' dir='ltr'><strong>non</strong></span> <span class='ocrx_word' id='word_1_124' title='bbox 1745 1424 1909 1488; x_wconf 84' lang='lat' dir='ltr'><strong>videt,</strong></span> 
     </span>
    </p>
   </div>
   <div class='ocr_carea' id='block_1_17' title="bbox 287 1519 1910 1593">
    <p class='ocr_par' dir='ltr' id='par_1_17' title="bbox 287 1519 1910 1593">
     <span class='ocr_line' id='line_1_17' title="bbox 287 1519 1910 1593; baseline -0.008 -9"><span class='ocrx_word' id='word_1_125' title='bbox 287 1541 290 1544; x_wconf 75' lang='lat'><strong><em>&#39;</em></strong></span> <span class='ocrx_word' id='word_1_126' title='bbox 321 1536 418 1584; x_wconf 88' lang='lat' dir='ltr'><strong>aut</strong></span> <span class='ocrx_word' id='word_1_127' title='bbox 462 1525 693 1583; x_wconf 89' lang='lat' dir='ltr'><strong>solidum</strong></span> <span class='ocrx_word' id='word_1_128' title='bbox 739 1526 886 1580; x_wconf 88' lang='lat' dir='ltr'><strong>videt</strong></span> <span class='ocrx_word' id='word_1_129' title='bbox 912 1544 922 1577; x_wconf 95' lang='lat'>:</span> <span class='ocrx_word' id='word_1_130' title='bbox 958 1540 1058 1580; x_wconf 91' lang='lat' dir='ltr'><strong>nec</strong></span> <span class='ocrx_word' id='word_1_131' title='bbox 1090 1524 1355 1593; x_wconf 88' lang='lat' dir='ltr'><strong>integrum</strong></span> <span class='ocrx_word' id='word_1_132' title='bbox 1381 1521 1479 1575; x_wconf 89' lang='lat' dir='ltr'><strong>nisi</strong></span> <span class='ocrx_word' id='word_1_133' title='bbox 1510 1519 1575 1574; x_wconf 92' lang='lat' dir='ltr'><strong>de</strong></span> <span class='ocrx_word' id='word_1_134' title='bbox 1599 1520 1806 1588; x_wconf 85' lang='lat' dir='ltr'><strong>integro</strong></span> <span class='ocrx_word' id='word_1_135' title='bbox 1831 1519 1910 1572; x_wconf 92' lang='lat' dir='ltr'><strong>vi-</strong></span> 
     </span>
    </p>
   </div>
   <div class='ocr_carea' id='block_1_18' title="bbox 223 1610 1914 1690">
    <p class='ocr_par' dir='ltr' id='par_1_18' title="bbox 223 1610 1914 1690">
     <span class='ocr_line' id='line_1_18' title="bbox 223 1610 1914 1690; baseline -0.005 -16"><span class='ocrx_word' id='word_1_136' title='bbox 223 1658 227 1662; x_wconf 83' lang='lat'><strong><em>-</em></strong></span> <span class='ocrx_word' id='word_1_137' title='bbox 319 1618 438 1674; x_wconf 88' lang='lat' dir='ltr'><strong>deri</strong></span> <span class='ocrx_word' id='word_1_138' title='bbox 464 1625 661 1690; x_wconf 87' lang='lat' dir='ltr'><strong>potest.</strong></span> <span class='ocrx_word' id='word_1_139' title='bbox 694 1613 905 1689; x_wconf 86' lang='lat' dir='ltr'><strong>Corpus</strong></span> <span class='ocrx_word' id='word_1_140' title='bbox 935 1632 1063 1670; x_wconf 89' lang='lat' dir='ltr'><strong>vero</strong></span> <span class='ocrx_word' id='word_1_141' title='bbox 1109 1632 1207 1670; x_wconf 89' lang='lat' dir='ltr'><strong>nec</strong></span> <span class='ocrx_word' id='word_1_142' title='bbox 1256 1616 1523 1683; x_wconf 84' lang='lat' dir='ltr'><strong>integrum</strong></span> <span class='ocrx_word' id='word_1_143' title='bbox 1571 1610 1759 1677; x_wconf 86' lang='lat' dir='ltr'><strong>videri,</strong></span> <span class='ocrx_word' id='word_1_144' title='bbox 1814 1627 1914 1666; x_wconf 87' lang='lat' dir='ltr'><strong>nec</strong></span> 
     </span>
    </p>
   </div>
   <div class='ocr_carea' id='block_1_19' title="bbox 318 1699 1987 1780">
    <p class='ocr_par' dir='ltr' id='par_1_19' title="bbox 318 1699 1987 1780">
     <span class='ocr_line' id='line_1_19' title="bbox 318 1699 1987 1780; baseline -0.002 -16"><span class='ocrx_word' id='word_1_145' title='bbox 318 1710 503 1766; x_wconf 87' lang='lat' dir='ltr'><strong>videre</strong></span> <span class='ocrx_word' id='word_1_146' title='bbox 547 1710 811 1777; x_wconf 87' lang='lat' dir='ltr'><strong>integrum</strong></span> <span class='ocrx_word' id='word_1_147' title='bbox 859 1715 1057 1780; x_wconf 85' lang='lat' dir='ltr'><strong>potest.</strong></span> <span class='ocrx_word' id='word_1_148' title='bbox 1090 1707 1210 1762; x_wconf 85' lang='lat' dir='ltr'><strong>Non</strong></span> <span class='ocrx_word' id='word_1_149' title='bbox 1238 1707 1399 1775; x_wconf 82' lang='lat' dir='ltr'><strong>igitur</strong></span> <span class='ocrx_word' id='word_1_150' title='bbox 1427 1721 1623 1776; x_wconf 87' lang='lat' dir='ltr'><strong>corpus</strong></span> <span class='ocrx_word' id='word_1_151' title='bbox 1644 1713 1743 1771; x_wconf 90' lang='lat' dir='ltr'><strong>est,</strong></span> <span class='ocrx_word' id='word_1_152' title='bbox 1769 1704 1910 1759; x_wconf 87' lang='lat' dir='ltr'><strong>unde</strong></span> <span class='ocrx_word' id='word_1_153' title='bbox 1938 1699 1987 1760; x_wconf 86' lang='grc' dir='ltr'><strong>Β</strong></span> 
     </span>
    </p>
   </div>
   <div class='ocr_carea' id='block_1_20' title="bbox 317 1796 1914 1873">
    <p class='ocr_par' dir='ltr' id='par_1_20' title="bbox 317 1796 1914 1873">
     <span class='ocr_line' id='line_1_20' title="bbox 317 1796 1914 1873; baseline -0.004 -13"><span class='ocrx_word' id='word_1_154' title='bbox 317 1805 534 1860; x_wconf 85' lang='lat' dir='ltr'><strong>Gabriel</strong></span> <span class='ocrx_word' id='word_1_155' title='bbox 561 1804 732 1859; x_wconf 90' lang='lat' dir='ltr'><strong>Deum</strong></span> <span class='ocrx_word' id='word_1_156' title='bbox 761 1804 932 1869; x_wconf 87' lang='lat' dir='ltr'><strong>videt;</strong></span> <span class='ocrx_word' id='word_1_157' title='bbox 984 1803 1108 1873; x_wconf 86' lang='lat' dir='ltr'><strong>quia</strong></span> <span class='ocrx_word' id='word_1_158' title='bbox 1156 1818 1264 1873; x_wconf 90' lang='lat' dir='ltr'><strong>quo</strong></span> <span class='ocrx_word' id='word_1_159' title='bbox 1286 1800 1531 1855; x_wconf 85' lang='lat' dir='ltr'><strong>localiter</strong></span> <span class='ocrx_word' id='word_1_160' title='bbox 1558 1799 1781 1854; x_wconf 82' lang='lat' dir='ltr'><strong>Mariam</strong></span> <span class='ocrx_word' id='word_1_161' title='bbox 1807 1796 1914 1854; x_wconf 86' lang='lat' dir='ltr'><strong>Ga-</strong></span> 
     </span>
    </p>
   </div>
   <div class='ocr_carea' id='block_1_21' title="bbox 258 1888 1914 1960">
    <p class='ocr_par' dir='ltr' id='par_1_21' title="bbox 258 1888 1914 1960">
     <span class='ocr_line' id='line_1_21' title="bbox 258 1888 1914 1960; baseline -0.004 -8"><span class='ocrx_word' id='word_1_162' title='bbox 258 1909 282 1927; x_wconf 83' lang='lat'><strong><em>&#39;</em></strong></span> <span class='ocrx_word' id='word_1_163' title='bbox 316 1897 457 1952; x_wconf 88' lang='lat' dir='ltr'><strong>briel</strong></span> <span class='ocrx_word' id='word_1_164' title='bbox 485 1897 638 1960; x_wconf 83' lang='lat' dir='ltr'><strong>vidit,</strong></span> <span class='ocrx_word' id='word_1_165' title='bbox 673 1903 727 1950; x_wconf 86' lang='lat' dir='ltr'><strong>et</strong></span> <span class='ocrx_word' id='word_1_166' title='bbox 755 1912 880 1950; x_wconf 90' lang='lat' dir='ltr'><strong>eum</strong></span> <span class='ocrx_word' id='word_1_167' title='bbox 908 1894 1075 1950; x_wconf 85' lang='lat' dir='ltr'><strong>Maria</strong></span> <span class='ocrx_word' id='word_1_168' title='bbox 1105 1894 1352 1951; x_wconf 87' lang='lat' dir='ltr'><strong>localiter</strong></span> <span class='ocrx_word' id='word_1_169' title='bbox 1372 1892 1526 1958; x_wconf 88' lang='lat' dir='ltr'><strong>vidit,</strong></span> <span class='ocrx_word' id='word_1_170' title='bbox 1579 1891 1763 1946; x_wconf 89' lang='lat' dir='ltr'><strong>videre</strong></span> <span class='ocrx_word' id='word_1_171' title='bbox 1795 1888 1914 1946; x_wconf 92' lang='lat' dir='ltr'><strong>illo-</strong></span> 
     </span>
    </p>
   </div>
   <div class='ocr_carea' id='block_1_22' title="bbox 318 1983 1913 2062">
    <p class='ocr_par' dir='ltr' id='par_1_22' title="bbox 318 1983 1913 2062">
     <span class='ocr_line' id='line_1_22' title="bbox 318 1983 1913 2062; baseline -0.003 -19"><span class='ocrx_word' id='word_1_172' title='bbox 318 1989 510 2044; x_wconf 89' lang='lat' dir='ltr'><strong>caliter</strong></span> <span class='ocrx_word' id='word_1_173' title='bbox 537 1987 742 2062; x_wconf 87' lang='lat' dir='ltr'><strong>nequit.</strong></span> <span class='ocrx_word' id='word_1_174' title='bbox 771 1986 877 2045; x_wconf 86' lang='lat' dir='ltr'><strong>Sed</strong></span> <span class='ocrx_word' id='word_1_175' title='bbox 905 1994 964 2044; x_wconf 90' lang='lat' dir='ltr'><strong>ut</strong></span> <span class='ocrx_word' id='word_1_176' title='bbox 994 1995 1169 2041; x_wconf 88' lang='lat' dir='ltr'><strong>tecum</strong></span> <span class='ocrx_word' id='word_1_177' title='bbox 1198 1985 1363 2041; x_wconf 90' lang='lat' dir='ltr'><strong>verbo</strong></span> <span class='ocrx_word' id='word_1_178' title='bbox 1393 1983 1730 2052; x_wconf 86' lang='lat' dir='ltr'><strong>congrediar,</strong></span> <span class='ocrx_word' id='word_1_179' title='bbox 1765 1984 1808 2038; x_wconf 91' lang='lat' dir='ltr'><strong>si</strong></span> <span class='ocrx_word' id='word_1_180' title='bbox 1837 1992 1913 2040; x_wconf 91' lang='lat' dir='ltr'><strong>to-</strong></span> 
     </span>
    </p>
   </div>
   <div class='ocr_carea' id='block_1_23' title="bbox 321 2078 1909 2151">
    <p class='ocr_par' dir='ltr' id='par_1_23' title="bbox 321 2078 1909 2151">
     <span class='ocr_line' id='line_1_23' title="bbox 321 2078 1909 2151; baseline -0.001 -15"><span class='ocrx_word' id='word_1_181' title='bbox 321 2091 408 2136; x_wconf 92' lang='lat' dir='ltr'><strong>tus</strong></span> <span class='ocrx_word' id='word_1_182' title='bbox 436 2079 653 2135; x_wconf 85' lang='lat' dir='ltr'><strong>Gabriel</strong></span> <span class='ocrx_word' id='word_1_183' title='bbox 674 2097 782 2135; x_wconf 90' lang='lat' dir='ltr'><strong>non</strong></span> <span class='ocrx_word' id='word_1_184' title='bbox 804 2081 906 2134; x_wconf 89' lang='lat' dir='ltr'><strong>nisi</strong></span> <span class='ocrx_word' id='word_1_185' title='bbox 928 2096 1122 2151; x_wconf 90' lang='lat' dir='ltr'><strong>corpus</strong></span> <span class='ocrx_word' id='word_1_186' title='bbox 1145 2087 1227 2134; x_wconf 85' lang='lat' dir='ltr'><strong>est</strong></span> <span class='ocrx_word' id='word_1_187' title='bbox 1255 2095 1353 2149; x_wconf 91' lang='lat' dir='ltr'><strong>pro</strong></span> <span class='ocrx_word' id='word_1_188' title='bbox 1373 2078 1627 2133; x_wconf 89' lang='lat' dir='ltr'><strong>distantia</strong></span> <span class='ocrx_word' id='word_1_189' title='bbox 1648 2078 1909 2148; x_wconf 89' lang='lat' dir='ltr'><strong>partium;</strong></span> 
     </span>
    </p>
   </div>
   <div class='ocr_carea' id='block_1_24' title="bbox 320 2178 1914 2242">
    <p class='ocr_par' dir='ltr' id='par_1_24' title="bbox 320 2178 1914 2242">
     <span class='ocr_line' id='line_1_24' title="bbox 320 2178 1914 2242; baseline 0 -16"><span class='ocrx_word' id='word_1_190' title='bbox 320 2188 427 2228; x_wconf 88' lang='lat' dir='ltr'><strong>nec</strong></span> <span class='ocrx_word' id='word_1_191' title='bbox 475 2178 622 2227; x_wconf 88' lang='lat' dir='ltr'><strong>totus</strong></span> <span class='ocrx_word' id='word_1_192' title='bbox 675 2181 756 2226; x_wconf 90' lang='lat' dir='ltr'><strong>est</strong></span> <span class='ocrx_word' id='word_1_193' title='bbox 808 2188 924 2242; x_wconf 87' lang='lat' dir='ltr'><strong>pes,</strong></span> <span class='ocrx_word' id='word_1_194' title='bbox 977 2188 1078 2226; x_wconf 89' lang='lat' dir='ltr'><strong>nec</strong></span> <span class='ocrx_word' id='word_1_195' title='bbox 1132 2180 1278 2225; x_wconf 86' lang='lat' dir='ltr'><strong>totus</strong></span> <span class='ocrx_word' id='word_1_196' title='bbox 1306 2179 1389 2226; x_wconf 90' lang='lat' dir='ltr'><strong>est</strong></span> <span class='ocrx_word' id='word_1_197' title='bbox 1417 2188 1494 2236; x_wconf 90' lang='lat' dir='ltr'><strong>os,</strong></span> <span class='ocrx_word' id='word_1_198' title='bbox 1530 2187 1627 2227; x_wconf 89' lang='lat' dir='ltr'><strong>nec</strong></span> <span class='ocrx_word' id='word_1_199' title='bbox 1656 2178 1802 2228; x_wconf 88' lang='lat' dir='ltr'><strong>totus</strong></span> <span class='ocrx_word' id='word_1_200' title='bbox 1830 2180 1914 2228; x_wconf 86' lang='lat' dir='ltr'><strong>est</strong></span> 
     </span>
    </p>
   </div>
   <div class='ocr_carea' id='block_1_25' title="bbox 221 2261 1912 2335">
    <p class='ocr_par' dir='ltr' id='par_1_25' title="bbox 221 2261 1912 2335">
     <span class='ocr_line' id='line_1_25' title="bbox 221 2261 1912 2335; baseline 0.001 -18"><span class='ocrx_word' id='word_1_201' title='bbox 221 2287 226 2292; x_wconf 83' lang='lat'><strong>-</strong></span> <span class='ocrx_word' id='word_1_202' title='bbox 321 2264 533 2324; x_wconf 84' lang='lat' dir='ltr'><strong>oculus.</strong></span> <span class='ocrx_word' id='word_1_203' title='bbox 569 2261 830 2333; x_wconf 83' lang='lat' dir='ltr'><strong>Quocirca</strong></span> <span class='ocrx_word' id='word_1_204' title='bbox 862 2263 1075 2335; x_wconf 89' lang='lat' dir='ltr'><strong>quando</strong></span> <span class='ocrx_word' id='word_1_205' title='bbox 1103 2261 1283 2316; x_wconf 85' lang='lat' dir='ltr'><strong>Mariae</strong></span> <span class='ocrx_word' id='word_1_206' title='bbox 1324 2263 1470 2317; x_wconf 90' lang='lat' dir='ltr'><strong>visus</strong></span> <span class='ocrx_word' id='word_1_207' title='bbox 1502 2272 1602 2328; x_wconf 90' lang='lat' dir='ltr'><strong>est,</strong></span> <span class='ocrx_word' id='word_1_208' title='bbox 1646 2279 1746 2318; x_wconf 90' lang='lat' dir='ltr'><strong>nec</strong></span> <span class='ocrx_word' id='word_1_209' title='bbox 1776 2263 1912 2334; x_wconf 90' lang='lat' dir='ltr'><strong>pede</strong></span> 
     </span>
    </p>
   </div>
   <div class='ocr_carea' id='block_1_26' title="bbox 223 2355 1912 2424">
    <p class='ocr_par' dir='ltr' id='par_1_26' title="bbox 223 2355 1912 2424">
     <span class='ocr_line' id='line_1_26' title="bbox 223 2355 1912 2424; baseline 0.001 -15"><span class='ocrx_word' id='word_1_210' title='bbox 223 2382 226 2386; x_wconf 90' lang='lat'><strong><em>-</em></strong></span> <span class='ocrx_word' id='word_1_211' title='bbox 317 2355 552 2422; x_wconf 90' lang='lat' dir='ltr'><strong>locutus,</strong></span> <span class='ocrx_word' id='word_1_212' title='bbox 586 2372 686 2411; x_wconf 88' lang='lat' dir='ltr'><strong>nec</strong></span> <span class='ocrx_word' id='word_1_213' title='bbox 716 2371 810 2411; x_wconf 91' lang='lat' dir='ltr'><strong>ore</strong></span> <span class='ocrx_word' id='word_1_214' title='bbox 838 2355 987 2422; x_wconf 88' lang='lat' dir='ltr'><strong>vidit,</strong></span> <span class='ocrx_word' id='word_1_215' title='bbox 1044 2371 1144 2410; x_wconf 92' lang='lat' dir='ltr'><strong>nec</strong></span> <span class='ocrx_word' id='word_1_216' title='bbox 1192 2355 1350 2410; x_wconf 89' lang='lat' dir='ltr'><strong>oculo</strong></span> <span class='ocrx_word' id='word_1_217' title='bbox 1406 2355 1587 2421; x_wconf 88' lang='lat' dir='ltr'><strong>stetit;</strong></span> <span class='ocrx_word' id='word_1_218' title='bbox 1645 2355 1736 2410; x_wconf 89' lang='lat' dir='ltr'><strong>sed</strong></span> <span class='ocrx_word' id='word_1_219' title='bbox 1787 2371 1912 2424; x_wconf 89' lang='lat' dir='ltr'><strong>pars</strong></span> 
     </span>
    </p>
   </div>
   <div class='ocr_carea' id='block_1_27' title="bbox 319 2445 1911 2519">
    <p class='ocr_par' dir='ltr' id='par_1_27' title="bbox 319 2445 1911 2519">
     <span class='ocr_line' id='line_1_27' title="bbox 319 2445 1911 2519; baseline 0.001 -18"><span class='ocrx_word' id='word_1_220' title='bbox 319 2450 657 2519; x_wconf 77' lang='lat' dir='ltr'><strong>unaquzeque</strong></span> <span class='ocrx_word' id='word_1_221' title='bbox 712 2447 1076 2502; x_wconf 82' lang='lat' dir='ltr'><strong>membrOrum</strong></span> <span class='ocrx_word' id='word_1_222' title='bbox 1126 2445 1372 2517; x_wconf 86' lang='lat' dir='ltr'><strong>qualitati</strong></span> <span class='ocrx_word' id='word_1_223' title='bbox 1431 2445 1911 2502; x_wconf 60' lang='lat' dir='ltr'><strong>sumconveniens</strong></span> 
     </span>
    </p>
   </div>
   <div class='ocr_carea' id='block_1_28' title="bbox 320 2537 1912 2609">
    <p class='ocr_par' dir='ltr' id='par_1_28' title="bbox 320 2537 1912 2609">
     <span class='ocr_line' id='line_1_28' title="bbox 320 2537 1912 2609; baseline 0.001 -16"><span class='ocrx_word' id='word_1_224' title='bbox 320 2537 483 2606; x_wconf 87' lang='lat' dir='ltr'><strong>gessit</strong></span> <span class='ocrx_word' id='word_1_225' title='bbox 503 2538 755 2594; x_wconf 79' lang='lat' dir='ltr'><strong>ofﬁcium.</strong></span> <span class='ocrx_word' id='word_1_226' title='bbox 789 2537 931 2609; x_wconf 83' lang='lat' dir='ltr'><strong>Ergo</strong></span> <span class='ocrx_word' id='word_1_227' title='bbox 958 2540 1095 2593; x_wconf 88' lang='lat' dir='ltr'><strong>sicut</strong></span> <span class='ocrx_word' id='word_1_228' title='bbox 1125 2538 1368 2593; x_wconf 87' lang='lat' dir='ltr'><strong>localiter</strong></span> <span class='ocrx_word' id='word_1_229' title='bbox 1395 2537 1564 2602; x_wconf 89' lang='lat' dir='ltr'><strong>stetit,</strong></span> <span class='ocrx_word' id='word_1_230' title='bbox 1591 2547 1644 2594; x_wconf 90' lang='lat' dir='ltr'><strong>et</strong></span> <span class='ocrx_word' id='word_1_231' title='bbox 1666 2540 1912 2596; x_wconf 89' lang='lat' dir='ltr'><strong>localiter</strong></span> 
     </span>
    </p>
   </div>
   <div class='ocr_carea' id='block_1_29' title="bbox 303 2630 1799 2696">
    <p class='ocr_par' dir='ltr' id='par_1_29' title="bbox 303 2630 1799 2696">
     <span class='ocr_line' id='line_1_29' title="bbox 303 2630 1799 2696; baseline 0.003 -17"><span class='ocrx_word' id='word_1_232' title='bbox 303 2630 523 2696; x_wconf 89' lang='lat' dir='ltr'><strong>-sonuit,</strong></span> <span class='ocrx_word' id='word_1_233' title='bbox 553 2631 626 2684; x_wconf 87' lang='lat' dir='ltr'><strong>ita</strong></span> <span class='ocrx_word' id='word_1_234' title='bbox 647 2637 702 2686; x_wconf 92' lang='lat' dir='ltr'><strong>et</strong></span> <span class='ocrx_word' id='word_1_235' title='bbox 729 2631 976 2686; x_wconf 86' lang='lat' dir='ltr'><strong>localiter</strong></span> <span class='ocrx_word' id='word_1_236' title='bbox 1004 2630 1156 2685; x_wconf 88' lang='lat' dir='ltr'><strong>vidit.</strong></span> <span class='ocrx_word' id='word_1_237' title='bbox 1787 2643 1799 2647; x_wconf 87' lang='grc'><strong>·</strong></span> 
     </span>
    </p>
   </div>
   <div class='ocr_carea' id='block_1_30' title="bbox 388 2720 1911 2796">
    <p class='ocr_par' dir='ltr' id='par_1_30' title="bbox 388 2720 1911 2796">
     <span class='ocr_line' id='line_1_30' title="bbox 388 2720 1911 2796; baseline 0.003 -19"><span class='ocrx_word' id='word_1_238' title='bbox 388 2723 477 2778; x_wconf 89' lang='lat' dir='ltr'><strong>Ill.</strong></span> <span class='ocrx_word' id='word_1_239' title='bbox 520 2721 620 2780; x_wconf 85' lang='lat' dir='ltr'><strong>Hic</strong></span> <span class='ocrx_word' id='word_1_240' title='bbox 662 2740 805 2779; x_wconf 90' lang='lat' dir='ltr'><strong>nunc</strong></span> <span class='ocrx_word' id='word_1_241' title='bbox 841 2740 938 2795; x_wconf 87' lang='lat' dir='ltr'><strong>pro</strong></span> <span class='ocrx_word' id='word_1_242' title='bbox 961 2720 1065 2779; x_wconf 86' lang='lat' dir='ltr'><strong>ﬁne</strong></span> <span class='ocrx_word' id='word_1_243' title='bbox 1085 2725 1395 2795; x_wconf 85' lang='lat' dir='ltr'><strong>quaestionis</strong></span> <span class='ocrx_word' id='word_1_244' title='bbox 1427 2725 1670 2796; x_wconf 86' lang='lat' dir='ltr'><strong>inquiro;</strong></span> <span class='ocrx_word' id='word_1_245' title='bbox 1705 2733 1911 2781; x_wconf 83' lang='lat' dir='ltr'><strong>utrum-</strong></span> 
     </span>
    </p>
   </div>
   <div class='ocr_carea' id='block_1_31' title="bbox 319 2814 1911 2891">
    <p class='ocr_par' dir='ltr' id='par_1_31' title="bbox 319 2814 1911 2891">
     <span class='ocr_line' id='line_1_31' title="bbox 319 2814 1911 2891; baseline 0.001 -22"><span class='ocrx_word' id='word_1_246' title='bbox 319 2829 448 2869; x_wconf 90' lang='lat' dir='ltr'><strong>nam</strong></span> <span class='ocrx_word' id='word_1_247' title='bbox 474 2814 696 2871; x_wconf 87' lang='lat' dir='ltr'><strong>Gabriel</strong></span> <span class='ocrx_word' id='word_1_248' title='bbox 725 2814 963 2885; x_wconf 80' lang='lat' dir='ltr'><strong>angelus,</strong></span> <span class='ocrx_word' id='word_1_249' title='bbox 1013 2823 1072 2868; x_wconf 93' lang='lat' dir='ltr'><strong>ut</strong></span> <span class='ocrx_word' id='word_1_250' title='bbox 1101 2824 1157 2891; x_wconf 80' lang='lat' dir='ltr'><strong>tu</strong></span> <span class='ocrx_word' id='word_1_251' title='bbox 1187 2825 1454 2882; x_wconf 86' lang='lat' dir='ltr'><strong>autumas,</strong></span> <span class='ocrx_word' id='word_1_252' title='bbox 1484 2816 1656 2870; x_wconf 90' lang='lat' dir='ltr'><strong>solum</strong></span> <span class='ocrx_word' id='word_1_253' title='bbox 1716 2831 1911 2888; x_wconf 89' lang='lat' dir='ltr'><strong>corpus</strong></span> 
     </span>
    </p>
   </div>
   <div class='ocr_carea' id='block_1_32' title="bbox 321 2907 1910 2982">
    <p class='ocr_par' dir='ltr' id='par_1_32' title="bbox 321 2907 1910 2982">
     <span class='ocr_line' id='line_1_32' title="bbox 321 2907 1910 2982; baseline 0.002 -20"><span class='ocrx_word' id='word_1_254' title='bbox 321 2907 378 2962; x_wconf 91' lang='lat' dir='ltr'><strong>in</strong></span> <span class='ocrx_word' id='word_1_255' title='bbox 410 2908 866 2978; x_wconf 88' lang='lat' dir='ltr'><strong>contemplatione</strong></span> <span class='ocrx_word' id='word_1_256' title='bbox 894 2907 1071 2963; x_wconf 85' lang='lat' dir='ltr'><strong>Mariae</strong></span> <span class='ocrx_word' id='word_1_257' title='bbox 1091 2909 1444 2979; x_wconf 87' lang='lat' dir='ltr'><strong>corporaliter</strong></span> <span class='ocrx_word' id='word_1_258' title='bbox 1466 2918 1779 2982; x_wconf 89' lang='lat' dir='ltr'><strong>occupatus,</strong></span> <span class='ocrx_word' id='word_1_259' title='bbox 1803 2926 1910 2966; x_wconf 90' lang='lat' dir='ltr'><strong>uno</strong></span> 
     </span>
    </p>
   </div>
   <div class='ocr_carea' id='block_1_33' title="bbox 319 2998 1910 3074">
    <p class='ocr_par' dir='ltr' id='par_1_33' title="bbox 319 2998 1910 3074">
     <span class='ocr_line' id='line_1_33' title="bbox 319 2998 1910 3074; baseline 0.001 -20"><span class='ocrx_word' id='word_1_260' title='bbox 319 2998 625 3068; x_wconf 87' lang='lat' dir='ltr'><strong>eodemque</strong></span> <span class='ocrx_word' id='word_1_261' title='bbox 645 3000 780 3066; x_wconf 91' lang='lat' dir='ltr'><strong>visu,</strong></span> <span class='ocrx_word' id='word_1_262' title='bbox 815 3016 920 3054; x_wconf 91' lang='lat' dir='ltr'><strong>uno</strong></span> <span class='ocrx_word' id='word_1_263' title='bbox 948 3010 1110 3070; x_wconf 88' lang='lat' dir='ltr'><strong>atque</strong></span> <span class='ocrx_word' id='word_1_264' title='bbox 1141 2999 1329 3055; x_wconf 88' lang='lat' dir='ltr'><strong>eodem</strong></span> <span class='ocrx_word' id='word_1_265' title='bbox 1360 3006 1605 3074; x_wconf 86' lang='lat' dir='ltr'><strong>tempore</strong></span> <span class='ocrx_word' id='word_1_266' title='bbox 1643 3001 1910 3057; x_wconf 90' lang='lat' dir='ltr'><strong>illocalem</strong></span> 
     </span>
    </p>
   </div>
   <div class='ocr_carea' id='block_1_34' title="bbox 319 3090 1908 3162">
    <p class='ocr_par' dir='ltr' id='par_1_34' title="bbox 319 3090 1908 3162">
     <span class='ocr_line' id='line_1_34' title="bbox 319 3090 1908 3162; baseline 0.001 -16"><span class='ocrx_word' id='word_1_267' title='bbox 319 3092 492 3148; x_wconf 90' lang='lat' dir='ltr'><strong>Deum</strong></span> <span class='ocrx_word' id='word_1_268' title='bbox 523 3091 806 3147; x_wconf 87' lang='lat' dir='ltr'><strong>illocaliter</strong></span> <span class='ocrx_word' id='word_1_269' title='bbox 833 3090 1044 3156; x_wconf 88' lang='lat' dir='ltr'><strong>viderit,</strong></span> <span class='ocrx_word' id='word_1_270' title='bbox 1077 3107 1184 3162; x_wconf 87' lang='lat' dir='ltr'><strong>quo</strong></span> <span class='ocrx_word' id='word_1_271' title='bbox 1229 3091 1451 3148; x_wconf 90' lang='lat' dir='ltr'><strong>localem</strong></span> <span class='ocrx_word' id='word_1_272' title='bbox 1510 3092 1731 3150; x_wconf 85' lang='lat' dir='ltr'><strong>Mariam</strong></span> <span class='ocrx_word' id='word_1_273' title='bbox 1761 3093 1908 3148; x_wconf 87' lang='lat' dir='ltr'><strong>loca-</strong></span> 
     </span>
    </p>
   </div>
   <div class='ocr_carea' id='block_1_35' title="bbox 318 3180 1910 3255">
    <p class='ocr_par' dir='ltr' id='par_1_35' title="bbox 318 3180 1910 3255">
     <span class='ocr_line' id='line_1_35' title="bbox 318 3180 1910 3255; baseline 0.004 -19"><span class='ocrx_word' id='word_1_274' title='bbox 318 3182 445 3238; x_wconf 88' lang='lat' dir='ltr'><strong>liter</strong></span> <span class='ocrx_word' id='word_1_275' title='bbox 464 3182 614 3240; x_wconf 86' lang='lat' dir='ltr'><strong>vidit.</strong></span> <span class='ocrx_word' id='word_1_276' title='bbox 651 3181 805 3248; x_wconf 88' lang='lat' dir='ltr'><strong>Quod</strong></span> <span class='ocrx_word' id='word_1_277' title='bbox 834 3182 958 3252; x_wconf 87' lang='lat' dir='ltr'><strong>quia</strong></span> <span class='ocrx_word' id='word_1_278' title='bbox 990 3180 1102 3240; x_wconf 84' lang='lat' dir='ltr'><strong>ﬁeri</strong></span> <span class='ocrx_word' id='word_1_279' title='bbox 1132 3199 1230 3254; x_wconf 92' lang='lat' dir='ltr'><strong>pro</strong></span> <span class='ocrx_word' id='word_1_280' title='bbox 1259 3186 1508 3254; x_wconf 87' lang='lat' dir='ltr'><strong>corporei</strong></span> <span class='ocrx_word' id='word_1_281' title='bbox 1538 3193 1701 3255; x_wconf 89' lang='lat' dir='ltr'><strong>atque</strong></span> <span class='ocrx_word' id='word_1_282' title='bbox 1730 3185 1910 3242; x_wconf 91' lang='lat' dir='ltr'><strong>incor-</strong></span> 
     </span>
    </p>
   </div>
   <div class='ocr_carea' id='block_1_36' title="bbox 319 3275 1909 3349">
    <p class='ocr_par' dir='ltr' id='par_1_36' title="bbox 319 3275 1909 3349">
     <span class='ocr_line' id='line_1_36' title="bbox 319 3275 1909 3349; baseline 0.001 -18"><span class='ocrx_word' id='word_1_283' title='bbox 319 3277 471 3349; x_wconf 89' lang='lat' dir='ltr'><strong>porei</strong></span> <span class='ocrx_word' id='word_1_284' title='bbox 521 3275 831 3331; x_wconf 87' lang='lat' dir='ltr'><strong>diversitate</strong></span> <span class='ocrx_word' id='word_1_285' title='bbox 879 3292 985 3330; x_wconf 89' lang='lat' dir='ltr'><strong>non</strong></span> <span class='ocrx_word' id='word_1_286' title='bbox 1022 3277 1233 3343; x_wconf 82' lang='lat' dir='ltr'><strong>sinitur,</strong></span> <span class='ocrx_word' id='word_1_287' title='bbox 1263 3284 1434 3332; x_wconf 85' lang='lat' dir='ltr'><strong>restat</strong></span> <span class='ocrx_word' id='word_1_288' title='bbox 1464 3285 1523 3331; x_wconf 91' lang='lat' dir='ltr'><strong>ut</strong></span> <span class='ocrx_word' id='word_1_289' title='bbox 1551 3277 1774 3334; x_wconf 78' lang='lat' dir='ltr'><strong>Mariam</strong></span> <span class='ocrx_word' id='word_1_290' title='bbox 1802 3277 1909 3332; x_wconf 88' lang='lat' dir='ltr'><strong>Ga-</strong></span> 
     </span>
    </p>
   </div>
   <div class='ocr_carea' id='block_1_37' title="bbox 322 3367 1904 3438">
    <p class='ocr_par' dir='ltr' id='par_1_37' title="bbox 322 3367 1904 3438">
     <span class='ocr_line' id='line_1_37' title="bbox 322 3367 1904 3438; baseline -0.001 -14"><span class='ocrx_word' id='word_1_291' title='bbox 322 3368 456 3424; x_wconf 86' lang='lat' dir='ltr'><strong>briel</strong></span> <span class='ocrx_word' id='word_1_292' title='bbox 489 3384 759 3438; x_wconf 88' lang='lat' dir='ltr'><strong>nunquam</strong></span> <span class='ocrx_word' id='word_1_293' title='bbox 787 3367 1003 3430; x_wconf 85' lang='lat' dir='ltr'><strong>viderit,</strong></span> <span class='ocrx_word' id='word_1_294' title='bbox 1037 3377 1128 3421; x_wconf 89' lang='lat' dir='ltr'><strong>aut</strong></span> <span class='ocrx_word' id='word_1_295' title='bbox 1157 3368 1327 3422; x_wconf 88' lang='lat' dir='ltr'><strong>Deum</strong></span> <span class='ocrx_word' id='word_1_296' title='bbox 1380 3368 1564 3424; x_wconf 87' lang='lat' dir='ltr'><strong>videre</strong></span> <span class='ocrx_word' id='word_1_297' title='bbox 1593 3371 1904 3426; x_wconf 86' lang='lat' dir='ltr'><strong>cessaverit.</strong></span> 
     </span>
    </p>
   </div>
   <div class='ocr_carea' id='block_1_38' title="bbox 323 3459 1910 3532">
    <p class='ocr_par' dir='ltr' id='par_1_38' title="bbox 323 3459 1910 3532">
     <span class='ocr_line' id='line_1_38' title="bbox 323 3459 1910 3532; baseline 0.001 -17"><span class='ocrx_word' id='word_1_298' title='bbox 323 3461 427 3517; x_wconf 91' lang='lat' dir='ltr'><strong>Sed</strong></span> <span class='ocrx_word' id='word_1_299' title='bbox 449 3461 573 3516; x_wconf 86' lang='lat' dir='ltr'><strong>huic</strong></span> <span class='ocrx_word' id='word_1_300' title='bbox 601 3460 734 3517; x_wconf 82' lang='lat' dir='ltr'><strong>falso</strong></span> <span class='ocrx_word' id='word_1_301' title='bbox 754 3461 1023 3515; x_wconf 83' lang='lat' dir='ltr'><strong>sententia</strong></span> <span class='ocrx_word' id='word_1_302' title='bbox 1054 3459 1294 3514; x_wconf 85' lang='lat' dir='ltr'><strong>veritatis</strong></span> <span class='ocrx_word' id='word_1_303' title='bbox 1324 3460 1551 3524; x_wconf 90' lang='lat' dir='ltr'><strong>obsistit,</strong></span> <span class='ocrx_word' id='word_1_304' title='bbox 1583 3477 1686 3532; x_wconf 87' lang='lat' dir='ltr'><strong>qua</strong></span> <span class='ocrx_word' id='word_1_305' title='bbox 1709 3461 1910 3516; x_wconf 92' lang='lat' dir='ltr'><strong>dictum</strong></span> 
     </span>
    </p>
   </div>
   <div class='ocr_carea' id='block_1_39' title="bbox 325 3549 1910 3622">
    <p class='ocr_par' dir='ltr' id='par_1_39' title="bbox 325 3549 1910 3622">
     <span class='ocr_line' id='line_1_39' title="bbox 325 3549 1910 3622; baseline 0.001 -17"><span class='ocrx_word' id='word_1_306' title='bbox 325 3560 406 3605; x_wconf 90' lang='lat' dir='ltr'><strong>est</strong></span> <span class='ocrx_word' id='word_1_307' title='bbox 433 3570 444 3603; x_wconf 93' lang='lat'>:</span> <span class='ocrx_word' id='word_1_308' title='bbox 482 3549 614 3614; x_wconf 78' lang='lat' dir='ltr'><strong>Quia</strong></span> <span class='ocrx_word' id='word_1_309' title='bbox 644 3549 817 3622; x_wconf 81' lang='lat' dir='ltr'><strong>angeli</strong></span> <span class='ocrx_word' id='word_1_310' title='bbox 847 3568 1023 3605; x_wconf 85' lang='lat' dir='ltr'><strong>eorum</strong></span> <span class='ocrx_word' id='word_1_311' title='bbox 1052 3565 1253 3621; x_wconf 81' lang='lat' dir='ltr'><strong>semper</strong></span> <span class='ocrx_word' id='word_1_312' title='bbox 1282 3550 1452 3606; x_wconf 80' lang='lat' dir='ltr'><strong>vident</strong></span> <span class='ocrx_word' id='word_1_313' title='bbox 1495 3552 1680 3621; x_wconf 75' lang='lat' dir='ltr'><strong>faciem</strong></span> <span class='ocrx_word' id='word_1_314' title='bbox 1732 3551 1910 3608; x_wconf 73' lang='lat' dir='ltr'><strong>Patris</strong></span> 
     </span>
    </p>
   </div>
   <div class='ocr_carea' id='block_1_40' title="bbox 324 3639 1911 3714">
    <p class='ocr_par' dir='ltr' id='par_1_40' title="bbox 324 3639 1911 3714">
     <span class='ocr_line' id='line_1_40' title="bbox 324 3639 1911 3714; baseline 0 -19"><span class='ocrx_word' id='word_1_315' title='bbox 324 3643 422 3696; x_wconf 84' lang='lat' dir='ltr'><strong>mei</strong></span> <span class='ocrx_word' id='word_1_316' title='bbox 451 3644 533 3714; x_wconf 83' lang='lat' dir='ltr'><strong>qui</strong></span> <span class='ocrx_word' id='word_1_317' title='bbox 560 3641 612 3695; x_wconf 88' lang='lat' dir='ltr'><strong>in</strong></span> <span class='ocrx_word' id='word_1_318' title='bbox 641 3643 779 3697; x_wconf 70' lang='lat' dir='ltr'><strong>uelis</strong></span> <span class='ocrx_word' id='word_1_319' title='bbox 817 3651 894 3695; x_wconf 81' lang='lat' dir='ltr'><strong>est</strong></span> <span class='ocrx_word' id='word_1_320' title='bbox 927 3639 1138 3713; x_wconf 80' lang='lat' dir='ltr'><strong>(Matth.</strong></span> <span class='ocrx_word' id='word_1_321' title='bbox 1172 3657 1316 3706; x_wconf 83' lang='lat' dir='ltr'><strong>xvni,</strong></span> <span class='ocrx_word' id='word_1_322' title='bbox 1352 3641 1460 3709; x_wconf 83' lang='grc'><strong>11).</strong></span> <span class='ocrx_word' id='word_1_323' title='bbox 1493 3639 1550 3694; x_wconf 93' lang='lat' dir='ltr'><strong>Si</strong></span> <span class='ocrx_word' id='word_1_324' title='bbox 1579 3655 1791 3710; x_wconf 85' lang='lat' dir='ltr'><strong>semper</strong></span> <span class='ocrx_word' id='word_1_325' title='bbox 1833 3641 1911 3695; x_wconf 85' lang='lat' dir='ltr'><strong>vi-</strong></span> 
     </span>
    </p>
   </div>
   <div class='ocr_carea' id='block_1_41' title="bbox 324 3730 1908 3806">
    <p class='ocr_par' dir='ltr' id='par_1_41' title="bbox 324 3730 1908 3806">
     <span class='ocr_line' id='line_1_41' title="bbox 324 3730 1908 3806; baseline 0.002 -21"><span class='ocrx_word' id='word_1_326' title='bbox 324 3731 468 3798; x_wconf 90' lang='lat' dir='ltr'><strong>dent,</strong></span> <span class='ocrx_word' id='word_1_327' title='bbox 518 3748 788 3806; x_wconf 86' lang='lat' dir='ltr'><strong>nunquam</strong></span> <span class='ocrx_word' id='word_1_328' title='bbox 841 3748 949 3786; x_wconf 91' lang='lat' dir='ltr'><strong>non</strong></span> <span class='ocrx_word' id='word_1_329' title='bbox 981 3731 1183 3788; x_wconf 88' lang='lat' dir='ltr'><strong>vident.</strong></span> <span class='ocrx_word' id='word_1_330' title='bbox 1219 3730 1312 3786; x_wconf 89' lang='lat' dir='ltr'><strong>Sin</strong></span> <span class='ocrx_word' id='word_1_331' title='bbox 1345 3739 1526 3786; x_wconf 89' lang='lat' dir='ltr'><strong>autem</strong></span> <span class='ocrx_word' id='word_1_332' title='bbox 1558 3731 1771 3802; x_wconf 81' lang='lat' dir='ltr'><strong>quando</strong></span> <span class='ocrx_word' id='word_1_333' title='bbox 1801 3730 1908 3788; x_wconf 85' lang='lat' dir='ltr'><strong>Ga-</strong></span> 
     </span>
    </p>
   </div>
   <div class='ocr_carea' id='block_1_42' title="bbox 323 3824 1908 3899">
    <p class='ocr_par' dir='ltr' id='par_1_42' title="bbox 323 3824 1908 3899">
     <span class='ocr_line' id='line_1_42' title="bbox 323 3824 1908 3899; baseline 0.003 -18"><span class='ocrx_word' id='word_1_334' title='bbox 323 3826 459 3883; x_wconf 86' lang='lat' dir='ltr'><strong>briel</strong></span> <span class='ocrx_word' id='word_1_335' title='bbox 509 3824 730 3882; x_wconf 81' lang='lat' dir='ltr'><strong>Mariam</strong></span> <span class='ocrx_word' id='word_1_336' title='bbox 759 3827 912 3893; x_wconf 89' lang='lat' dir='ltr'><strong>vidit,</strong></span> <span class='ocrx_word' id='word_1_337' title='bbox 960 3826 1129 3882; x_wconf 89' lang='lat' dir='ltr'><strong>Deum</strong></span> <span class='ocrx_word' id='word_1_338' title='bbox 1160 3827 1344 3882; x_wconf 90' lang='lat' dir='ltr'><strong>videre</strong></span> <span class='ocrx_word' id='word_1_339' title='bbox 1375 3827 1612 3896; x_wconf 81' lang='lat' dir='ltr'><strong>destitit;</strong></span> <span class='ocrx_word' id='word_1_340' title='bbox 1639 3844 1747 3884; x_wconf 90' lang='lat' dir='ltr'><strong>non</strong></span> <span class='ocrx_word' id='word_1_341' title='bbox 1779 3843 1908 3899; x_wconf 87' lang='lat' dir='ltr'><strong>ergo</strong></span> 
     </span>
    </p>
   </div>
   <div class='ocr_carea' id='block_1_43' title="bbox 321 3918 1908 3998">
    <p class='ocr_par' dir='ltr' id='par_1_43' title="bbox 321 3918 1908 3998">
     <span class='ocr_line' id='line_1_43' title="bbox 321 3918 1908 3998; baseline 0.002 -26"><span class='ocrx_word' id='word_1_342' title='bbox 321 3933 536 3987; x_wconf 86' lang='lat' dir='ltr'><strong>semper</strong></span> <span class='ocrx_word' id='word_1_343' title='bbox 585 3918 757 3984; x_wconf 83' lang='lat' dir='ltr'><strong>angeli</strong></span> <span class='ocrx_word' id='word_1_344' title='bbox 806 3918 974 3974; x_wconf 90' lang='lat' dir='ltr'><strong>Deum</strong></span> <span class='ocrx_word' id='word_1_345' title='bbox 1017 3918 1219 3974; x_wconf 90' lang='lat' dir='ltr'><strong>vident.</strong></span> <span class='ocrx_word' id='word_1_346' title='bbox 1252 3918 1419 3986; x_wconf 88' lang='lat' dir='ltr'><strong>Igitur</strong></span> <span class='ocrx_word' id='word_1_347' title='bbox 1447 3928 1541 3974; x_wconf 91' lang='lat' dir='ltr'><strong>aut</strong></span> <span class='ocrx_word' id='word_1_348' title='bbox 1568 3920 1784 3998; x_wconf 78' lang='lat' dir='ltr'><strong>quando</strong></span> <span class='ocrx_word' id='word_1_349' title='bbox 1802 3919 1908 3975; x_wconf 89' lang='lat' dir='ltr'><strong>Ga-</strong></span> 
     </span>
    </p>
   </div>
   <div class='ocr_carea' id='block_1_44' title="bbox 321 4009 1908 4077">
    <p class='ocr_par' dir='ltr' id='par_1_44' title="bbox 321 4009 1908 4077">
     <span class='ocr_line' id='line_1_44' title="bbox 321 4009 1908 4077; baseline 0.001 -11"><span class='ocrx_word' id='word_1_350' title='bbox 321 4011 459 4066; x_wconf 88' lang='lat' dir='ltr'><strong>briel</strong></span> <span class='ocrx_word' id='word_1_351' title='bbox 505 4009 725 4063; x_wconf 81' lang='lat' dir='ltr'><strong>Mariam</strong></span> <span class='ocrx_word' id='word_1_352' title='bbox 753 4010 906 4074; x_wconf 88' lang='lat' dir='ltr'><strong>vidit,</strong></span> <span class='ocrx_word' id='word_1_353' title='bbox 935 4009 1102 4064; x_wconf 90' lang='lat' dir='ltr'><strong>Deum</strong></span> <span class='ocrx_word' id='word_1_354' title='bbox 1132 4011 1314 4065; x_wconf 88' lang='lat' dir='ltr'><strong>videre</strong></span> <span class='ocrx_word' id='word_1_355' title='bbox 1345 4011 1577 4077; x_wconf 87' lang='lat' dir='ltr'><strong>destitit;</strong></span> <span class='ocrx_word' id='word_1_356' title='bbox 1610 4021 1700 4066; x_wconf 88' lang='lat' dir='ltr'><strong>aut</strong></span> <span class='ocrx_word' id='word_1_357' title='bbox 1720 4027 1908 4067; x_wconf 90' lang='lat' dir='ltr'><strong>verum</strong></span> 
     </span>
    </p>
   </div>
   <div class='ocr_carea' id='block_1_45' title="bbox 321 4101 1908 4178">
    <p class='ocr_par' dir='ltr' id='par_1_45' title="bbox 321 4101 1908 4178">
     <span class='ocr_line' id='line_1_45' title="bbox 321 4101 1908 4178; baseline 0.001 -20"><span class='ocrx_word' id='word_1_358' title='bbox 321 4118 430 4158; x_wconf 91' lang='lat' dir='ltr'><strong>non</strong></span> <span class='ocrx_word' id='word_1_359' title='bbox 477 4103 580 4158; x_wconf 90' lang='lat' dir='ltr'><strong>erit</strong></span> <span class='ocrx_word' id='word_1_360' title='bbox 623 4102 766 4171; x_wconf 89' lang='lat' dir='ltr'><strong>quod</strong></span> <span class='ocrx_word' id='word_1_361' title='bbox 808 4101 1018 4156; x_wconf 81' lang='lat' dir='ltr'><strong>Veritas</strong></span> <span class='ocrx_word' id='word_1_362' title='bbox 1047 4101 1197 4156; x_wconf 86' lang='lat' dir='ltr'><strong>dixit.</strong></span> <span class='ocrx_word' id='word_1_363' title='bbox 1241 4103 1582 4178; x_wconf 86' lang='lat' dir='ltr'><strong>Quapropter</strong></span> <span class='ocrx_word' id='word_1_364' title='bbox 1621 4105 1908 4178; x_wconf 86' lang='lat' dir='ltr'><strong>indissolu-</strong></span> 
     </span>
    </p>
   </div>
   <div class='ocr_carea' id='block_1_46' title="bbox 319 4193 1909 4268">
    <p class='ocr_par' dir='ltr' id='par_1_46' title="bbox 319 4193 1909 4268">
     <span class='ocr_line' id='line_1_46' title="bbox 319 4193 1909 4268; baseline -0.001 -15"><span class='ocrx_word' id='word_1_365' title='bbox 319 4196 432 4264; x_wconf 83' lang='lat' dir='ltr'><strong>bili,</strong></span> <span class='ocrx_word' id='word_1_366' title='bbox 489 4204 547 4250; x_wconf 89' lang='lat' dir='ltr'><strong>ut</strong></span> <span class='ocrx_word' id='word_1_367' title='bbox 591 4201 761 4267; x_wconf 84' lang='lat' dir='ltr'><strong>patet,</strong></span> <span class='ocrx_word' id='word_1_368' title='bbox 791 4193 1003 4250; x_wconf 88' lang='lat' dir='ltr'><strong>ratione</strong></span> <span class='ocrx_word' id='word_1_369' title='bbox 1025 4194 1376 4249; x_wconf 81' lang='lat' dir='ltr'><strong>concluditur.</strong></span> <span class='ocrx_word' id='word_1_370' title='bbox 1411 4195 1567 4263; x_wconf 85' lang='lat' dir='ltr'><strong>Quod</strong></span> <span class='ocrx_word' id='word_1_371' title='bbox 1596 4197 1720 4268; x_wconf 87' lang='lat' dir='ltr'><strong>quia</strong></span> <span class='ocrx_word' id='word_1_372' title='bbox 1750 4196 1909 4252; x_wconf 90' lang='lat' dir='ltr'><strong>locali</strong></span> 
     </span>
    </p>
   </div>
   <div class='ocr_carea' id='block_1_47' title="bbox 320 4284 1902 4359">
    <p class='ocr_par' dir='ltr' id='par_1_47' title="bbox 320 4284 1902 4359">
     <span class='ocr_line' id='line_1_47' title="bbox 320 4284 1902 4359; baseline 0.002 -17"><span class='ocrx_word' id='word_1_373' title='bbox 320 4287 437 4342; x_wconf 86' lang='lat' dir='ltr'><strong>visu</strong></span> <span class='ocrx_word' id='word_1_374' title='bbox 491 4285 790 4359; x_wconf 87' lang='lat' dir='ltr'><strong>eodemque</strong></span> <span class='ocrx_word' id='word_1_375' title='bbox 846 4285 901 4357; x_wconf 81' lang='lat' dir='ltr'><strong>in</strong></span> <span class='ocrx_word' id='word_1_376' title='bbox 957 4284 1139 4342; x_wconf 76' lang='lat' dir='ltr'><strong>Maria:</strong></span> <span class='ocrx_word' id='word_1_377' title='bbox 1167 4289 1676 4359; x_wconf 84' lang='lat' dir='ltr'><strong>contemplationem</strong></span> <span class='ocrx_word' id='word_1_378' title='bbox 1706 4288 1902 4357; x_wconf 86' lang='lat' dir='ltr'><strong>deﬁxo,</strong></span> 
     </span>
    </p>
   </div>
   <div class='ocr_carea' id='block_1_48' title="bbox 247 4367 1904 4450">
    <p class='ocr_par' dir='ltr' id='par_1_48' title="bbox 247 4367 1904 4450">
     <span class='ocr_line' id='line_1_48' title="bbox 247 4367 1904 4450; baseline 0.002 -18"><span class='ocrx_word' id='word_1_379' title='bbox 247 4367 250 4370; x_wconf 55' lang='grc'><strong>’</strong></span> <span class='ocrx_word' id='word_1_380' title='bbox 321 4378 546 4447; x_wconf 83' lang='lat' dir='ltr'><strong>angelus</strong></span> <span class='ocrx_word' id='word_1_381' title='bbox 568 4379 735 4433; x_wconf 89' lang='lat' dir='ltr'><strong>Deum</strong></span> <span class='ocrx_word' id='word_1_382' title='bbox 758 4379 938 4433; x_wconf 88' lang='lat' dir='ltr'><strong>videre</strong></span> <span class='ocrx_word' id='word_1_383' title='bbox 968 4395 1075 4434; x_wconf 91' lang='lat' dir='ltr'><strong>non</strong></span> <span class='ocrx_word' id='word_1_384' title='bbox 1104 4378 1297 4448; x_wconf 90' lang='lat' dir='ltr'><strong>potuit,</strong></span> <span class='ocrx_word' id='word_1_385' title='bbox 1331 4388 1385 4434; x_wconf 90' lang='lat' dir='ltr'><strong>et</strong></span> <span class='ocrx_word' id='word_1_386' title='bbox 1406 4389 1587 4435; x_wconf 86' lang='lat' dir='ltr'><strong>tamen</strong></span> <span class='ocrx_word' id='word_1_387' title='bbox 1613 4389 1739 4436; x_wconf 91' lang='lat' dir='ltr'><strong>tunc</strong></span> <span class='ocrx_word' id='word_1_388' title='bbox 1765 4398 1904 4450; x_wconf 92' lang='lat' dir='ltr'><strong>quo-</strong></span> 
     </span>
    </p>
   </div>
   <div class='ocr_carea' id='block_1_49' title="bbox 320 4467 1906 4544">
    <p class='ocr_par' dir='ltr' id='par_1_49' title="bbox 320 4467 1906 4544">
     <span class='ocr_line' id='line_1_49' title="bbox 320 4467 1906 4544; baseline 0.003 -20"><span class='ocrx_word' id='word_1_389' title='bbox 320 4484 427 4544; x_wconf 87' lang='lat' dir='ltr'><strong>que</strong></span> <span class='ocrx_word' id='word_1_390' title='bbox 447 4467 681 4525; x_wconf 86' lang='lat' dir='ltr'><strong>Gabrieli</strong></span> <span class='ocrx_word' id='word_1_391' title='bbox 710 4469 875 4536; x_wconf 85' lang='lat' dir='ltr'><strong>Deum</strong></span> <span class='ocrx_word' id='word_1_392' title='bbox 901 4470 1074 4528; x_wconf 85' lang='lat' dir='ltr'><strong>visum</strong></span> <span class='ocrx_word' id='word_1_393' title='bbox 1095 4485 1293 4540; x_wconf 85' lang='lat' dir='ltr'><strong>negare</strong></span> <span class='ocrx_word' id='word_1_394' title='bbox 1315 4488 1422 4527; x_wconf 93' lang='lat' dir='ltr'><strong>non</strong></span> <span class='ocrx_word' id='word_1_395' title='bbox 1444 4473 1590 4538; x_wconf 89' lang='lat' dir='ltr'><strong>licet,</strong></span> <span class='ocrx_word' id='word_1_396' title='bbox 1617 4483 1641 4510; x_wconf 75' lang='grc' dir='ltr'><strong>ιι</strong></span> <span class='ocrx_word' id='word_1_397' title='bbox 1669 4490 1737 4529; x_wconf 87' lang='lat' dir='ltr'><strong>ne</strong></span> <span class='ocrx_word' id='word_1_398' title='bbox 1753 4474 1906 4542; x_wconf 84' lang='lat' dir='ltr'><strong>juxta</strong></span> 
     </span>
    </p>
   </div>
   <div class='ocr_carea' id='block_1_50' title="bbox 319 4561 1906 4636">
    <p class='ocr_par' dir='ltr' id='par_1_50' title="bbox 319 4561 1906 4636">
     <span class='ocr_line' id='line_1_50' title="bbox 319 4561 1906 4636; baseline 0.001 -17"><span class='ocrx_word' id='word_1_399' title='bbox 319 4561 522 4620; x_wconf 88' lang='lat' dir='ltr'><strong>diaboli</strong></span> <span class='ocrx_word' id='word_1_400' title='bbox 572 4577 776 4630; x_wconf 86' lang='lat' dir='ltr'><strong>casum,</strong></span> <span class='ocrx_word' id='word_1_401' title='bbox 835 4563 888 4618; x_wconf 90' lang='lat' dir='ltr'><strong>in</strong></span> <span class='ocrx_word' id='word_1_402' title='bbox 943 4564 1158 4620; x_wconf 86' lang='lat' dir='ltr'><strong>miseria</strong></span> <span class='ocrx_word' id='word_1_403' title='bbox 1187 4565 1393 4621; x_wconf 89' lang='lat' dir='ltr'><strong>scilicet</strong></span> <span class='ocrx_word' id='word_1_404' title='bbox 1428 4581 1662 4636; x_wconf 87' lang='lat' dir='ltr'><strong>unquam</strong></span> <span class='ocrx_word' id='word_1_405' title='bbox 1693 4566 1906 4621; x_wconf 87' lang='lat' dir='ltr'><strong>videndi</strong></span> 
     </span>
    </p>
   </div>
   <div class='ocr_carea' id='block_1_51' title="bbox 318 4637 1908 4726">
    <p class='ocr_par' dir='ltr' id='par_1_51' title="bbox 318 4637 1908 4726">
     <span class='ocr_line' id='line_1_51' title="bbox 318 4637 1908 4726; baseline 0.001 -16"><span class='ocrx_word' id='word_1_406' title='bbox 318 4671 426 4714; x_wconf 91' lang='lat' dir='ltr'><strong>non</strong></span> <span class='ocrx_word' id='word_1_407' title='bbox 456 4654 625 4712; x_wconf 90' lang='lat' dir='ltr'><strong>Deum</strong></span> <span class='ocrx_word' id='word_1_408' title='bbox 651 4654 996 4711; x_wconf 69' lang='lat' dir='ltr'><strong>immutabilis</strong></span> <span class='ocrx_word' id='word_1_409' title='bbox 1009 4655 1121 4726; x_wconf 89' lang='lat' dir='ltr'><strong>jam</strong></span> <span class='ocrx_word' id='word_1_410' title='bbox 1141 4656 1489 4714; x_wconf 65' lang='lat' dir='ltr'><strong>beatitudinis</strong></span> <span class='ocrx_word' id='word_1_411' title='bbox 1511 4637 1689 4724; x_wconf 72' lang='lat' dir='ltr'><strong>angeli</strong></span> <span class='ocrx_word' id='word_1_412' title='bbox 1716 4664 1908 4712; x_wconf 86' lang='lat' dir='ltr'><strong>natura</strong></span> 
     </span>
    </p>
   </div>
   <div class='ocr_carea' id='block_1_52' title="bbox 321 4745 1908 4817">
    <p class='ocr_par' dir='ltr' id='par_1_52' title="bbox 321 4745 1908 4817">
     <span class='ocr_line' id='line_1_52' title="bbox 321 4745 1908 4817; baseline -0.001 -15"><span class='ocrx_word' id='word_1_413' title='bbox 321 4745 609 4813; x_wconf 88' lang='lat' dir='ltr'><strong>deciderit;</strong></span> <span class='ocrx_word' id='word_1_414' title='bbox 641 4745 711 4804; x_wconf 89' lang='lat' dir='ltr'><strong>sit</strong></span> <span class='ocrx_word' id='word_1_415' title='bbox 730 4745 783 4802; x_wconf 92' lang='lat' dir='ltr'><strong>in</strong></span> <span class='ocrx_word' id='word_1_416' title='bbox 813 4761 880 4801; x_wconf 90' lang='lat' dir='ltr'><strong>eo</strong></span> <span class='ocrx_word' id='word_1_417' title='bbox 909 4762 1172 4817; x_wconf 87' lang='lat' dir='ltr'><strong>corporea</strong></span> <span class='ocrx_word' id='word_1_418' title='bbox 1202 4747 1636 4817; x_wconf 89' lang='lat' dir='ltr'><strong>incorporeaque</strong></span> <span class='ocrx_word' id='word_1_419' title='bbox 1660 4747 1908 4804; x_wconf 87' lang='lat' dir='ltr'><strong>substan-</strong></span> 
     </span>
    </p>
   </div>
   <div class='ocr_carea' id='block_1_53' title="bbox 323 4837 1910 4910">
    <p class='ocr_par' dir='ltr' id='par_1_53' title="bbox 323 4837 1910 4910">
     <span class='ocr_line' id='line_1_53' title="bbox 323 4837 1910 4910; baseline 0.001 -18"><span class='ocrx_word' id='word_1_420' title='bbox 323 4839 432 4895; x_wconf 88' lang='lat' dir='ltr'><strong>tia:</strong></span> <span class='ocrx_word' id='word_1_421' title='bbox 466 4853 570 4896; x_wconf 88' lang='lat' dir='ltr'><strong>una</strong></span> <span class='ocrx_word' id='word_1_422' title='bbox 597 4851 705 4907; x_wconf 86' lang='lat' dir='ltr'><strong>qua</strong></span> <span class='ocrx_word' id='word_1_423' title='bbox 732 4838 820 4895; x_wconf 88' lang='lat' dir='ltr'><strong>vel</strong></span> <span class='ocrx_word' id='word_1_424' title='bbox 864 4837 1111 4895; x_wconf 89' lang='lat' dir='ltr'><strong>videatur</strong></span> <span class='ocrx_word' id='word_1_425' title='bbox 1157 4840 1372 4910; x_wconf 86' lang='lat' dir='ltr'><strong>corpori</strong></span> <span class='ocrx_word' id='word_1_426' title='bbox 1425 4839 1512 4894; x_wconf 90' lang='lat' dir='ltr'><strong>vel</strong></span> <span class='ocrx_word' id='word_1_427' title='bbox 1558 4840 1910 4910; x_wconf 87' lang='lat' dir='ltr'><strong>corporaliter</strong></span> 
     </span>
    </p>
   </div>
   <div class='ocr_carea' id='block_1_54' title="bbox 321 4929 1908 5002">
    <p class='ocr_par' dir='ltr' id='par_1_54' title="bbox 321 4929 1908 5002">
     <span class='ocr_line' id='line_1_54' title="bbox 321 4929 1908 5002; baseline 0.001 -16"><span class='ocrx_word' id='word_1_428' title='bbox 321 4929 529 4996; x_wconf 85' lang='lat' dir='ltr'><strong>videat;</strong></span> <span class='ocrx_word' id='word_1_429' title='bbox 560 4929 727 4988; x_wconf 85' lang='lat' dir='ltr'><strong>altera</strong></span> <span class='ocrx_word' id='word_1_430' title='bbox 755 4945 861 5001; x_wconf 89' lang='lat' dir='ltr'><strong>qua</strong></span> <span class='ocrx_word' id='word_1_431' title='bbox 906 4931 1320 5002; x_wconf 89' lang='lat' dir='ltr'><strong>incorporaliter</strong></span> <span class='ocrx_word' id='word_1_432' title='bbox 1361 4931 1738 5002; x_wconf 89' lang='lat' dir='ltr'><strong>incorporeum</strong></span> <span class='ocrx_word' id='word_1_433' title='bbox 1790 4932 1908 4988; x_wconf 89' lang='lat' dir='ltr'><strong>sine</strong></span> 
     </span>
    </p>
   </div>
   <div class='ocr_carea' id='block_1_55' title="bbox 321 5020 774 5094">
    <p class='ocr_par' dir='ltr' id='par_1_55' title="bbox 321 5020 774 5094">
     <span class='ocr_line' id='line_1_55' title="bbox 321 5020 774 5094; baseline 0.002 -20"><span class='ocrx_word' id='word_1_434' title='bbox 321 5020 429 5080; x_wconf 88' lang='lat' dir='ltr'><strong>ﬁne</strong></span> <span class='ocrx_word' id='word_1_435' title='bbox 458 5021 774 5094; x_wconf 88' lang='lat' dir='ltr'><strong>conspiciat.</strong></span> 
     </span>
    </p>
   </div>
   <div class='ocr_carea' id='block_1_56' title="bbox 937 5109 1308 5171">
    <p class='ocr_par' dir='ltr' id='par_1_56' title="bbox 937 5109 1308 5171">
     <span class='ocr_line' id='line_1_56' title="bbox 937 5109 1308 5171; baseline 0 -2"><span class='ocrx_word' id='word_1_436' title='bbox 937 5111 1167 5170; x_wconf 87' lang='lat' dir='ltr'><strong>CAPUT</strong></span> <span class='ocrx_word' id='word_1_437' title='bbox 1204 5109 1308 5171; x_wconf 44' lang='lat' dir='ltr'><strong>VI.‘</strong></span> 
     </span>
    </p>
   </div>
   <div class='ocr_carea' id='block_1_57' title="bbox 319 5196 1904 5281">
    <p class='ocr_par' dir='ltr' id='par_1_57' title="bbox 319 5196 1904 5281">
     <span class='ocr_line' id='line_1_57' title="bbox 319 5196 1904 5281; baseline 0.002 -21"><span class='ocrx_word' id='word_1_438' title='bbox 319 5201 582 5270; x_wconf 84' lang='lat' dir='ltr'><strong>Quantum</strong></span> <span class='ocrx_word' id='word_1_439' title='bbox 599 5204 753 5262; x_wconf 71' lang='lat' dir='ltr'><strong>distat</strong></span> <span class='ocrx_word' id='word_1_440' title='bbox 773 5196 994 5262; x_wconf 74' lang='lat' dir='ltr'><strong>materia</strong></span> <span class='ocrx_word' id='word_1_441' title='bbox 1023 5206 1266 5281; x_wconf 73' lang='lat' dir='ltr'><strong>informis</strong></span> <span class='ocrx_word' id='word_1_442' title='bbox 1295 5224 1327 5281; x_wconf 64' lang='grc' dir='ltr'>(ι</span> <span class='ocrx_word' id='word_1_443' title='bbox 1356 5207 1540 5276; x_wconf 74' lang='lat' dir='ltr'><strong>nihilo,</strong></span> <span class='ocrx_word' id='word_1_444' title='bbox 1569 5209 1647 5265; x_wconf 83' lang='lat' dir='ltr'><strong>uel</strong></span> <span class='ocrx_word' id='word_1_445' title='bbox 1661 5210 1776 5281; x_wconf 89' lang='lat' dir='ltr'><strong>jam</strong></span> <span class='ocrx_word' id='word_1_446' title='bbox 1799 5211 1904 5281; x_wconf 79' lang='lat' dir='ltr'><strong>for-</strong></span> 
     </span>
    </p>
   </div>
   <div class='ocr_carea' id='block_1_58' title="bbox 851 5277 1345 5348">
    <p class='ocr_par' dir='ltr' id='par_1_58' title="bbox 851 5277 1345 5348">
     <span class='ocr_line' id='line_1_58' title="bbox 851 5277 1345 5348; baseline 0.004 -19"><span class='ocrx_word' id='word_1_447' title='bbox 851 5284 996 5329; x_wconf 86' lang='lat' dir='ltr'><strong>mata</strong></span> <span class='ocrx_word' id='word_1_448' title='bbox 1024 5277 1092 5330; x_wconf 75' lang='lat' dir='ltr'><strong>ab</strong></span> <span class='ocrx_word' id='word_1_449' title='bbox 1116 5278 1345 5348; x_wconf 79' lang='lat' dir='ltr'><strong>informi.</strong></span> 
     </span>
    </p>
   </div>
   <div class='ocr_carea' id='block_1_59' title="bbox 384 5385 1904 5463">
    <p class='ocr_par' dir='ltr' id='par_1_59' title="bbox 384 5385 1904 5463">
     <span class='ocr_line' id='line_1_59' title="bbox 384 5385 1904 5463; baseline 0.005 -22"><span class='ocrx_word' id='word_1_450' title='bbox 384 5385 425 5442; x_wconf 89' lang='grc' dir='ltr'>ι.</span> <span class='ocrx_word' id='word_1_451' title='bbox 457 5385 571 5458; x_wconf 78' lang='lat' dir='ltr'><strong>Age</strong></span> <span class='ocrx_word' id='word_1_452' title='bbox 595 5403 740 5446; x_wconf 91' lang='lat' dir='ltr'><strong>nunc</strong></span> <span class='ocrx_word' id='word_1_453' title='bbox 768 5402 867 5462; x_wconf 91' lang='lat' dir='ltr'><strong>pro</strong></span> <span class='ocrx_word' id='word_1_454' title='bbox 897 5389 1144 5446; x_wconf 89' lang='lat' dir='ltr'><strong>acumine</strong></span> <span class='ocrx_word' id='word_1_455' title='bbox 1185 5389 1498 5448; x_wconf 88' lang='lat' dir='ltr'><strong>excellentis</strong></span> <span class='ocrx_word' id='word_1_456' title='bbox 1526 5393 1745 5463; x_wconf 75' lang='lat' dir='ltr'><strong>ingenii,</strong></span> <span class='ocrx_word' id='word_1_457' title='bbox 1779 5408 1904 5462; x_wconf 89' lang='lat' dir='ltr'><strong>pro-</strong></span> 
     </span>
    </p>
   </div>
   <div class='ocr_carea' id='block_1_60' title="bbox 383 5588 1895 5663">
    <p class='ocr_par' dir='ltr' id='par_1_60' title="bbox 383 5588 1895 5663">
     <span class='ocr_line' id='line_1_60' title="bbox 383 5588 1895 5663; baseline -0.001 -18"><span class='ocrx_word' id='word_1_458' title='bbox 383 5600 418 5663; x_wconf 15' lang='lat'><strong>‘7</strong></span> <span class='ocrx_word' id='word_1_459' title='bbox 449 5588 540 5663; x_wconf 80' lang='lat' dir='ltr'><strong>Sic</strong></span> <span class='ocrx_word' id='word_1_460' title='bbox 561 5592 724 5648; x_wconf 89' lang='lat' dir='ltr'><strong>editio</strong></span> <span class='ocrx_word' id='word_1_461' title='bbox 750 5593 1084 5650; x_wconf 82' lang='lat' dir='ltr'><strong>Parisiensis.</strong></span> <span class='ocrx_word' id='word_1_462' title='bbox 1114 5597 1182 5649; x_wconf 92' lang='lat' dir='ltr'><strong>At</strong></span> <span class='ocrx_word' id='word_1_463' title='bbox 1219 5593 1582 5663; x_wconf 84' lang='lat' dir='ltr'><strong>Lugdunensis</strong></span> <span class='ocrx_word' id='word_1_464' title='bbox 1609 5612 1620 5648; x_wconf 87' lang='lat'><strong>:</strong></span> <span class='ocrx_word' id='word_1_465' title='bbox 1647 5610 1711 5647; x_wconf 81' lang='lat' dir='ltr'><strong>ne</strong></span> <span class='ocrx_word' id='word_1_466' title='bbox 1741 5592 1895 5663; x_wconf 71' lang='lat' dir='ltr'><strong>juxta</strong></span> 
     </span>
    </p>
   </div>
   <div class='ocr_carea' id='block_1_61' title="bbox 311 5661 1896 5740">
    <p class='ocr_par' dir='ltr' id='par_1_61' title="bbox 311 5661 1896 5740">
     <span class='ocr_line' id='line_1_61' title="bbox 311 5661 1896 5740; baseline -0.004 -19"><span class='ocrx_word' id='word_1_467' title='bbox 311 5661 506 5721; x_wconf 74' lang='lat' dir='ltr'><strong>diaboli</strong></span> <span class='ocrx_word' id='word_1_468' title='bbox 527 5677 756 5734; x_wconf 67' lang='lat' dir='ltr'><strong>causam,</strong></span> <span class='ocrx_word' id='word_1_469' title='bbox 785 5666 841 5720; x_wconf 88' lang='lat' dir='ltr'><strong>in</strong></span> <span class='ocrx_word' id='word_1_470' title='bbox 867 5667 1076 5722; x_wconf 77' lang='lat' dir='ltr'><strong>miseria</strong></span> <span class='ocrx_word' id='word_1_471' title='bbox 1105 5661 1546 5740; x_wconf 46' lang='lat' dir='ltr'><strong>scilicet&#39;unquam</strong></span> <span class='ocrx_word' id='word_1_472' title='bbox 1567 5680 1670 5719; x_wconf 86' lang='lat' dir='ltr'><strong>non</strong></span> <span class='ocrx_word' id='word_1_473' title='bbox 1691 5661 1896 5718; x_wconf 82' lang='lat' dir='ltr'><strong>videndi</strong></span> 
     </span>
    </p>
   </div>
   <div class='ocr_carea' id='block_1_62' title="bbox 2011 421 3596 504">
    <p class='ocr_par' dir='ltr' id='par_1_62' title="bbox 2011 421 3596 504">
     <span class='ocr_line' id='line_1_62' title="bbox 2011 421 3596 504; baseline 0.011 -30"><span class='ocrx_word' id='word_1_474' title='bbox 2011 421 2317 492; x_wconf 85' lang='lat' dir='ltr'><strong>pronuntia,</strong></span> <span class='ocrx_word' id='word_1_475' title='bbox 2350 435 2458 490; x_wconf 91' lang='lat' dir='ltr'><strong>quo</strong></span> <span class='ocrx_word' id='word_1_476' title='bbox 2488 421 2700 479; x_wconf 68' lang='lat' dir='ltr'><strong>differat</strong></span> <span class='ocrx_word' id='word_1_477' title='bbox 2744 428 2969 483; x_wconf 85' lang='lat' dir='ltr'><strong>materia</strong></span> <span class='ocrx_word' id='word_1_478' title='bbox 3017 425 3261 502; x_wconf 73' lang='lat' dir='ltr'><strong>infamis</strong></span> <span class='ocrx_word' id='word_1_479' title='bbox 3306 448 3337 486; x_wconf 86' lang='lat' dir='ltr'><strong>a</strong></span> <span class='ocrx_word' id='word_1_480' title='bbox 3385 434 3596 504; x_wconf 88' lang='lat' dir='ltr'><strong>nihilo;</strong></span> 
     </span>
    </p>
   </div>
   <div class='ocr_carea' id='block_1_63' title="bbox 2011 513 3602 595">
    <p class='ocr_par' dir='ltr' id='par_1_63' title="bbox 2011 513 3602 595">
     <span class='ocr_line' id='line_1_63' title="bbox 2011 513 3602 595; baseline 0.011 -28"><span class='ocrx_word' id='word_1_481' title='bbox 2011 513 2140 586; x_wconf 88' lang='lat' dir='ltr'><strong>quid</strong></span> <span class='ocrx_word' id='word_1_482' title='bbox 2167 514 2235 570; x_wconf 92' lang='lat' dir='ltr'><strong>sit</strong></span> <span class='ocrx_word' id='word_1_483' title='bbox 2262 514 2558 571; x_wconf 91' lang='lat' dir='ltr'><strong>inanimum</strong></span> <span class='ocrx_word' id='word_1_484' title='bbox 2596 517 2847 587; x_wconf 88' lang='lat' dir='ltr'><strong>idemque</strong></span> <span class='ocrx_word' id='word_1_485' title='bbox 2889 519 3211 591; x_wconf 83' lang='lat' dir='ltr'><strong>formatum;</strong></span> <span class='ocrx_word' id='word_1_486' title='bbox 3241 526 3371 595; x_wconf 89' lang='lat' dir='ltr'><strong>quid</strong></span> <span class='ocrx_word' id='word_1_487' title='bbox 3399 536 3457 583; x_wconf 88' lang='lat' dir='ltr'><strong>et</strong></span> <span class='ocrx_word' id='word_1_488' title='bbox 3489 527 3602 585; x_wconf 80' lang='lat' dir='ltr'><strong>for-</strong></span> 
     </span>
    </p>
   </div>
   <div class='ocr_carea' id='block_1_64' title="bbox 2012 606 3602 682">
    <p class='ocr_par' dir='ltr' id='par_1_64' title="bbox 2012 606 3602 682">
     <span class='ocr_line' id='line_1_64' title="bbox 2012 606 3602 682; baseline 0.009 -21"><span class='ocrx_word' id='word_1_489' title='bbox 2012 614 2216 673; x_wconf 82' lang='lat' dir='ltr'><strong>matum</strong></span> <span class='ocrx_word' id='word_1_490' title='bbox 2245 606 2450 677; x_wconf 88' lang='lat' dir='ltr'><strong>pariter</strong></span> <span class='ocrx_word' id='word_1_491' title='bbox 2484 615 2538 662; x_wconf 90' lang='lat' dir='ltr'><strong>et</strong></span> <span class='ocrx_word' id='word_1_492' title='bbox 2567 608 2888 677; x_wconf 87' lang='lat' dir='ltr'><strong>animatum;</strong></span> <span class='ocrx_word' id='word_1_493' title='bbox 2923 613 3052 682; x_wconf 89' lang='lat' dir='ltr'><strong>quid</strong></span> <span class='ocrx_word' id='word_1_494' title='bbox 3095 617 3168 670; x_wconf 81' lang='lat' dir='ltr'><strong>sit</strong></span> <span class='ocrx_word' id='word_1_495' title='bbox 3192 615 3347 674; x_wconf 83' lang='lat' dir='ltr'><strong>locus</strong></span> <span class='ocrx_word' id='word_1_496' title='bbox 3380 627 3434 674; x_wconf 89' lang='lat' dir='ltr'><strong>et</strong></span> <span class='ocrx_word' id='word_1_497' title='bbox 3463 628 3602 676; x_wconf 87' lang='lat' dir='ltr'><strong>tem-</strong></span> 
     </span>
    </p>
   </div>
   <div class='ocr_carea' id='block_1_65' title="bbox 2013 699 3598 781">
    <p class='ocr_par' dir='ltr' id='par_1_65' title="bbox 2013 699 3598 781">
     <span class='ocr_line' id='line_1_65' title="bbox 2013 699 3598 781; baseline 0.011 -31"><span class='ocrx_word' id='word_1_498' title='bbox 2013 714 2140 768; x_wconf 90' lang='lat' dir='ltr'><strong>pus;</strong></span> <span class='ocrx_word' id='word_1_499' title='bbox 2187 699 2418 769; x_wconf 89' lang='lat' dir='ltr'><strong>qualiter</strong></span> <span class='ocrx_word' id='word_1_500' title='bbox 2457 700 2645 756; x_wconf 90' lang='lat' dir='ltr'><strong>localis</strong></span> <span class='ocrx_word' id='word_1_501' title='bbox 2690 711 2868 757; x_wconf 85' lang='lat' dir='ltr'><strong>motus</strong></span> <span class='ocrx_word' id='word_1_502' title='bbox 2895 704 3156 761; x_wconf 84' lang='lat' dir='ltr'><strong>subdatur</strong></span> <span class='ocrx_word' id='word_1_503' title='bbox 3194 709 3356 764; x_wconf 88' lang='lat' dir='ltr'><strong>etia</strong></span> <span class='ocrx_word' id='word_1_504' title='bbox 3387 719 3598 781; x_wconf 84' lang='lat' dir='ltr'><strong>tempo-</strong></span> 
     </span>
    </p>
   </div>
   <div class='ocr_carea' id='block_1_66' title="bbox 2012 794 3599 868">
    <p class='ocr_par' dir='ltr' id='par_1_66' title="bbox 2012 794 3599 868">
     <span class='ocr_line' id='line_1_66' title="bbox 2012 794 3599 868; baseline 0.006 -20"><span class='ocrx_word' id='word_1_505' title='bbox 2012 794 2129 859; x_wconf 91' lang='lat' dir='ltr'><strong>rali,</strong></span> <span class='ocrx_word' id='word_1_506' title='bbox 2162 809 2284 849; x_wconf 89' lang='lat' dir='ltr'><strong>cum</strong></span> <span class='ocrx_word' id='word_1_507' title='bbox 2316 795 2624 864; x_wconf 87' lang='lat' dir='ltr'><strong>temporalis</strong></span> <span class='ocrx_word' id='word_1_508' title='bbox 2653 802 2860 851; x_wconf 89' lang='lat' dir='ltr'><strong>tantum</strong></span> <span class='ocrx_word' id='word_1_509' title='bbox 2884 813 2993 852; x_wconf 88' lang='lat' dir='ltr'><strong>non</strong></span> <span class='ocrx_word' id='word_1_510' title='bbox 3023 798 3296 868; x_wconf 75' lang='lat' dir='ltr'><strong>subiaceat</strong></span> <span class='ocrx_word' id='word_1_511' title='bbox 3324 803 3485 858; x_wconf 88' lang='lat' dir='ltr'><strong>etiam</strong></span> <span class='ocrx_word' id='word_1_512' title='bbox 3515 803 3599 858; x_wconf 88' lang='lat' dir='ltr'><strong>lo-</strong></span> 
     </span>
    </p>
   </div>
   <div class='ocr_carea' id='block_1_67' title="bbox 2013 869 3598 962">
    <p class='ocr_par' dir='ltr' id='par_1_67' title="bbox 2013 869 3598 962">
     <span class='ocr_line' id='line_1_67' title="bbox 2013 869 3598 962; baseline 0.005 -22"><span class='ocrx_word' id='word_1_513' title='bbox 2013 885 2144 951; x_wconf 91' lang='lat' dir='ltr'><strong>cali;</strong></span> <span class='ocrx_word' id='word_1_514' title='bbox 2185 883 2312 954; x_wconf 91' lang='lat' dir='ltr'><strong>quid</strong></span> <span class='ocrx_word' id='word_1_515' title='bbox 2354 886 2421 940; x_wconf 88' lang='lat' dir='ltr'><strong>sit</strong></span> <span class='ocrx_word' id='word_1_516' title='bbox 2467 885 2675 942; x_wconf 87' lang='lat' dir='ltr'><strong>stabilis</strong></span> <span class='ocrx_word' id='word_1_517' title='bbox 2703 893 2901 954; x_wconf 91' lang='lat' dir='ltr'><strong>motus,</strong></span> <span class='ocrx_word' id='word_1_518' title='bbox 2953 888 3151 960; x_wconf 88' lang='lat' dir='ltr'><strong>quidve</strong></span> <span class='ocrx_word' id='word_1_519' title='bbox 3197 890 3264 944; x_wconf 87' lang='lat' dir='ltr'><strong>sit</strong></span> <span class='ocrx_word' id='word_1_520' title='bbox 3291 869 3598 962; x_wconf 69' lang='lat' dir='ltr'><strong>aeternitas;</strong></span> 
     </span>
    </p>
   </div>
   <div class='ocr_carea' id='block_1_68' title="bbox 2013 977 3601 1048">
    <p class='ocr_par' dir='ltr' id='par_1_68' title="bbox 2013 977 3601 1048">
     <span class='ocr_line' id='line_1_68' title="bbox 2013 977 3601 1048; baseline 0.006 -16"><span class='ocrx_word' id='word_1_521' title='bbox 2013 977 2140 1048; x_wconf 90' lang='lat' dir='ltr'><strong>quid</strong></span> <span class='ocrx_word' id='word_1_522' title='bbox 2171 977 2238 1031; x_wconf 89' lang='lat' dir='ltr'><strong>sit</strong></span> <span class='ocrx_word' id='word_1_523' title='bbox 2266 993 2532 1046; x_wconf 90' lang='lat' dir='ltr'><strong>nusquam</strong></span> <span class='ocrx_word' id='word_1_524' title='bbox 2561 993 2700 1043; x_wconf 88' lang='lat' dir='ltr'><strong>esse,</strong></span> <span class='ocrx_word' id='word_1_525' title='bbox 2730 987 2786 1034; x_wconf 89' lang='lat' dir='ltr'><strong>et</strong></span> <span class='ocrx_word' id='word_1_526' title='bbox 2812 995 3085 1047; x_wconf 84' lang='lat' dir='ltr'><strong>nunquam</strong></span> <span class='ocrx_word' id='word_1_527' title='bbox 3124 997 3234 1036; x_wconf 91' lang='lat' dir='ltr'><strong>non</strong></span> <span class='ocrx_word' id='word_1_528' title='bbox 3263 998 3382 1038; x_wconf 88' lang='lat' dir='ltr'><strong>esse</strong></span> <span class='ocrx_word' id='word_1_529' title='bbox 3408 1002 3418 1036; x_wconf 94' lang='lat'><strong>:</strong></span> <span class='ocrx_word' id='word_1_530' title='bbox 3453 992 3506 1040; x_wconf 88' lang='lat' dir='ltr'><strong>et</strong></span> <span class='ocrx_word' id='word_1_531' title='bbox 3531 984 3601 1041; x_wconf 89' lang='lat' dir='ltr'><strong>de</strong></span> 
     </span>
    </p>
   </div>
   <div class='ocr_carea' id='block_1_69' title="bbox 2015 1068 3605 1144">
    <p class='ocr_par' dir='ltr' id='par_1_69' title="bbox 2015 1068 3605 1144">
     <span class='ocr_line' id='line_1_69' title="bbox 2015 1068 3605 1144; baseline 0.006 -22"><span class='ocrx_word' id='word_1_532' title='bbox 2015 1068 2262 1122; x_wconf 89' lang='lat' dir='ltr'><strong>omnibus</strong></span> <span class='ocrx_word' id='word_1_533' title='bbox 2315 1069 2397 1124; x_wconf 87' lang='lat' dir='ltr'><strong>his</strong></span> <span class='ocrx_word' id='word_1_534' title='bbox 2451 1070 2676 1125; x_wconf 85' lang='lat' dir='ltr'><strong>rationis</strong></span> <span class='ocrx_word' id='word_1_535' title='bbox 2715 1069 2951 1125; x_wconf 88' lang='lat' dir='ltr'><strong>abditum</strong></span> <span class='ocrx_word' id='word_1_536' title='bbox 2999 1073 3246 1141; x_wconf 68' lang='lat' dir='ltr'><strong>quierim,</strong></span> <span class='ocrx_word' id='word_1_537' title='bbox 3304 1074 3605 1144; x_wconf 87' lang='lat' dir='ltr'><strong>quibusque</strong></span> 
     </span>
    </p>
   </div>
   <div class='ocr_carea' id='block_1_70' title="bbox 2015 1161 3602 1236">
    <p class='ocr_par' dir='ltr' id='par_1_70' title="bbox 2015 1161 3602 1236">
     <span class='ocr_line' id='line_1_70' title="bbox 2015 1161 3602 1236; baseline 0.004 -20"><span class='ocrx_word' id='word_1_538' title='bbox 2015 1161 2311 1216; x_wconf 89' lang='lat' dir='ltr'><strong>substantia</strong></span> <span class='ocrx_word' id='word_1_539' title='bbox 2359 1163 2533 1217; x_wconf 89' lang='lat' dir='ltr'><strong>omnis</strong></span> <span class='ocrx_word' id='word_1_540' title='bbox 2562 1164 2869 1220; x_wconf 87' lang='lat' dir='ltr'><strong>includitur.</strong></span> <span class='ocrx_word' id='word_1_541' title='bbox 2893 1165 3107 1236; x_wconf 84' lang='lat' dir='ltr'><strong>Aliquid</strong></span> <span class='ocrx_word' id='word_1_542' title='bbox 3136 1167 3310 1235; x_wconf 81' lang='lat' dir='ltr'><strong>delige</strong></span> <span class='ocrx_word' id='word_1_543' title='bbox 3347 1169 3475 1236; x_wconf 88' lang='lat' dir='ltr'><strong>quid</strong></span> <span class='ocrx_word' id='word_1_544' title='bbox 3503 1184 3602 1223; x_wconf 90' lang='lat' dir='ltr'><strong>an-</strong></span> 
     </span>
    </p>
   </div>
   <div class='ocr_carea' id='block_1_71' title="bbox 2014 1253 3605 1331">
    <p class='ocr_par' dir='ltr' id='par_1_71' title="bbox 2014 1253 3605 1331">
     <span class='ocr_line' id='line_1_71' title="bbox 2014 1253 3605 1331; baseline 0.005 -23"><span class='ocrx_word' id='word_1_545' title='bbox 2014 1253 2164 1321; x_wconf 85' lang='lat' dir='ltr'><strong>gelos</strong></span> <span class='ocrx_word' id='word_1_546' title='bbox 2209 1268 2328 1307; x_wconf 90' lang='lat' dir='ltr'><strong>esse</strong></span> <span class='ocrx_word' id='word_1_547' title='bbox 2375 1253 2650 1309; x_wconf 85' lang='lat' dir='ltr'><strong>decernas.</strong></span> <span class='ocrx_word' id='word_1_548' title='bbox 2708 1255 2940 1311; x_wconf 82' lang='lat' dir='ltr'><strong>Nihiluni</strong></span> <span class='ocrx_word' id='word_1_549' title='bbox 2987 1267 3136 1313; x_wconf 89' lang='lat' dir='ltr'><strong>certe</strong></span> <span class='ocrx_word' id='word_1_550' title='bbox 3165 1275 3272 1314; x_wconf 91' lang='lat' dir='ltr'><strong>non</strong></span> <span class='ocrx_word' id='word_1_551' title='bbox 3301 1268 3445 1327; x_wconf 85' lang='lat' dir='ltr'><strong>sunt,</strong></span> <span class='ocrx_word' id='word_1_552' title='bbox 3476 1261 3605 1331; x_wconf 87' lang='lat' dir='ltr'><strong>quia</strong></span> 
     </span>
    </p>
   </div>
   <div class='ocr_carea' id='block_1_72' title="bbox 2017 1346 3604 1420">
    <p class='ocr_par' dir='ltr' id='par_1_72' title="bbox 2017 1346 3604 1420">
     <span class='ocr_line' id='line_1_72' title="bbox 2017 1346 3604 1420; baseline 0.006 -21"><span class='ocrx_word' id='word_1_553' title='bbox 2017 1361 2122 1400; x_wconf 89' lang='lat' dir='ltr'><strong>non</strong></span> <span class='ocrx_word' id='word_1_554' title='bbox 2149 1346 2282 1400; x_wconf 89' lang='lat' dir='ltr'><strong>nihil</strong></span> <span class='ocrx_word' id='word_1_555' title='bbox 2312 1354 2394 1400; x_wconf 90' lang='lat' dir='ltr'><strong>est</strong></span> <span class='ocrx_word' id='word_1_556' title='bbox 2422 1347 2677 1416; x_wconf 92' lang='lat' dir='ltr'><strong>quidquid</strong></span> <span class='ocrx_word' id='word_1_557' title='bbox 2707 1358 2791 1403; x_wconf 87' lang='lat' dir='ltr'><strong>est</strong></span> <span class='ocrx_word' id='word_1_558' title='bbox 2815 1350 3038 1420; x_wconf 88' lang='lat' dir='ltr'><strong>aliquid.</strong></span> <span class='ocrx_word' id='word_1_559' title='bbox 3090 1350 3339 1408; x_wconf 76' lang='lat' dir='ltr'><strong>Informis</strong></span> <span class='ocrx_word' id='word_1_560' title='bbox 3378 1355 3604 1410; x_wconf 88' lang='lat' dir='ltr'><strong>materia</strong></span> 
     </span>
    </p>
   </div>
   <div class='ocr_carea' id='block_1_73' title="bbox 2014 1438 3604 1510">
    <p class='ocr_par' dir='ltr' id='par_1_73' title="bbox 2014 1438 3604 1510">
     <span class='ocr_line' id='line_1_73' title="bbox 2014 1438 3604 1510; baseline 0.007 -19"><span class='ocrx_word' id='word_1_561' title='bbox 2014 1453 2123 1492; x_wconf 91' lang='lat' dir='ltr'><strong>non</strong></span> <span class='ocrx_word' id='word_1_562' title='bbox 2152 1446 2294 1503; x_wconf 91' lang='lat' dir='ltr'><strong>sunt,</strong></span> <span class='ocrx_word' id='word_1_563' title='bbox 2326 1439 2450 1508; x_wconf 87' lang='lat' dir='ltr'><strong>quia</strong></span> <span class='ocrx_word' id='word_1_564' title='bbox 2472 1438 2612 1494; x_wconf 88' lang='lat' dir='ltr'><strong>inter</strong></span> <span class='ocrx_word' id='word_1_565' title='bbox 2635 1440 2837 1510; x_wconf 90' lang='lat' dir='ltr'><strong>aliquid</strong></span> <span class='ocrx_word' id='word_1_566' title='bbox 2863 1451 2918 1495; x_wconf 90' lang='lat' dir='ltr'><strong>et</strong></span> <span class='ocrx_word' id='word_1_567' title='bbox 2944 1442 3079 1497; x_wconf 86' lang='lat' dir='ltr'><strong>nihil</strong></span> <span class='ocrx_word' id='word_1_568' title='bbox 3107 1452 3189 1498; x_wconf 90' lang='lat' dir='ltr'><strong>est</strong></span> <span class='ocrx_word' id='word_1_569' title='bbox 3215 1444 3459 1501; x_wconf 80' lang='lat' dir='ltr'><strong>informis</strong></span> <span class='ocrx_word' id='word_1_570' title='bbox 3485 1462 3604 1501; x_wconf 86' lang='lat' dir='ltr'><strong>ma—</strong></span> 
     </span>
    </p>
   </div>
   <div class='ocr_carea' id='block_1_74' title="bbox 2014 1528 3104 1590">
    <p class='ocr_par' dir='ltr' id='par_1_74' title="bbox 2014 1528 3104 1590">
     <span class='ocr_line' id='line_1_74' title="bbox 2014 1528 3104 1590; baseline 0.006 -9"><span class='ocrx_word' id='word_1_571' title='bbox 2014 1528 2170 1583; x_wconf 87' lang='lat' dir='ltr'><strong>teria.</strong></span> <span class='ocrx_word' id='word_1_572' title='bbox 2205 1528 2344 1584; x_wconf 84' lang='lat' dir='ltr'><strong>Ecce</strong></span> <span class='ocrx_word' id='word_1_573' title='bbox 2373 1545 2402 1583; x_wconf 91' lang='lat' dir='ltr'><strong>a</strong></span> <span class='ocrx_word' id='word_1_574' title='bbox 2432 1531 2600 1585; x_wconf 86' lang='lat' dir='ltr'><strong>nihilo</strong></span> <span class='ocrx_word' id='word_1_575' title='bbox 2629 1532 2717 1588; x_wconf 87' lang='lat' dir='ltr'><strong>vix</strong></span> <span class='ocrx_word' id='word_1_576' title='bbox 2745 1532 3104 1590; x_wconf 85' lang='lat' dir='ltr'><strong>discessimus.</strong></span> 
     </span>
    </p>
   </div>
   <div class='ocr_carea' id='block_1_75' title="bbox 2087 1619 3606 1699">
    <p class='ocr_par' dir='ltr' id='par_1_75' title="bbox 2087 1619 3606 1699">
     <span class='ocr_line' id='line_1_75' title="bbox 2087 1619 3606 1699; baseline 0.009 -25"><span class='ocrx_word' id='word_1_577' title='bbox 2087 1619 2149 1674; x_wconf 91' lang='lat' dir='ltr'><strong>ll.</strong></span> <span class='ocrx_word' id='word_1_578' title='bbox 2192 1620 2418 1693; x_wconf 84' lang='lat' dir='ltr'><strong>Jamque</strong></span> <span class='ocrx_word' id='word_1_579' title='bbox 2457 1621 2524 1677; x_wconf 88' lang='lat' dir='ltr'><strong>de</strong></span> <span class='ocrx_word' id='word_1_580' title='bbox 2564 1623 2804 1679; x_wconf 88' lang='lat' dir='ltr'><strong>inanimo</strong></span> <span class='ocrx_word' id='word_1_581' title='bbox 2832 1625 3065 1681; x_wconf 80' lang='lat' dir='ltr'><strong>formato</strong></span> <span class='ocrx_word' id='word_1_582' title='bbox 3095 1628 3236 1683; x_wconf 91' lang='lat' dir='ltr'><strong>unde</strong></span> <span class='ocrx_word' id='word_1_583' title='bbox 3267 1629 3361 1684; x_wconf 90' lang='lat' dir='ltr'><strong>tibi</strong></span> <span class='ocrx_word' id='word_1_584' title='bbox 3387 1631 3606 1699; x_wconf 86' lang='lat' dir='ltr'><strong>angelos</strong></span> 
     </span>
    </p>
   </div>
   <div class='ocr_carea' id='block_1_76' title="bbox 2015 1715 3608 1790">
    <p class='ocr_par' dir='ltr' id='par_1_76' title="bbox 2015 1715 3608 1790">
     <span class='ocr_line' id='line_1_76' title="bbox 2015 1715 3608 1790; baseline 0.008 -22"><span class='ocrx_word' id='word_1_585' title='bbox 2015 1715 2191 1786; x_wconf 88' lang='lat' dir='ltr'><strong>placet</strong></span> <span class='ocrx_word' id='word_1_586' title='bbox 2219 1731 2356 1780; x_wconf 83' lang='lat' dir='ltr'><strong>esse,</strong></span> <span class='ocrx_word' id='word_1_587' title='bbox 2383 1723 2688 1774; x_wconf 85' lang='lat' dir='ltr'><strong>tractemus.</strong></span> <span class='ocrx_word' id='word_1_588' title='bbox 2722 1717 3101 1776; x_wconf 82' lang='lat' dir='ltr'><strong>Animadverte</strong></span> <span class='ocrx_word' id='word_1_589' title='bbox 3128 1737 3271 1777; x_wconf 92' lang='lat' dir='ltr'><strong>nunc</strong></span> <span class='ocrx_word' id='word_1_590' title='bbox 3297 1724 3442 1790; x_wconf 91' lang='lat' dir='ltr'><strong>quod</strong></span> <span class='ocrx_word' id='word_1_591' title='bbox 3470 1724 3608 1781; x_wconf 89' lang='lat' dir='ltr'><strong>sicut</strong></span> 
     </span>
    </p>
   </div>
   <div class='ocr_carea' id='block_1_77' title="bbox 2019 1803 3607 1882">
    <p class='ocr_par' dir='ltr' id='par_1_77' title="bbox 2019 1803 3607 1882">
     <span class='ocr_line' id='line_1_77' title="bbox 2019 1803 3607 1882; baseline 0.006 -22"><span class='ocrx_word' id='word_1_592' title='bbox 2019 1803 2262 1860; x_wconf 79' lang='lat' dir='ltr'><strong>informis</strong></span> <span class='ocrx_word' id='word_1_593' title='bbox 2289 1807 2513 1861; x_wconf 87' lang='lat' dir='ltr'><strong>materia</strong></span> <span class='ocrx_word' id='word_1_594' title='bbox 2541 1822 2662 1875; x_wconf 70' lang='lat' dir='ltr'><strong>qua:</strong></span> <span class='ocrx_word' id='word_1_595' title='bbox 2685 1807 2979 1866; x_wconf 84' lang='lat' dir='ltr'><strong>formabilis</strong></span> <span class='ocrx_word' id='word_1_596' title='bbox 3009 1820 3108 1874; x_wconf 88' lang='lat' dir='ltr'><strong>est,</strong></span> <span class='ocrx_word' id='word_1_597' title='bbox 3141 1820 3362 1882; x_wconf 75' lang='lat' dir='ltr'><strong>priestat</strong></span> <span class='ocrx_word' id='word_1_598' title='bbox 3389 1815 3558 1870; x_wconf 90' lang='lat' dir='ltr'><strong>nihilo</strong></span> <span class='ocrx_word' id='word_1_599' title='bbox 3591 1833 3607 1872; x_wconf 84' lang='lat'><strong>:</strong></span> 
     </span>
    </p>
   </div>
   <div class='ocr_carea' id='block_1_78' title="bbox 2017 1894 3608 1976">
    <p class='ocr_par' dir='ltr' id='par_1_78' title="bbox 2017 1894 3608 1976">
     <span class='ocr_line' id='line_1_78' title="bbox 2017 1894 3608 1976; baseline 0.006 -24"><span class='ocrx_word' id='word_1_600' title='bbox 2017 1897 2093 1952; x_wconf 89' lang='lat' dir='ltr'><strong>ita</strong></span> <span class='ocrx_word' id='word_1_601' title='bbox 2113 1896 2258 1966; x_wconf 89' lang='lat' dir='ltr'><strong>quod</strong></span> <span class='ocrx_word' id='word_1_602' title='bbox 2274 1897 2385 1966; x_wconf 87' lang='lat' dir='ltr'><strong>jam</strong></span> <span class='ocrx_word' id='word_1_603' title='bbox 2418 1897 2703 1953; x_wconf 83' lang='lat' dir='ltr'><strong>formatum</strong></span> <span class='ocrx_word' id='word_1_604' title='bbox 2733 1909 2817 1954; x_wconf 90' lang='lat' dir='ltr'><strong>est</strong></span> <span class='ocrx_word' id='word_1_605' title='bbox 2844 1901 3036 1956; x_wconf 88' lang='lat' dir='ltr'><strong>melius</strong></span> <span class='ocrx_word' id='word_1_606' title='bbox 3066 1903 3157 1958; x_wconf 91' lang='lat' dir='ltr'><strong>illo</strong></span> <span class='ocrx_word' id='word_1_607' title='bbox 3197 1913 3298 1970; x_wconf 89' lang='lat' dir='ltr'><strong>est,</strong></span> <span class='ocrx_word' id='word_1_608' title='bbox 3331 1894 3477 1976; x_wconf 85' lang='lat' dir='ltr'><strong>quod</strong></span> <span class='ocrx_word' id='word_1_609' title='bbox 3505 1908 3608 1962; x_wconf 89' lang='lat' dir='ltr'><strong>etsi</strong></span> 
     </span>
    </p>
   </div>
   <div class='ocr_carea' id='block_1_79' title="bbox 2017 1988 3609 2063">
    <p class='ocr_par' dir='ltr' id='par_1_79' title="bbox 2017 1988 3609 2063">
     <span class='ocr_line' id='line_1_79' title="bbox 2017 1988 3609 2063; baseline 0.007 -21"><span class='ocrx_word' id='word_1_610' title='bbox 2017 1988 2236 2045; x_wconf 86' lang='lat' dir='ltr'><strong>formari</strong></span> <span class='ocrx_word' id='word_1_611' title='bbox 2266 1997 2464 2059; x_wconf 91' lang='lat' dir='ltr'><strong>potest,</strong></span> <span class='ocrx_word' id='word_1_612' title='bbox 2498 1989 2784 2046; x_wconf 83' lang='lat' dir='ltr'><strong>formatum</strong></span> <span class='ocrx_word' id='word_1_613' title='bbox 2815 2008 2924 2046; x_wconf 91' lang='lat' dir='ltr'><strong>non</strong></span> <span class='ocrx_word' id='word_1_614' title='bbox 2951 2001 3054 2048; x_wconf 89' lang='lat' dir='ltr'><strong>est.</strong></span> <span class='ocrx_word' id='word_1_615' title='bbox 3088 1993 3329 2063; x_wconf 83' lang='lat' dir='ltr'><strong>Itemque</strong></span> <span class='ocrx_word' id='word_1_616' title='bbox 3351 1997 3507 2052; x_wconf 87' lang='lat' dir='ltr'><strong>sicuti</strong></span> <span class='ocrx_word' id='word_1_617' title='bbox 3554 1998 3609 2054; x_wconf 90' lang='lat' dir='ltr'><strong>id</strong></span> 
     </span>
    </p>
   </div>
   <div class='ocr_carea' id='block_1_80' title="bbox 2017 2079 3608 2153">
    <p class='ocr_par' dir='ltr' id='par_1_80' title="bbox 2017 2079 3608 2153">
     <span class='ocr_line' id='line_1_80' title="bbox 2017 2079 3608 2153; baseline 0.008 -19"><span class='ocrx_word' id='word_1_618' title='bbox 2017 2080 2161 2148; x_wconf 89' lang='lat' dir='ltr'><strong>quod</strong></span> <span class='ocrx_word' id='word_1_619' title='bbox 2190 2079 2478 2136; x_wconf 82' lang='lat' dir='ltr'><strong>formatum</strong></span> <span class='ocrx_word' id='word_1_620' title='bbox 2509 2090 2609 2147; x_wconf 88' lang='lat' dir='ltr'><strong>est,</strong></span> <span class='ocrx_word' id='word_1_621' title='bbox 2641 2083 2810 2136; x_wconf 89' lang='lat' dir='ltr'><strong>anteit</strong></span> <span class='ocrx_word' id='word_1_622' title='bbox 2840 2083 2970 2138; x_wconf 88' lang='lat' dir='ltr'><strong>illud</strong></span> <span class='ocrx_word' id='word_1_623' title='bbox 2992 2083 3136 2153; x_wconf 89' lang='lat' dir='ltr'><strong>quod</strong></span> <span class='ocrx_word' id='word_1_624' title='bbox 3183 2084 3470 2144; x_wconf 83' lang='lat' dir='ltr'><strong>formatum</strong></span> <span class='ocrx_word' id='word_1_625' title='bbox 3499 2105 3608 2146; x_wconf 89' lang='lat' dir='ltr'><strong>non</strong></span> 
     </span>
    </p>
   </div>
   <div class='ocr_carea' id='block_1_81' title="bbox 2017 2172 3608 2244">
    <p class='ocr_par' dir='ltr' id='par_1_81' title="bbox 2017 2172 3608 2244">
     <span class='ocr_line' id='line_1_81' title="bbox 2017 2172 3608 2244; baseline 0.008 -18"><span class='ocrx_word' id='word_1_626' title='bbox 2017 2179 2100 2227; x_wconf 90' lang='lat' dir='ltr'><strong>est</strong></span> <span class='ocrx_word' id='word_1_627' title='bbox 2134 2191 2145 2224; x_wconf 88' lang='lat'><strong>:</strong></span> <span class='ocrx_word' id='word_1_628' title='bbox 2180 2173 2254 2226; x_wconf 90' lang='lat' dir='ltr'><strong>ita</strong></span> <span class='ocrx_word' id='word_1_629' title='bbox 2283 2172 2576 2228; x_wconf 85' lang='lat' dir='ltr'><strong>inanimum</strong></span> <span class='ocrx_word' id='word_1_630' title='bbox 2619 2173 2976 2244; x_wconf 89' lang='lat' dir='ltr'><strong>quodcunque</strong></span> <span class='ocrx_word' id='word_1_631' title='bbox 3023 2173 3312 2234; x_wconf 81' lang='lat' dir='ltr'><strong>formatum</strong></span> <span class='ocrx_word' id='word_1_632' title='bbox 3340 2177 3482 2234; x_wconf 90' lang='lat' dir='ltr'><strong>cedit</strong></span> <span class='ocrx_word' id='word_1_633' title='bbox 3533 2179 3608 2239; x_wconf 89' lang='lat' dir='ltr'><strong>illi</strong></span> 
     </span>
    </p>
   </div>
   <div class='ocr_carea' id='block_1_82' title="bbox 2015 2264 3609 2340">
    <p class='ocr_par' dir='ltr' id='par_1_82' title="bbox 2015 2264 3609 2340">
     <span class='ocr_line' id='line_1_82' title="bbox 2015 2264 3609 2340; baseline 0.005 -21"><span class='ocrx_word' id='word_1_634' title='bbox 2015 2264 2160 2337; x_wconf 90' lang='lat' dir='ltr'><strong>quod</strong></span> <span class='ocrx_word' id='word_1_635' title='bbox 2191 2273 2246 2319; x_wconf 89' lang='lat' dir='ltr'><strong>et</strong></span> <span class='ocrx_word' id='word_1_636' title='bbox 2265 2264 2553 2319; x_wconf 81' lang='lat' dir='ltr'><strong>formatum</strong></span> <span class='ocrx_word' id='word_1_637' title='bbox 2584 2272 2667 2321; x_wconf 87' lang='lat' dir='ltr'><strong>est</strong></span> <span class='ocrx_word' id='word_1_638' title='bbox 2694 2265 2896 2336; x_wconf 89' lang='lat' dir='ltr'><strong>pariter</strong></span> <span class='ocrx_word' id='word_1_639' title='bbox 2925 2276 2977 2320; x_wconf 87' lang='lat' dir='ltr'><strong>et</strong></span> <span class='ocrx_word' id='word_1_640' title='bbox 2997 2266 3322 2335; x_wconf 87' lang='lat' dir='ltr'><strong>animatum;</strong></span> <span class='ocrx_word' id='word_1_641' title='bbox 3352 2269 3478 2340; x_wconf 77' lang='lat' dir='ltr'><strong>quia</strong></span> <span class='ocrx_word' id='word_1_642' title='bbox 3506 2271 3609 2327; x_wconf 80' lang='lat' dir='ltr'><strong>sic-</strong></span> 
     </span>
    </p>
   </div>
   <div class='ocr_carea' id='block_1_83' title="bbox 2017 2356 3609 2432">
    <p class='ocr_par' dir='ltr' id='par_1_83' title="bbox 2017 2356 3609 2432">
     <span class='ocr_line' id='line_1_83' title="bbox 2017 2356 3609 2432; baseline 0.005 -22"><span class='ocrx_word' id='word_1_643' title='bbox 2017 2356 2094 2410; x_wconf 90' lang='lat' dir='ltr'><strong>uti</strong></span> <span class='ocrx_word' id='word_1_644' title='bbox 2131 2356 2414 2411; x_wconf 81' lang='lat' dir='ltr'><strong>formatum</strong></span> <span class='ocrx_word' id='word_1_645' title='bbox 2442 2356 2711 2427; x_wconf 82' lang='lat' dir='ltr'><strong>proximat</strong></span> <span class='ocrx_word' id='word_1_646' title='bbox 2737 2357 2944 2426; x_wconf 72' lang='lat' dir='ltr'><strong>formae,</strong></span> <span class='ocrx_word' id='word_1_647' title='bbox 2976 2359 3056 2414; x_wconf 87' lang='lat' dir='ltr'><strong>sic</strong></span> <span class='ocrx_word' id='word_1_648' title='bbox 3094 2360 3392 2416; x_wconf 83' lang='lat' dir='ltr'><strong>animatum</strong></span> <span class='ocrx_word' id='word_1_649' title='bbox 3428 2363 3609 2432; x_wconf 80' lang='lat' dir='ltr'><strong>proxi-</strong></span> 
     </span>
    </p>
   </div>
   <div class='ocr_carea' id='block_1_84' title="bbox 2016 2447 3608 2523">
    <p class='ocr_par' dir='ltr' id='par_1_84' title="bbox 2016 2447 3608 2523">
     <span class='ocr_line' id='line_1_84' title="bbox 2016 2447 3608 2523; baseline 0.004 -21"><span class='ocrx_word' id='word_1_650' title='bbox 2016 2454 2132 2504; x_wconf 90' lang='lat' dir='ltr'><strong>mat</strong></span> <span class='ocrx_word' id='word_1_651' title='bbox 2160 2447 2302 2502; x_wconf 67' lang='lat' dir='ltr'><strong>vitaa.</strong></span> <span class='ocrx_word' id='word_1_652' title='bbox 2338 2447 2414 2502; x_wconf 84' lang='lat' dir='ltr'><strong>Ac</strong></span> <span class='ocrx_word' id='word_1_653' title='bbox 2442 2447 2580 2502; x_wconf 88' lang='lat' dir='ltr'><strong>sicut</strong></span> <span class='ocrx_word' id='word_1_654' title='bbox 2609 2448 2710 2502; x_wconf 87' lang='lat' dir='ltr'><strong>tria</strong></span> <span class='ocrx_word' id='word_1_655' title='bbox 2739 2456 2882 2520; x_wconf 85' lang='lat' dir='ltr'><strong>sunt,</strong></span> <span class='ocrx_word' id='word_1_656' title='bbox 2937 2450 3178 2521; x_wconf 74' lang='lat' dir='ltr'><strong>informis</strong></span> <span class='ocrx_word' id='word_1_657' title='bbox 3220 2454 3461 2518; x_wconf 79' lang='lat' dir='ltr'><strong>materia,</strong></span> <span class='ocrx_word' id='word_1_658' title='bbox 3492 2454 3608 2523; x_wconf 76' lang='lat' dir='ltr'><strong>for-</strong></span> 
     </span>
    </p>
   </div>
   <div class='ocr_carea' id='block_1_85' title="bbox 2015 2540 3607 2612">
    <p class='ocr_par' dir='ltr' id='par_1_85' title="bbox 2015 2540 3607 2612">
     <span class='ocr_line' id='line_1_85' title="bbox 2015 2540 3607 2612; baseline 0.007 -23"><span class='ocrx_word' id='word_1_659' title='bbox 2015 2548 2210 2598; x_wconf 78' lang='lat' dir='ltr'><strong>matum</strong></span> <span class='ocrx_word' id='word_1_660' title='bbox 2238 2540 2496 2605; x_wconf 73' lang='lat' dir='ltr'><strong>exanime,</strong></span> <span class='ocrx_word' id='word_1_661' title='bbox 2547 2555 2717 2594; x_wconf 84' lang='lat' dir='ltr'><strong>rerum</strong></span> <span class='ocrx_word' id='word_1_662' title='bbox 2747 2541 2948 2610; x_wconf 76' lang='lat' dir='ltr'><strong>forma:</strong></span> <span class='ocrx_word' id='word_1_663' title='bbox 2981 2541 3058 2596; x_wconf 89' lang='lat' dir='ltr'><strong>sic</strong></span> <span class='ocrx_word' id='word_1_664' title='bbox 3105 2541 3290 2596; x_wconf 90' lang='lat' dir='ltr'><strong>itidem</strong></span> <span class='ocrx_word' id='word_1_665' title='bbox 3330 2542 3432 2597; x_wconf 87' lang='lat' dir='ltr'><strong>tria</strong></span> <span class='ocrx_word' id='word_1_666' title='bbox 3461 2553 3607 2612; x_wconf 91' lang='lat' dir='ltr'><strong>sunt,</strong></span> 
     </span>
    </p>
   </div>
   <div class='ocr_carea' id='block_1_86' title="bbox 1987 2631 3606 2709">
    <p class='ocr_par' dir='ltr' id='par_1_86' title="bbox 1987 2631 3606 2709">
     <span class='ocr_line' id='line_1_86' title="bbox 1987 2631 3606 2709; baseline 0.002 -22"><span class='ocrx_word' id='word_1_667' title='bbox 1987 2631 2361 2709; x_wconf 58' lang='lat' dir='ltr'><strong>‘viviﬁcatuin,</strong></span> <span class='ocrx_word' id='word_1_668' title='bbox 2390 2631 2686 2696; x_wconf 83' lang='lat' dir='ltr'><strong>viviﬁcans,</strong></span> <span class='ocrx_word' id='word_1_669' title='bbox 2708 2632 2840 2686; x_wconf 88' lang='lat' dir='ltr'><strong>vita.</strong></span> <span class='ocrx_word' id='word_1_670' title='bbox 2866 2633 3022 2687; x_wconf 86' lang='lat' dir='ltr'><strong>Aliud</strong></span> <span class='ocrx_word' id='word_1_671' title='bbox 3052 2640 3134 2687; x_wconf 91' lang='lat' dir='ltr'><strong>est</strong></span> <span class='ocrx_word' id='word_1_672' title='bbox 3162 2634 3272 2690; x_wconf 76' lang='lat' dir='ltr'><strong>vita</strong></span> <span class='ocrx_word' id='word_1_673' title='bbox 3297 2650 3606 2705; x_wconf 87' lang='lat' dir='ltr'><strong>corporum,</strong></span> 
     </span>
    </p>
   </div>
   <div class='ocr_carea' id='block_1_87' title="bbox 2015 2720 3605 2794">
    <p class='ocr_par' dir='ltr' id='par_1_87' title="bbox 2015 2720 3605 2794">
     <span class='ocr_line' id='line_1_87' title="bbox 2015 2720 3605 2794; baseline 0.002 -15"><span class='ocrx_word' id='word_1_674' title='bbox 2015 2723 2158 2781; x_wconf 87' lang='lat' dir='ltr'><strong>aliud</strong></span> <span class='ocrx_word' id='word_1_675' title='bbox 2196 2724 2304 2776; x_wconf 86' lang='lat' dir='ltr'><strong>vita</strong></span> <span class='ocrx_word' id='word_1_676' title='bbox 2352 2723 2600 2778; x_wconf 87' lang='lat' dir='ltr'><strong>vitarum.</strong></span> <span class='ocrx_word' id='word_1_677' title='bbox 2637 2720 2850 2793; x_wconf 89' lang='lat' dir='ltr'><strong>Corpus</strong></span> <span class='ocrx_word' id='word_1_678' title='bbox 2891 2731 2973 2778; x_wconf 90' lang='lat' dir='ltr'><strong>est</strong></span> <span class='ocrx_word' id='word_1_679' title='bbox 3000 2724 3217 2788; x_wconf 90' lang='lat' dir='ltr'><strong>vivens,</strong></span> <span class='ocrx_word' id='word_1_680' title='bbox 3261 2726 3438 2780; x_wconf 87' lang='lat' dir='ltr'><strong>anima</strong></span> <span class='ocrx_word' id='word_1_681' title='bbox 3466 2727 3605 2794; x_wconf 87' lang='lat' dir='ltr'><strong>viva,</strong></span> 
     </span>
    </p>
   </div>
   <div class='ocr_carea' id='block_1_88' title="bbox 2015 2813 3607 2884">
    <p class='ocr_par' dir='ltr' id='par_1_88' title="bbox 2015 2813 3607 2884">
     <span class='ocr_line' id='line_1_88' title="bbox 2015 2813 3607 2884; baseline 0.003 -15"><span class='ocrx_word' id='word_1_682' title='bbox 2015 2815 2157 2870; x_wconf 90' lang='lat' dir='ltr'><strong>Deus</strong></span> <span class='ocrx_word' id='word_1_683' title='bbox 2186 2823 2266 2870; x_wconf 90' lang='lat' dir='ltr'><strong>est</strong></span> <span class='ocrx_word' id='word_1_684' title='bbox 2309 2813 2450 2877; x_wconf 85' lang='lat' dir='ltr'><strong>vita;</strong></span> <span class='ocrx_word' id='word_1_685' title='bbox 2482 2813 2563 2872; x_wconf 87' lang='lat' dir='ltr'><strong>ita</strong></span> <span class='ocrx_word' id='word_1_686' title='bbox 2593 2813 2800 2868; x_wconf 89' lang='lat' dir='ltr'><strong>scilicet</strong></span> <span class='ocrx_word' id='word_1_687' title='bbox 2828 2821 2889 2868; x_wconf 92' lang='lat' dir='ltr'><strong>ut</strong></span> <span class='ocrx_word' id='word_1_688' title='bbox 2915 2815 3094 2870; x_wconf 85' lang='lat' dir='ltr'><strong>anima</strong></span> <span class='ocrx_word' id='word_1_689' title='bbox 3141 2830 3261 2884; x_wconf 67' lang='lat' dir='ltr'><strong>qua:</strong></span> <span class='ocrx_word' id='word_1_690' title='bbox 3297 2817 3352 2872; x_wconf 90' lang='lat' dir='ltr'><strong>in</strong></span> <span class='ocrx_word' id='word_1_691' title='bbox 3391 2832 3450 2872; x_wconf 88' lang='lat' dir='ltr'><strong>se</strong></span> <span class='ocrx_word' id='word_1_692' title='bbox 3487 2819 3607 2873; x_wconf 90' lang='lat' dir='ltr'><strong>viva</strong></span> 
     </span>
    </p>
   </div>
   <div class='ocr_carea' id='block_1_89' title="bbox 1982 2901 3607 2976">
    <p class='ocr_par' dir='ltr' id='par_1_89' title="bbox 1982 2901 3607 2976">
     <span class='ocr_line' id='line_1_89' title="bbox 1982 2901 3607 2976; baseline 0.001 -14"><span class='ocrx_word' id='word_1_693' title='bbox 1982 2913 1988 2917; x_wconf 84' lang='lat'>&#39;</span> <span class='ocrx_word' id='word_1_694' title='bbox 2015 2914 2115 2971; x_wconf 90' lang='lat' dir='ltr'><strong>est,</strong></span> <span class='ocrx_word' id='word_1_695' title='bbox 2149 2905 2360 2975; x_wconf 88' lang='lat' dir='ltr'><strong>corpori</strong></span> <span class='ocrx_word' id='word_1_696' title='bbox 2391 2905 2500 2960; x_wconf 91' lang='lat' dir='ltr'><strong>vita</strong></span> <span class='ocrx_word' id='word_1_697' title='bbox 2527 2904 2597 2961; x_wconf 89' lang='lat' dir='ltr'><strong>sit</strong></span> <span class='ocrx_word' id='word_1_698' title='bbox 2631 2922 2640 2956; x_wconf 96' lang='lat'>:</span> <span class='ocrx_word' id='word_1_699' title='bbox 2675 2912 2735 2958; x_wconf 91' lang='lat' dir='ltr'><strong>ut</strong></span> <span class='ocrx_word' id='word_1_700' title='bbox 2759 2901 2839 2960; x_wconf 84' lang='lat' dir='ltr'><strong>sic</strong></span> <span class='ocrx_word' id='word_1_701' title='bbox 2879 2921 3076 2976; x_wconf 90' lang='lat' dir='ltr'><strong>corpus</strong></span> <span class='ocrx_word' id='word_1_702' title='bbox 3100 2905 3218 2962; x_wconf 84' lang='lat' dir='ltr'><strong>sine</strong></span> <span class='ocrx_word' id='word_1_703' title='bbox 3245 2905 3273 2945; x_wconf 67' lang='grc' dir='ltr'>δ</span> <span class='ocrx_word' id='word_1_704' title='bbox 3295 2907 3474 2964; x_wconf 85' lang='lat' dir='ltr'><strong>anima</strong></span> <span class='ocrx_word' id='word_1_705' title='bbox 3498 2924 3607 2964; x_wconf 89' lang='lat' dir='ltr'><strong>non</strong></span> 
     </span>
    </p>
   </div>
   <div class='ocr_carea' id='block_1_90' title="bbox 2014 2994 3601 3066">
    <p class='ocr_par' dir='ltr' id='par_1_90' title="bbox 2014 2994 3601 3066">
     <span class='ocr_line' id='line_1_90' title="bbox 2014 2994 3601 3066; baseline 0.001 -14"><span class='ocrx_word' id='word_1_706' title='bbox 2014 2997 2176 3062; x_wconf 91' lang='lat' dir='ltr'><strong>vivat,</strong></span> <span class='ocrx_word' id='word_1_707' title='bbox 2209 2995 2366 3051; x_wconf 89' lang='lat' dir='ltr'><strong>sicuti</strong></span> <span class='ocrx_word' id='word_1_708' title='bbox 2394 2995 2509 3065; x_wconf 90' lang='lat' dir='ltr'><strong>ipsa</strong></span> <span class='ocrx_word' id='word_1_709' title='bbox 2539 2994 2656 3050; x_wconf 91' lang='lat' dir='ltr'><strong>sine</strong></span> <span class='ocrx_word' id='word_1_710' title='bbox 2676 2995 2808 3050; x_wconf 88' lang='lat' dir='ltr'><strong>Deo.</strong></span> <span class='ocrx_word' id='word_1_711' title='bbox 2831 2995 3072 3065; x_wconf 83' lang='lat' dir='ltr'><strong>Intellige</strong></span> <span class='ocrx_word' id='word_1_712' title='bbox 3095 3012 3238 3052; x_wconf 91' lang='lat' dir='ltr'><strong>nunc</strong></span> <span class='ocrx_word' id='word_1_713' title='bbox 3262 2998 3467 3066; x_wconf 83' lang='lat' dir='ltr'><strong>angelis</strong></span> <span class='ocrx_word' id='word_1_714' title='bbox 3486 3014 3601 3056; x_wconf 83' lang='lat' dir='ltr'><strong>san-</strong></span> 
     </span>
    </p>
   </div>
   <div class='ocr_carea' id='block_1_91' title="bbox 2013 3086 3608 3160">
    <p class='ocr_par' dir='ltr' id='par_1_91' title="bbox 2013 3086 3608 3160">
     <span class='ocr_line' id='line_1_91' title="bbox 2013 3086 3608 3160; baseline 0 -16"><span class='ocrx_word' id='word_1_715' title='bbox 2013 3089 2115 3144; x_wconf 90' lang='lat' dir='ltr'><strong>ctis</strong></span> <span class='ocrx_word' id='word_1_716' title='bbox 2141 3103 2368 3160; x_wconf 89' lang='lat' dir='ltr'><strong>corpora</strong></span> <span class='ocrx_word' id='word_1_717' title='bbox 2400 3086 2657 3154; x_wconf 87' lang='lat' dir='ltr'><strong>tribuere,</strong></span> <span class='ocrx_word' id='word_1_718' title='bbox 2686 3087 2852 3142; x_wconf 87' lang='lat' dir='ltr'><strong>vitam</strong></span> <span class='ocrx_word' id='word_1_719' title='bbox 2881 3101 3096 3156; x_wconf 88' lang='lat' dir='ltr'><strong>negare.</strong></span> <span class='ocrx_word' id='word_1_720' title='bbox 3132 3088 3208 3143; x_wconf 88' lang='lat' dir='ltr'><strong>Ac</strong></span> <span class='ocrx_word' id='word_1_721' title='bbox 3233 3104 3328 3158; x_wconf 88' lang='lat' dir='ltr'><strong>per</strong></span> <span class='ocrx_word' id='word_1_722' title='bbox 3357 3088 3462 3146; x_wconf 87' lang='lat' dir='ltr'><strong>hoc</strong></span> <span class='ocrx_word' id='word_1_723' title='bbox 3487 3103 3608 3146; x_wconf 89' lang='lat' dir='ltr'><strong>cum</strong></span> 
     </span>
    </p>
   </div>
   <div class='ocr_carea' id='block_1_92' title="bbox 2014 3178 3607 3253">
    <p class='ocr_par' dir='ltr' id='par_1_92' title="bbox 2014 3178 3607 3253">
     <span class='ocr_line' id='line_1_92' title="bbox 2014 3178 3607 3253; baseline 0 -17"><span class='ocrx_word' id='word_1_724' title='bbox 2014 3180 2292 3253; x_wconf 82' lang='lat' dir='ltr'><strong>quodlibet</strong></span> <span class='ocrx_word' id='word_1_725' title='bbox 2311 3179 2606 3234; x_wconf 89' lang='lat' dir='ltr'><strong>animatum</strong></span> <span class='ocrx_word' id='word_1_726' title='bbox 2628 3178 2853 3249; x_wconf 87' lang='lat' dir='ltr'><strong>duplicis</strong></span> <span class='ocrx_word' id='word_1_727' title='bbox 2877 3188 3090 3234; x_wconf 87' lang='lat' dir='ltr'><strong>constet</strong></span> <span class='ocrx_word' id='word_1_728' title='bbox 3110 3195 3229 3234; x_wconf 88' lang='lat' dir='ltr'><strong>esse</strong></span> <span class='ocrx_word' id='word_1_729' title='bbox 3271 3181 3607 3249; x_wconf 72' lang='lat' dir='ltr'><strong>substantim,</strong></span> 
     </span>
    </p>
   </div>
   <div class='ocr_carea' id='block_1_93' title="bbox 2013 3270 3607 3342">
    <p class='ocr_par' dir='ltr' id='par_1_93' title="bbox 2013 3270 3607 3342">
     <span class='ocr_line' id='line_1_93' title="bbox 2013 3270 3607 3342; baseline 0.001 -14"><span class='ocrx_word' id='word_1_730' title='bbox 2013 3280 2070 3328; x_wconf 91' lang='lat' dir='ltr'><strong>et</strong></span> <span class='ocrx_word' id='word_1_731' title='bbox 2097 3272 2271 3328; x_wconf 92' lang='lat' dir='ltr'><strong>solum</strong></span> <span class='ocrx_word' id='word_1_732' title='bbox 2320 3286 2439 3328; x_wconf 88' lang='lat' dir='ltr'><strong>esse</strong></span> <span class='ocrx_word' id='word_1_733' title='bbox 2464 3286 2663 3339; x_wconf 91' lang='lat' dir='ltr'><strong>corpus</strong></span> <span class='ocrx_word' id='word_1_734' title='bbox 2707 3270 2912 3338; x_wconf 78' lang='lat' dir='ltr'><strong>angelis</strong></span> <span class='ocrx_word' id='word_1_735' title='bbox 2967 3271 3198 3334; x_wconf 87' lang='lat' dir='ltr'><strong>sentias;</strong></span> <span class='ocrx_word' id='word_1_736' title='bbox 3239 3272 3428 3327; x_wconf 86' lang='lat' dir='ltr'><strong>melior</strong></span> <span class='ocrx_word' id='word_1_737' title='bbox 3479 3271 3607 3342; x_wconf 86' lang='lat' dir='ltr'><strong>ergo</strong></span> 
     </span>
    </p>
   </div>
   <div class='ocr_carea' id='block_1_94' title="bbox 2011 3363 3607 3435">
    <p class='ocr_par' dir='ltr' id='par_1_94' title="bbox 2011 3363 3607 3435">
     <span class='ocr_line' id='line_1_94' title="bbox 2011 3363 3607 3435; baseline -0.001 -13"><span class='ocrx_word' id='word_1_738' title='bbox 2011 3365 2338 3422; x_wconf 89' lang='lat' dir='ltr'><strong>vermiculus</strong></span> <span class='ocrx_word' id='word_1_739' title='bbox 2367 3364 2579 3433; x_wconf 86' lang='lat' dir='ltr'><strong>angelo,</strong></span> <span class='ocrx_word' id='word_1_740' title='bbox 2612 3363 2735 3435; x_wconf 88' lang='lat' dir='ltr'><strong>quia</strong></span> <span class='ocrx_word' id='word_1_741' title='bbox 2768 3364 2868 3418; x_wconf 90' lang='lat' dir='ltr'><strong>etsi</strong></span> <span class='ocrx_word' id='word_1_742' title='bbox 2904 3363 3079 3419; x_wconf 71' lang='lat' dir='ltr'><strong>‘habet</strong></span> <span class='ocrx_word' id='word_1_743' title='bbox 3104 3365 3324 3432; x_wconf 86' lang='lat' dir='ltr'><strong>angelus</strong></span> <span class='ocrx_word' id='word_1_744' title='bbox 3363 3367 3607 3434; x_wconf 89' lang='lat' dir='ltr'><strong>corporis</strong></span> 
     </span>
    </p>
   </div>
   <div class='ocr_carea' id='block_1_95' title="bbox 2013 3454 3596 3523">
    <p class='ocr_par' dir='ltr' id='par_1_95' title="bbox 2013 3454 3596 3523">
     <span class='ocr_line' id='line_1_95' title="bbox 2013 3454 3596 3523; baseline -0.001 -14"><span class='ocrx_word' id='word_1_745' title='bbox 2013 3458 2257 3523; x_wconf 82' lang='lat' dir='ltr'><strong>formam,</strong></span> <span class='ocrx_word' id='word_1_746' title='bbox 2291 3471 2399 3511; x_wconf 91' lang='lat' dir='ltr'><strong>non</strong></span> <span class='ocrx_word' id='word_1_747' title='bbox 2428 3455 2591 3510; x_wconf 88' lang='lat' dir='ltr'><strong>habet</strong></span> <span class='ocrx_word' id='word_1_748' title='bbox 2619 3455 2703 3508; x_wconf 87' lang='lat' dir='ltr'><strong>vel</strong></span> <span class='ocrx_word' id='word_1_749' title='bbox 2731 3454 2869 3508; x_wconf 89' lang='lat' dir='ltr'><strong>sicut</strong></span> <span class='ocrx_word' id='word_1_750' title='bbox 2896 3454 3220 3508; x_wconf 87' lang='lat' dir='ltr'><strong>vermiculus</strong></span> <span class='ocrx_word' id='word_1_751' title='bbox 3263 3456 3446 3510; x_wconf 85' lang='lat' dir='ltr'><strong>vitam.</strong></span> <span class='ocrx_word' id='word_1_752' title='bbox 3481 3455 3596 3509; x_wconf 82' lang='lat' dir='ltr'><strong>Nul-</strong></span> 
     </span>
    </p>
   </div>
   <div class='ocr_carea' id='block_1_96' title="bbox 2014 3542 3606 3617">
    <p class='ocr_par' dir='ltr' id='par_1_96' title="bbox 2014 3542 3606 3617">
     <span class='ocr_line' id='line_1_96' title="bbox 2014 3542 3606 3617; baseline -0.001 -15"><span class='ocrx_word' id='word_1_753' title='bbox 2014 3547 2121 3602; x_wconf 91' lang='lat' dir='ltr'><strong>lum</strong></span> <span class='ocrx_word' id='word_1_754' title='bbox 2150 3561 2313 3617; x_wconf 91' lang='lat' dir='ltr'><strong>porro</strong></span> <span class='ocrx_word' id='word_1_755' title='bbox 2341 3560 2536 3614; x_wconf 90' lang='lat' dir='ltr'><strong>corpus</strong></span> <span class='ocrx_word' id='word_1_756' title='bbox 2561 3544 2734 3613; x_wconf 88' lang='lat' dir='ltr'><strong>ipsum</strong></span> <span class='ocrx_word' id='word_1_757' title='bbox 2776 3543 2879 3599; x_wconf 90' lang='lat' dir='ltr'><strong>sibi</strong></span> <span class='ocrx_word' id='word_1_758' title='bbox 2919 3542 3027 3597; x_wconf 88' lang='lat' dir='ltr'><strong>vita</strong></span> <span class='ocrx_word' id='word_1_759' title='bbox 3059 3549 3160 3597; x_wconf 89' lang='lat' dir='ltr'><strong>est.</strong></span> <span class='ocrx_word' id='word_1_760' title='bbox 3186 3543 3606 3614; x_wconf 86' lang='lat' dir='ltr'><strong>Aliudnamqne</strong></span> 
     </span>
    </p>
   </div>
   <div class='ocr_carea' id='block_1_97' title="bbox 2012 3634 3603 3708">
    <p class='ocr_par' dir='ltr' id='par_1_97' title="bbox 2012 3634 3603 3708">
     <span class='ocr_line' id='line_1_97' title="bbox 2012 3634 3603 3708; baseline 0 -16"><span class='ocrx_word' id='word_1_761' title='bbox 2012 3648 2096 3693; x_wconf 89' lang='lat' dir='ltr'><strong>est</strong></span> <span class='ocrx_word' id='word_1_762' title='bbox 2125 3652 2339 3708; x_wconf 90' lang='lat' dir='ltr'><strong>corpus,</strong></span> <span class='ocrx_word' id='word_1_763' title='bbox 2369 3634 2513 3690; x_wconf 90' lang='lat' dir='ltr'><strong>aliud</strong></span> <span class='ocrx_word' id='word_1_764' title='bbox 2556 3634 2663 3688; x_wconf 87' lang='lat' dir='ltr'><strong>vita</strong></span> <span class='ocrx_word' id='word_1_765' title='bbox 2693 3634 2954 3703; x_wconf 89' lang='lat' dir='ltr'><strong>corporis.</strong></span> <span class='ocrx_word' id='word_1_766' title='bbox 2990 3634 3096 3689; x_wconf 89' lang='lat' dir='ltr'><strong>Aut</strong></span> <span class='ocrx_word' id='word_1_767' title='bbox 3125 3635 3287 3703; x_wconf 89' lang='lat' dir='ltr'><strong>igitur</strong></span> <span class='ocrx_word' id='word_1_768' title='bbox 3329 3636 3381 3689; x_wconf 91' lang='lat' dir='ltr'><strong>in</strong></span> <span class='ocrx_word' id='word_1_769' title='bbox 3409 3638 3603 3704; x_wconf 85' lang='lat' dir='ltr'><strong>angelo</strong></span> 
     </span>
    </p>
   </div>
   <div class='ocr_carea' id='block_1_98' title="bbox 2015 3725 3604 3797">
    <p class='ocr_par' dir='ltr' id='par_1_98' title="bbox 2015 3725 3604 3797">
     <span class='ocr_line' id='line_1_98' title="bbox 2015 3725 3604 3797; baseline -0.001 -11"><span class='ocrx_word' id='word_1_770' title='bbox 2015 3738 2097 3786; x_wconf 90' lang='lat' dir='ltr'><strong>est</strong></span> <span class='ocrx_word' id='word_1_771' title='bbox 2123 3727 2400 3786; x_wconf 87' lang='lat' dir='ltr'><strong>viviﬁcans</strong></span> <span class='ocrx_word' id='word_1_772' title='bbox 2428 3726 2666 3797; x_wconf 89' lang='lat' dir='ltr'><strong>spiritus,</strong></span> <span class='ocrx_word' id='word_1_773' title='bbox 2697 3734 2791 3780; x_wconf 90' lang='lat' dir='ltr'><strong>aut</strong></span> <span class='ocrx_word' id='word_1_774' title='bbox 2837 3725 3057 3792; x_wconf 85' lang='lat' dir='ltr'><strong>angelus</strong></span> <span class='ocrx_word' id='word_1_775' title='bbox 3085 3727 3230 3781; x_wconf 91' lang='lat' dir='ltr'><strong>omni</strong></span> <span class='ocrx_word' id='word_1_776' title='bbox 3271 3734 3353 3782; x_wconf 90' lang='lat' dir='ltr'><strong>est</strong></span> <span class='ocrx_word' id='word_1_777' title='bbox 3389 3728 3604 3784; x_wconf 87' lang='lat' dir='ltr'><strong>vivente</strong></span> 
     </span>
    </p>
   </div>
   <div class='ocr_carea' id='block_1_99' title="bbox 2011 3818 3599 3888">
    <p class='ocr_par' dir='ltr' id='par_1_99' title="bbox 2011 3818 3599 3888">
     <span class='ocr_line' id='line_1_99' title="bbox 2011 3818 3599 3888; baseline -0.003 -9"><span class='ocrx_word' id='word_1_778' title='bbox 2011 3823 2285 3878; x_wconf 88' lang='lat' dir='ltr'><strong>deterior:</strong></span> <span class='ocrx_word' id='word_1_779' title='bbox 2319 3829 2412 3876; x_wconf 91' lang='lat' dir='ltr'><strong>aut</strong></span> <span class='ocrx_word' id='word_1_780' title='bbox 2463 3835 2585 3874; x_wconf 88' lang='lat' dir='ltr'><strong>cum</strong></span> <span class='ocrx_word' id='word_1_781' title='bbox 2614 3819 2761 3873; x_wconf 82' lang='lat' dir='ltr'><strong>omni</strong></span> <span class='ocrx_word' id='word_1_782' title='bbox 2800 3826 2984 3872; x_wconf 90' lang='lat' dir='ltr'><strong>creato</strong></span> <span class='ocrx_word' id='word_1_783' title='bbox 3029 3818 3244 3872; x_wconf 90' lang='lat' dir='ltr'><strong>vivente</strong></span> <span class='ocrx_word' id='word_1_784' title='bbox 3291 3820 3360 3872; x_wconf 90' lang='lat' dir='ltr'><strong>sit</strong></span> <span class='ocrx_word' id='word_1_785' title='bbox 3389 3821 3599 3888; x_wconf 88' lang='lat' dir='ltr'><strong>potior;</strong></span> 
     </span>
    </p>
   </div>
   <div class='ocr_carea' id='block_1_100' title="bbox 2011 3908 3448 3985">
    <p class='ocr_par' dir='ltr' id='par_1_100' title="bbox 2011 3908 3448 3985">
     <span class='ocr_line' id='line_1_100' title="bbox 2011 3908 3448 3985; baseline -0.006 -13"><span class='ocrx_word' id='word_1_786' title='bbox 2011 3931 2119 3972; x_wconf 91' lang='lat' dir='ltr'><strong>non</strong></span> <span class='ocrx_word' id='word_1_787' title='bbox 2148 3927 2478 3985; x_wconf 78' lang='lat' dir='ltr'><strong>quzecunque</strong></span> <span class='ocrx_word' id='word_1_788' title='bbox 2503 3911 2633 3975; x_wconf 87' lang='lat' dir='ltr'><strong>vita,</strong></span> <span class='ocrx_word' id='word_1_789' title='bbox 2664 3908 2758 3964; x_wconf 90' lang='lat' dir='ltr'><strong>sed</strong></span> <span class='ocrx_word' id='word_1_790' title='bbox 2778 3909 3085 3964; x_wconf 83' lang='lat' dir='ltr'><strong>beatissima</strong></span> <span class='ocrx_word' id='word_1_791' title='bbox 3114 3909 3188 3962; x_wconf 92' lang='lat' dir='ltr'><strong>illi</strong></span> <span class='ocrx_word' id='word_1_792' title='bbox 3215 3909 3323 3963; x_wconf 89' lang='lat' dir='ltr'><strong>vita</strong></span> <span class='ocrx_word' id='word_1_793' title='bbox 3345 3918 3448 3964; x_wconf 89' lang='lat' dir='ltr'><strong>est.</strong></span> 
     </span>
    </p>
   </div>
   <div class='ocr_carea' id='block_1_101' title="bbox 2624 4024 2992 4081">
    <p class='ocr_par' dir='ltr' id='par_1_101' title="bbox 2624 4024 2992 4081">
     <span class='ocr_line' id='line_1_101' title="bbox 2624 4024 2992 4081; baseline -0.008 0"><span class='ocrx_word' id='word_1_794' title='bbox 2624 4025 2855 4081; x_wconf 80' lang='lat' dir='ltr'><strong>CAPUT</strong></span> <span class='ocrx_word' id='word_1_795' title='bbox 2884 4024 2992 4080; x_wconf 84' lang='lat' dir='ltr'><strong>VII.</strong></span> 
     </span>
    </p>
   </div>
   <div class='ocr_carea' id='block_1_102' title="bbox 2082 4119 3532 4197">
    <p class='ocr_par' dir='ltr' id='par_1_102' title="bbox 2082 4119 3532 4197">
     <span class='ocr_line' id='line_1_102' title="bbox 2082 4119 3532 4197; baseline -0.005 -18"><span class='ocrx_word' id='word_1_796' title='bbox 2082 4126 2305 4197; x_wconf 82' lang='lat' dir='ltr'><strong>Angelos</strong></span> <span class='ocrx_word' id='word_1_797' title='bbox 2327 4125 2482 4178; x_wconf 83' lang='lat' dir='ltr'><strong>bonos</strong></span> <span class='ocrx_word' id='word_1_798' title='bbox 2508 4123 2611 4176; x_wconf 86' lang='lat' dir='ltr'><strong>sive</strong></span> <span class='ocrx_word' id='word_1_799' title='bbox 2631 4120 2797 4176; x_wconf 75' lang='lat' dir='ltr'><strong>malos</strong></span> <span class='ocrx_word' id='word_1_800' title='bbox 2819 4127 3018 4173; x_wconf 82' lang='lat' dir='ltr'><strong>tantum</strong></span> <span class='ocrx_word' id='word_1_801' title='bbox 3043 4119 3253 4189; x_wconf 81' lang='lat' dir='ltr'><strong>spiritus</strong></span> <span class='ocrx_word' id='word_1_802' title='bbox 3280 4134 3408 4183; x_wconf 72' lang='lat' dir='ltr'><strong>esse,</strong></span> <span class='ocrx_word' id='word_1_803' title='bbox 3431 4133 3532 4172; x_wconf 86' lang='lat' dir='ltr'><strong>non</strong></span> 
     </span>
    </p>
   </div>
   <div class='ocr_carea' id='block_1_103' title="bbox 2676 4207 2914 4262">
    <p class='ocr_par' dir='ltr' id='par_1_103' title="bbox 2676 4207 2914 4262">
     <span class='ocr_line' id='line_1_103' title="bbox 2676 4207 2914 4262; baseline -0.008 -18"><span class='ocrx_word' id='word_1_804' title='bbox 2676 4207 2914 4262; x_wconf 84' lang='lat' dir='ltr'><strong>corpora.</strong></span> 
     </span>
    </p>
   </div>
   <div class='ocr_carea' id='block_1_104' title="bbox 2079 4281 3598 4354">
    <p class='ocr_par' dir='ltr' id='par_1_104' title="bbox 2079 4281 3598 4354">
     <span class='ocr_line' id='line_1_104' title="bbox 2079 4281 3598 4354; baseline -0.004 -14"><span class='ocrx_word' id='word_1_805' title='bbox 2079 4285 2120 4341; x_wconf 93' lang='lat' dir='ltr'><strong>I.</strong></span> <span class='ocrx_word' id='word_1_806' title='bbox 2153 4285 2248 4342; x_wconf 88' lang='lat' dir='ltr'><strong>Est</strong></span> <span class='ocrx_word' id='word_1_807' title='bbox 2277 4285 2440 4354; x_wconf 85' lang='lat' dir='ltr'><strong>igitur</strong></span> <span class='ocrx_word' id='word_1_808' title='bbox 2477 4286 2531 4340; x_wconf 90' lang='lat' dir='ltr'><strong>in</strong></span> <span class='ocrx_word' id='word_1_809' title='bbox 2559 4282 2810 4340; x_wconf 87' lang='lat' dir='ltr'><strong>Gabriele</strong></span> <span class='ocrx_word' id='word_1_810' title='bbox 2857 4290 2912 4337; x_wconf 91' lang='lat' dir='ltr'><strong>et</strong></span> <span class='ocrx_word' id='word_1_811' title='bbox 2941 4282 3318 4350; x_wconf 88' lang='lat' dir='ltr'><strong>incorporeum</strong></span> <span class='ocrx_word' id='word_1_812' title='bbox 3366 4296 3476 4350; x_wconf 85' lang='lat' dir='ltr'><strong>quo</strong></span> <span class='ocrx_word' id='word_1_813' title='bbox 3513 4281 3598 4337; x_wconf 91' lang='lat' dir='ltr'><strong>in-</strong></span> 
     </span>
    </p>
   </div>
   <div class='ocr_carea' id='block_1_105' title="bbox 2011 4376 3603 4446">
    <p class='ocr_par' dir='ltr' id='par_1_105' title="bbox 2011 4376 3603 4446">
     <span class='ocr_line' id='line_1_105' title="bbox 2011 4376 3603 4446; baseline -0.002 -11"><span class='ocrx_word' id='word_1_814' title='bbox 2011 4380 2460 4435; x_wconf 88' lang='lat' dir='ltr'><strong>commutabiliter</strong></span> <span class='ocrx_word' id='word_1_815' title='bbox 2481 4379 2648 4432; x_wconf 89' lang='lat' dir='ltr'><strong>Deum</strong></span> <span class='ocrx_word' id='word_1_816' title='bbox 2679 4378 2879 4444; x_wconf 86' lang='lat' dir='ltr'><strong>videat,</strong></span> <span class='ocrx_word' id='word_1_817' title='bbox 2908 4386 2965 4432; x_wconf 86' lang='lat' dir='ltr'><strong>et</strong></span> <span class='ocrx_word' id='word_1_818' title='bbox 2991 4391 3189 4446; x_wconf 89' lang='lat' dir='ltr'><strong>corpus</strong></span> <span class='ocrx_word' id='word_1_819' title='bbox 3215 4376 3361 4445; x_wconf 89' lang='lat' dir='ltr'><strong>quod</strong></span> <span class='ocrx_word' id='word_1_820' title='bbox 3389 4376 3471 4431; x_wconf 90' lang='lat' dir='ltr'><strong>vel</strong></span> <span class='ocrx_word' id='word_1_821' title='bbox 3498 4376 3603 4432; x_wconf 85' lang='lat' dir='ltr'><strong>Ma-</strong></span> 
     </span>
    </p>
   </div>
   <div class='ocr_carea' id='block_1_106' title="bbox 2015 4467 3603 4541">
    <p class='ocr_par' dir='ltr' id='par_1_106' title="bbox 2015 4467 3603 4541">
     <span class='ocr_line' id='line_1_106' title="bbox 2015 4467 3603 4541; baseline -0.001 -12"><span class='ocrx_word' id='word_1_822' title='bbox 2015 4473 2092 4529; x_wconf 89' lang='lat' dir='ltr'><strong>ria</strong></span> <span class='ocrx_word' id='word_1_823' title='bbox 2116 4473 2329 4537; x_wconf 87' lang='lat' dir='ltr'><strong>viderit,</strong></span> <span class='ocrx_word' id='word_1_824' title='bbox 2364 4473 2447 4526; x_wconf 87' lang='lat' dir='ltr'><strong>vel</strong></span> <span class='ocrx_word' id='word_1_825' title='bbox 2493 4487 2591 4541; x_wconf 90' lang='lat' dir='ltr'><strong>per</strong></span> <span class='ocrx_word' id='word_1_826' title='bbox 2617 4472 2759 4541; x_wconf 89' lang='lat' dir='ltr'><strong>quod</strong></span> <span class='ocrx_word' id='word_1_827' title='bbox 2791 4467 2958 4527; x_wconf 79' lang='lat' dir='ltr'><strong>Maria</strong></span> <span class='ocrx_word' id='word_1_828' title='bbox 3006 4471 3300 4537; x_wconf 88' lang='lat' dir='ltr'><strong>videretur,</strong></span> <span class='ocrx_word' id='word_1_829' title='bbox 3351 4471 3603 4541; x_wconf 85' lang='lat' dir='ltr'><strong>quodque</strong></span> 
     </span>
    </p>
   </div>
   <div class='ocr_carea' id='block_1_107' title="bbox 2013 4563 3603 4633">
    <p class='ocr_par' dir='ltr' id='par_1_107' title="bbox 2013 4563 3603 4633">
     <span class='ocr_line' id='line_1_107' title="bbox 2013 4563 3603 4633; baseline -0.001 -10"><span class='ocrx_word' id='word_1_830' title='bbox 2013 4565 2284 4623; x_wconf 87' lang='lat' dir='ltr'><strong>subditum</strong></span> <span class='ocrx_word' id='word_1_831' title='bbox 2340 4563 2552 4633; x_wconf 88' lang='lat' dir='ltr'><strong>spiritui</strong></span> <span class='ocrx_word' id='word_1_832' title='bbox 2596 4564 2841 4619; x_wconf 88' lang='lat' dir='ltr'><strong>localiter</strong></span> <span class='ocrx_word' id='word_1_833' title='bbox 2869 4572 3100 4632; x_wconf 84' lang='lat' dir='ltr'><strong>gereret.</strong></span> <span class='ocrx_word' id='word_1_834' title='bbox 3135 4564 3280 4631; x_wconf 91' lang='lat' dir='ltr'><strong>quod</strong></span> <span class='ocrx_word' id='word_1_835' title='bbox 3309 4565 3603 4633; x_wconf 85' lang='lat' dir='ltr'><strong>gerendum</strong></span> 
     </span>
    </p>
   </div>
   <div class='ocr_carea' id='block_1_108' title="bbox 2013 4657 3601 4728">
    <p class='ocr_par' dir='ltr' id='par_1_108' title="bbox 2013 4657 3601 4728">
     <span class='ocr_line' id='line_1_108' title="bbox 2013 4657 3601 4728; baseline -0.001 -14"><span class='ocrx_word' id='word_1_836' title='bbox 2013 4660 2066 4714; x_wconf 92' lang='lat' dir='ltr'><strong>in</strong></span> <span class='ocrx_word' id='word_1_837' title='bbox 2094 4659 2209 4728; x_wconf 89' lang='lat' dir='ltr'><strong>ipsa</strong></span> <span class='ocrx_word' id='word_1_838' title='bbox 2239 4657 2469 4712; x_wconf 89' lang='lat' dir='ltr'><strong>veritate</strong></span> <span class='ocrx_word' id='word_1_839' title='bbox 2493 4657 2775 4712; x_wconf 86' lang='lat' dir='ltr'><strong>illoealiter</strong></span> <span class='ocrx_word' id='word_1_840' title='bbox 2800 4657 3021 4726; x_wconf 88' lang='lat' dir='ltr'><strong>spiritus</strong></span> <span class='ocrx_word' id='word_1_841' title='bbox 3049 4657 3408 4724; x_wconf 84' lang='lat' dir='ltr'><strong>cognovisset.</strong></span> <span class='ocrx_word' id='word_1_842' title='bbox 3434 4657 3601 4726; x_wconf 87' lang='lat' dir='ltr'><strong>Satis,</strong></span> 
     </span>
    </p>
   </div>
   <div class='ocr_carea' id='block_1_109' title="bbox 2014 4747 3604 4817">
    <p class='ocr_par' dir='ltr' id='par_1_109' title="bbox 2014 4747 3604 4817">
     <span class='ocr_line' id='line_1_109' title="bbox 2014 4747 3604 4817; baseline -0.003 -11"><span class='ocrx_word' id='word_1_843' title='bbox 2014 4759 2073 4806; x_wconf 91' lang='lat' dir='ltr'><strong>ut</strong></span> <span class='ocrx_word' id='word_1_844' title='bbox 2100 4748 2356 4812; x_wconf 83' lang='lat' dir='ltr'><strong>arbitror,</strong></span> <span class='ocrx_word' id='word_1_845' title='bbox 2387 4756 2534 4817; x_wconf 86' lang='lat' dir='ltr'><strong>patet</strong></span> <span class='ocrx_word' id='word_1_846' title='bbox 2574 4749 2763 4802; x_wconf 89' lang='lat' dir='ltr'><strong>beatos</strong></span> <span class='ocrx_word' id='word_1_847' title='bbox 2799 4747 3021 4815; x_wconf 86' lang='lat' dir='ltr'><strong>angelos</strong></span> <span class='ocrx_word' id='word_1_848' title='bbox 3051 4748 3327 4815; x_wconf 89' lang='lat' dir='ltr'><strong>utriusque</strong></span> <span class='ocrx_word' id='word_1_849' title='bbox 3351 4748 3604 4802; x_wconf 87' lang='lat' dir='ltr'><strong>substan-</strong></span> 
     </span>
    </p>
   </div>
   <div class='ocr_carea' id='block_1_110' title="bbox 2013 4839 3600 4909">
    <p class='ocr_par' dir='ltr' id='par_1_110' title="bbox 2013 4839 3600 4909">
     <span class='ocr_line' id='line_1_110' title="bbox 2013 4839 3600 4909; baseline -0.004 -12"><span class='ocrx_word' id='word_1_850' title='bbox 2013 4842 2099 4897; x_wconf 59' lang='lat' dir='ltr'><strong>tiae</strong></span> <span class='ocrx_word' id='word_1_851' title='bbox 2143 4848 2198 4895; x_wconf 90' lang='lat' dir='ltr'><strong>et</strong></span> <span class='ocrx_word' id='word_1_852' title='bbox 2228 4840 2577 4909; x_wconf 83' lang='lat' dir='ltr'><strong>incorporeus</strong></span> <span class='ocrx_word' id='word_1_853' title='bbox 2607 4856 2728 4896; x_wconf 88' lang='lat' dir='ltr'><strong>esse</strong></span> <span class='ocrx_word' id='word_1_854' title='bbox 2757 4841 2810 4894; x_wconf 91' lang='lat' dir='ltr'><strong>in</strong></span> <span class='ocrx_word' id='word_1_855' title='bbox 2843 4855 2905 4895; x_wconf 86' lang='lat' dir='ltr'><strong>ea</strong></span> <span class='ocrx_word' id='word_1_856' title='bbox 2937 4847 3090 4909; x_wconf 88' lang='lat' dir='ltr'><strong>parte</strong></span> <span class='ocrx_word' id='word_1_857' title='bbox 3107 4840 3207 4894; x_wconf 87' lang='lat' dir='ltr'><strong>sub</strong></span> <span class='ocrx_word' id='word_1_858' title='bbox 3235 4855 3339 4906; x_wconf 87' lang='lat' dir='ltr'><strong>qua</strong></span> <span class='ocrx_word' id='word_1_859' title='bbox 3371 4839 3498 4905; x_wconf 81' lang='lat' dir='ltr'><strong>ipsis</strong></span> <span class='ocrx_word' id='word_1_860' title='bbox 3517 4839 3600 4891; x_wconf 89' lang='lat' dir='ltr'><strong>vi-</strong></span> 
     </span>
    </p>
   </div>
   <div class='ocr_carea' id='block_1_111' title="bbox 2012 4930 3598 4999">
    <p class='ocr_par' dir='ltr' id='par_1_111' title="bbox 2012 4930 3598 4999">
     <span class='ocr_line' id='line_1_111' title="bbox 2012 4930 3598 4999; baseline -0.004 -11"><span class='ocrx_word' id='word_1_861' title='bbox 2012 4931 2180 4988; x_wconf 89' lang='lat' dir='ltr'><strong>sibilis</strong></span> <span class='ocrx_word' id='word_1_862' title='bbox 2202 4931 2345 4986; x_wconf 89' lang='lat' dir='ltr'><strong>Deus</strong></span> <span class='ocrx_word' id='word_1_863' title='bbox 2374 4939 2474 4994; x_wconf 90' lang='lat' dir='ltr'><strong>est,</strong></span> <span class='ocrx_word' id='word_1_864' title='bbox 2508 4940 2564 4986; x_wconf 88' lang='lat' dir='ltr'><strong>et</strong></span> <span class='ocrx_word' id='word_1_865' title='bbox 2591 4932 2644 4987; x_wconf 92' lang='lat' dir='ltr'><strong>in</strong></span> <span class='ocrx_word' id='word_1_866' title='bbox 2677 4947 2741 4986; x_wconf 89' lang='lat' dir='ltr'><strong>ea</strong></span> <span class='ocrx_word' id='word_1_867' title='bbox 2771 4930 2954 4985; x_wconf 87' lang='lat' dir='ltr'><strong>itidem</strong></span> <span class='ocrx_word' id='word_1_868' title='bbox 3003 4939 3154 4999; x_wconf 85' lang='lat' dir='ltr'><strong>parte</strong></span> <span class='ocrx_word' id='word_1_869' title='bbox 3180 4941 3472 4995; x_wconf 86' lang='lat' dir='ltr'><strong>corporeos</strong></span> <span class='ocrx_word' id='word_1_870' title='bbox 3493 4944 3598 4996; x_wconf 89' lang='lat' dir='ltr'><strong>qua</strong></span> 
     </span>
    </p>
   </div>
   <div class='ocr_carea' id='block_1_112' title="bbox 2012 5017 3598 5090">
    <p class='ocr_par' dir='ltr' id='par_1_112' title="bbox 2012 5017 3598 5090">
     <span class='ocr_line' id='line_1_112' title="bbox 2012 5017 3598 5090; baseline -0.004 -11"><span class='ocrx_word' id='word_1_871' title='bbox 2012 5021 2317 5090; x_wconf 82' lang='lat' dir='ltr'><strong>hominibus</strong></span> <span class='ocrx_word' id='word_1_872' title='bbox 2337 5028 2461 5077; x_wconf 86' lang='lat' dir='ltr'><strong>sunt</strong></span> <span class='ocrx_word' id='word_1_873' title='bbox 2481 5021 2746 5086; x_wconf 87' lang='lat' dir='ltr'><strong>visibiles;</strong></span> <span class='ocrx_word' id='word_1_874' title='bbox 2769 5021 3024 5089; x_wconf 89' lang='lat' dir='ltr'><strong>quoniam</strong></span> <span class='ocrx_word' id='word_1_875' title='bbox 3043 5034 3139 5073; x_wconf 89' lang='lat' dir='ltr'><strong>nec</strong></span> <span class='ocrx_word' id='word_1_876' title='bbox 3161 5018 3298 5072; x_wconf 90' lang='lat' dir='ltr'><strong>Deus</strong></span> <span class='ocrx_word' id='word_1_877' title='bbox 3319 5017 3386 5070; x_wconf 88' lang='lat' dir='ltr'><strong>ab</strong></span> <span class='ocrx_word' id='word_1_878' title='bbox 3407 5019 3598 5085; x_wconf 88' lang='lat' dir='ltr'><strong>angelo</strong></span> 
     </span>
    </p>
   </div>
   <div class='ocr_carea' id='block_1_113' title="bbox 2012 5108 3600 5184">
    <p class='ocr_par' dir='ltr' id='par_1_113' title="bbox 2012 5108 3600 5184">
     <span class='ocr_line' id='line_1_113' title="bbox 2012 5108 3600 5184; baseline -0.003 -16"><span class='ocrx_word' id='word_1_879' title='bbox 2012 5128 2109 5183; x_wconf 90' lang='lat' dir='ltr'><strong>per</strong></span> <span class='ocrx_word' id='word_1_880' title='bbox 2135 5129 2352 5184; x_wconf 90' lang='lat' dir='ltr'><strong>corpus,</strong></span> <span class='ocrx_word' id='word_1_881' title='bbox 2400 5128 2501 5168; x_wconf 91' lang='lat' dir='ltr'><strong>nec</strong></span> <span class='ocrx_word' id='word_1_882' title='bbox 2530 5112 2747 5180; x_wconf 77' lang='lat' dir='ltr'><strong>angelus</strong></span> <span class='ocrx_word' id='word_1_883' title='bbox 2778 5111 2845 5164; x_wconf 89' lang='lat' dir='ltr'><strong>ab</strong></span> <span class='ocrx_word' id='word_1_884' title='bbox 2869 5109 3086 5166; x_wconf 87' lang='lat' dir='ltr'><strong>homine</strong></span> <span class='ocrx_word' id='word_1_885' title='bbox 3111 5108 3226 5162; x_wconf 90' lang='lat' dir='ltr'><strong>sine</strong></span> <span class='ocrx_word' id='word_1_886' title='bbox 3263 5122 3491 5175; x_wconf 90' lang='lat' dir='ltr'><strong>corpore</strong></span> <span class='ocrx_word' id='word_1_887' title='bbox 3519 5110 3600 5164; x_wconf 84' lang='lat' dir='ltr'><strong>vi-</strong></span> 
     </span>
    </p>
   </div>
   <div class='ocr_carea' id='block_1_114' title="bbox 2009 5199 3600 5276">
    <p class='ocr_par' dir='ltr' id='par_1_114' title="bbox 2009 5199 3600 5276">
     <span class='ocr_line' id='line_1_114' title="bbox 2009 5199 3600 5276; baseline -0.003 -15"><span class='ocrx_word' id='word_1_888' title='bbox 2009 5206 2125 5261; x_wconf 92' lang='lat' dir='ltr'><strong>deri</strong></span> <span class='ocrx_word' id='word_1_889' title='bbox 2152 5213 2350 5276; x_wconf 89' lang='lat' dir='ltr'><strong>potest.</strong></span> <span class='ocrx_word' id='word_1_890' title='bbox 2385 5202 2513 5271; x_wconf 74' lang='lat' dir='ltr'><strong>Quin</strong></span> <span class='ocrx_word' id='word_1_891' title='bbox 2541 5219 2662 5258; x_wconf 91' lang='lat' dir='ltr'><strong>cum</strong></span> <span class='ocrx_word' id='word_1_892' title='bbox 2695 5203 2764 5256; x_wconf 89' lang='lat' dir='ltr'><strong>ita</strong></span> <span class='ocrx_word' id='word_1_893' title='bbox 2794 5200 2918 5260; x_wconf 77' lang='lat' dir='ltr'><strong>sint.</strong></span> <span class='ocrx_word' id='word_1_894' title='bbox 2954 5199 3137 5266; x_wconf 84' lang='lat' dir='ltr'><strong>negari</strong></span> <span class='ocrx_word' id='word_1_895' title='bbox 3165 5199 3372 5267; x_wconf 89' lang='lat' dir='ltr'><strong>nequit,</strong></span> <span class='ocrx_word' id='word_1_896' title='bbox 3417 5199 3600 5257; x_wconf 88' lang='lat' dir='ltr'><strong>diabo-</strong></span> 
     </span>
    </p>
   </div>
   <div class='ocr_carea' id='block_1_115' title="bbox 2011 5289 3597 5369">
    <p class='ocr_par' dir='ltr' id='par_1_115' title="bbox 2011 5289 3597 5369">
     <span class='ocr_line' id='line_1_115' title="bbox 2011 5289 3597 5369; baseline -0.004 -17"><span class='ocrx_word' id='word_1_897' title='bbox 2011 5299 2119 5354; x_wconf 87' lang='lat' dir='ltr'><strong>lum</strong></span> <span class='ocrx_word' id='word_1_898' title='bbox 2148 5313 2365 5369; x_wconf 91' lang='lat' dir='ltr'><strong>quoque</strong></span> <span class='ocrx_word' id='word_1_899' title='bbox 2389 5312 2457 5351; x_wconf 88' lang='lat' dir='ltr'><strong>ex</strong></span> <span class='ocrx_word' id='word_1_900' title='bbox 2499 5296 2816 5364; x_wconf 85' lang='lat' dir='ltr'><strong>incorporeo</strong></span> <span class='ocrx_word' id='word_1_901' title='bbox 2839 5289 3212 5362; x_wconf 86' lang='lat' dir='ltr'><strong>corporeoque</strong></span> <span class='ocrx_word' id='word_1_902' title='bbox 3260 5290 3477 5359; x_wconf 79' lang='lat' dir='ltr'><strong>factum,</strong></span> <span class='ocrx_word' id='word_1_903' title='bbox 3511 5301 3597 5350; x_wconf 90' lang='lat' dir='ltr'><strong>ut-</strong></span> 
     </span>
    </p>
   </div>
   <div class='ocr_carea' id='block_1_116' title="bbox 2010 5384 3596 5463">
    <p class='ocr_par' dir='ltr' id='par_1_116' title="bbox 2010 5384 3596 5463">
     <span class='ocr_line' id='line_1_116' title="bbox 2010 5384 3596 5463; baseline -0.004 -15"><span class='ocrx_word' id='word_1_904' title='bbox 2010 5399 2141 5463; x_wconf 87' lang='lat' dir='ltr'><strong>pote</strong></span> <span class='ocrx_word' id='word_1_905' title='bbox 2184 5389 2386 5447; x_wconf 89' lang='lat' dir='ltr'><strong>sanctis</strong></span> <span class='ocrx_word' id='word_1_906' title='bbox 2414 5386 2618 5454; x_wconf 86' lang='lat' dir='ltr'><strong>angelis</strong></span> <span class='ocrx_word' id='word_1_907' title='bbox 2658 5392 3024 5452; x_wconf 87' lang='lat' dir='ltr'><strong>concreatum,</strong></span> <span class='ocrx_word' id='word_1_908' title='bbox 3067 5384 3294 5456; x_wconf 89' lang='lat' dir='ltr'><strong>duplicis</strong></span> <span class='ocrx_word' id='word_1_909' title='bbox 3322 5401 3443 5442; x_wconf 82' lang='lat' dir='ltr'><strong>esse</strong></span> <span class='ocrx_word' id='word_1_910' title='bbox 3467 5385 3596 5443; x_wconf 78' lang='lat' dir='ltr'><strong>sub-</strong></span> 
     </span>
    </p>
   </div>
   <div class='ocr_carea' id='block_1_117' title="bbox 2005 5587 2317 5654">
    <p class='ocr_par' dir='ltr' id='par_1_117' title="bbox 2005 5587 2317 5654">
     <span class='ocr_line' id='line_1_117' title="bbox 2005 5587 2317 5654; baseline 0.006 -13"><span class='ocrx_word' id='word_1_911' title='bbox 2005 5587 2189 5654; x_wconf 84' lang='lat' dir='ltr'><strong>Deum,</strong></span> <span class='ocrx_word' id='word_1_912' title='bbox 2213 5597 2317 5645; x_wconf 91' lang='lat' dir='ltr'><strong>elc.</strong></span> 
     </span>
    </p>
   </div>
   <div class='ocr_carea' id='block_1_118' title="bbox 2078 5659 2403 5731">
    <p class='ocr_par' dir='ltr' id='par_1_118' title="bbox 2078 5659 2403 5731">
     <span class='ocr_line' id='line_1_118' title="bbox 2078 5659 2403 5731; baseline -0.018 -17"><span class='ocrx_word' id='word_1_913' title='bbox 2078 5659 2104 5697; x_wconf 71' lang='grc' dir='ltr'>δ</span> <span class='ocrx_word' id='word_1_914' title='bbox 2145 5661 2255 5725; x_wconf 83' lang='lat' dir='ltr'><strong>AL,</strong></span> <span class='ocrx_word' id='word_1_915' title='bbox 2273 5661 2403 5731; x_wconf 71' lang='lat' dir='ltr'><strong>ipsa.</strong></span> 
     </span>
    </p>
   </div>
  </div>
