4238 6260
632 316 738 377 76⁵1

1885 316 1935 369 Μ
1942 314 2201 369 AMERTI
2239 312 2612 371 CLAUDIANI

3813 321 3932 378 768

632 429 845 487 stantia
874 443 892 484 :
938 430 1031 500 qui
1053 438 1338 501 postquam
1359 428 1604 499 hydrope
1639 425 1905 496 superbia:
1938 425 2133 480 tumuit
2157 432 2216 480 et
2241 428 2293 486 Α
2318 423 2554 493 tefaciet,
2586 426 2715 496 quid
2755 426 2876 483 istic
2902 442 3083 482 sermo
3113 406 3237 484 tuus
3264 428 3557 487 variaverit
3580 471 3597 496 ,
3624 432 3922 505 vitiaverit,

536 568 545 571 -
633 523 847 579 invidiae
873 522 1023 579 febre
1040 523 1233 585 tabuit,
1262 528 1456 593 sponte
1483 521 1767 577 illocaliter
1784 521 2070 576 sanctitate
2096 534 2224 590 pro-

634 614 835 686 lapsus,
858 628 1032 683 eaque
1058 623 1084 652 ι
1113 615 1359 670 localiter
1386 614 1454 669 de
1492 614 1654 680 uelo,
1680 629 1787 669 non
1818 620 2015 684 sponte
2042 610 2220 681 dejec-

634 713 759 772 tus;
782 721 909 762 cum
939 721 1047 761 non
1080 706 1320 775 angelus,
1344 705 1439 761 sed
1458 705 1633 760 bonus
1659 720 1780 761 esse
1807 706 2119 769 cessaverit,
2144 704 2225 757 in-

635 795 943 851 nocentiam
970 796 1223 866 perdidit,
1255 812 1363 852 non
1392 803 1658 851 naturam.
1705 795 1939 851 Proinde
1963 797 2101 851 sicut
2128 811 2225 849 an-

635 888 876 964 gelorum
922 888 1210 944 multitudo
1249 904 1369 958 qua:
1405 886 1434 926 δ
1471 876 1737 958 perstitit,
1770 889 1823 942 in
1866 895 2097 956 utroque
2142 887 2225 941 sui

636 970 1064 1045 beatiﬁcabitur;
1097 979 1171 1033 ita
1190 994 1311 1049 qua:
1342 979 1568 1046 destitit,
1595 981 1650 1033 in
1681 980 1766 1033 sui
1786 986 2017 1048 utroque
2043 979 2228 1049 punie-

636 1077 743 1125 tur.
766 1070 935 1139 Igitur
961 1070 1378 1142 haudquaquam
1404 1079 1556 1127 recte
1584 1071 1719 1125 duas
1748 1072 1802 1126 in
1833 1070 2050 1126 diabolo
2096 1069 2225 1125 sub-

637 1162 863 1218 stantias
912 1160 1221 1217 inliciabere
1253 1180 1265 1214 :
1308 1162 1434 1233 quia
1478 1163 1641 1218 etiam
1672 1170 1871 1218 memet
1895 1170 2104 1233 spreto,
2128 1178 2217 1218 ne-

637 1255 931 1310 cessarium
951 1254 1198 1325 profecto
1225 1255 1349 1321 erit,
1373 1262 1433 1310 ut
1470 1262 1585 1311 tute
1609 1256 1769 1311 cedas
1789 1255 1906 1323 tibi,
1938 1262 1994 1310 et
2018 1262 2227 1325 partem

637 1347 1080 1418 prosecutionum
1116 1356 1329 1403 tuarum
1370 1355 1525 1417 parte
1558 1346 1884 1418 supplodas,
1927 1347 2227 1415 falsumque

637 1455 769 1496 vero
799 1440 1000 1495 diruas.
1026 1439 1202 1495 Habet
1222 1452 1355 1507 ergo
1386 1438 1650 1504 diabolus,
1693 1439 1808 1507 ipse
1838 1447 2017 1492 tamen
2047 1438 2227 1492 incor-

637 1545 862 1600 poreus,
903 1544 1100 1599 corpus
1138 1544 1324 1594 suum,
1357 1528 1483 1597 quia
1525 1536 1581 1583 et
1617 1528 1820 1583 sentire
1851 1528 1968 1582 sine
1996 1542 2229 1597 corpore

640 1634 903 1690 corporea
943 1627 1212 1675 tormenta
1253 1634 1362 1674 non
1399 1619 1619 1689 poterit.
1676 1618 1745 1673 Et
1780 1629 1803 1659 ο
1838 1619 2029 1673 iterum
2073 1637 2084 1672 :
2136 1618 2228 1690 qui

645 1713 841 1779 sentit,
877 1712 1022 1767 aliud
1069 1720 1178 1778 est;
1219 1719 1275 1766 et
1313 1727 1411 1782 per
1446 1711 1592 1781 quod
1631 1711 1889 1775 sentitur,
1934 1718 2017 1765 est
2062 1710 2226 1765 aliud.

2327 517 2543 572 texerit.
2566 517 2704 572 Dicit
2722 518 2777 572 in
2798 517 3089 587 Evangelia
3114 519 3375 575 Dominus
3393 538 3405 573 :
3421 521 3663 577 Mortuus
3691 534 3770 578 est
3794 543 3927 596 pau-

2324 626 2433 680 per,
2481 620 2532 664 et
2571 610 2801 665 sublatus
2840 619 2917 665 est
2972 610 3037 664 ab
3078 611 3279 683 angelis
3322 614 3379 666 in
3426 616 3601 669 sinum
3650 616 3923 675 Abrahae:

2327 711 2557 758 mortuus
2586 712 2739 757 estet
2765 703 2924 770 dives,
2954 712 3005 758 et
3045 705 3273 775 sepultus
3306 714 3385 759 est
3417 708 3475 761 in
3512 708 3744 779 inferno.
3768 711 3924 766 Cum-

2327 811 2422 867 que
2447 804 2581 849 esset
2606 797 2661 849 in
2682 797 2969 861 lamentis,
2988 795 3117 849 vidit
3148 794 3413 851 Abraham
3432 815 3465 851 a
3495 799 3649 871 longe
3677 810 3728 855 et
3758 800 3928 855 Lazao

2330 904 2443 942 rum
2462 888 2516 942 in
2525 890 2642 942 sinu
2653 888 2784 959 ejus,
2796 896 2848 941 et
2857 888 3012 942 dicit:
3027 887 3191 942 Pater
3209 889 3495 955 Abraham,
3508 892 3656 945 mitte
3668 891 3929 947 Lazarum

2330 986 2386 1031 ut
2412 980 2636 1049 intingat
2663 978 2932 1033 minimum
2960 977 3110 1051 digiti
3137 981 3219 1034 sui
3248 981 3301 1037 in
3329 998 3547 1053 aquam,
3579 992 3633 1037 et
3659 986 3932 1056 refrigeret

2330 1072 2564 1142 linguam
2585 1086 2772 1136 meam,
2796 1072 2921 1142 quia
2947 1072 3149 1125 crucior
3168 1072 3224 1124 in
3247 1070 3344 1124 hac
3370 1073 3603 1140 ﬂamma.
3630 1073 3703 1127 Et
3718 1092 3932 1145 respou-

2332 1159 2683 1215 ditAbraham
2706 1156 3031 1227 :Memento,
3057 1162 3156 1231 fili,
3185 1164 3308 1232 quia
3329 1164 3563 1235 recepisti
3583 1162 3720 1219 bona
3748 1167 3805 1219 in
3828 1168 3933 1220 vita

2334 1264 2443 1321 tua,
2473 1255 2710 1309 similiter
2736 1263 2786 1308 et
2805 1252 3039 1309 Lazarus
3060 1255 3204 1309 mala
3227 1272 3245 1309 :
3270 1264 3320 1309 et
3339 1255 3451 1311 ideo
3472 1273 3608 1311 nunc
3627 1258 3717 1312 hic
3736 1276 3900 1315 conso
3913 1291 3931 1302 -

2334 1343 2490 1409 latur,
2520 1353 2573 1395 tu
2600 1359 2717 1398 vero
2746 1344 3012 1399 cruciaris.
3038 1344 3110 1398 Et
3136 1346 3193 1399 in
3220 1346 3299 1399 his
3338 1346 3566 1401 omnibus
3586 1348 3725 1402 inter
3753 1367 3857 1404 nos
3879 1359 3934 1404 et

2333 1450 2420 1488 vos
2457 1434 2614 1488 chaos
2640 1450 2885 1505 magnum
2907 1435 3173 1505 ﬁrmatum
3198 1443 3296 1499 est,
3321 1444 3379 1489 ut
3404 1452 3563 1509 neque
3587 1438 3708 1491 hinc
3734 1440 3809 1493 ad
3828 1457 3933 1495 nos

2334 1526 2603 1597 quisquam
2623 1526 2787 1597 possit
2814 1526 2908 1592 ire,
2950 1541 3112 1597 neque
3133 1526 3255 1581 inde
3282 1527 3379 1581 huc
3406 1534 3726 1583 transmeare
3757 1529 3931 1601 (Luc.

2334 1635 2442 1685 XVI,
2473 1617 2682 1690 22-26).
2714 1618 2861 1673 Istud
2888 1634 3032 1675 nunc
3076 1619 3209 1674 mihi
3250 1619 3545 1675 secundum
3571 1620 3694 1677 loca
3720 1629 3780 1677 et
3805 1638 3929 1678 cor-

2335 1726 2471 1783 pora
2498 1711 2703 1767 dissere
2728 1728 2740 1764 :
2765 1711 2887 1767 istic
2911 1712 3029 1767 sine
3051 1712 3447 1768 altemamento
3474 1712 3742 1783 reciproci
3769 1715 3930 1781 aeris,

639 1806 849 1876 Quippe
879 1804 926 1860 si
941 1804 1353 1870 animadvertis,
1396 1811 1605 1859 tuomet
1631 1804 1912 1859 veritatem
1943 1804 2226 1873 proloquio
2256 1808 2304 1869 B
2328 1810 2387 1858 et
2413 1816 2616 1871 organo
2642 1802 2899 1872 pectoris,
2933 1809 2989 1857 et
3019 1802 3149 1857 tibia
3177 1802 3429 1870 gutturis,
3463 1810 3522 1857 et
3548 1804 3663 1859 oris
3690 1819 3844 1871 cavo,
3874 1814 3932 1862 et

639 1896 923 1951 docebere.
968 1896 1171 1965 Nempe
1215 1895 1429 1951 dixisti:
1459 1894 1517 1950 Si
1550 1912 1617 1952 ex
1659 1896 1767 1951 hoc
1809 1903 2066 1952 concreto
2101 1911 2229 1951 aere

640 1989 888 2044 diabolus
922 2005 1118 2059 corpus
1141 1990 1322 2054 traxit,
1360 2003 1489 2059 ergo
1527 1990 1761 2045 alienum
1794 2006 1992 2060 corpus
2019 1989 2089 2043 ad
2117 1996 2230 2044 tor—

639 2087 823 2135 menta
855 2081 1094 2149 portavit
1135 2098 1147 2133 :
1179 2089 1432 2150 tanquam
1459 2089 1675 2150 egomet
1702 2080 1848 2136 istud
1879 2096 2113 2150 unquam
2137 2098 2229 2136 us-

638 2174 852 2245 piamve
871 2172 1118 2229 dixerim.
1133 2173 1240 2229 Sed
1260 2190 1369 2228 non
1384 2174 1589 2229 inﬁcias
1602 2189 1671 2229 eo
1688 2173 1949 2238 debitum,
1966 2174 2113 2245 quod
2126 2174 2231 2229 hoc

640 2272 960 2335 argumento
1021 2263 1301 2319 victoriam
1361 2264 1517 2319 nobis
1574 2280 1683 2320 non
1732 2256 1926 2335 sponte
1973 2264 2226 2320 tribuisti.

640 2354 845 2428 Nempe
862 2370 983 2411 cum
1011 2355 1163 2420 dicis,
1193 2354 1336 2426 quod
1366 2355 1611 2411 diabolus
1638 2370 1747 2411 non
1772 2356 2007 2411 alienum
2035 2372 2232 2427 corpus

642 2445 712 2502 ad
736 2455 1001 2503 tormenta
1030 2447 1293 2518 portavit;
1324 2445 1509 2502 fateris
1555 2447 1777 2513 scilicet,
1811 2447 1955 2516 quod
1995 2447 2234 2518 portavit

643 2556 823 2596 suum.
855 2539 973 2596 Mea
1001 2556 1133 2596 vero
1159 2555 1268 2595 non
1296 2540 1489 2607 refert,
1526 2556 1753 2596 suumne
1780 2540 2084 2596 alienumve
2114 2556 2236 2596 cor-

640 2648 742 2702 pus
760 2631 960 2687 habeat
984 2649 996 2686 :
1029 2632 1123 2689 sed
1171 2631 1440 2687 habeatne
1465 2648 1684 2703 corpus,
1717 2632 1771 2687 id
1797 2631 1964 2688 refert
1990 2648 2128 2687 mea.
2153 2632 2237 2701 Tu

640 2737 772 2779 vero
809 2724 1083 2780 diabolum
1135 2739 1244 2793 non
1273 2730 1484 2778 tantum
1510 2722 1713 2779 habere
1737 2739 1954 2795 corpus,
1986 2722 2079 2778 sed
2105 2738 2235 2794 pro-

641 2816 816 2887 prium
840 2816 1058 2882 habere,
1086 2832 1186 2871 nec
1215 2816 1400 2871 fateris
1428 2816 1622 2882 solum,
1653 2815 1749 2872 sed
1771 2817 1933 2872 etiam
1961 2831 2240 2885 argumen-

642 2906 792 2961 taris.
824 2904 950 2961 litae
974 2905 1174 2977 quippe
1206 2906 1472 2961 sententia
1500 2913 1594 2961 tua
1620 2913 1704 2961 est
1729 2924 1743 2959 :
1773 2904 1830 2961 Si
1871 2922 1939 2961 ex
1969 2906 2074 2962 hoc
2103 2922 2235 2961 con-

643 3004 795 3052 creto
815 3012 939 3053 aere
959 2998 1205 3053 diabolus
1233 3014 1435 3069 corpus
1462 2998 1646 3065 traxit,
1679 3013 1809 3068 ergo
1848 2999 2083 3054 alienum
2109 3015 2234 3054 cor-

647 3101 750 3156 pus
791 3086 859 3141 ad
887 3095 1157 3143 tormenta
1190 3090 1448 3158 portavit.
1487 3088 1647 3145 Certe
1683 3091 1775 3159 qui
1811 3098 1993 3162 portat
2028 3098 2111 3145 est
2138 3091 2236 3145 ali-

2332 1897 2526 1964 lingua:
2580 1896 2784 1965 plectro
2822 1911 2920 1967 per
2946 1895 3240 1967 quamlibet
3281 1895 3647 1966 corporalem,
3680 1905 3741 1952 ut
3769 1906 3924 1954 autu-

2332 2004 2470 2056 mas,
2501 1989 2739 2043 animam
2769 1988 2934 2043 verba
2961 1988 3187 2044 vocibus
3227 1986 3381 2043 ellice
3414 2005 3429 2041 :
3461 1988 3555 2043 hic
3590 1990 3783 2044 animm
3815 2006 3930 2045 ma-

2331 2096 2479 2147 num,
2511 2079 2664 2149 cujus
2708 2079 2859 2148 digiti
2887 2078 3168 2133 minimum
3195 2078 3427 2134 ambusti
3470 2078 3655 2134 divitis
3693 2081 3928 2151 linguam

2316 2170 2742 2247 refrigeraturus
2771 2169 3005 2224 Lazarus
3034 2184 3185 2239 aquae
3215 2169 3520 2239 immergat,
3552 2171 3782 2228 ostende
3805 2190 3818 2225 :
3842 2173 3931 2230 hic

2331 2261 2399 2317 de
2428 2262 2519 2317 illo
2548 2268 2751 2316 memet
2779 2261 2932 2331 quasi
2961 2276 3227 2331 corporeo
3258 2260 3493 2316 Abrahae
3537 2264 3765 2332 gremio,
3812 2280 3932 2320 cor‘

2330 2354 2519 2426 porale
2547 2353 2746 2424 aliquid
2774 2353 2949 2420 doce;
2984 2361 3044 2408 ut
3071 2360 3129 2408 et
3158 2368 3257 2424 pro
3284 2353 3450 2409 modo
3479 2354 3704 2411 humani
3732 2372 3932 2427 θοι-νου

2332 2447 2407 2501 ris
2435 2446 2506 2501 sit
2533 2454 2842 2515 angustum,
2875 2453 2931 2500 et
2958 2460 3133 2515 capax
3162 2445 3330 2515 possit
3356 2460 3477 2502 esse
3506 2447 3797 2502 multorum
3831 2466 3842 2500 :
3877 2456 3933 2506 et

2334 2539 2502 2595 chaos
2531 2539 2661 2594 illud
2690 2539 2777 2593 vel
2803 2546 2917 2593 tam
2944 2538 3217 2606 exiguum,
3253 2545 3312 2592 ut
3340 2546 3527 2593 mutua
3564 2554 3701 2609 quos
3728 2539 3933 2597 dirimit

2338 2630 2502 2686 verba
2533 2631 2760 2687 miscere
2787 2636 3010 2699 queant,
3041 2630 3127 2685 vel
3158 2637 3269 2684 tam
3309 2629 3630 2686 immensum
3662 2640 3720 2686 ut
3748 2640 3933 2687 trans-

2335 2722 2504 2778 meari
2553 2729 2808 2792 nequeat.
2854 2720 2987 2775 Illud
3016 2728 3199 2776 autem
3229 2722 3314 2777 vel
3362 2723 3877 2803 maximum/quaero
3914 2743 3929 2778 :

2335 2816 2485 2871 dives
2522 2815 2613 2871 ille
2662 2815 2753 2884 qui
2781 2828 2949 2885 penes
2996 2813 3198 2870 inferos
3246 2814 3503 2884 gehennae
3536 2816 3797 2873 incendiis
3823 2833 3933 2874 ἰθε-

2336 2915 2485 2975 tuat,
2534 2908 2625 2977 qui
2662 2905 2916 2975 congredi
2964 2904 3240 2961 Abraham
3275 2921 3528 2962 sermone
3569 2907 3824 2976 quiverit,
3881 2910 3930 2965 si

2336 2999 2509 3055 locale
2537 2996 2881 3052 beatitudinis
2901 3012 3011 3051 non
3040 2998 3303 3053 accessit?
3327 2998 3456 3068 quid
3479 3015 3643 3069 porro
3661 2999 3930 3056 Abraham

2337 3107 2461 3147 cum
2488 3090 2652 3144 divite
2679 3090 3090 3155 sermocinatur,
3134 3087 3179 3144 si
3209 3087 3422 3145 inferna
3447 3105 3560 3146 non
3599 3091 3730 3146 adiit
3756 3093 3779 3146 ?
3805 3092 3933 3147 Ani-

647 3176 797 3246 quid,
830 3184 885 3231 et
909 3179 1057 3247 quod
1086 3186 1334 3249 portatur
1380 3187 1465 3235 est
1510 3180 1727 3249 aliquid.
1754 3179 1823 3234 Et
1870 3196 1993 3235 cum
2020 3181 2235 3245 dicitur,
2265 3168 2313 3233 C
2342 3195 2458 3234 mas
2485 3194 2681 3249 nempe
2723 3187 3033 3235 sanctorum
3082 3178 3139 3233 in
3190 3179 3395 3235 intimis
3435 3181 3669 3251 paradisi
3714 3182 3934 3239 sedibus

647 3274 832 3339 portat
884 3283 1057 3334 suum,
1106 3269 1254 3323 aliud
1282 3270 1373 3339 qui
1420 3277 1623 3339 portat,
1656 3270 1866 3325 etaliud
1911 3271 2239 3340 signiﬁcatur

644 3376 765 3417 esse
784 3359 925 3430 quod
945 3366 1144 3431 portat.
1171 3359 1251 3416 Ex
1265 3361 1463 3432 duplici
1492 3361 1655 3431 igitur
1676 3362 1926 3419 diabolus
1947 3379 2011 3418 ac
2029 3364 2237 3419 diversa

646 3454 944 3510 substantia
995 3461 1106 3519 est;
1138 3454 1263 3523 quia
1319 3470 1442 3510 eum
1471 3470 1674 3526 corpus
1711 3471 1865 3511 suum
1895 3464 2098 3527 portat,
2129 3472 2238 3513 non

647 3555 731 3603 est
759 3547 874 3619 ipse
900 3546 1048 3617 quod
1074 3553 1275 3617 portat.
1309 3547 1467 3602 Aliud
1495 3547 1698 3618 quippe
1726 3556 1810 3602 est
1837 3563 1994 3613 onus,
2019 3556 2075 3603 et
2109 3563 2239 3619 por-

648 3638 783 3694 titor
810 3637 973 3694 aliud.
1005 3637 1267 3705 Quocirca
1299 3654 1407 3693 non
1437 3639 1578 3694 ultra
1603 3640 1953 3695 obluctabere
1987 3639 2163 3703 nobis,
2191 3638 2239 3694 si

648 3729 837 3786 credas
880 3729 997 3796 tibi,
1043 3730 1302 3801 quoniam
1344 3746 1542 3802 corpus
1582 3740 1639 3786 et
1675 3731 1766 3801 qui
1812 3732 1975 3786 habet
2008 3748 2233 3803 corpus,

647 3822 1077 3879 substantialiter
1102 3822 1208 3877 duo
1251 3832 1411 3890 sunt,
1452 3832 1507 3880 et
1533 3823 1653 3880 haec
1690 3824 1797 3880 duo
1835 3825 2047 3881 diversa
2090 3833 2234 3880 sunt.

648 3915 823 3985 Atque
844 3923 903 3971 ut
921 3915 1133 3971 diversa
1155 3917 1281 3981 sint,
1307 3932 1472 3972 unum
1504 3917 1610 3973 erit
1636 3918 2033 3987 incorporeum,
2067 3917 2238 3972 aliud-

647 4021 753 4077 que
774 4020 1116 4076 corporeum.
1141 4004 1308 4075 Igitur
1328 4006 1573 4062 diabolus
1600 4022 1669 4061 ex
1699 4006 1898 4075 duplici
1919 4007 2237 4074 diversaque

647 4097 947 4152 substantia
966 4103 1024 4152 et
1059 4111 1354 4167 corporeus
1382 4104 1464 4152 est
1482 4104 1540 4151 et
1567 4097 1941 4166 incorporeus.

1248 4203 1477 4259 CAPUT
1514 4204 1648 4258 VIII.

641 4296 989 4368 .Spiritaliter,
1012 4313 1115 4368 non
1136 4296 1474 4368 corporaliter
1491 4294 1898 4368 intelligendum,
1925 4311 2038 4349 cum
2060 4295 2234 4349 Laza-

716 4384 806 4423 rus
828 4370 882 4422 in
908 4369 1025 4422 sinu
1049 4365 1274 4437 Abrahae
1300 4374 1351 4418 et
1370 4366 1507 4418 dives
1531 4366 1587 4417 in
1614 4365 1820 4433 inferno
1848 4366 1977 4421 chao
2005 4367 2235 4437 interpo-

715 4441 845 4502 sito,
872 4439 1088 4491 invicem
1115 4436 1459 4506 loquerentur.

2340 3287 2450 3326 non
2479 3286 2862 3341 usquequaque
2891 3271 3231 3341 improbabili
3260 3274 3533 3327 sententia
3560 3274 3687 3329 dicis
3715 3274 3917 3328 habita-

2341 3378 2417 3417 re.
2473 3361 2707 3417 Proinde
2735 3378 2858 3417 cum
2904 3361 3175 3417 Abraham
3215 3363 3270 3416 in
3300 3363 3569 3432 paradiso,
3622 3374 3677 3419 et
3701 3364 3849 3419 dives
3880 3366 3932 3420 in

2339 3452 2553 3507 inferno
2581 3453 2661 3507 sic
2688 3452 2951 3507 immenso
2978 3451 3214 3520 quodam
3242 3452 3669 3509 intransmeabili
3698 3455 3765 3509 ab
3796 3455 3930 3509 invi-

2340 3559 2459 3600 cem
2486 3543 2745 3615 disparati
2784 3543 2925 3609 sint,
2966 3551 3027 3597 ut
3064 3542 3250 3598 itidem
3295 3553 3486 3600 mutuo
3516 3553 3771 3614 tanquam
3800 3546 3934 3600 nihil

2340 3636 2572 3703 intersit,
2603 3651 2715 3690 non
2739 3634 3177 3705 contemplentur
3222 3635 3398 3691 solum
3438 3637 3531 3691 sed
3560 3638 3727 3691 etiam
3766 3638 3938 3693 collo-

2340 3736 2575 3797 quantur
2608 3747 2619 3781 :
2667 3727 2710 3782 si
2740 3726 2858 3782 hzec
2903 3725 3149 3783 localiter
3189 3725 3497 3781 aestimanda
3528 3736 3671 3791 sunt,
3723 3727 3937 3781 alteru-

2340 3829 2482 3874 trum
2506 3818 2660 3874 fateri
2691 3818 2918 3886 cogeris,
2951 3826 3044 3873 aut
3072 3818 3332 3873 Abraham
3361 3824 3416 3871 et
3441 3816 3660 3872 divitem
3688 3832 3793 3872 nec
3810 3834 3939 3873 ser-

2339 3909 2640 3965 mocinatos
2662 3909 2894 3964 invicem
2932 3908 3115 3964 necab
3142 3908 3369 3963 invicem
3410 3908 3572 3972 visos,
3605 3915 3700 3962 aut
3728 3908 3817 3964 vel
3845 3908 3936 3963 in-

2339 3996 2548 4052 fernum
2576 3999 2634 4053 in
2662 3997 2930 4067 paradiso,
2962 3998 3047 4053 vel
3095 3998 3149 4053 in
3193 3995 3404 4053 inferno
3442 4013 3561 4053 esse
3590 3997 3931 4069 paradisum.

2955 4129 3187 4195 CAPUT
3224 4130 3316 4185 IX.

2340 4220 2491 4287 Quod
2519 4225 2734 4279 multum
2764 4225 2915 4279 distet
2949 4226 3085 4279 inter
3112 4226 3362 4279 visionem
3402 4223 3663 4278 oculorum
3698 4234 3748 4277 et
3774 4225 3935 4278 visio-

2411 4312 2527 4349 nem
2555 4297 2747 4349 anima
2780 4314 2791 4348 :
2817 4311 2931 4349 cum
2959 4298 3149 4349 animle
3175 4296 3303 4349 visio
3337 4294 3624 4349 intellectus
3650 4294 3733 4347 sit.
3778 4291 3935 4357 Quod

2409 4367 2453 4419 si
2480 4383 2571 4435 per
2591 4367 2871 4489 seividisset
2899 4366 3210 4437 corporalia,
3243 4366 3453 4419 interna
3476 4366 3671 4419 viscera
3700 4381 3796 4419 sua
3817 4366 3934 4435 pri-

2409 4452 2547 4489 mum
2570 4438 2616 4490 vi
2659 4438 2798 4490 isset.
3738 4459 3745 4465 -

713 4543 756 4597 I.
788 4543 894 4599 Sed
913 4545 961 4598 si
987 4559 1149 4614 super
1172 4542 1258 4598 his
1283 4542 1654 4601 redhibuimus
1676 4546 1759 4601 vel
1780 4546 1959 4616 aliqua
1989 4564 2058 4604 ex
2077 4556 2232 4620 parte
2258 4535 2312 4596 Ῑ)
2404 4551 2445 4604 I.
2477 4550 2586 4606 Sed
2611 4552 2867 4621 quoniam
2889 4567 2988 4607 nec
3017 4549 3326 4607 auctoritati
3354 4550 3551 4606 divina:
3572 4550 3928 4621 pervicaciter

646 4634 931 4698 rationem,
966 4632 1095 4689 illud
1120 4634 1286 4690 chaos
1324 4634 1469 4704 quod
1495 4635 1637 4691 inter
1671 4646 1856 4694 sontes
1881 4639 2234 4709 innoxiasque

646 4725 874 4790 animas,
906 4726 1044 4782 sicut
1082 4726 1492 4795 argumentaris,
1524 4726 1830 4784 intersitum
1877 4730 2012 4785 locis
2040 4732 2233 4787 merita

644 4816 898 4883 secernit,
922 4817 1021 4873 sub
1047 4816 1214 4887 ipsius
1236 4816 1456 4888 capituli
1482 4817 1560 4872 tui
1579 4817 1913 4875 discussione
1932 4820 2230 4877 videamus.

645 4909 735 4965 Sic
775 4923 1009 4979 namque
1035 4908 1290 4964 dissertas
1318 4926 1332 4961 :
1362 4907 1421 4963 Si
1448 4908 1647 4965 locales
1673 4927 1784 4967 non
1834 4918 1962 4966 sunt
2006 4912 2227 4978 animae,

642 5005 914 5074 quomodo
935 5013 1248 5076 peccatores
1272 5020 1302 5059 a
1322 5004 2229 5076 cmtibusconsortiisquejustorum

642 5113 873 5154 vacuum
901 5098 1031 5154 illud
1072 5099 1240 5155 chaos
1277 5099 1416 5154 tristi
1454 5098 1831 5167 interjectione
1875 5100 2226 5163 discriminat,

644 5195 703 5241 ut
728 5204 905 5259 neque
931 5189 1060 5246 hinc
1087 5191 1180 5247 illo
1217 5191 1429 5262 possint
1455 5189 1733 5253 accedere,
1764 5204 1944 5259 neque
1971 5190 2095 5245 inde
2124 5191 2232 5246 huc

644 5282 1009 5335 transmeare?
1053 5281 1199 5339 Istud
1244 5282 1565 5352 evangelica:
1613 5281 1861 5338 lectionis
1921 5285 2229 5354 exemplum

644 5368 894 5439 adempta
907 5370 1159 5428 dominici
1179 5374 1521 5445 simplicitate
1529 5373 1811 5439 sermonis,
1826 5390 1924 5445 pro
1940 5376 2227 5431 astruenda

643 5458 893 5516 videlicet
929 5461 1231 5518 animarum
1270 5464 1545 5520 localitate
1589 5464 1836 5534 posuisti.
1867 5462 1973 5518 Sed
2023 5467 2227 5521 oraculi

642 5550 807 5607 divini
834 5552 1103 5608 sincerum
1129 5553 1187 5608 in
1221 5555 1303 5610 sui
1336 5555 1565 5611 veritate
1597 5555 1861 5625 prolatum
1891 5555 2089 5628 oppido
2128 5574 2225 5629 pa-

715 5673 742 5702 ·
783 5664 890 5731 AL,
920 5665 1213 5724 illocaliler.

712 5738 740 5777 ι
792 5739 899 5804 AL,
934 5740 1181 5806 persistit.

2337 4644 2525 4700 obsisti
2564 4651 2764 4714 potest,
2793 4659 2894 4699 nec
2927 4643 3138 4699 miseris
3157 4642 3437 4698 beatitudo
3458 4640 3672 4696 misceri
3697 4657 3712 4705 ;
3735 4640 3925 4710 prolo-

2335 4736 2552 4805 quiique
2566 4735 2786 4805 hujusce
2804 4735 3139 4805 perplexum,
3162 4733 3288 4803 quia
3299 4748 3421 4788 cum
3437 4732 3584 4802 lippo
3600 4730 3937 4799 imaginatio-

2335 4842 2466 4881 num
2510 4826 2875 4897 corporalium
2904 4826 3047 4880 intro
3075 4824 3342 4895 inspicere
3367 4822 3670 4892 nequimus,
3702 4821 3932 4876 semotis

2335 4918 2611 4990 paululum
2637 4918 2770 4973 locis
2796 4917 3225 4988 corporibusque
3243 4914 3541 4979 videamus,
3566 4922 3622 4968 et
3646 4913 3736 4967 ubi
3750 4912 3826 4966 ita
3849 4920 3936 4966 te-

2333 5026 2434 5065 nus
2456 5010 2596 5064 inter
2609 5009 2889 5081 quospiam
2900 5008 3104 5077 judicio
3117 5007 3380 5064 discretos
3399 5007 3720 5061 immensum
3735 5004 3934 5059 dicitur

2332 5100 2583 5170 spatium,
2611 5107 2671 5154 ut
2699 5100 2864 5155 etiam
2890 5099 3158 5157 sermonis
3178 5098 3348 5168 possit
3382 5112 3503 5152 esse
3521 5096 3930 5158 commercium,

2332 5193 2822 5249 animadvertamus
2852 5208 2959 5249 non
2998 5193 3241 5249 locorum
3288 5191 3618 5256 distantiam,
3647 5187 3747 5244 sed
3774 5186 3932 5243 dille—

2330 5287 2560 5342 rentiam
2584 5286 2918 5343 meritorum.
2951 5286 3086 5342 Cum
3111 5285 3261 5355 justo
3290 5297 3543 5352 namque,
3570 5288 3835 5351 quantum
3864 5277 3935 5331 ad

2331 5392 2528 5447 corpus
2554 5384 2796 5448 spectat,
2828 5378 3073 5435 localiter
3095 5392 3215 5433 esse
3245 5375 3477 5445 injustus
3504 5380 3723 5445 potest;
3758 5369 3931 5438 injus-

2334 5475 2419 5523 tus
2433 5484 2564 5523 vero
2578 5484 2697 5524 esse
2718 5469 3103 5525 in-innocentia
3118 5468 3281 5539 justi,
3304 5465 3484 5538 quoad
3507 5480 3681 5535 usque
3701 5464 3933 5533 injustas

2330 5566 2433 5625 est,
2484 5576 2591 5615 non
2634 5568 2829 5631 potest.
2866 5559 3019 5617 Unde
3045 5560 3173 5631 quia
3201 5566 3325 5630 post
3350 5564 3584 5614 mortem
3630 5569 3738 5611 nec
3759 5550 3933 5629 ι)ωηί-

2332 5696 2375 5748 L._
2398 5684 2420 5712 ο
2447 5675 2560 5744 AL,
2587 5677 2726 5730 item.
