4238 6260
364 317 473 380 ’169

1541 316 1630 375 DE
1666 314 1892 376 STATU
1932 313 2171 375 ANIHE
2215 317 2345 376 LIB.
2384 318 2473 375 III.

3535 319 3642 378 170

363 446 482 493 tere
508 414 795 508 cuiquam,
813 449 914 495 nec
937 449 1165 509 peccare
1192 434 1447 507 possibile
1475 442 1578 502 est,
1607 435 1749 491 inter
1775 435 1950 490 salva-
1974 425 2030 499 Α
2050 436 2415 507 gilantemque
2441 435 2601 492 simul
2624 449 2809 506 quare
2836 434 3119 493 lectorem.
3146 434 3305 491 Visus
3341 434 3508 490 animi
3542 451 3641 507 per

363 538 453 583 tos
476 537 533 584 et
553 529 796 600 perditos
816 527 1249 585 intransmeabile
1275 526 1468 583 dicitur
1494 526 1678 592 chaos,
1702 525 1949 581 indemn-

363 619 544 675 tabilis
590 628 784 676 status.
816 617 929 674 Tua
969 620 1130 689 igitur
1166 618 1424 675 adversus
1452 625 1507 673 te
1536 616 1707 673 fertur
1750 617 1946 673 oratio.

361 709 571 783 Nempe
598 712 967 767 testimonium
985 710 1133 781 quod
1159 725 1190 764 a
1219 709 1375 764 nobis
1407 718 1433 747 ι
1461 708 1828 779 disparascere
1864 722 1950 762 ar-

361 799 676 869 bitrabaris,
702 801 1081 857 animadvertis
1108 800 1389 856 nobiscum
1428 799 1674 871 profectu
1710 799 1951 869 disputa-

364 894 531 949 tionis
568 909 846 960 unescere,
896 892 1097 963 tibique
1124 892 1471 947 tenuissimos
1498 892 1580 946 sui
1608 891 1851 945 tramites
1882 889 1949 943 ad

364 986 572 1042 inﬁnita
602 986 887 1042 illocalium
914 985 1193 1054 regionum
1222 984 1396 1053 spatia
1426 983 1683 1039 ducentes
1721 982 1951 1037 obverso

364 1086 522 1149 poste
542 1077 787 1133 claudere
829 1095 842 1130 :
883 1077 1008 1146 quia
1035 1090 1313 1145 corporea
1351 1073 1721 1144 amplitudinis
1756 1086 1951 1141 angus-

367 1175 481 1221 tum
529 1166 945 1236 incorporalium
986 1166 1345 1221 subtilitatum
1392 1166 1655 1221 immensa
1702 1179 1810 1219 non
1857 1158 1950 1218 ca-

360 1261 537 1333 piens,
576 1274 677 1315 nec
712 1259 1025 1314 distantiam
1074 1259 1193 1314 sine
1237 1259 1381 1324 loco,
1429 1273 1533 1314 nec
1569 1258 1791 1313 verbum
1835 1257 1952 1313 sine

359 1352 607 1422 strepitu,
637 1366 741 1407 nec
765 1352 1028 1420 gremium
1069 1351 1185 1407 sine
1224 1351 1401 1421 spatio
1428 1350 1713 1420 complecti
1749 1357 1946 1419 potest.

359 1441 532 1500 Porro
560 1452 741 1501 autem
766 1459 1027 1515 wrporea
1057 1459 1166 1499 non
1186 1451 1330 1509 sunt,
1354 1458 1690 1513 quacunque
1708 1443 1784 1497 ita
1804 1450 1946 1497 sunt.

361 1535 573 1591 Anima
598 1550 732 1592 vero
761 1536 1010 1601 Abraha,
1040 1535 1229 1590 Lazari
1256 1543 1312 1590 et
1334 1535 1513 1589 divitis
1541 1535 1615 1589 ita
1634 1543 1759 1589 sunt
1787 1553 1799 1587 :
1830 1549 1949 1589 cor-

362 1640 541 1697 porca
578 1627 738 1695 igitur
775 1642 883 1681 non
924 1635 1067 1681 sunt.
1109 1625 1214 1681 Sed
1241 1640 1360 1695 qua
1388 1636 1511 1696 post
1552 1626 1679 1680 hinc
1706 1626 1852 1681 hisce
1880 1626 1953 1681 si-

361 1720 507 1775 milia
535 1729 849 1791 sequuntur,
872 1721 1049 1776 minus
1074 1720 1317 1791 profecto
1338 1722 1392 1774 in
1414 1720 1837 1776 confutationem
1867 1720 1949 1775 sui

2052 543 2251 600 corpus
2274 529 2368 599 qui
2389 528 2595 584 homini
2620 528 2920 599 belluaque
2946 528 3251 583 communis
3276 533 3379 591 est,
3412 526 3640 581 intendit

2051 636 2174 677 sese
2220 629 2382 691 atque
2428 621 2629 677 exserit
2670 636 2769 692 per
2806 622 2911 675 ista
2937 620 3052 676 hac
3076 627 3275 690 puncta
3309 618 3638 691 pupillarum

2052 720 2313 782 vaporato
2355 712 2563 768 cerebri
2602 712 2874 767 anteriore
2913 711 3236 777 ventriculo,
3283 711 3638 768 invisibilibus

2053 802 2315 858 viscerum
2336 802 2585 870 ﬂammis;
2616 804 2778 871 inque
2802 802 2984 858 radios
3001 816 3271 872 porosque
3288 818 3632 872 promanans,

2052 893 2097 947 si
2118 893 2244 962 quid
2272 892 2472 949 coloris
2500 901 2592 947 aut
2618 890 2805 947 forma
2847 892 3066 947 obvium
3106 892 3331 962 ceperit,
3378 893 3635 964 mncipit,

2052 991 2109 1039 et
2137 985 2214 1037 uti
2239 1000 2399 1039 cursu
2426 984 2499 1038 ita
2527 984 2689 1039 etiam
2719 998 2939 1039 recursu
2967 983 3166 1054 rapidis
3192 983 3454 1039 linearum
3489 998 3639 1039 mea-

2054 1075 2195 1130 tibus
2223 1074 2433 1144 recipit.
2464 1074 2650 1146 Itaque
2669 1076 2774 1130 hoc
2801 1075 2931 1129 illud
2958 1083 3042 1129 est
3068 1074 3213 1144 quod
3234 1082 3457 1130 vocatur
3474 1076 3633 1144 vim,

2052 1167 2191 1222 sicut
2219 1166 2271 1221 in
2301 1167 2475 1237 primo
2503 1166 2641 1222 libro
2668 1166 3033 1223 disseruimus.
3067 1165 3172 1222 Per
3191 1168 3334 1223 hunc
3352 1180 3484 1237 ergo
3510 1184 3635 1224 cum

2051 1260 2230 1316 bellua
2258 1261 2526 1316 humanus
2552 1275 2768 1330 quoque
2796 1261 3005 1316 animus
3024 1270 3151 1318 nota
3179 1262 3247 1316 ab
3274 1262 3491 1332 ignotis,
3513 1262 3635 1319 alba

2052 1352 2121 1406 ab
2149 1353 2279 1407 atris
2305 1368 2537 1423 corpora
2564 1353 2815 1408 secernit.
2846 1352 3083 1408 Huccine
3110 1360 3267 1408 tenus
3300 1360 3384 1408 est
3411 1352 3635 1408 humani

2051 1443 2197 1498 visus
2224 1444 2432 1499 animi?
2479 1443 2596 1511 Quo
2645 1443 2808 1512 igitur
2841 1442 2987 1511 justa
3034 1444 3102 1498 ab
3154 1443 3388 1513 injustis,
3428 1458 3460 1498 a
3487 1442 3636 1499 falsis

2052 1551 2178 1591 vera
2220 1535 2521 1605 dijudicat?
2548 1536 2630 1590 An
2659 1535 2839 1590 forsan
2864 1534 3125 1589 vecordes
3149 1534 3347 1590 oculati
3377 1549 3637 1605 corpora-

2054 1627 2177 1683 liter
2189 1627 2392 1697 judicio
2416 1628 2703 1685 credentur
2739 1643 2913 1683 cacas
2939 1628 3148 1683 anteire
3174 1628 3489 1697 sapientes?
3530 1625 3638 1683 Sed

2052 1718 2139 1773 vel
2164 1719 2393 1789 Appium
2421 1720 2488 1775 de
2517 1720 2764 1776 Romano
2782 1731 2992 1786 senatu,
3023 1720 3110 1775 vel
3135 1718 3541 1791 HermophiIum
3570 1719 3639 1775 de

361 1826 529 1884 penes
556 1813 764 1868 consilii
793 1813 820 1852 ιι
849 1814 1036 1883 vigiles
1061 1813 1265 1868 habere
1292 1811 1495 1866 laboris
1514 1811 1733 1866 debent.
1761 1822 1783 1850 ο
1811 1808 1948 1865 Cor—
1978 1810 2026 1869 Β
2052 1806 2241 1864 Graco
2285 1811 2583 1882 gymnasio,
2632 1810 2720 1864 vel
2749 1809 2973 1865 Tobiam
3018 1810 3087 1865 de
3106 1810 3511 1881 prophetarum
3536 1826 3639 1866 nu-

360 1903 521 1959 datus
546 1905 744 1975 quippe
766 1904 930 1973 judex
957 1905 1060 1959 rite
1086 1890 1289 1959 victum
1317 1910 1524 1969 censet,
1554 1902 1699 1971 quod
1737 1918 1838 1973 pro
1870 1904 1953 1958 sui

364 1993 736 2049 imbecillitate
774 2010 874 2065 par
912 1995 1069 2049 victis
1107 2003 1208 2049 est.
1263 1992 1415 2049 Unde
1445 2008 1556 2048 non
1595 1994 1714 2048 sine
1748 1994 1955 2064 pudore

364 2092 581 2155 stupeo,
610 2083 755 2153 quod
781 2100 882 2154 pro
918 2084 1318 2155 comprobanda
1346 2086 1537 2139 anima
1576 2084 1955 2154 corporalitate

366 2175 645 2245 subjungis
676 2194 689 2230 :
720 2174 859 2232 Ecce
886 2177 1064 2231 anima
1091 2178 1137 2232 si
1182 2176 1559 2232 Alexandriam
1585 2176 1671 2231 vel
1700 2175 1954 2232 Hieroso-

368 2267 569 2339 lymam
597 2268 822 2336 cogitat,
870 2275 927 2322 et
948 2268 991 2322 si
1021 2283 1119 2338 per
1146 2268 1528 2337 cogitationem
1554 2274 1668 2322 tota
1706 2267 1787 2321 sui
1814 2281 1949 2337 pra-

364 2359 540 2413 sentia
568 2358 677 2413 illic
702 2358 962 2424 interfuit,
992 2358 1192 2413 referat
1211 2359 1366 2414 nobis
1390 2360 1525 2413 situs
1552 2358 1815 2422 locorum,
1838 2358 1955 2413 vul-

365 2456 452 2504 tus
478 2449 777 2513 hominum,
809 2457 989 2505 motus
1016 2458 1274 2519 actusque
1300 2450 1646 2520 populorum.
1669 2447 1821 2503 Nunc
1847 2449 1955 2504 dis-

363 2542 531 2613 pudet
576 2551 850 2598 auctorem
896 2543 1054 2613 hujus
1115 2544 1397 2598 sententia
1457 2550 1723 2613 exempta
1764 2542 1955 2597 anima

365 2636 757 2705 corporalitatis
785 2650 1067 2706 capessere
1095 2635 1372 2700 indicium,
1419 2634 1560 2690 unde
1596 2635 1953 2705 incorporali-

364 2725 492 2779 tatis
519 2724 687 2780 videri
715 2725 901 2781 debuit
928 2735 1318 2794 argumentum.

437 2816 503 2870 ll.
532 2815 804 2872 Hactenus
822 2817 1037 2887 quidem
1066 2817 1133 2872 de
1161 2802 1323 2872 animi
1351 2819 1669 2888 incorporea
1699 2826 1862 2887 atque
1886 2819 1953 2873 il-

367 2906 530 2961 locali
552 2907 757 2962 visione
783 2907 1031 2972 disserui,
1059 2923 1123 2964 ac
1149 2908 1352 2978 liquido
1372 2910 1546 2979 patuit
1567 2908 1816 2964 eumdem
1835 2908 1954 2963 nul-

364 2997 417 3053 la
444 2998 717 3053 mediante
743 2999 1059 3064 substantia,
1108 3008 1308 3055 atema
1354 3001 1512 3055 simul
1554 3008 1717 3070 atque
1762 3001 1954 3055 immu-

363 3089 552 3144 tabilia
591 3091 855 3155 contueri.
891 3090 1057 3160 Igitur
1090 3107 1213 3147 cum
1240 3092 1515 3147 rationalis
1562 3092 1740 3147 anima
1767 3107 1866 3162 per
1892 3105 1951 3145 se

2055 1916 2207 1956 mero
2259 1917 2423 1972 super
2468 1901 2718 1970 ambiguo
2761 1902 3013 1972 prasenti
3069 1910 3239 1960 testes
3297 1902 3636 1959 habeamus:

2054 2007 2283 2062 quorum
2312 1994 2397 2048 vel
2426 1993 2631 2064 Appius
2659 1994 2738 2049 eis
2758 1994 2851 2063 qui
2878 1994 3115 2049 exterius
3142 1994 3410 2050 clarerent
3446 1994 3636 2059 oculis,

2053 2094 2110 2141 et
2137 2087 2363 2141 interius
2406 2087 2737 2150 cacutirent,
2780 2087 2990 2145 consilii
3037 2087 3216 2142 lumen
3260 2087 3517 2157 prabuit;
3554 2087 3640 2143 vel

2055 2176 2434 2248 Hermophilus
2474 2177 2881 2248 Theopompum
2909 2177 3296 2246 geometricam
3340 2178 3459 2233 sine
3485 2177 3641 2234 radio

2054 2270 2267 2335 docuit;
2291 2269 2377 2323 vel
2393 2268 2591 2324 Tobias
2621 2267 2732 2324 lilio
2760 2269 2887 2323 dum
2916 2268 3039 2324 cali
3064 2268 3169 2324 iter
3185 2268 3414 2338 pravius
3432 2266 3639 2339 pandit,

2055 2360 2306 2428 angelum
2334 2361 2589 2415 comitem
2625 2359 2789 2415 dedit.
2822 2359 2982 2415 Videt
3011 2360 3172 2428 igitur
3200 2361 3413 2415 animus
3438 2360 3643 2429 absque

2054 2468 2305 2523 corpore,
2332 2468 2432 2507 nec
2458 2454 2832 2523 corpulentum
2860 2451 3063 2523 aliquid
3106 2459 3199 2507 aut
3225 2452 3523 2508 coloratum
3550 2460 3645 2509 aut

2054 2558 2153 2614 per
2180 2543 2299 2599 loca
2328 2544 2640 2610 distentum,
2669 2543 2765 2599 sed
2786 2544 3249 2614 ipsamveritatem
3272 2544 3413 2615 (qua
3437 2558 3645 2599 summe

2056 2635 2373 2705 incorporea
2404 2636 2545 2691 Deus
2572 2636 2676 2707 est)
2706 2637 3029 2706 incorporeo
3053 2635 3454 2706 contemplatur
3484 2635 3643 2691 obtu-

2055 2735 2135 2781 tu.
2166 2724 2339 2791 Patet,
2373 2735 2431 2780 ut
2454 2728 2706 2793 arbitror,
2737 2728 2975 2783 animum
2997 2735 3052 2782 et
3078 2743 3177 2797 per
3213 2743 3273 2783 se
3300 2726 3641 2797 incorporea,

2055 2826 2112 2873 et
2138 2832 2235 2887 per
2258 2832 2455 2886 corpus
2475 2817 2659 2872 videre
2683 2832 2967 2887 corporea.

2124 2907 2210 2962 Ill.
2240 2907 2346 2963 Sed
2372 2907 2500 2963 illud
2529 2908 2705 2965 adhuc
2724 2917 2943 2980 propter
2967 2910 3133 2980 tepidi
3168 2911 3368 2981 iecoris
3411 2912 3643 2968 homun-

2055 3000 2207 3055 culos
2261 2999 2453 3055 discuti
2509 3009 2784 3070 superest,
2812 3010 3117 3056 utrumnam
3157 3018 3420 3073 corporea
3446 3018 3545 3073 per
3583 3018 3643 3060 se

2052 3091 2225 3164 possit
2251 3091 2517 3147 humanus
2537 3093 2748 3149 animus
2766 3093 2949 3149 videre
2969 3094 3087 3149 sine
3106 3109 3356 3165 corpore.
3372 3092 3526 3176 Nunc
3554 3095 3644 3165 igi~

366 3181 745 3251 incorporeum
792 3190 952 3251 atque
980 3183 1192 3238 illocale
1231 3184 1547 3254 conspiciat,
1580 3194 1636 3241 et
1662 3185 1948 3240 veritatem
1977 3177 2024 3240 C
2055 3193 2144 3241 tur
2159 3185 2350 3241 adesto
2365 3192 2531 3247 totus.
2546 3193 2602 3240 et
2621 3200 2784 3254 quam
2800 3186 2943 3256 potis
2962 3202 3019 3241 es
3036 3200 3269 3256 prasens
3282 3186 3407 3242 sito.
3419 3185 3642 3257 Nempe,

364 3289 484 3345 qua
503 3272 646 3328 Deus
660 3280 760 3339 est,
782 3288 814 3327 a
832 3273 1064 3329 falsitate
1082 3262 1243 3344 longe
1261 3275 1582 3345 incorporea
1610 3276 1817 3331 visione
1839 3276 1950 3331 dis-

368 3375 603 3433 scernat,
633 3374 689 3420 et
721 3367 824 3421 nisi
860 3382 960 3437 per
979 3382 1176 3437 corpus
1213 3368 1406 3423 localia
1445 3383 1813 3439 corporeaque
1839 3385 1949 3425 non

364 3456 576 3524 videat;
594 3454 622 3494 ιι
648 3471 895 3526 quanam
922 3458 1064 3512 ratio
1093 3464 1193 3522 est,
1224 3458 1330 3513 illis
1357 3459 1601 3513 eamdem
1624 3459 1771 3514 credi
1799 3462 1949 3515 simi-

365 3552 469 3608 lem
498 3552 566 3608 ad
593 3567 713 3624 qua
750 3551 1129 3623 conspicienda
1167 3553 1460 3623 interprete
1488 3568 1716 3624 corpore
1759 3556 1945 3621 utitur,

364 3652 421 3699 et
445 3644 547 3699 illis
574 3659 694 3715 qua
722 3659 820 3715 per
838 3660 899 3700 se
927 3643 1324 3714 contemplatur
1336 3644 1565 3713 judicari
1588 3646 1948 3702 dissimilem?

364 3736 569 3791 Anima
587 3736 745 3801 visio,
772 3749 832 3791 ut
860 3751 1004 3807 sape
1026 3735 1229 3791 dictum
1256 3746 1359 3802 est,
1410 3752 1510 3792 nec
1556 3738 1754 3793 iterare
1780 3739 1944 3808 piget,

362 3826 663 3885 intellectus
682 3835 782 3882 est.
804 3826 1093 3882 Enimvero
1112 3842 1376 3898 corporea
1396 3827 1621 3898 intelligi
1642 3838 1962 3899 nequeunt;

362 3918 552 3973 sentiri
583 3918 652 3970 ah
703 3918 880 3973 anima
928 3934 1028 3988 per
1072 3934 1268 3989 corpus
1323 3930 1546 3990 queunt.
1587 3920 1778 3976 Anima
1816 3937 1947 3978 vero

364 4011 505 4066 sicut
531 4026 630 4080 per
657 4026 853 4081 corpus
879 4013 1072 4075 sentit,
1102 4013 1175 4067 ita
1202 4030 1300 4083 per
1336 4030 1396 4070 se
1436 4016 1703 4084 intelligit.
1745 4016 1947 4073 Eorum

361 4119 482 4174 qua
513 4103 815 4158 sentiuntur
842 4098 1002 4174 atque
1028 4106 1409 4175 intelliguntur,
1451 4109 1748 4165 substantia
1787 4112 1946 4181 longe

360 4193 573 4249 diversa
599 4199 700 4248 est.
733 4191 850 4259 Quo
889 4194 948 4248 lit
976 4203 1036 4248 ut
1075 4196 1270 4262 anima,
1310 4199 1434 4267 quia
1472 4215 1581 4254 non
1611 4209 1695 4256 est
1726 4217 1941 4272 corpus,

358 4300 585 4356 quaque
611 4299 873 4355 corporea
894 4286 997 4341 nisi
1030 4302 1127 4357 per
1152 4304 1350 4360 corpus
1378 4292 1579 4347 sentire
1615 4309 1723 4349 non
1752 4296 1941 4364 possit,

358 4379 543 4435 videre
584 4386 763 4434 autem
799 4394 897 4449 per
939 4395 999 4435 se
1041 4395 1159 4450 qua
1188 4382 1533 4451 intelligenda
1575 4395 1719 4453 sunt,
1748 4388 1938 4456 possit.

359 4468 443 4525 Tu
468 4486 598 4526 vero
626 4471 785 4525 nimis
809 4480 1141 4542 repugnante
1181 4476 1467 4542 sententia,
1500 4493 1765 4548 corporea
1793 4478 1943 4535 voles

2051 3284 2111 3332 ut
2133 3278 2349 3340 astruis,
2372 3277 2640 3332 humanus
2659 3278 2869 3332 animus
2883 3284 2936 3332 et
2954 3277 3066 3347 ipse
3086 3292 3381 3347 corporeus
3400 3284 3456 3333 et
3486 3284 3641 3349 septo

2050 3362 2296 3442 corporis
2316 3370 2604 3426 exterioris
2623 3370 2880 3437 inclusus,
2898 3371 2945 3424 si
2969 3369 3099 3438 quid
3124 3385 3221 3439 per
3239 3385 3299 3425 se
3325 3368 3510 3425 videre
3523 3384 3639 3425 cor-

2048 3477 2277 3534 poreum
2304 3468 2505 3532 potest,
2529 3460 2664 3515 nihil
2686 3460 2762 3515 illi
2781 3460 2986 3515 scilicet
3013 3458 3195 3514 videre
3215 3460 3516 3530 promptius
3534 3466 3637 3526 est,

2049 3570 2213 3624 quam
2240 3552 2485 3623 corporis
2513 3552 2724 3606 interna
2762 3550 2916 3619 queis
2944 3549 3227 3604 clauditur.
3261 3549 3404 3618 Age,
3435 3564 3640 3617 quaso,

2050 3645 2268 3699 intende
2297 3644 2349 3698 in
2377 3644 2584 3697 viscera
2625 3650 2715 3695 tua
2743 3649 2799 3696 et
2826 3642 2880 3695 in
2906 3656 3098 3695 omnes
3126 3639 3413 3695 admodum
3441 3630 3639 3709 corpo-

2049 3753 2170 3791 rum
2198 3744 2397 3806 partes,
2429 3743 2484 3789 et
2512 3735 2673 3788 istum
2693 3746 2855 3802 quem
2875 3732 3093 3787 dictitas
3113 3731 3279 3786 animi
3302 3730 3639 3801 corporalem

2049 3831 2244 3896 visum,
2272 3829 2340 3884 de
2367 3827 2651 3896 temetipso
2706 3825 3014 3881 renuntiato
3056 3824 3077 3863 ί
3109 3823 3240 3881 mihi
3270 3824 3531 3893 nobisque
3552 3823 3639 3880 di-

2050 3925 2181 3989 cito,
2222 3923 2417 3992 quibus
2463 3920 2656 3986 modis,
2688 3933 2865 3988 quove
2918 3919 3024 3973 situ
3070 3915 3385 3993 triformitas
3431 3915 3652 3975 cerebri'

2049 4022 2227 4081 coeat,
2247 4015 2446 4084 jecoris
2473 4027 2647 4068 massa
2672 4011 2869 4080 jaceat;
2889 4010 3075 4079 regula
3100 4009 3257 4065 lienis
3283 4009 3503 4076 hareat,
3526 4016 3638 4063 sto-

2048 4106 2226 4161 machi
2255 4105 2391 4159 libra
2415 4102 2666 4175 pendeat,
2698 4100 2875 4156 cordis
2901 4099 3166 4170 plectrum
3202 4098 3379 4165 feriat,
3407 4098 3499 4167 qui
3536 4113 3636 4153 ve-

2048 4212 2239 4251 narum
2270 4196 2531 4260 tramites,
2559 4207 2746 4263 quave
2783 4184 3025 4256 textura,
3057 4204 3179 4259 qua
3207 4204 3496 4244 nervorum
3525 4189 3635 4244 ori-

2045 4290 2218 4358 gines,
2249 4302 2434 4359 quave
2481 4298 2784 4357 compages,
2815 4298 2935 4354 qua
2979 4282 3182 4360 ossium
3228 4280 3413 4347 coitio,
3444 4294 3634 4350 quave

2046 4380 2368 4450 compactio,
2392 4393 2511 4448 qua
2536 4370 2848 4448 pulmonum
2873 4388 3026 4437 cava,
3051 4387 3170 4443 qua
3194 4379 3450 4427 tortuosa
3473 4369 3632 4424 batu-

2043 4474 2221 4529 lorum
2248 4472 2540 4537 enodibus,
2574 4486 2693 4541 qua
2740 4468 2982 4539 ligaturis
3009 4465 3272 4536 explicita
3319 4463 3635 4518 inﬂexiones

356 4562 600 4632 intelligi,
624 4571 680 4617 et
697 4564 1013 4635 incorporea
1027 4565 1231 4621 videri?
1256 4566 1365 4623 Sed
1388 4582 1456 4623 ne
1472 4568 1569 4624 tibi
1598 4571 1809 4624 animus
1833 4571 1937 4625 hu-
1965 4557 2017 4618 D
2041 4582 2105 4623 ac
2127 4564 2467 4621 reﬂexiones.
2498 4562 2637 4618 Ecce
2662 4562 2792 4631 quid
2836 4575 3031 4630 negas,
3065 4558 3315 4624 arbitror,
3359 4570 3523 4627 super
3550 4554 3635 4609 his

354 4672 546 4713 manus
566 4671 726 4726 quem
745 4673 1064 4728 corporeum
1088 4658 1282 4726 credis,
1307 4668 1400 4715 aut
1420 4661 1571 4728 nihil,
1591 4669 1684 4716 aut
1707 4678 1815 4717 non
1837 4664 1941 4718 nisi
2044 4673 2303 4729 responsa
2343 4656 2648 4711 redhibere.
2672 4651 2781 4707 Cur
2808 4653 2970 4721 igitur
2995 4652 3199 4720 negas?
3225 4650 3351 4720 quia
3381 4646 3633 4704 videlicet

351 4763 613 4819 corporea
638 4748 1058 4821 antincorporea
1079 4749 1217 4805 forte
1231 4752 1347 4805 sola
1363 4767 1462 4822 per
1480 4768 1619 4819 sese,
1634 4754 1775 4808 sicut
1792 4763 1942 4809 natu-
2044 4752 2255 4808 animus
2281 4764 2380 4819 per
2405 4760 2525 4802 sese
2553 4759 2816 4816 corporea
2842 4755 3185 4811 nequaquam
3212 4740 3378 4797 videt.
3411 4736 3518 4794 Sed
3537 4753 3635 4793 cur

353 4852 425 4893 ra
435 4839 548 4908 ejus
559 4847 643 4895 est
655 4842 1141 4911 proprium,videre
1155 4856 1319 4914 posse
1328 4843 1939 4913 videatur;trigeminum

352 4930 663 4999 questionis
689 4932 865 5001 hujus,
897 4932 1077 5002 quoad
1104 4934 1334 4990 strictim
1378 4931 1683 5005 possumus,
1714 4936 1940 4993 ventile-

352 5036 470 5076 mns
492 5022 798 5078 obscurum.
822 5022 963 5093 Ergo
986 5024 1237 5079 videatne
1274 5039 1372 5095 per
1390 5040 1510 5082 sese
1540 5025 1802 5082 humanus
1821 5028 1936 5081 ani-

350 5126 469 5166 mus
494 5127 685 5177 necne,
716 5111 1011 5168 videamus.
1052 5113 1161 5170 Sed
1188 5118 1443 5185 quoniam
1475 5131 1615 5187 pene
1664 5133 1934 5173 summum

349 5204 565 5261 istiusce
594 5205 799 5274 negotii
822 5205 961 5261 istuc
985 5206 1041 5261 in
1067 5207 1191 5265 loco
1220 5210 1465 5275 vertitur,
1502 5219 1526 5249 ο
1547 5209 1831 5280 vigilacem
1862 5212 1936 5266 vi-

2041 4842 2227 4898 videre
2273 4852 2536 4909 corporea
2564 4850 2907 4905 nequaquam
2948 4832 3140 4903 possit,
3163 4846 3324 4901 quem
3370 4845 3478 4883 non
3517 4828 3635 4882 sine

2040 4936 2158 4991 visu
2186 4947 2307 4988 esse
2346 4931 2458 5001 jam
2485 4927 2760 4984 constitit?
2787 4925 2956 4982 Nemo
2984 4922 3279 4994 quidquam
3307 4931 3630 4987 corporeum

2041 5026 2206 5090 videt,
2224 5022 2315 5094 qui
2340 5020 2679 5091 corporalem
2694 5018 2868 5073 visum
2880 5031 2988 5071 non
3008 5013 3187 5069 habet.
3212 5009 3431 5063 Animus
3449 5012 3631 5060 autem

2043 5119 2135 5189 qui
2163 5117 2326 5172 habet
2351 5114 2543 5178 visum,
2573 5120 2628 5167 et
2646 5106 2927 5179 corporale
2955 5103 3091 5158 nihil
3106 5101 3270 5166 videt,
3289 5097 3635 5189 incorporali~

2042 5187 2129 5265 ter
2156 5207 2330 5273 videt;
2354 5214 2411 5263 et
2439 5199 2847 5272 incorporaliter
2870 5193 3052 5250 videre
3076 5205 3254 5262 posse,
3278 5187 3632 5260 incorporalis

2112 5410 2279 5484 dAl"
2310 5426 2425 5484 qm”
2451 5410 2681 5484 "W'L'n
3085 5480 3168 5484 --Α
3229 5463 3291 5484 m
3340 5461 3506 5484 -.ηυξ

2115 5495 2138 5522 ο
2162 5460 2280 5538 v13}
2309 5460 2563 5550 usurpata
2587 5460 2795 5550 gelum.
2829 5469 2921 5550 lib.
2953 5482 3046 5550 vn_,
3075 5480 3196 5537 cap.
3222 5463 3309 5530 12,
3334 5460 3565 5550 et
3584 5476 3624 5550 ii

2014 5528 2428 5609 ‘Meta'ni...
2442 5528 2573 5600 r755.
2593 5541 2844 5597 Sidonius
2864 5541 2991 5609 item
3008 5528 3120 5609 hac
3143 5528 3279 5609 voce
3300 5528 3432 5609 usus
3459 5532 3627 5609 semel

2381 5599 2447 5674 ut
2463 5599 2825 5692 failimadverit
2851 5608 3084 5692 Cangius
3193 5604 3489 5692 glossario:
3498 5599 3626 5692 Eon

2042 5671 2365 5761 Zr'ét'igiﬁié
2396 5671 2494 5744 cur
2518 5682 2846 5741 Parisienses
2890 5671 3250 5736 rescriberem
3293 5671 3620 5730 prudentem.

2121 5765 2139 5804 ί
2170 5760 2277 5823 ΑΙ..
2311 5760 2419 5817 tibi.

419 5420 445 5449 λ
475 5412 584 5479 AL,
616 5411 795 5483 dispar
823 5428 1073 5469 asserere.
1104 5411 1175 5468 Et
1201 5428 1328 5469 mox
1349 5413 1474 5469 bene
1512 5423 1654 5470 stare
1684 5430 1784 5487 pro
1809 5430 1933 5469 une-

312 5586 315 5587 '
346 5495 553 5627 tua“
594 5552 763 5627 Ρπίεο
810 5520 997 5611 editic-
1022 5556 1092 5627 ᾼι
1117 5554 1359 5627 Lugdun.
1402 5556 1618 5627 rigidos.
1663 5555 1793 5627 Qua
1820 5556 1933 5625 qui-

310 5682 315 5685 _
344 5618 950 5699 detulectioyepetitur
972 5625 1108 5699 infra
1286 5625 1373 5691 ll,
1406 5618 1517 5699 §A'2,
1550 5618 1857 5699 sublinem'.

422 5702 445 5729 ι’
469 5690 567 5765 Sic
586 5690 775 5765 eadem
809 5696 939 5749 edit.
974 5694 1142 5750 Paris.
1176 5690 1285 5761 AL,
1317 5690 1555 5761 coram,-
1585 5696 1738 5765 cujus
1767 5699 1933 5765 .vocis

344 5760 665 5839 signiﬁcatio
692 5762 800 5823 non
828 5774 911 5822 est
938 5766 1098 5838 hujus
1124 5766 1246 5835 loci,
1270 5774 1331 5821 ut
1358 5765 1528 5822 lexica
1552 5760 1769 5821 docent.
