4238 6260
635 302 746 365 775

1943 300 2261 359 MAIERTI
2297 299 2664 359 CLAUDIAM

3822 300 3933 358 776

636 432 699 480 ut
743 423 800 481 in
841 423 957 494 ipso
984 418 1294 476 omnimodo
1321 431 1611 489 corporum
1655 423 1856 487 genere
1885 418 2019 473 atris
2041 417 2229 488 splen-
2254 419 2311 480 Α
2332 415 2496 472 etiam
2524 413 2890 485 corporalium
2941 413 3324 472 reminiscitur.
3383 412 3453 470 Et
3501 429 3628 471 cum
3680 417 3940 472 meminit

638 514 845 581 dentia,
889 512 1134 568 sublimia
1154 508 1444 582 depressis,
1473 511 1712 582 pretiosa
1763 507 1955 567 vilibus
1990 518 2224 580 antepo-

637 609 753 682 ‘nis;
785 607 859 661 ita
877 603 1040 659 etiam
1069 603 1124 657 in
1143 602 1476 673 incorporeis
1489 617 1610 672 quae
1636 610 1820 658 creata
1848 609 1996 668 sunt,
2025 601 2228 656 buma-

631 714 740 764 ,nas
761 695 1011 752 belluinis
1039 713 1051 747 :
1078 693 1132 749 in
1160 693 1289 764 ipsis
1310 694 1495 750 itidem
1515 709 1634 765 quae
1653 694 1903 750 humana:
1927 702 2075 762 sunt,
2093 710 2228 764 pru-

641 790 832 846 dentes
859 786 1069 843 stolidis
1102 804 1115 840 :
1149 786 1204 840 in
1224 786 1308 842 his
1333 800 1498 858 porro
1523 786 1730 849 itidem
1776 802 1896 858 quae
1925 796 2114 842 natura
2141 785 2227 840 vi-

643 889 790 951 gent,
821 879 1008 935 doctas
1035 876 1267 934 indoctis
1287 878 1494 933 animas
1521 886 1850 938 antevertas.
1882 878 2056 934 Sicuti
2083 877 2230 931 enim

642 972 726 1028 sol
749 987 947 1042 corpus
970 979 1087 1038 est,
1129 978 1185 1026 et
1226 985 1416 1026 saxum
1459 969 1740 1040 quodlibet
1779 971 1937 1039 longe
1977 969 2232 1040 disparile

641 1063 792 1142 buic,
814 1060 1037 1133 perinde
1056 1069 1240 1116 tamen
1264 1075 1462 1132 corpus
1488 1071 1573 1116 est
1605 1080 1617 1113 :
1651 1060 2011 1130 sicequidem
2059 1058 2234 1115 omni-

641 1168 840 1224 genum
862 1161 1053 1208 natura
1073 1153 1307 1208 vitarum
1335 1153 1655 1224 incorporea
1674 1153 1881 1210 scilicet
1919 1152 2096 1210 omnis
2123 1161 2228 1210 est.

641 1242 753 1300 Sed
807 1245 946 1301 sicut
993 1258 1188 1313 corpus
1233 1258 1462 1315 corpore
1512 1243 1864 1313 pmcellitur,
1905 1259 2028 1298 cum
2057 1250 2236 1298 tamen

637 1322 936 1405 utrumque
961 1335 1032 1390 sit
1057 1349 1254 1405 corpus
1284 1352 1297 1388 :
1329 1335 1408 1389 sic
1433 1334 1644 1390 animus
1665 1334 1980 1400 antefertur,
2011 1348 2134 1388 cum
2162 1341 2236 1386 ta-

646 1442 775 1483 men
801 1435 1088 1495 utrumque
1113 1426 1184 1481 sit
1211 1425 1441 1481 animus.
1474 1423 1543 1479 Et
1585 1426 1779 1480 iterum
1809 1424 2040 1495 opulens
2067 1439 2236 1494 nego-

645 1519 802 1582 tium,
825 1525 882 1572 et
908 1517 1048 1572 dites
1074 1532 1252 1572 causa:
1280 1517 1348 1572 ad
1374 1516 1662 1572 dicendum
1700 1517 1989 1586 proliciunt
2016 1524 2072 1571 et
2098 1530 2237 1586 pene

645 1607 916 1664 blanditer
938 1607 1111 1663 obvia:
1137 1615 1330 1678 suapte
1353 1607 1533 1678 specie
1559 1607 1792 1673 describi
1820 1623 1942 1664 sese
1967 1615 2232 1677 quaesunt,

650 1705 816 1767 atque
841 1697 1007 1753 etiam
1037 1705 1252 1767 cogunt.
1285 1696 1394 1752 Sed
1425 1698 1587 1753 hasce
1615 1697 1964 1754 excellentius
1995 1706 2051 1754 et
2101 1713 2238 1769 prae-

2335 508 2569 574 animus,
2600 515 2748 563 totus
2773 507 3022 563 meminit
3038 516 3095 562 et
3115 516 3262 564 totus
3289 508 3556 573 memoria
3583 516 3670 564 est
3693 509 3790 580 qui
3818 525 3938 565 me-

2333 600 2489 656 minit
2526 608 2692 667 totus,
2723 608 2782 656 et
2807 600 3070 656 memoria
3096 615 3296 672 corpus
3321 616 3439 656 non
3466 609 3552 657 est
3581 619 3597 656 :
3628 616 3745 658 non
3771 602 3939 672 igitur

2333 705 2530 762 corpus
2556 699 2642 747 est
2662 690 2896 747 animus.

2404 783 2456 839 6.
2498 783 2580 839 De
2620 793 2871 838 tactu.—
2913 783 3046 841 Item
3086 799 3284 856 corpus
3312 784 3369 840 in
3411 792 3568 857 parte
3603 787 3688 840 sui
3726 795 3938 843 tactum

2334 877 2407 932 ibi
2453 877 2635 942 sentit,
2659 877 2758 932 ubi
2779 877 3047 947 tangitur;
3099 879 3311 935 animus
3337 887 3520 934 autem
3548 894 3651 950 per
3685 895 3799 936 non
3847 889 3936 935 tov

2336 977 2449 1024 tum
2473 985 2689 1040 corpus,
2721 971 2826 1026 hoc
2854 977 2957 1037 est,
2979 985 3079 1042 per
3117 981 3326 1042 partem
3356 973 3604 1044 corporis
3633 981 3782 1028 totus
3810 988 3942 1030 sen-

2337 1063 2420 1117 tit.
2453 1062 2771 1132 Hujusmodi
2797 1078 2928 1118 vero
2955 1078 3148 1119 sensus
3176 1063 3404 1120 illocalis
3445 1072 3552 1130 est,
3590 1072 3648 1120 et
3675 1079 3842 1121 omne
3872 1065 3939 1119 il-

2336 1151 2512 1210 locale
2539 1154 2920 1226 incorporeum
2949 1168 3035 1211 est
3065 1174 3078 1209 :
3103 1157 3430 1228 incorporea
3456 1171 3589 1228 ergo
3630 1166 3716 1215 est
3751 1160 3936 1218 omnis

2337 1258 2540 1298 anima.

2413 1335 2463 1388 7.
2504 1334 2586 1390 De
2625 1352 2837 1402 accessa
2866 1353 2928 1391 ac
2965 1355 3190 1394 recessu.
3215 1371 3289 1382 —
3312 1339 3450 1395 Item
3483 1356 3675 1412 corpus
3702 1357 3809 1398 nec
3839 1358 3940 1414 ap-

2338 1427 2668 1499 propinquat
2695 1427 2829 1496 Deo,
2884 1444 2988 1486 nec
3023 1430 3232 1486 recedit
3260 1445 3292 1484 a
3321 1430 3454 1487 Deo.
3496 1431 3714 1488 Animus
3737 1441 3933 1489 autem

2340 1528 2397 1574 et
2416 1521 2688 1590 proximat
2723 1530 2780 1576 et
2803 1521 3124 1592 longinquat
3151 1521 3440 1578 illocalitcr
3467 1541 3480 1576 :
3511 1523 3667 1592 igitur
3711 1525 3936 1582 animus

2341 1627 2539 1683 corpus
2577 1628 2690 1668 non
2717 1619 2820 1667 est.

2411 1701 2465 1756 8.
2506 1702 2587 1757 De
2617 1715 2778 1758 motu.
2803 1733 2876 1744 —
2903 1703 3038 1760 Item
3078 1719 3276 1775 corpus
3301 1713 3552 1762 movetur
3590 1721 3693 1777 per
3727 1707 3933 1774 locum,

650 1789 974 1845 eminentias
994 1803 1059 1844 ac
1079 1787 1459 1858 supremitates
1483 1787 1560 1842 illi
1580 1787 1919 1859 potissimum
1947 1787 2164 1856 adeant,
2195 1788 2241 1843 si
2269 1773 2320 1834 Β
2345 1795 2556 1850 animus
2587 1805 2783 1858 autem
2809 1811 2909 1867 per
2952 1773 3205 1853 eumdem
3241 1813 3356 1854 non
3395 1773 3650 1854 movetur
3678 1818 3693 1854 :
3723 1773 3937 1856 animus

645 1882 742 1953 qui
770 1881 848 1936 illi
869 1890 993 1938 sunt
1018 1896 1156 1952 quos
1177 1881 1365 1936 ardens
1386 1882 1553 1935 evexit
1575 1881 1630 1934 in
1657 1880 1852 1936 (ethera
1873 1881 2035 1935 virtus
2057 1891 2102 1934 ⁸.
2137 1879 2242 1935 Ve-

646 1985 769 2029 rum
797 1973 1072 2029 enimvero
1117 1972 1248 2027 mihi
1281 1971 1777 2049 impraesentiarum
1825 1969 1951 2024 huic
1986 1968 2056 2040 de
2099 1976 2242 2024 statu

647 2067 841 2125 animae
879 2067 1160 2137 quaestioni
1190 2068 1374 2138 (prout
1420 2065 1509 2122 ille
1533 2063 1813 2136 proposuit
1849 2078 2081 2133 quocum
2107 2078 2243 2118 con-

647 2163 817 2232 gressi
843 2160 1047 2232 sumus)
1069 2169 1126 2217 et
1153 2160 1430 2231 aliquanto
1458 2157 1641 2215 forsan
1670 2155 1973 2228 plusculum
2015 2170 2243 2226 respon-

648 2252 779 2309 dere
798 2253 930 2308 mihi
956 2252 1235 2323 provincia
1269 2251 1405 2306 fuit:
1437 2249 1579 2320 quod
1620 2257 1839 2305 rectene
1879 2264 1948 2302 an
1976 2263 2132 2303 secus
2163 2247 2243 2301 le-

651 2344 840 2413 cerim,
861 2359 1048 2415 aequus
1075 2352 1132 2400 et
1149 2343 1342 2399 doctus
1362 2342 1564 2398 arbiter
1585 2340 1866 2411 iudicabit.

1245 2472 1477 2530 CAPUT
1505 2472 1646 2529 XIV.

828 2591 1169 2666 Superiorum
1207 2590 1370 2646 brevis
1410 2589 1768 2660 recapitulatio
1796 2588 2067 2644 librorum.

725 2728 770 2786 I.
783 2728 984 2786 Verum
993 2727 1253 2798 quoniam
1263 2725 1432 2781 multa
1442 2740 1563 2795 qua:
1581 2724 1682 2779 sub
1691 2745 1694 2748 ~
1703 2723 1925 2793 hujusce
1939 2720 2250 2792 questionis

653 2820 842 2878 ubiubi
869 2819 1292 2890 disputavimus,
1345 2833 1455 2875 non
1500 2831 1674 2886 usque
1717 2815 1946 2871 faciliter
1988 2813 2249 2870 memoria

653 2911 942 2983 complecti
968 2911 1216 2981 cognitor
1241 2917 1443 2981 potest,
1464 2921 1586 2978 qua:
1605 2906 1836 2978 sparsim
1863 2913 1919 2961 et
1943 2904 2248 2969 dissertata,

655 3018 904 3074 qumque,
928 3003 1009 3058 uti
1035 3002 1289 3069 arbitror,
1312 3001 1487 3056 evicta
1512 3007 1670 3065 sunt;
1700 2997 1971 3054 collectim
1990 2995 2250 3051 strictim-

2343 1885 2504 1955 igitur
2531 1901 2641 1941 non
2669 1894 2754 1942 est
2778 1901 2995 1957 corpus.

2415 1977 2468 2032 9.
2511 1977 2590 2031 De
2609 1994 2870 2043 mensura.
2893 2011 2966 2020 —
2990 1978 3129 2035 Item
3162 1979 3465 2050 longitudo,
3493 1980 3744 2050 latitudo,
3775 1991 3832 2039 et
3858 1984 3936 2040 al-

2347 2069 2522 2126 titudo
2575 2071 2631 2126 in
2684 2081 3070 2142 corporesunt
3101 2091 3115 2126 :
3147 2082 3206 2130 et
3255 2073 3516 2146 quidquid
3567 2076 3720 2133 hisce
3766 2087 3934 2144 caret,

2345 2179 2544 2234 corpus
2580 2180 2692 2220 non
2719 2173 2820 2221 est.
2851 2165 3014 2223 Hisce
3041 2175 3226 2224 autem
3245 2176 3398 2225 caret
3422 2169 3638 2226 anitnus
3688 2188 3703 2225 :
3743 2185 3938 2242 corpus

2347 2256 2509 2325 igitur
2546 2272 2657 2312 non
2685 2266 2788 2312 est.
3575 2293 3589 2300 -

2421 2346 2507 2401 l0.
2549 2345 2629 2402 De
2652 2347 2836 2402 dextro
2874 2357 2926 2402 et
2951 2349 3187 2405 sinistro.
3219 2345 3593 2420 -—Dextrum,
3623 2352 3936 2422 sinistrum;

2347 2455 2580 2506 sursum,
2605 2439 2893 2508 deorsum;
2925 2443 3168 2497 anterius
3188 2449 3243 2497 et
3265 2442 3539 2513 posterius
3559 2443 3617 2499 in
3643 2445 3795 2500 omni
3815 2454 3943 2502 sunt

2348 2545 2612 2602 corpore;
2637 2532 2693 2586 in
2720 2531 2868 2587 nulla
2893 2539 3076 2588 autem
3097 2541 3227 2590 sunt
3244 2534 3424 2589 anima
3449 2551 3463 2588 :
3490 2537 3814 2608 incorporea
3842 2538 3943 2607 igi-

2349 2631 2440 2678 tur
2464 2623 2643 2678 omnis
2669 2631 2755 2678 est
2782 2624 2982 2679 anima.
3427 2639 3434 2644 '

2421 2713 2486 2768 II.
2527 2713 2610 2769 En
2635 2729 2916 2786 quousque
2967 2731 3038 2772 ex
3081 2715 3233 2772 omni
3286 2716 3486 2772 scilicet
3510 2717 3940 2788 disputationum

2350 2817 2659 2865 nostrarum
2702 2817 2858 2880 parte
2897 2811 3286 2876 contraximus,
3318 2810 3569 2881 quidquid
3607 2819 3724 2868 toto
3763 2827 3940 2883 opere

2353 2902 2528 2957 moliti
2555 2916 2769 2968 sumus;
2818 2902 3253 2973 quoniamquod
3291 2903 3411 2959 istic
3436 2919 3596 2975 quam
3617 2903 3944 2961 brevissime

2353 2996 2846 3068 recapitulavimus,
2897 2996 3002 3052 nisi
3029 2997 3321 3067 praemissis
3343 2997 3801 3068 disputationibus
3827 2996 3943 3054 ﬁeri

655 3109 766 3164 que
791 3103 849 3150 et
872 3095 1038 3151 veluti
1067 3093 1367 3166 punctatim
1391 3093 1491 3148 sub
1519 3091 1720 3154 mentis
1757 3090 1916 3146 oculo
1953 3088 2156 3158 redegi,
2195 3095 2252 3144 et
2281 3138 2330 3205 ο
2356 3089 2637 3161 probabile
2656 3105 2768 3145 non
2793 3089 2987 3159 quivit.
3013 3087 3332 3160 Quanquam
3358 3091 3407 3145 si
3431 3090 3711 3158 negotium
3736 3099 3941 3146 tantum

659 3185 944 3241 revisenda
958 3185 1117 3240 simul
1144 3183 1687 3254 recognoscendaque
1700 3182 1966 3251 congessi.

734 3275 790 3336 1.
819 3274 900 3330 De
925 3276 1251 3347 incorporeo.
1273 3307 1348 3318 -ο
1371 3275 1514 3330 Deus
1539 3275 1892 3346 incorporeus
1914 3283 1998 3330 est
2029 3293 2042 3327 :
2075 3274 2254 3342 imago

661 3375 844 3424 autem
862 3365 962 3423 Dei
989 3374 1075 3423 est
1101 3367 1368 3422 humanus
1393 3366 1608 3420 animus
1634 3384 1646 3417 :
1678 3364 1938 3434 quoniam
1966 3364 2032 3418 ad
2067 3364 2254 3419 simili-

659 3457 900 3516 tudinem
927 3466 985 3514 et
1007 3459 1297 3528 imaginem
1320 3456 1418 3513 Dei
1441 3455 1614 3513 factus
1641 3465 1726 3512 est
1751 3457 1936 3512 homo.
1967 3455 2255 3512 Enimvero

658 3551 839 3620 imago
860 3550 1167 3622 incorporei
1195 3565 1394 3622 corpus
1420 3565 1540 3606 esse
1560 3565 1670 3606 non
1710 3556 1909 3621 potest.
1940 3548 2107 3620 Igitur
2128 3549 2256 3620 quia

658 3641 838 3712 imago
859 3641 956 3698 Dei
981 3650 1066 3698 est
1083 3641 1351 3698 humanus
1377 3642 1610 3710 animus,
1641 3642 1992 3714 incorporeus
2015 3651 2098 3698 est
2134 3641 2254 3697 ani-

661 3746 784 3788 mus
803 3733 1091 3789 humanus.

730 3821 784 3876 2.
817 3821 899 3877 De
923 3824 1046 3878 vita.
1077 3855 1150 3868 -
1175 3823 1347 3881 Omne
1377 3824 1589 3881 illocale
1627 3825 2008 3896 incorporeum
2039 3837 2255 3894 quoque

661 3921 767 3970 est.
793 3911 964 3970 Porro
983 3915 1093 3971 vita
1126 3917 1373 3987 corporis
1399 3917 1580 3972 anima
1607 3924 1711 3981 est,
1743 3923 1800 3971 et
1841 3916 1896 3970 in
1923 3930 2152 3986 corpore
2172 3914 2253 3970 vi-

661 4013 825 4061 vente
865 4014 974 4060 tam
1011 4007 1142 4062 vivit
1179 4023 1308 4078 pars
1333 4009 1554 4076 minima
1593 4007 1858 4077 corporis,
1889 4021 2051 4076 quam
2079 4014 2254 4061 totum

661 4111 879 4175 corpus.
899 4096 1128 4153 Tantum
1148 4111 1280 4167 ergo
1305 4098 1427 4154 vita:
1449 4100 1504 4153 in
1524 4107 1677 4169 parte
1703 4098 1949 4167 corporis
1967 4104 2069 4162 est,
2092 4111 2256 4165 quan-
2296 4149 2300 4152 .

665 4195 781 4243 tum
809 4188 864 4242 in
893 4197 1008 4245 toto
1035 4205 1266 4259 corpore
1297 4207 1310 4245 :
1333 4197 1389 4245 et
1414 4190 1525 4244 vita
1555 4189 1672 4245 haec
1697 4189 1873 4243 anima
1899 4197 2002 4243 est.
2031 4187 2142 4243 Nec
2169 4187 2244 4242 lo.

660 4281 778 4338 cale
805 4291 889 4338 est
905 4282 1052 4353 quod
1067 4291 1178 4338 tam
1200 4297 1454 4366 magnum
1473 4289 1559 4338 est
1577 4283 1632 4335 in
1654 4289 1770 4337 toto
1791 4295 1952 4350 quam
1973 4282 2028 4335 in
2050 4280 2250 4350 aliquo,

663 4385 720 4430 et
748 4383 855 4430 tam
877 4389 1132 4444 magnum
1161 4373 1214 4429 in
1236 4389 1404 4444 parvo
1429 4388 1592 4442 quam
1622 4375 1676 4429 in
1705 4387 1921 4442 magno.
1947 4373 2064 4430 Non
2093 4374 2254 4443 igitur

661 4463 850 4520 localis
879 4471 962 4518 est
1009 4465 1238 4564 animus.
1273 4462 1340 4548 Et
1366 4463 1626 4565 quidquid
1668 4463 1878 4520 illocale
1924 4473 2025 4533 est,
2058 4481 2252 4537 corpo-
2278 4506 2333 4569 Β

661 4563 816 4608 reum
843 4568 953 4608 non
975 4559 1060 4606 est
1084 4570 1097 4606 :
1122 4552 1284 4620 igitur
1305 4553 1486 4608 anima
1511 4568 1711 4626 corpus
1737 4571 1845 4611 non
1867 4565 1969 4611 est.

733 4641 786 4696 5.
828 4640 908 4696 De
941 4642 1162 4697 ratione.
1190 4675 1262 4686 -—
1303 4643 1440 4714 Item
1471 4645 1825 4701 ratiocinator
1853 4647 2031 4701 anima
2077 4647 2250 4703 ratio-

662 4734 819 4803 nalis,
851 4742 907 4791 et
927 4736 1353 4794 substantialiter
1397 4739 1541 4795 inest
1568 4740 1762 4795 anima:
1810 4741 2121 4796 ratiocinari
2153 4759 2166 4795 :
2197 4749 2252 4797 et

662 4827 801 4884 ratio
830 4828 1184 4899 incorporalis
1205 4839 1369 4902 atque
1406 4832 1635 4890 illocalis
1662 4843 1776 4891 est:
1806 4834 1969 4904 igitur
1994 4835 2250 4906 incorpo-

663 4920 791 4978 ralis
817 4930 904 4976 cst
943 4921 1144 4976 anima.

736 5015 788 5070 4.
830 5011 912 5070 De
941 5014 1220 5071 voluntate.
1245 5050 1318 5062 —
1337 5016 1470 5074 Item
1500 5020 1753 5076 voluntas
1786 5017 1979 5077 animm
2003 5021 2256 5079 substan-

663 5107 738 5162 tia
767 5106 885 5177 ejus
911 5116 1022 5176 est;
1055 5115 1112 5165 et
1133 5109 1179 5166 si
1209 5117 1322 5166 tota
1347 5110 1462 5166 vult
1499 5111 1698 5179 anima,
1731 5119 1845 5167 tota
1864 5114 2122 5170 voluntas
2150 5122 2252 5182 est,

663 5209 721 5254 et
741 5203 991 5259 voluntas
1029 5219 1227 5276 corpus
1253 5220 1365 5262 non
1402 5212 1524 5260 est:
1569 5205 1731 5274 igitur
1776 5206 1956 5260 anima
2003 5222 2116 5263 non
2172 5215 2258 5263 est

665 5304 886 5360 corpus.

736 5379 792 5434 5.
831 5382 912 5437 De
930 5390 1274 5444 manoria.—-
1297 5387 1433 5446 Item
1460 5390 1721 5446 memoria
1752 5390 1978 5447 illocalis
2005 5394 2251 5460 quaedam

664 5472 937 5542 capacitas
989 5484 1091 5543 est,
1120 5492 1242 5548 qua:
1288 5495 1392 5537 nec
1438 5480 1782 5537 multitudine
1837 5482 2248 5540 recordabilium

665 5559 1004 5633 distenditur,
1036 5580 1140 5622 nec
1157 5569 1428 5639 paucitate
1451 5578 1722 5637 tenuatur,
1754 5579 1812 5629 et
1835 5572 2251 5645 incorporaliter

737 5750 768 5784 ι
794 5703 982 5816 Virgil.
1013 5742 1232 5800 Eneid.
1260 5761 1333 5813 νι,
1362 5762 1495 5804 νει-ε.
1520 5748 1641 5808 rso.

2359 3188 2598 3237 assertor
2623 3180 2854 3236 idoneus
2898 3187 3092 3236 nactus
3132 3187 3295 3248 esset,
3343 3197 3476 3249 non,
3507 3182 3667 3238 sicuti
3689 3189 3940 3251 egomet,

2357 3271 2676 3340 dignitatem
2704 3286 2882 3328 causa:
2929 3271 3220 3328 admodum
3248 3273 3446 3344 impari
3501 3273 3743 3330 oratione
3768 3271 3942 3328 deho-

2357 3364 2678 3419 noravisset.
2721 3363 2909 3432 Neque
2944 3378 3076 3420 vero
3105 3364 3222 3434 ipse
3265 3365 3548 3436 aliquanto
3586 3365 3742 3420 latius
3777 3365 3945 3436 proli-

2359 3454 2588 3524 xiusque
2607 3454 2750 3509 hanc
2768 3453 3014 3510 eamdem
3037 3455 3394 3525 quaestionem
3413 3457 3620 3525 agitare
3643 3471 3750 3512 non
3769 3456 3940 3526 potui.

2346 3543 2558 3601 Verum
2586 3545 2792 3601 scilicet
2817 3560 2918 3615 par
2943 3544 3045 3599 fuit
3081 3544 3263 3616 quoad
3307 3544 3651 3602 adversarius
3673 3546 3832 3602 reniti
3855 3559 3947 3600 va-

2357 3639 2477 3707 luit,
2507 3654 2574 3695 eo
2602 3653 2772 3710 usque
2800 3639 3067 3710 praeliari;
3114 3647 3207 3694 aut
3251 3638 3432 3708 quoad
3470 3640 3526 3694 in
3553 3638 3735 3709 fugam
3763 3639 3947 3707 cessit,

2358 3738 2568 3800 tergum
2593 3731 2855 3802 praebere,
2883 3738 2940 3786 et
2964 3745 3128 3786 manu
3167 3740 3381 3802 captum
3404 3730 3672 3800 plumbeis
3697 3730 3955 3800 pugioni-

2357 3821 2458 3878 bus
2484 3837 2788 3878 exarmare.
2845 3820 3078 3879 Ulterius
3127 3837 3286 3893 porro
3333 3821 3665 3892 progrediet
3692 3820 3748 3874 in
3777 3835 3954 3876 auras

2356 3914 2464 3970 tela
2485 3915 2689 3984 jacere,
2719 3922 2775 3969 et
2801 3914 2920 3970 sine
2965 3914 3117 3970 hoste
3158 3925 3428 3983 pugnare;
3457 3925 3614 3966 cassa
3651 3909 3953 3965 contentio

2355 4015 2459 4072 est,
2485 4015 2541 4061 et
2566 4006 2758 4060 virium
2785 4005 3065 4062 frustratio
3082 4048 3096 4072 ,
3125 4003 3269 4076 quod
3294 4003 3369 4058 ita
3396 4003 3499 4058 erit
3535 4001 3854 4071 inglorium,
3887 4009 3956 4057 ut

2357 4099 2708 4159 laboriosum.
2754 4098 2894 4166 Quid
2922 4106 2980 4154 tu
3010 4099 3190 4169 igitur,
3218 4097 3295 4152 ait
3331 4094 3543 4166 aliquis,
3571 4108 3675 4164 per
3698 4093 3819 4149 inec
3844 4093 3952 4148 tria

2357 4191 2632 4246 volumina
2673 4191 2930 4247 adversus
2954 4191 3178 4247 brevem
3223 4189 3477 4261 paginam
3505 4186 3766 4259 spatiatus
3791 4199 3871 4252 es,
3902 4187 3953 4240 si

2356 4283 2581 4338 verbum
2607 4285 2776 4339 verbo
2796 4283 2968 4339 satis?
2996 4281 3107 4338 Sed
3134 4281 3320 4338 nonid
3346 4280 3552 4348 negotii
3573 4287 3656 4334 est
3679 4276 3952 4332 fallaciam

2355 4382 2586 4441 struere,
2615 4375 2760 4446 quod
2795 4374 3094 4430 destruere.
3144 4372 3316 4442 Neget
3361 4371 3626 4443 quispiam
3676 4368 3952 4440 sphaeram

2357 4480 2477 4522 esse
2502 4466 2781 4521 mundum.
2808 4464 2928 4521 Uno
2956 4463 3176 4536 quidem
3197 4464 3304 4520 hoc
3331 4463 3424 4520 ille
3449 4462 3615 4518 verbo
3641 4462 3950 4531 negaverit;

2354 4559 2452 4615 sed
2477 4574 2587 4615 non
2626 4558 2681 4615 id
2702 4574 2812 4614 uno
2851 4559 2982 4614 item
3003 4557 3172 4614 verbo
3207 4556 3297 4612 vel
3353 4555 3586 4611 Timaeus
3635 4557 3950 4610 astruxerit.

2356 4647 2593 4706 Proinde
2620 4649 2879 4721 quidquid
2927 4648 3059 4704 illud
3086 4647 3443 4718 ampliuscule
3482 4645 3825 4702 semocinati
3853 4661 3954 4701 su-

2355 4757 2494 4810 mus,
2517 4759 2630 4799 non
2668 4742 2831 4798 modo
2870 4741 2986 4799 sola
3011 4739 3134 4795 falsi
3161 4737 3484 4805 eonfutatio,
3514 4737 3610 4793 sed
3639 4738 3754 4793 veri
3781 4738 3954 4792 etiam

2355 4839 2536 4909 coegit
2586 4836 2864 4893 astructio.
2911 4833 3122 4906 Quippe
3171 4833 3445 4890 diversum
3500 4839 3583 4887 est
3629 4848 3644 4886 :
3679 4829 3957 4886 dedocere

2357 4933 2539 5000 noxia,
2571 4940 2628 4988 et
2670 4931 2822 4986 utilia
2853 4929 3070 4986 docere.
3117 4927 3227 4984 Nec
3268 4926 3374 4983 hoc
3419 4926 3564 4981 idem
3592 4932 3694 4990 est,
3739 4932 3953 4979 sentem

2356 5025 2476 5082 solo
2497 5025 2716 5091 vellere,
2747 5023 2895 5094 quod
2921 5022 3131 5093 frugem
3156 5021 3360 5091 jacere.
3390 5019 3508 5075 Non
3537 5032 3670 5088 ergo
3689 5017 3745 5073 id
3772 5017 3954 5087 ipsum

2358 5127 2442 5176 est
2459 5133 2650 5174 eruere
2670 5119 2882 5185 vitium,
2913 5115 3060 5187 quod
3085 5123 3268 5172 serere
3287 5114 3562 5169 virtutem.
3593 5110 3766 5166 Multo
3791 5110 3960 5178 igitur

2357 5209 2586 5280 amplius
2629 5223 2810 5280 opera:
2849 5207 3226 5263 insumendum
3254 5213 3340 5261 est
3390 5204 3445 5260 in
3474 5211 3709 5273 utroque
3737 5203 3958 5264 borum,

2358 5316 2522 5372 quam
2550 5300 2606 5355 in
2625 5299 2910 5354 alterutro.
2935 5297 3108 5353 Porro
3137 5305 3320 5352 autem
3347 5309 3473 5352 cum
3492 5294 3725 5363 utraque
3751 5292 3962 5361 agitare

2358 5391 2490 5448 mihi
2519 5391 2796 5462 provincia
2843 5390 3024 5457 fuerit,
3057 5391 3112 5445 in
3140 5399 3252 5444 tam
3295 5387 3322 5426 ι)
3363 5387 3664 5459 przepedito
3710 5383 3958 5454 negotio.

2357 5483 2657 5556 prmsertim
2685 5484 2856 5552 magis
2888 5483 3022 5539 mira
3062 5489 3148 5539 est
3171 5482 3408 5554 parcitas
3451 5495 3616 5550 quam
3643 5477 3957 5550 prolixitat-

2359 5576 2495 5633 Nam
2519 5592 2642 5632 cum
2683 5591 2805 5633 sese
2832 5576 3152 5634 undecunde
3177 5577 3541 5634 clarescentes
3563 5585 3734 5648 atque
3773 5582 3965 5630 osten-

2434 5753 2464 5799 ¹³
2481 5830 2486 5834 ἢ
2501 5755 2614 5829 AL,
2637 5759 2874 5832 pradicti
2902 5759 3122 5821 laboris.
3149 5760 3223 5820 Et
3244 5719 3402 5832 mox,
3422 5762 3563 5826 unde
3581 5765 3974 5834 orarem
