4238 6260
349 377 453 433 777

1534 367 1618 426 IIS
1656 368 1884 427 STAT-U
1922 369 2161 427 ΛΝΙΜΔΕ
2203 370 2329 428 LIB.
2370 371 2457 428 Ill.

3533 378 3643 437 778

351 494 533 546 tantes
555 487 868 560 proderent,
891 485 1130 554 aliasque
1149 480 1522 553 multipliciter
1539 483 1942 553 progignerent;
1973 492 2026 552 Α
2051 486 2255 558 poralis
2309 494 2366 541 et
2411 486 2724 560 spiritualis.
2774 488 2962 546 Omnis
3009 491 3208 563 quippe
3251 499 3501 548 creatura
3552 502 3654 551 aut

349 583 516 640 latius
560 579 803 637 dicenda
829 593 1006 636 causa
1043 575 1346 648 praescripsi
1387 590 1692 642 numerum,
1722 575 1942 632 modum

350 673 540 740 statui,
564 673 788 728 limitem
818 668 930 733 llxi,
952 683 1020 724 ne
1040 667 1125 724 vel
1153 668 1208 723 in
1231 667 1402 722 aciem
1430 666 1614 737 plures
1638 667 1948 723 necessario
1987 707 2000 727 ς

349 767 678 842 proferrem,
701 765 788 821 vel
811 763 1008 820 diutius
1033 768 1153 817 rato
1180 767 1469 823 certarem,
1512 759 1596 815 vel
1625 759 1834 829 longius
1855 757 1948 829 ju-

353 865 446 915 sto
474 855 844 930 procederem.

950 940 1181 999 CAPUT
1227 940 1322 996 XV

362 1040 583 1096 Veniant
618 1046 798 1094 auctor
823 1054 860 1091 α
885 1052 978 1093 suo
1004 1036 1134 1106 petit
1156 1035 1476 1106 conﬂictata,
1507 1041 1560 1106 et
1587 1035 1721 1088 inter
1749 1041 1949 1088 utrum-

601 1125 696 1180 quc
720 1116 983 1165 certamen
1004 1103 1194 1176 ipsum
1238 1103 1420 1176 deligit
1442 1103 1695 1175 judicent.

423 1221 502 1276 Te
539 1234 700 1283 nunc,
732 1217 978 1290 quisquis
1018 1215 1110 1273 ille
1153 1230 1214 1271 es
1254 1213 1512 1270 adversus
1552 1212 1704 1283 cujus
1748 1213 1948 1286 scripta

350 1318 565 1370 nosmet
607 1309 805 1379 injuria
831 1309 1159 1380 scriptorum
1199 1313 1416 1361 tuorum
1459 1303 1639 1360 dicere
1663 1303 1946 1376 compulit,

346 1420 448 1464 oro
499 1417 796 1475 quasoque
841 1416 952 1458 non
992 1398 1318 1458 obirascaris
1369 1397 1522 1454 mihi.
1571 1396 1756 1468 Neque
1803 1397 1947 1454 enim

345 1495 655 1553 convicium
698 1493 880 1561 retuli,
914 1508 1092 1565 neque
1118 1490 1341 1564 rependi
1370 1489 1732 1547 maledictum.
1763 1487 1947 1546 Solam

350 1588 448 1644 tibi
492 1601 592 1658 pro
621 1585 860 1642 falsitate
886 1584 1172 1642 veritatem
1224 1582 1368 1639 haud
1416 1582 1535 1654 pari
1575 1579 1948 1638 vicissitudine

355 1676 732 1750 reponderavi.
762 1675 874 1733 Illis
901 1685 931 1716 ι
957 1689 1170 1747 egoque
1189 1689 1310 1745 qua
1337 1673 1510 1744 magis
1537 1680 1630 1728 tua
1657 1672 1755 1728 tibi
1783 1671 1946 1728 noxia

346 1780 474 1830 sunt
501 1770 841 1828 adversarius
859 1784 1000 1834 sum,
1030 1782 1254 1840 eroque.
1288 1766 1466 1838 Atque
1485 1765 1566 1821 uti
1585 1764 1791 1822 eisdem
1829 1765 1946 1836 ipse

2050 577 2272 648 spiritus
2299 585 2392 634 aut
2409 593 2609 650 corpus
2635 588 2735 636 est.
2764 580 3079 654 Corporalia
3106 583 3314 640 scilicet
3331 598 3432 656 per
3447 599 3650 656 corpus

2050 671 2314 728 sentimus
2349 690 2362 725 :
2399 672 2780 729 intellectualis
2815 675 3092 732 intellectu
3127 676 3476 749 percipimus.
3501 664 3646 747 Ergo

2047 761 2262 819 duobus
2288 761 2479 829 modis,
2507 772 2769 834 quantum
2798 766 2854 820 in
2877 767 2981 822 hac
3007 767 3117 822 vita
3150 766 3329 834 datur,
3358 768 3536 826 omnis
3562 769 3647 826 rei

2050 852 2281 909 habetur
2306 853 2520 910 notitia.
2550 854 2707 922 Quod
2734 856 2806 911 sit
2831 869 2982 925 ergo,
3004 856 3151 927 quod
3175 857 3371 914 dicitur
3394 860 3498 914 tria
3523 874 3647 917 esse

2049 959 2249 1014 genera
2276 947 2656 1016 quastionum,
2697 949 2781 1004 An
2808 950 2896 1015 sit,
2925 947 3066 1017 Quid
3097 950 3188 1018 sit,
3218 949 3390 1018 Quale
3415 952 3506 1009 sit.
3534 951 3646 1009 Cur
3711 960 3730 976 '

2049 1051 2236 1108 quaso
2259 1037 2473 1104 dicitur,
2504 1037 2587 1094 An
2615 1039 2704 1105 sit,
2734 1055 2858 1096 cum
2895 1041 3073 1096 omnis
3099 1040 3290 1097 notitia
3315 1056 3431 1098 rem
3461 1051 3648 1100 osten-

2049 1125 2210 1196 dens,
2255 1128 2661 1197 ambiguitatem
2706 1129 2861 1186 tollat
2901 1139 2958 1186 et
3007 1130 3251 1188 dubitare
3297 1147 3406 1190 non
3457 1133 3645 1190 sinat?

2048 1215 2158 1274 Sed
2185 1231 2286 1288 ego
2315 1227 2447 1290 puto
2476 1219 2549 1274 ita
2576 1219 2814 1290 positum
2842 1236 2962 1278 esse
2999 1223 3104 1279 hoc
3139 1223 3448 1294 ambiguum
3467 1264 3483 1290 ,
3513 1225 3641 1294 quia

2049 1325 2160 1367 non
2187 1310 2368 1367 omnia
2397 1312 2818 1368 substantiarum
2863 1321 3006 1380 sunt,
3035 1314 3129 1371 sed
3158 1315 3500 1386 reperiuntur
3538 1315 3641 1372 ali-

2046 1416 2154 1471 qua
2181 1417 2302 1472 qua
2327 1402 2675 1473 probationes
2698 1419 2884 1459 earum
2913 1404 3205 1461 ostendunt
3227 1422 3243 1474 ;
3263 1406 3415 1462 verbi
3435 1422 3598 1462 causa
3623 1425 3638 1460 :

2047 1491 2105 1546 Si
2133 1493 2456 1562 requiratur,
2487 1501 2667 1548 utrum
2696 1493 2898 1548 bonum
2925 1494 3226 1552 substantia
3254 1503 3356 1562 est,
3399 1512 3469 1551 an
3494 1498 3642 1552 non!

2047 1582 2437 1653 respondemus
2462 1598 2571 1639 non
2600 1599 2722 1640 esse
2748 1584 3124 1650 substantiam,
3153 1585 3248 1643 sed
3286 1586 3645 1658 privationem

2046 1672 2192 1728 mali.
2247 1671 2417 1730 Recte
2470 1672 2616 1729 enim
2671 1675 2929 1746 quaeritur
2980 1677 3034 1732 in
3087 1677 3386 1747 quastione
3430 1680 3601 1750 prima
3624 1719 3644 1744 ,

2047 1770 2228 1822 utrum
2256 1782 2456 1838 corpus
2482 1767 2553 1822 sit
2580 1783 2650 1822 an
2693 1768 2953 1838 spiritus?
2977 1767 3048 1823 Et
3087 1769 3142 1824 in
3167 1770 3530 1840 subsequente
3557 1787 3643 1827 rec

348 1878 568 1936 quoque
592 1861 623 1904 δ
652 1863 944 1921 adversare
995 1860 1172 1917 causis
1214 1859 1326 1916 tuis
1364 1857 1587 1914 suadeo.
1618 1854 1798 1914 Pauca
1824 1857 1944 1914 hac
1971 1863 2021 1927 Β
2045 1858 2298 1928 quiritur,
2330 1857 2490 1928 quale
2517 1858 2608 1924 sit,
2639 1865 2817 1913 utrum
2845 1874 3044 1930 corpus
3071 1858 3306 1917 animale
3332 1861 3402 1916 sit
3425 1878 3494 1917 an
3532 1862 3643 1931 spi~

346 1963 404 2013 et
428 1955 614 2024 exilia,
639 1962 805 2028 prout
841 1960 1048 2010 arctam
1079 1950 1340 2022 temporis
1360 1949 1508 2015 sinit,
1535 1963 1798 2020 responsa
1817 1949 1945 2005 red-

346 2048 520 2106 hibui.
543 2045 628 2103 Tn
641 2054 818 2103 tecum
838 2053 1128 2114 utrumque
1147 2049 1396 2114 pensato,
1419 2048 1476 2096 et
1503 2039 1647 2095 inter
1672 2054 1759 2095 me
1781 2047 1944 2110 teque

346 2152 640 2210 personam
659 2135 857 2208 judicis
869 2135 1088 2200 sumito,
1118 2132 1467 2203 adhibitoque
1485 2131 1706 2201 justitia
1725 2129 1939 2187 libram.

347 2231 407 2287 Si
435 2231 562 2287 lanx
590 2235 777 2286 nostra
821 2226 1046 2299 pronior
1072 2232 1130 2280 et
1155 2238 1288 2280 vero
1333 2222 1572 2293 gravior,
1599 2237 1709 2277 non
1759 2220 1945 2293 pigeat

345 2336 527 2394 neque
553 2318 754 2392 pudeat
792 2333 826 2373 a
855 2315 1152 2386 transfugio
1194 2325 1217 2355 ο
1268 2313 1532 2384 refugium
1581 2311 1779 2380 facere,
1825 2319 1880 2368 et
1909 2327 1942 2367 a

345 2411 584 2468 falsitate
612 2409 713 2466 sub
739 2407 969 2465 veritate
1013 2405 1230 2464 cedere.
1271 2404 1386 2471 Sin,
1426 2402 1573 2486 quod
1603 2415 1705 2472 ego
1751 2401 1939 2468 nolim,

345 2501 372 2542 ἀ
402 2501 624 2560 nefastis
677 2499 794 2556 istis
841 2513 1159 2571 persuasum
1203 2504 1289 2553 est
1333 2496 1433 2561 uti,
1493 2493 1786 2551 obstinatio
1833 2500 1938 2561 est,

347 2595 492 2652 edito
538 2608 640 2666 pro
681 2590 951 2648 sententia
997 2587 1199 2658 aliquid
1245 2586 1537 2658 publicitus
1565 2583 1937 2652 lectitandum,

345 2701 521 2758 neque
548 2699 748 2742 nomen
775 2681 1013 2742 occulito
1047 2699 1060 2734 :
1095 2678 1561 2750 respondebimus,
1594 2675 1758 2733 modo
1786 2690 1940 2732 com-

346 2793 449 2849 pos
492 2775 666 2833 nostri
694 2774 839 2830 Deus
885 2779 942 2829 et
980 2771 1091 2826 vita
1120 2770 1210 2826 sit.
1245 2779 1268 2808 θ
1309 2767 1574 2836 Quoniam
1624 2767 1945 2824 altrinsecus

342 2868 650 2926 continuati
675 2866 883 2922 viarum
921 2862 1220 2935 periculum
1248 2861 1492 2928 iecimus,
1522 2860 1771 2932 experire
1798 2859 1945 2916 scili-

347 2969 462 3027 cet,
487 2958 733 3017 veritatis
757 2959 840 3014 vis
866 2965 1068 3028 quanta
1095 2956 1166 3012 sit
1192 2955 1246 3010 in
1275 2954 1486 3011 excidio
1524 2954 1794 3012 falsitatis.

705 3065 961 3107 CLAUDIUS
989 3065 1039 3104 (Ξ.
1069 3063 1252 3104 εοιιιο
1280 3063 1611 3105 APOLLINARI.

412 3143 471 3200 Si
501 3159 611 3200 non
650 3142 768 3198 hac
805 3154 926 3211 qua
954 3138 1023 3194 ad
1053 3146 1105 3194 te
1131 3138 1330 3204 scribo,
1358 3138 1667 3194 venerande
1697 3138 1797 3206 vir,
1827 3137 1945 3194 dis-

2047 1949 2261 2016 ritunle,
2293 1950 2514 2021 spiritus
2542 1949 2821 2005 rationalis
2859 1967 2929 2006 an
2955 1951 3319 2009 irrationalis?
3349 1952 3520 2010 Recte
3545 1953 3644 2022 igi-

2049 2049 2137 2097 tur
2156 2041 2378 2097 deﬁnita
2419 2049 2577 2106 sunt,
2620 2041 2722 2096 tria
2769 2057 2890 2098 esse
2916 2053 3114 2110 genera
3150 2043 3530 2113 quastionum,
3573 2044 3644 2100 de

2028 2132 2241 2204 quibus
2262 2134 2375 2204 jam
2402 2135 2534 2190 satis
2556 2133 2812 2201 breviter,
2845 2141 2904 2189 ut
2929 2133 3455 2216 arbitror,diximus.
3487 2133 3644 2192 Nunc
3758 2135 3767 2144 “

2045 2227 2210 2283 etiam
2237 2226 2514 2283 videamus
2539 2233 2673 2297 quot
2693 2239 2890 2295 genera
2919 2233 3046 2281 sunt
3062 2241 3371 2298 corporum,
3395 2227 3644 2296 quamvis

2046 2317 2467 2374 innumerabiles
2494 2318 2705 2390 species
2732 2318 2832 2374 sub
2859 2333 2919 2374 se
2947 2319 3164 2374 habeat.
3279 2299 3298 2314 ”

2117 2409 2246 2467 Tria
2295 2419 2475 2466 tamen
2514 2417 2640 2466 sunt
2683 2423 2917 2480 genera,
2962 2410 3067 2467 hoc
3094 2418 3208 2476 est,
3251 2425 3450 2481 corpus
3495 2411 3643 2480 quod

2045 2501 2177 2557 vivit
2201 2507 2263 2557 et
2285 2501 2477 2567 sentit,
2508 2516 2706 2572 corpus
2730 2501 2880 2572 quod
2907 2499 3039 2556 vivit
3064 2509 3120 2556 et
3161 2517 3270 2557 non
3297 2501 3490 2567 sentit,
3517 2516 3643 2556 cor-

2046 2609 2145 2664 pus
2170 2591 2315 2663 quod
2345 2608 2447 2649 nec
2474 2592 2606 2647 vivit
2630 2607 2732 2648 nec
2761 2593 2950 2648 sentit.
2979 2591 3086 2649 Sed
3114 2592 3219 2648 hoc
3241 2606 3410 2663 genus
3439 2608 3608 2664 corpo
3629 2621 3642 2639 π

2044 2685 2122 2741 ris
2144 2683 2292 2754 quod
2320 2698 2420 2739 nec
2447 2683 2580 2739 vivit
2606 2698 2709 2739 nec
2734 2683 2922 2749 sentit,
2963 2691 3200 2754 quatuor
3224 2683 3491 2739 elementa
3519 2697 3642 2740 esse

2045 2784 2201 2848 puto,
2229 2784 2452 2842 terram,
2492 2790 2708 2844 aquam,
2739 2789 2922 2832 aerem
2949 2782 3008 2851 et
3040 2774 3220 2844 ignem
3245 2791 3261 2841 ;
3290 2788 3411 2843 qua
3437 2775 3640 2846 princiv

2044 2868 2187 2940 palia
2213 2875 2340 2924 sunt
2365 2875 2421 2922 et
2446 2866 2730 2937 simplicia,
2754 2881 2824 2922 ex
2849 2866 3046 2937 quibus
3071 2867 3250 2922 omnia
3269 2881 3390 2937 qua
3414 2882 3639 2939 compa-

2044 2968 2132 3016 cta
2159 2969 2286 3016 sunt
2313 2973 2562 3030 corpora,
2595 2958 2650 3013 id
2691 2966 2777 3014 est
2801 2958 3112 3013 animalium
3151 2959 3386 3015 viventia
3428 2970 3486 3014 et
3508 2973 3638 3018 sen-

2045 3051 2251 3118 tientia,
2281 3051 2556 3119 arborum,
2589 3048 2843 3107 fruticum
2870 3058 2928 3107 et
2951 3050 3242 3108 herbarum
3265 3052 3520 3119 viventia,
3544 3052 3642 3109 sed

2047 3160 2157 3200 non
2180 3144 2492 3200 sentientia.

341 3233 596 3294 cutienda
629 3239 687 3290 et
723 3230 1058 3288 emendanda
1081 3229 1411 3296 transmitto,
1435 3229 1537 3286 rite
1564 3230 1742 3302 potuit
1769 3229 2014 3299 viderit;
2118 3234 2483 3302 Quamobrem
2511 3234 2641 3306 quid
2682 3235 2936 3292 dinei-am,
2973 3235 3115 3292 ίηιει-
3139 3251 3202 3292 se
3240 3237 3642 3297 evidentissima

341 3323 690 3397 superﬂuum,
735 3328 792 3378 et
817 3321 1020 3378 elatum
1067 3321 1266 3377 docere
1308 3321 1467 3387 velle,
1497 3335 1660 3390 quem
1705 3321 1938 3377 sentiam

341 3431 524 3483 nosse,
554 3423 610 3472 et
637 3429 707 3472 ex
735 3412 1070 3486 paupertatis
1097 3413 1278 3483 inopia
1315 3411 1447 3466 dare
1468 3411 1746 3481 dragmam
1767 3412 1819 3468 ei
1846 3412 1939 3482 qui

342 3513 517 3570 multo
542 3509 894 3569 scientiarum
913 3505 1153 3562 abundat
1172 3505 1397 3560 talento.
1419 3503 1557 3560 Hinc
1575 3503 1770 3561 accidit
1795 3505 1942 3576 quod

345 3603 647 3662 libellorum
675 3615 708 3657 a
736 3614 827 3656 me
849 3595 1296 3656 transmissornm
1325 3593 1512 3659 editio,
1535 3609 1674 3664 quos
1700 3594 1941 3665 philoso-

343 3695 518 3771 phica
562 3694 695 3751 artis
738 3689 1091 3750 subtilissima
1130 3685 1498 3759 disputatione
1542 3685 1802 3756 disposui,
1853 3701 1942 3742 me

341 3789 471 3846 fecit
495 3794 717 3845 cautum
742 3791 908 3855 atque
952 3779 1262 3846 sollicitum,
1295 3785 1356 3833 ut
1399 3776 1715 3834 eorumdem
1744 3776 1942 3832 intelli-

339 3879 579 3949 gentiam
599 3874 802 3947 jndicio
821 3889 931 3930 non
959 3871 1354 3940 committerem
1393 3869 1580 3936 modo,
1613 3868 1800 3926 sedad
1837 3885 1939 3942 po-

345 3967 500 4024 tioris
541 3963 792 4036 peritiam
830 3962 1195 4028 destinarem;
1225 3967 1283 4016 et
1320 3974 1430 4015 non
1469 3967 1680 4016 tantum
1715 3975 1781 4016 ea
1819 3976 1943 4032 qua

340 4073 490 4118 nunc
517 4073 587 4114 ex
613 4070 804 4116 eorum
849 4054 1080 4110 lectione
1119 4053 1357 4125 percepi,
1402 4067 1588 4109 verum
1629 4053 1794 4111 etiam
1820 4069 1941 4125 qua

342 4149 472 4207 inde
490 4146 606 4218 jam
650 4143 857 4217 pridem
886 4143 1160 4200 memoria:
1203 4143 1524 4200 reservanda
1553 4145 1825 4213 mandavi,
1850 4144 1940 4216 ju-

341 4242 485 4301 dicio
512 4249 612 4298 tuo
639 4235 919 4310 probanda
943 4234 1232 4291 transmisi.
1256 4234 1400 4291 Bene
1418 4237 1620 4292 etenim
1640 4237 1742 4294 scit
1760 4237 1940 4308 digna.

344 4337 422 4393 tio
446 4343 560 4403 tua,
587 4331 810 4390 minime
837 4344 940 4386 nos
966 4328 1168 4385 habere
1189 4343 1420 4400 quorum
1438 4329 1730 4386 collatione
1755 4330 1827 4386 de
1858 4330 1940 4387 eis

343 4443 466 4499 qua
493 4424 837 4496 ambigimus,
866 4421 1008 4477 firmi
1045 4419 1376 4490 stabilesque
1413 4419 1720 4476 reddamur.
1752 4417 1940 4477 Omnis

345 4528 539 4579 natura
560 4532 682 4588 qua
703 4515 770 4573 ad
790 4515 960 4573 Deum
985 4513 1231 4586 pervenit
1257 4513 1450 4570 notitia
1478 4514 1699 4586 proprio
1720 4514 1941 4571 nomine

2043 3327 2214 3396 liquet
2241 3343 2254 3380 :
2283 3340 2404 3397 qua
2431 3325 2542 3381 sint
2561 3340 2752 3382 eorum
2777 3328 3106 3394 communia,
3137 3327 3250 3384 Deo
3284 3327 3524 3398 juvante,
3552 3332 3640 3388 in—

2045 3418 2248 3474 lentius
2294 3418 2647 3488 inquiramus.
2699 3417 2790 3474 Sic
2832 3419 2978 3475 enim
3022 3418 3288 3484 volumus,
3340 3420 3640 3490 inspirante

2041 3509 2274 3566 Domino
2302 3517 2360 3564 et
2384 3509 2700 3575 auxiliante,
2731 3517 2790 3564 ut
2836 3525 2944 3566 non
2973 3517 3183 3565 tantum
3217 3518 3522 3567 creaturam
3548 3514 3630 3584 ip-

2041 3601 2154 3656 sius
2183 3607 2506 3665 scrutemur,
2532 3613 2719 3654 verum
2746 3599 2909 3654 etiam
2938 3599 3292 3657 ascendentes
3319 3601 3387 3656 ad
3413 3603 3638 3658 creatri-

2043 3707 2163 3749 cem
2205 3692 2562 3748 substantiam
2597 3705 2695 3761 per
2732 3705 2798 3746 ea
2822 3706 2944 3760 qua
2989 3690 3128 3746 facta
3155 3701 3312 3758 sunt,
3357 3694 3637 3752 intellectu

2042 3781 2471 3854 conspiciamus;
2502 3789 2558 3837 et
2576 3779 2821 3850 quamvis
2848 3795 2957 3836 non
2983 3779 3361 3850 perveniamus
3391 3781 3458 3838 ad
3494 3783 3548 3838 id
3576 3791 3637 3838 ut

2043 3875 2161 3945 ejus
2212 3873 2571 3931 substantiam
2611 3870 2912 3940 intelligere
2955 3870 3262 3937 valeamus,
3307 3881 3365 3927 et
3397 3873 3526 3943 quid
3565 3874 3636 3929 sit

2040 3968 2302 4034 sciamus;
2326 3966 2519 4022 saltem
2539 3964 2593 4020 id
2612 3963 2760 4034 quod
2788 3978 2897 4019 non
2915 3963 2986 4018 sit
3010 3962 3409 4020 evidentissime
3444 3974 3634 4021 tenea-

2041 4075 2180 4116 mus.
2211 4058 2379 4130 lgitur
2404 4071 2568 4114 omne
2594 4065 2792 4127 corpus
2814 4054 3102 4126 quantitati
3125 4062 3184 4110 et
3217 4055 3463 4126 qualitati
3507 4057 3635 4114 sub~

2036 4149 2244 4220 jectum
2265 4158 2366 4206 est.
3405 4135 3408 4138 ’

2111 4243 2172 4299 In
2202 4243 2447 4314 subjecto
2475 4249 2659 4298 autem
2685 4253 2918 4310 corpore
2939 4253 3140 4310 corpus
3156 4254 3268 4297 non
3296 4250 3399 4298 est.
3422 4241 3636 4314 Corpus

2041 4337 2189 4394 enim
2217 4334 2524 4406 subjectum
2565 4324 2670 4400 est,
2716 4349 2827 4390 non
2875 4332 2931 4388 in
2976 4330 3258 4402 subjecto,
3279 4334 3406 4404 quia
3435 4350 3632 4406 corpus

2040 4425 2340 4482 substantia
2377 4433 2481 4490 est,
2524 4439 2632 4480 non
2675 4423 2946 4479 accidens.
2995 4421 3306 4480 Accidentia
3347 4434 3528 4480 autem
3578 4425 3636 4481 in

2041 4515 2341 4572 substantia
2369 4522 2514 4580 sunt,
2545 4529 2656 4570 non
2682 4513 3016 4571 substantia.
3040 4513 3250 4574 Accidit
3271 4528 3403 4586 ergo
3418 4517 3638 4590 corpori

343 4611 724 4686 compellatum
746 4619 803 4666 et
820 4608 942 4686 ideo
966 4623 1166 4666 nomen
1193 4614 1400 4664 natura
1419 4607 1840 4678 uniuscujusque
1857 4607 1939 4664 rei
1961 4602 2017 4667 Ι)
2041 4606 2317 4676 quantitas
2343 4613 2401 4661 et
2425 4603 2679 4674 qualitas.

345 4703 666 4762 ostenditur.

416 4793 624 4851 Nomen
659 4805 792 4862 ergo
833 4790 1022 4847 dixere
1060 4790 1290 4862 priores,
1319 4787 1465 4859 quod
1491 4803 1606 4845 rem
1637 4795 1824 4843 notam
1850 4787 1932 4844 fa-

344 4888 474 4951 ciat,
504 4883 650 4957 quod
675 4883 844 4955 ipsius
870 4881 1256 4954 reijimagines,
1282 4895 1418 4952 quas
1457 4894 1556 4951 per
1581 4893 1771 4935 sensus
1806 4893 1932 4936 cor-

345 4977 601 5049 porisque
627 4973 810 5044 dirigit
842 4972 1129 5038 memoria,
1154 4971 1208 5028 in
1237 4971 1458 5028 auribus
1498 4968 1841 5038 intromittit;
1869 4985 1937 5028 ac

341 5072 422 5128 sic
448 5068 791 5142 loquentibus
823 5066 999 5132 nobis,
1040 5065 1423 5134 intelligimus;
1463 5071 1520 5122 et
1545 5064 1818 5121 absentias
1843 5079 1936 5122 re-

342 5177 460 5218 rum
489 5169 546 5217 et
585 5158 848 5230 imagines
896 5156 1172 5213 memoria
1216 5159 1473 5224 retentas,
1525 5170 1647 5212 cum
1688 5155 1940 5213 voluntas

343 5251 525 5318 fuerit,
555 5250 876 5321 cogitamus.
901 5233 1009 5303 Sed
1035 5245 1234 5319 duplex
1263 5261 1446 5303 rerum
1472 5254 1663 5303 natura
1682 5286 1698 5309 ,
1735 5255 1790 5302 et
1818 5260 1940 5302 cor-

414 5376 442 5406 ⁸
479 5364 570 5422 Sic
588 5363 754 5420 editio
778 5361 946 5444 Paris.
973 5357 1685 5445 curnprthodoxographis.
1711 5357 1782 5414 At
1801 5356 1935 5429 Lug-

339 5439 496 5501 dun.,
521 5453 617 5509 ego
644 5450 742 5505 quo
769 5433 938 5515 magis
967 5439 1057 5484 tua
1084 5430 1194 5484 tiln'
1205 5430 1373 5500 mgis
1394 5431 1574 5494 noxia,
1606 5438 1714 5512 etc.
1896 5502 1907 5514 .

413 5509 440 5550 δ
479 5507 556 5581 [ta
573 5505 777 5581 eadem
793 5499 1190 5581 editzlhugdun.
1208 5515 1358 5567 vero,
1377 5500 1644 5556 adversari
1661 5516 1820 5556 causa
1837 5511 1929 5556 tui.

416 5592 436 5619 ο
479 5575 747 5645 Lugdun.,
778 5572 1066 5645 repudium.
1309 5643 1320 5645 _
1448 5640 1470 5645 _
1580 5587 1625 5645 ς

413 5647 438 5688 ἀ
479 5640 586 5703 εἰς’
600 5657 828 5716 utraque
855 5641 1395 5716 Orthodoxographa.
1440 5640 1692 5716 Lugdun.
1727 5641 1928 5716 editio,

342 5738 435 5778 m
458 5719 596 5793 [axis
643 5711 776 5793 istnc
803 5729 1074 5793 persensu,
1105 5711 1498 5793 uligobstinatio
1530 5721 1626 5793 est,
1672 5712 1810 5793 edito
1839 5727 1933 5782 pro

343 5810 424 5851 me
458 5778 1022 5853 'sententiam'liquido
1050 5780 1322 5851 publicitus
1362 5781 1713 5835 lectitandum.
1752 5778 1932 5852 Neque

634 5882 909 5944 Panos.
958 5875 1125 5938 Llll.‘

2111 4695 2396 4765 Quantitas
2421 4694 2567 4752 enim
2593 4695 2650 4751 in
2678 4697 2944 4754 mensuris
2970 4703 3072 4763 est,
3101 4697 3336 4768 qualitas
3355 4699 3411 4754 in
3433 4699 3637 4756 colori-

2041 4792 2162 4848 bus.
2190 4789 2310 4846 Non
2335 4789 2441 4846 hoc
2461 4803 2581 4845 esse
2610 4788 2781 4860 ipsum
2803 4804 3002 4860 corpus
3028 4788 3173 4861 quod
3199 4797 3456 4860 quantum
3493 4803 3638 4855 esse,

2042 4897 2144 4939 nec
2170 4881 2275 4938 hoc
2300 4895 2422 4936 esse
2449 4879 2626 4952 ipsum
2652 4880 2799 4952 quod
2825 4880 2984 4952 quale
3011 4895 3131 4936 esse
3151 4897 3167 4946 ;
3189 4881 3316 4951 quia
3355 4885 3412 4935 et
3450 4876 3635 4934 colore

2043 4979 2253 5031 mutato
2274 4987 2474 5044 corpus
2498 4979 2702 5038 manet,
2731 4979 2788 5029 et
2816 4972 2871 5027 in
2911 4971 3178 5027 diminuta
3204 4982 3434 5037 corpore
3459 4981 3635 5038 quan-

2044 5065 2173 5121 titas
2193 5077 2318 5133 qua
2361 5063 2514 5136 prius
2563 5062 2740 5120 fuerat
2784 5075 2893 5118 non
2914 5067 3017 5116 est.
3045 5058 3065 5097 ί
3097 5057 3206 5112 Aut
3240 5069 3339 5126 per
3379 5055 3487 5111 hoc
3525 5071 3636 5111 non

2044 5170 2169 5213 esse
2214 5169 2469 5226 magnum
2522 5153 2666 5226 quod
2715 5149 3048 5221 magnitudo,
3075 5161 3176 5203 nec
3220 5147 3441 5217 longum
3487 5147 3634 5218 quod

2043 5247 2343 5318 longitudo,
2375 5261 2477 5304 nec
2504 5245 2611 5303 hoc
2638 5245 2807 5299 latum
2835 5239 2980 5314 quod
3007 5237 3257 5304 latitudo,
3286 5252 3391 5295 nec
3415 5239 3633 5296 colora-

2042 5375 2228 5415 πολιαι
2289 5357 2528 5415 occulito.
2584 5353 2841 5421 Quoniam
2891 5348 3146 5424 quome
3203 5365 3436 5424 compos
3468 5353 3638 5407 nostri

2043 5429 2184 5484 Deus
2211 5439 2262 5485 et
2289 5431 2392 5484 vita
2419 5429 2507 5493 sit,
2533 5427 2840 5480 altrinsecus
2870 5421 3202 5494 centensimus
3239 5421 3523 5494 periciith
3553 5424 3634 5494 [n-

2043 5501 2254 5565 ciemus,
2287 5489 2552 5570 experiere
2567 5495 2794 5570 scilicet,
2834 5501 2939 5549 etc.
2989 5491 3222 5570 Felicior
3241 5489 3434 5561 magis
3480 5489 3632 5548 Pari-

2043 5563 2421 5626 siensislcctio
2447 5585 2458 5619 :
2489 5565 2580 5621 sed
2611 5571 2666 5619 et
2703 5564 2817 5626 ipsa
2847 5563 3127 5620 mendosa.
3352 5599 3371 5623 λ

2117 5649 2140 5677 ⁸
2179 5639 2373 5701 Paris,
2413 5635 2668 5700 Quoniam
2690 5629 2993 5690 altrinsecus
3023 5633 3402 5688 contentionum
3429 5629 3521 5687 tibi
3545 5629 3632 5685 ha-

2045 5727 2155 5817 rum
2180 5710 2460 5833 immergunt
2484 5707 2696 5777 fecimus
2727 5721 2742 5758 :
2766 5705 2910 5774 quod
2951 5705 3179 5761 fortasse
3199 5703 3411 5759 melius.

2254 5820 2287 5833 ..
2319 5809 2334 5829 ι
2365 5794 2417 5830 η.

2254 5820 2287 5842 .,
2319 5794 2417 5830 [ιη.
3419 5813 3430 5824 υ

3299 5863 3380 5928 Ξζὸ
