  <div class='ocr_page' id='page_1' title='image "/cluster/home/n/w/nwhite01/storage/ocr_20150623/53/hvd.32044073505232/395.png"; bbox 0 0 4238 6260; ppageno 0'>
   <div class='ocr_carea' id='block_1_1' title="bbox 649 335 753 395">
    <p class='ocr_par' dir='ltr' id='par_1_1' title="bbox 649 335 753 395">
     <span class='ocr_line' id='line_1_1' title="bbox 649 335 753 395; baseline 0.01 -1"><span class='ocrx_word' id='word_1_1' title='bbox 649 335 753 395; x_wconf 61' lang='lat'><strong>779</strong></span> 
     </span>
    </p>
   </div>
   <div class='ocr_carea' id='block_1_2' title="bbox 1936 340 2650 400">
    <p class='ocr_par' dir='ltr' id='par_1_2' title="bbox 1936 340 2650 400">
     <span class='ocr_line' id='line_1_2' title="bbox 1936 340 2650 400; baseline 0 -3"><span class='ocrx_word' id='word_1_2' title='bbox 1936 340 2247 399; x_wconf 81' lang='lat' dir='ltr'><strong>MAMERTI</strong></span> <span class='ocrx_word' id='word_1_3' title='bbox 2284 341 2650 400; x_wconf 67' lang='lat' dir='ltr'><strong>CLAUDIAM</strong></span> 
     </span>
    </p>
   </div>
   <div class='ocr_carea' id='block_1_3' title="bbox 3817 337 3926 392">
    <p class='ocr_par' dir='ltr' id='par_1_3' title="bbox 3817 337 3926 392">
     <span class='ocr_line' id='line_1_3' title="bbox 3817 337 3926 392; baseline 0.009 -1"><span class='ocrx_word' id='word_1_4' title='bbox 3817 337 3926 392; x_wconf 78' lang='lat'><strong>780</strong></span> 
     </span>
    </p>
   </div>
   <div class='ocr_carea' id='block_1_4' title="bbox 586 434 3937 529">
    <p class='ocr_par' dir='ltr' id='par_1_4' title="bbox 586 434 3937 529">
     <span class='ocr_line' id='line_1_4' title="bbox 586 434 3937 529; baseline 0.002 -20"><span class='ocrx_word' id='word_1_5' title='bbox 586 434 595 447; x_wconf 65' lang='grc'><strong>’</strong></span> <span class='ocrx_word' id='word_1_6' title='bbox 648 460 765 509; x_wconf 82' lang='lat' dir='ltr'><strong>tum</strong></span> <span class='ocrx_word' id='word_1_7' title='bbox 791 454 937 525; x_wconf 91' lang='lat' dir='ltr'><strong>quod</strong></span> <span class='ocrx_word' id='word_1_8' title='bbox 979 437 1148 510; x_wconf 67' lang='lat' dir='ltr'><strong>color.</strong></span> <span class='ocrx_word' id='word_1_9' title='bbox 1184 461 1208 490; x_wconf 63' lang='grc' dir='ltr'>η</span> <span class='ocrx_word' id='word_1_10' title='bbox 1240 451 1360 523; x_wconf 86' lang='lat' dir='ltr'><strong>Ipse</strong></span> <span class='ocrx_word' id='word_1_11' title='bbox 1384 458 1470 508; x_wconf 88' lang='lat' dir='ltr'><strong>est</strong></span> <span class='ocrx_word' id='word_1_12' title='bbox 1495 452 1662 508; x_wconf 92' lang='lat' dir='ltr'><strong>etiam</strong></span> <span class='ocrx_word' id='word_1_13' title='bbox 1703 452 1918 522; x_wconf 81' lang='lat' dir='ltr'><strong>corpori</strong></span> <span class='ocrx_word' id='word_1_14' title='bbox 1955 467 2228 521; x_wconf 84' lang='lat' dir='ltr'><strong>mensura,</strong></span> <span class='ocrx_word' id='word_1_15' title='bbox 2259 460 2307 519; x_wconf 83' lang='grc' dir='ltr'>Α</span> <span class='ocrx_word' id='word_1_16' title='bbox 2337 462 2431 510; x_wconf 90' lang='lat' dir='ltr'><strong>aut</strong></span> <span class='ocrx_word' id='word_1_17' title='bbox 2458 465 2665 527; x_wconf 91' lang='lat' dir='ltr'><strong>septem</strong></span> <span class='ocrx_word' id='word_1_18' title='bbox 2694 463 2751 511; x_wconf 93' lang='lat' dir='ltr'><strong>et</strong></span> <span class='ocrx_word' id='word_1_19' title='bbox 2788 463 2900 512; x_wconf 91' lang='lat' dir='ltr'><strong>tres</strong></span> <span class='ocrx_word' id='word_1_20' title='bbox 2928 456 3193 515; x_wconf 85' lang='lat' dir='ltr'><strong>undecim.</strong></span> <span class='ocrx_word' id='word_1_21' title='bbox 3228 452 3489 513; x_wconf 70' lang='lat' dir='ltr'><strong>Similiter</strong></span> <span class='ocrx_word' id='word_1_22' title='bbox 3516 461 3572 512; x_wconf 87' lang='lat' dir='ltr'><strong>et</strong></span> <span class='ocrx_word' id='word_1_23' title='bbox 3608 457 3789 529; x_wconf 80' lang='lat' dir='ltr'><strong>ﬁgura</strong></span> <span class='ocrx_word' id='word_1_24' title='bbox 3821 455 3937 515; x_wconf 83' lang='lat' dir='ltr'><strong>cir-</strong></span> 
     </span>
    </p>
   </div>
   <div class='ocr_carea' id='block_1_5' title="bbox 642 540 2235 614">
    <p class='ocr_par' dir='ltr' id='par_1_5' title="bbox 642 540 2235 614">
     <span class='ocr_line' id='line_1_5' title="bbox 642 540 2235 614; baseline -0.003 -13"><span class='ocrx_word' id='word_1_25' title='bbox 642 552 903 601; x_wconf 68' lang='lat' dir='ltr'><strong>nume’rus</strong></span> <span class='ocrx_word' id='word_1_26' title='bbox 942 552 999 599; x_wconf 89' lang='lat' dir='ltr'><strong>et</strong></span> <span class='ocrx_word' id='word_1_27' title='bbox 1042 544 1273 614; x_wconf 89' lang='lat' dir='ltr'><strong>pondus.</strong></span> <span class='ocrx_word' id='word_1_28' title='bbox 1316 540 1471 599; x_wconf 85' lang='lat' dir='ltr'><strong>Unde</strong></span> <span class='ocrx_word' id='word_1_29' title='bbox 1509 543 1676 598; x_wconf 90' lang='lat' dir='ltr'><strong>etiam</strong></span> <span class='ocrx_word' id='word_1_30' title='bbox 1718 550 1909 598; x_wconf 88' lang='lat' dir='ltr'><strong>sancta</strong></span> <span class='ocrx_word' id='word_1_31' title='bbox 1955 541 2235 614; x_wconf 79' lang='lat' dir='ltr'><strong>Scriptura</strong></span> 
     </span>
    </p>
   </div>
   <div class='ocr_carea' id='block_1_6' title="bbox 646 634 2236 702">
    <p class='ocr_par' dir='ltr' id='par_1_6' title="bbox 646 634 2236 702">
     <span class='ocr_line' id='line_1_6' title="bbox 646 634 2236 702; baseline -0.003 -10"><span class='ocrx_word' id='word_1_32' title='bbox 646 637 742 701; x_wconf 67' lang='lat' dir='ltr'><strong>ah,</strong></span> <span class='ocrx_word' id='word_1_33' title='bbox 770 634 938 691; x_wconf 72' lang='lat' dir='ltr'><strong>Doluit</strong></span> <span class='ocrx_word' id='word_1_34' title='bbox 963 637 1138 691; x_wconf 67' lang='lat' dir='ltr'><strong>divortia</strong></span> <span class='ocrx_word' id='word_1_35' title='bbox 1180 635 1237 690; x_wconf 74' lang='lat' dir='ltr'><strong>in</strong></span> <span class='ocrx_word' id='word_1_36' title='bbox 1273 650 1534 702; x_wconf 78' lang='lat' dir='ltr'><strong>mensura,</strong></span> <span class='ocrx_word' id='word_1_37' title='bbox 1565 642 1614 688; x_wconf 85' lang='lat' dir='ltr'><strong>et</strong></span> <span class='ocrx_word' id='word_1_38' title='bbox 1654 648 1887 699; x_wconf 70' lang='lat' dir='ltr'><strong>numero,</strong></span> <span class='ocrx_word' id='word_1_39' title='bbox 1918 642 1968 687; x_wconf 84' lang='lat' dir='ltr'><strong>et</strong></span> <span class='ocrx_word' id='word_1_40' title='bbox 2008 634 2236 702; x_wconf 74' lang='lat' dir='ltr'><strong>pondere</strong></span> 
     </span>
    </p>
   </div>
   <div class='ocr_carea' id='block_1_7' title="bbox 581 722 2232 797">
    <p class='ocr_par' dir='ltr' id='par_1_7' title="bbox 581 722 2232 797">
     <span class='ocr_line' id='line_1_7' title="bbox 581 722 2232 797; baseline -0.004 -15"><span class='ocrx_word' id='word_1_41' title='bbox 581 754 589 767; x_wconf 65' lang='grc' dir='ltr'><strong><em>η</em></strong></span> <span class='ocrx_word' id='word_1_42' title='bbox 640 726 960 796; x_wconf 63' lang='lat' dir='ltr'><em>W</em></span> <span class='ocrx_word' id='word_1_43' title='bbox 980 724 1141 797; x_wconf 69' lang='lat' dir='ltr'><strong>(Sep.</strong></span> <span class='ocrx_word' id='word_1_44' title='bbox 1188 740 1261 789; x_wconf 81' lang='lat' dir='ltr'><strong>xi,</strong></span> <span class='ocrx_word' id='word_1_45' title='bbox 1290 723 1404 795; x_wconf 68' lang='grc'><strong>21).</strong></span> <span class='ocrx_word' id='word_1_46' title='bbox 1433 723 1543 779; x_wconf 90' lang='lat' dir='ltr'><strong>Sed</strong></span> <span class='ocrx_word' id='word_1_47' title='bbox 1571 724 1663 779; x_wconf 87' lang='lat' dir='ltr'><strong>hic</strong></span> <span class='ocrx_word' id='word_1_48' title='bbox 1689 723 1797 778; x_wconf 83' lang='lat' dir='ltr'><strong>aiio</strong></span> <span class='ocrx_word' id='word_1_49' title='bbox 1830 722 1995 778; x_wconf 87' lang='lat' dir='ltr'><strong>modo</strong></span> <span class='ocrx_word' id='word_1_50' title='bbox 2022 722 2093 778; x_wconf 89' lang='lat' dir='ltr'><strong>ad</strong></span> <span class='ocrx_word' id='word_1_51' title='bbox 2119 723 2232 793; x_wconf 88' lang='lat' dir='ltr'><strong>spi-</strong></span> 
     </span>
    </p>
   </div>
   <div class='ocr_carea' id='block_1_8' title="bbox 642 813 2289 885">
    <p class='ocr_par' dir='ltr' id='par_1_8' title="bbox 642 813 2289 885">
     <span class='ocr_line' id='line_1_8' title="bbox 642 813 2289 885; baseline -0.002 -13"><span class='ocrx_word' id='word_1_52' title='bbox 642 816 808 872; x_wconf 82' lang='lat' dir='ltr'><strong>ritum</strong></span> <span class='ocrx_word' id='word_1_53' title='bbox 851 816 1174 871; x_wconf 69' lang='lat' dir='ltr'><strong>rationalem</strong></span> <span class='ocrx_word' id='word_1_54' title='bbox 1222 814 1429 881; x_wconf 71' lang='lat' dir='ltr'><strong>referri,</strong></span> <span class='ocrx_word' id='word_1_55' title='bbox 1476 814 1619 885; x_wconf 91' lang='lat' dir='ltr'><strong>quod</strong></span> <span class='ocrx_word' id='word_1_56' title='bbox 1670 815 1725 868; x_wconf 89' lang='lat' dir='ltr'><strong>in</strong></span> <span class='ocrx_word' id='word_1_57' title='bbox 1778 813 2233 884; x_wconf 77' lang='lat' dir='ltr'><strong>consequentibus</strong></span> <span class='ocrx_word' id='word_1_58' title='bbox 2284 822 2289 825; x_wconf 72' lang='lat'><strong><em>‘</em></strong></span> 
     </span>
    </p>
   </div>
   <div class='ocr_carea' id='block_1_9' title="bbox 584 896 2233 977">
    <p class='ocr_par' dir='ltr' id='par_1_9' title="bbox 584 896 2233 977">
     <span class='ocr_line' id='line_1_9' title="bbox 584 896 2233 977; baseline -0.002 -13"><span class='ocrx_word' id='word_1_59' title='bbox 584 926 592 939; x_wconf 72' lang='lat'>&#39;</span> <span class='ocrx_word' id='word_1_60' title='bbox 639 906 929 964; x_wconf 68' lang='lat' dir='ltr'><strong>dicendum</strong></span> <span class='ocrx_word' id='word_1_61' title='bbox 948 907 1133 963; x_wconf 42' lang='lat' dir='ltr'><strong>.videe.</strong></span> <span class='ocrx_word' id='word_1_62' title='bbox 1166 896 1317 963; x_wconf 71' lang='lat' dir='ltr'><strong>Nilne</strong></span> <span class='ocrx_word' id='word_1_63' title='bbox 1351 918 1487 962; x_wconf 81' lang='lat' dir='ltr'><strong>vero</strong></span> <span class='ocrx_word' id='word_1_64' title='bbox 1526 905 1595 962; x_wconf 87' lang='lat' dir='ltr'><strong>de</strong></span> <span class='ocrx_word' id='word_1_65' title='bbox 1639 920 1871 976; x_wconf 88' lang='lat' dir='ltr'><strong>corpore</strong></span> <span class='ocrx_word' id='word_1_66' title='bbox 1899 920 2022 977; x_wconf 70' lang='lat' dir='ltr'><strong>qua:</strong></span> <span class='ocrx_word' id='word_1_67' title='bbox 2064 907 2233 976; x_wconf 73' lang='lat' dir='ltr'><strong>ccepi-</strong></span> 
     </span>
    </p>
   </div>
   <div class='ocr_carea' id='block_1_10' title="bbox 643 997 2233 1072">
    <p class='ocr_par' dir='ltr' id='par_1_10' title="bbox 643 997 2233 1072">
     <span class='ocr_line' id='line_1_10' title="bbox 643 997 2233 1072; baseline -0.001 -17"><span class='ocrx_word' id='word_1_68' title='bbox 643 1014 782 1066; x_wconf 85' lang='lat' dir='ltr'><strong>mus,</strong></span> <span class='ocrx_word' id='word_1_69' title='bbox 814 1000 1163 1072; x_wconf 57' lang='lat' dir='ltr'><strong>explicemus.</strong></span> <span class='ocrx_word' id='word_1_70' title='bbox 1194 997 1348 1054; x_wconf 90' lang='lat' dir='ltr'><strong>Sicut</strong></span> <span class='ocrx_word' id='word_1_71' title='bbox 1385 1000 1530 1054; x_wconf 82' lang='lat' dir='ltr'><strong>enim</strong></span> <span class='ocrx_word' id='word_1_72' title='bbox 1570 999 1805 1055; x_wconf 78' lang='lat' dir='ltr'><strong>diximus</strong></span> <span class='ocrx_word' id='word_1_73' title='bbox 1830 1012 1943 1053; x_wconf 89' lang='lat' dir='ltr'><strong>non</strong></span> <span class='ocrx_word' id='word_1_74' title='bbox 1980 999 2087 1053; x_wconf 90' lang='lat' dir='ltr'><strong>hoc</strong></span> <span class='ocrx_word' id='word_1_75' title='bbox 2112 1011 2233 1054; x_wconf 82' lang='lat' dir='ltr'><strong>esse</strong></span> 
     </span>
    </p>
   </div>
   <div class='ocr_carea' id='block_1_11' title="bbox 641 1088 2235 1161">
    <p class='ocr_par' dir='ltr' id='par_1_11' title="bbox 641 1088 2235 1161">
     <span class='ocr_line' id='line_1_11' title="bbox 641 1088 2235 1161; baseline -0.003 -14"><span class='ocrx_word' id='word_1_76' title='bbox 641 1104 896 1161; x_wconf 58' lang='lat' dir='ltr'><strong>magna</strong></span> <span class='ocrx_word' id='word_1_77' title='bbox 940 1093 1087 1161; x_wconf 77' lang='lat' dir='ltr'><strong>quod</strong></span> <span class='ocrx_word' id='word_1_78' title='bbox 1130 1090 1474 1159; x_wconf 70' lang='lat' dir='ltr'><strong>magnitudo,</strong></span> <span class='ocrx_word' id='word_1_79' title='bbox 1522 1089 1603 1145; x_wconf 89' lang='lat' dir='ltr'><strong>sic</strong></span> <span class='ocrx_word' id='word_1_80' title='bbox 1646 1103 1750 1145; x_wconf 90' lang='lat' dir='ltr'><strong>nec</strong></span> <span class='ocrx_word' id='word_1_81' title='bbox 1788 1102 2044 1143; x_wconf 81' lang='lat' dir='ltr'><strong>mensura</strong></span> <span class='ocrx_word' id='word_1_82' title='bbox 2082 1088 2235 1157; x_wconf 81' lang='lat' dir='ltr'><strong>quod</strong></span> 
     </span>
    </p>
   </div>
   <div class='ocr_carea' id='block_1_12' title="bbox 640 1166 2233 1249">
    <p class='ocr_par' dir='ltr' id='par_1_12' title="bbox 640 1166 2233 1249">
     <span class='ocr_line' id='line_1_12' title="bbox 640 1166 2233 1249; baseline -0.002 -12"><span class='ocrx_word' id='word_1_83' title='bbox 640 1182 1032 1247; x_wconf 82' lang='lat' dir='ltr'><strong>mensurabile,</strong></span> <span class='ocrx_word' id='word_1_84' title='bbox 1078 1195 1183 1237; x_wconf 86' lang='lat' dir='ltr'><strong>nec</strong></span> <span class='ocrx_word' id='word_1_85' title='bbox 1232 1193 1487 1236; x_wconf 86' lang='lat' dir='ltr'><strong>numerus</strong></span> <span class='ocrx_word' id='word_1_86' title='bbox 1533 1178 1681 1249; x_wconf 88' lang='lat' dir='ltr'><strong>quod</strong></span> <span class='ocrx_word' id='word_1_87' title='bbox 1702 1166 2080 1244; x_wconf 43' lang='lat' dir='ltr'><strong>&#39;numerabiie,</strong></span> <span class='ocrx_word' id='word_1_88' title='bbox 2129 1193 2233 1234; x_wconf 87' lang='lat' dir='ltr'><strong>nec</strong></span> 
     </span>
    </p>
   </div>
   <div class='ocr_carea' id='block_1_13' title="bbox 640 1268 2230 1343">
    <p class='ocr_par' dir='ltr' id='par_1_13' title="bbox 640 1268 2230 1343">
     <span class='ocr_line' id='line_1_13' title="bbox 640 1268 2230 1343; baseline -0.003 -15"><span class='ocrx_word' id='word_1_89' title='bbox 640 1272 854 1342; x_wconf 86' lang='lat' dir='ltr'><strong>pondus</strong></span> <span class='ocrx_word' id='word_1_90' title='bbox 875 1271 1023 1341; x_wconf 76' lang='lat' dir='ltr'><strong>quod</strong></span> <span class='ocrx_word' id='word_1_91' title='bbox 1060 1271 1431 1343; x_wconf 77' lang='lat' dir='ltr'><strong>poederabile.</strong></span> <span class='ocrx_word' id='word_1_92' title='bbox 1474 1270 1733 1326; x_wconf 74' lang='lat' dir='ltr'><strong>Minuitur</strong></span> <span class='ocrx_word' id='word_1_93' title='bbox 1762 1268 1945 1338; x_wconf 88' lang='lat' dir='ltr'><strong>igitur,</strong></span> <span class='ocrx_word' id='word_1_94' title='bbox 1974 1270 2230 1340; x_wconf 85' lang='lat' dir='ltr'><strong>quoniam</strong></span> 
     </span>
    </p>
   </div>
   <div class='ocr_carea' id='block_1_14' title="bbox 638 1361 2230 1434">
    <p class='ocr_par' dir='ltr' id='par_1_14' title="bbox 638 1361 2230 1434">
     <span class='ocr_line' id='line_1_14' title="bbox 638 1361 2230 1434; baseline -0.003 -15"><span class='ocrx_word' id='word_1_95' title='bbox 638 1364 698 1419; x_wconf 83' lang='lat' dir='ltr'><strong>in</strong></span> <span class='ocrx_word' id='word_1_96' title='bbox 723 1372 839 1420; x_wconf 82' lang='lat' dir='ltr'><strong>tota</strong></span> <span class='ocrx_word' id='word_1_97' title='bbox 860 1372 1020 1434; x_wconf 80' lang='lat' dir='ltr'><strong>parte</strong></span> <span class='ocrx_word' id='word_1_98' title='bbox 1046 1364 1211 1420; x_wconf 80' lang='lat' dir='ltr'><strong>habet</strong></span> <span class='ocrx_word' id='word_1_99' title='bbox 1252 1377 1467 1418; x_wconf 90' lang='lat' dir='ltr'><strong>sursum</strong></span> <span class='ocrx_word' id='word_1_100' title='bbox 1495 1371 1553 1418; x_wconf 91' lang='lat' dir='ltr'><strong>et</strong></span> <span class='ocrx_word' id='word_1_101' title='bbox 1589 1362 1874 1425; x_wconf 83' lang='lat' dir='ltr'><strong>deorsum,</strong></span> <span class='ocrx_word' id='word_1_102' title='bbox 1907 1361 2070 1416; x_wconf 80' lang='lat' dir='ltr'><strong>habet</strong></span> <span class='ocrx_word' id='word_1_103' title='bbox 2094 1361 2230 1416; x_wconf 87' lang='lat' dir='ltr'><strong>dex-</strong></span> 
     </span>
    </p>
   </div>
   <div class='ocr_carea' id='block_1_15' title="bbox 596 1455 2233 1526">
    <p class='ocr_par' dir='ltr' id='par_1_15' title="bbox 596 1455 2233 1526">
     <span class='ocr_line' id='line_1_15' title="bbox 596 1455 2233 1526; baseline -0.002 -13"><span class='ocrx_word' id='word_1_104' title='bbox 596 1494 599 1499; x_wconf 91' lang='lat'><strong><em>-</em></strong></span> <span class='ocrx_word' id='word_1_105' title='bbox 636 1467 784 1513; x_wconf 75' lang='lat' dir='ltr'><strong>trem</strong></span> <span class='ocrx_word' id='word_1_106' title='bbox 811 1466 867 1513; x_wconf 85' lang='lat' dir='ltr'><strong>et</strong></span> <span class='ocrx_word' id='word_1_107' title='bbox 886 1459 1183 1524; x_wconf 82' lang='lat' dir='ltr'><strong>sinistram,</strong></span> <span class='ocrx_word' id='word_1_108' title='bbox 1213 1459 1376 1513; x_wconf 83' lang='lat' dir='ltr'><strong>habet</strong></span> <span class='ocrx_word' id='word_1_109' title='bbox 1403 1464 1529 1512; x_wconf 86' lang='lat' dir='ltr'><strong>ante</strong></span> <span class='ocrx_word' id='word_1_110' title='bbox 1568 1464 1627 1511; x_wconf 89' lang='lat' dir='ltr'><strong>et</strong></span> <span class='ocrx_word' id='word_1_111' title='bbox 1658 1464 1829 1511; x_wconf 73' lang='lat' dir='ltr'><strong>retro.</strong></span> <span class='ocrx_word' id='word_1_112' title='bbox 1859 1455 2107 1511; x_wconf 72' lang='lat' dir='ltr'><strong>levetur</strong></span> <span class='ocrx_word' id='word_1_113' title='bbox 2131 1470 2233 1526; x_wconf 89' lang='lat' dir='ltr'><strong>per</strong></span> 
     </span>
    </p>
   </div>
   <div class='ocr_carea' id='block_1_16' title="bbox 638 1548 2231 1620">
    <p class='ocr_par' dir='ltr' id='par_1_16' title="bbox 638 1548 2231 1620">
     <span class='ocr_line' id='line_1_16' title="bbox 638 1548 2231 1620; baseline -0.001 -15"><span class='ocrx_word' id='word_1_114' title='bbox 638 1556 854 1620; x_wconf 82' lang='lat' dir='ltr'><strong>tempus</strong></span> <span class='ocrx_word' id='word_1_115' title='bbox 877 1557 934 1605; x_wconf 90' lang='lat' dir='ltr'><strong>et</strong></span> <span class='ocrx_word' id='word_1_116' title='bbox 961 1550 1139 1605; x_wconf 81' lang='lat' dir='ltr'><strong>iocum</strong></span> <span class='ocrx_word' id='word_1_117' title='bbox 1159 1590 1173 1615; x_wconf 91' lang='lat'><strong>,</strong></span> <span class='ocrx_word' id='word_1_118' title='bbox 1215 1564 1316 1605; x_wconf 89' lang='lat' dir='ltr'><strong>nec</strong></span> <span class='ocrx_word' id='word_1_119' title='bbox 1348 1548 1557 1619; x_wconf 89' lang='lat' dir='ltr'><strong>iudicat</strong></span> <span class='ocrx_word' id='word_1_120' title='bbox 1585 1556 1643 1603; x_wconf 90' lang='lat' dir='ltr'><strong>et</strong></span> <span class='ocrx_word' id='word_1_121' title='bbox 1666 1548 1959 1618; x_wconf 82' lang='lat' dir='ltr'><strong>iudicatur,</strong></span> <span class='ocrx_word' id='word_1_122' title='bbox 1985 1548 2231 1618; x_wconf 88' lang='lat' dir='ltr'><strong>partibus</strong></span> 
     </span>
    </p>
   </div>
   <div class='ocr_carea' id='block_1_17' title="bbox 596 1626 1591 1698">
    <p class='ocr_par' dir='ltr' id='par_1_17' title="bbox 596 1626 1591 1698">
     <span class='ocr_line' id='line_1_17' title="bbox 596 1626 1591 1698; baseline -0.003 0"><span class='ocrx_word' id='word_1_123' title='bbox 596 1660 605 1667; x_wconf 91' lang='grc'><strong>·</strong></span> <span class='ocrx_word' id='word_1_124' title='bbox 632 1648 860 1698; x_wconf 72' lang='lat' dir='ltr'><strong>secatur</strong></span> <span class='ocrx_word' id='word_1_125' title='bbox 884 1626 1114 1696; x_wconf 81' lang='lat' dir='ltr'><strong>inﬁnite.</strong></span> <span class='ocrx_word' id='word_1_126' title='bbox 1568 1658 1591 1671; x_wconf 59' lang='grc' dir='ltr'><strong>α</strong></span> 
     </span>
    </p>
   </div>
   <div class='ocr_carea' id='block_1_18' title="bbox 713 1727 2231 1799">
    <p class='ocr_par' dir='ltr' id='par_1_18' title="bbox 713 1727 2231 1799">
     <span class='ocr_line' id='line_1_18' title="bbox 713 1727 2231 1799; baseline -0.002 -14"><span class='ocrx_word' id='word_1_127' title='bbox 713 1731 825 1799; x_wconf 79' lang='lat' dir='ltr'><strong>Age</strong></span> <span class='ocrx_word' id='word_1_128' title='bbox 849 1744 996 1785; x_wconf 83' lang='lat' dir='ltr'><strong>nunc</strong></span> <span class='ocrx_word' id='word_1_129' title='bbox 1020 1730 1298 1786; x_wconf 81' lang='lat' dir='ltr'><strong>videamus</strong></span> <span class='ocrx_word' id='word_1_130' title='bbox 1316 1729 1446 1798; x_wconf 89' lang='lat' dir='ltr'><strong>quid</strong></span> <span class='ocrx_word' id='word_1_131' title='bbox 1473 1729 1544 1783; x_wconf 89' lang='lat' dir='ltr'><strong>sit</strong></span> <span class='ocrx_word' id='word_1_132' title='bbox 1583 1728 1729 1798; x_wconf 92' lang='lat' dir='ltr'><strong>quod</strong></span> <span class='ocrx_word' id='word_1_133' title='bbox 1760 1743 1956 1799; x_wconf 87' lang='lat' dir='ltr'><strong>corpus</strong></span> <span class='ocrx_word' id='word_1_134' title='bbox 1995 1727 2231 1783; x_wconf 75' lang='lat' dir='ltr'><strong>viviﬁcat</strong></span> 
     </span>
    </p>
   </div>
   <div class='ocr_carea' id='block_1_19' title="bbox 2334 548 3939 624">
    <p class='ocr_par' dir='ltr' id='par_1_19' title="bbox 2334 548 3939 624">
     <span class='ocr_line' id='line_1_19' title="bbox 2334 548 3939 624; baseline 0.003 -20"><span class='ocrx_word' id='word_1_135' title='bbox 2334 548 2442 605; x_wconf 89' lang='lat' dir='ltr'><strong>culi</strong></span> <span class='ocrx_word' id='word_1_136' title='bbox 2484 564 2591 604; x_wconf 90' lang='lat' dir='ltr'><strong>non</strong></span> <span class='ocrx_word' id='word_1_137' title='bbox 2636 549 2828 621; x_wconf 87' lang='lat' dir='ltr'><strong>recipit</strong></span> <span class='ocrx_word' id='word_1_138' title='bbox 2876 552 3333 607; x_wconf 81' lang='lat' dir='ltr'><strong>contrarietatem.</strong></span> <span class='ocrx_word' id='word_1_139' title='bbox 3382 551 3668 624; x_wconf 85' lang='lat' dir='ltr'><strong>Nunquam</strong></span> <span class='ocrx_word' id='word_1_140' title='bbox 3721 554 3828 609; x_wconf 81' lang='lat' dir='ltr'><strong>erit</strong></span> <span class='ocrx_word' id='word_1_141' title='bbox 3876 564 3939 611; x_wconf 86' lang='lat' dir='ltr'><strong>ut</strong></span> 
     </span>
    </p>
   </div>
   <div class='ocr_carea' id='block_1_20' title="bbox 2337 642 3939 712">
    <p class='ocr_par' dir='ltr' id='par_1_20' title="bbox 2337 642 3939 712">
     <span class='ocr_line' id='line_1_20' title="bbox 2337 642 3939 712; baseline 0.004 -18"><span class='ocrx_word' id='word_1_142' title='bbox 2337 642 2504 711; x_wconf 79' lang='lat' dir='ltr'><strong>ﬁgura</strong></span> <span class='ocrx_word' id='word_1_143' title='bbox 2538 642 2724 699; x_wconf 85' lang='lat' dir='ltr'><strong>circuli</strong></span> <span class='ocrx_word' id='word_1_144' title='bbox 2753 659 2819 699; x_wconf 85' lang='lat' dir='ltr'><strong>ex</strong></span> <span class='ocrx_word' id='word_1_145' title='bbox 2870 643 3077 700; x_wconf 91' lang='lat' dir='ltr'><strong>duabus</strong></span> <span class='ocrx_word' id='word_1_146' title='bbox 3122 652 3218 700; x_wconf 90' lang='lat' dir='ltr'><strong>aut</strong></span> <span class='ocrx_word' id='word_1_147' title='bbox 3257 645 3430 702; x_wconf 88' lang='lat' dir='ltr'><strong>tribus</strong></span> <span class='ocrx_word' id='word_1_148' title='bbox 3472 646 3632 702; x_wconf 90' lang='lat' dir='ltr'><strong>lineis</strong></span> <span class='ocrx_word' id='word_1_149' title='bbox 3675 647 3789 712; x_wconf 82' lang='lat' dir='ltr'><strong>iiat,</strong></span> <span class='ocrx_word' id='word_1_150' title='bbox 3837 656 3939 702; x_wconf 90' lang='lat' dir='ltr'><strong>aut</strong></span> 
     </span>
    </p>
   </div>
   <div class='ocr_carea' id='block_1_21' title="bbox 2333 734 3935 810">
    <p class='ocr_par' dir='ltr' id='par_1_21' title="bbox 2333 734 3935 810">
     <span class='ocr_line' id='line_1_21' title="bbox 2333 734 3935 810; baseline 0.004 -22"><span class='ocrx_word' id='word_1_151' title='bbox 2333 734 2662 805; x_wconf 86' lang='lat' dir='ltr'><strong>quadrigena</strong></span> <span class='ocrx_word' id='word_1_152' title='bbox 2686 751 2755 790; x_wconf 87' lang='lat' dir='ltr'><strong>ex</strong></span> <span class='ocrx_word' id='word_1_153' title='bbox 2776 736 2967 801; x_wconf 88' lang='lat' dir='ltr'><strong>tribus,</strong></span> <span class='ocrx_word' id='word_1_154' title='bbox 2992 744 3085 791; x_wconf 89' lang='lat' dir='ltr'><strong>aut</strong></span> <span class='ocrx_word' id='word_1_155' title='bbox 3109 737 3317 806; x_wconf 89' lang='lat' dir='ltr'><strong>trigona</strong></span> <span class='ocrx_word' id='word_1_156' title='bbox 3339 753 3409 793; x_wconf 86' lang='lat' dir='ltr'><strong>ex</strong></span> <span class='ocrx_word' id='word_1_157' title='bbox 3430 750 3685 810; x_wconf 87' lang='lat' dir='ltr'><strong>quatuor.</strong></span> <span class='ocrx_word' id='word_1_158' title='bbox 3701 738 3763 794; x_wconf 89' lang='lat' dir='ltr'><strong>Si</strong></span> <span class='ocrx_word' id='word_1_159' title='bbox 3786 741 3935 795; x_wconf 88' lang='lat' dir='ltr'><strong>enim</strong></span> 
     </span>
    </p>
   </div>
   <div class='ocr_carea' id='block_1_22' title="bbox 2335 824 3940 899">
    <p class='ocr_par' dir='ltr' id='par_1_22' title="bbox 2335 824 3940 899">
     <span class='ocr_line' id='line_1_22' title="bbox 2335 824 3940 899; baseline 0.005 -21"><span class='ocrx_word' id='word_1_160' title='bbox 2335 824 2602 882; x_wconf 83' lang='lat' dir='ltr'><strong>addideris</strong></span> <span class='ocrx_word' id='word_1_161' title='bbox 2624 825 2709 880; x_wconf 93' lang='lat' dir='ltr'><strong>vel</strong></span> <span class='ocrx_word' id='word_1_162' title='bbox 2732 827 2989 882; x_wconf 90' lang='lat' dir='ltr'><strong>minueris</strong></span> <span class='ocrx_word' id='word_1_163' title='bbox 3020 827 3241 897; x_wconf 89' lang='lat' dir='ltr'><strong>aliquid,</strong></span> <span class='ocrx_word' id='word_1_164' title='bbox 3262 827 3375 897; x_wconf 88' lang='lat' dir='ltr'><strong>iam</strong></span> <span class='ocrx_word' id='word_1_165' title='bbox 3418 844 3520 885; x_wconf 88' lang='lat' dir='ltr'><strong>nec</strong></span> <span class='ocrx_word' id='word_1_166' title='bbox 3560 829 3795 899; x_wconf 88' lang='lat' dir='ltr'><strong>trigona,</strong></span> <span class='ocrx_word' id='word_1_167' title='bbox 3832 846 3940 886; x_wconf 81' lang='lat' dir='ltr'><strong>nec</strong></span> 
     </span>
    </p>
   </div>
   <div class='ocr_carea' id='block_1_23' title="bbox 2334 914 3921 991">
    <p class='ocr_par' dir='ltr' id='par_1_23' title="bbox 2334 914 3921 991">
     <span class='ocr_line' id='line_1_23' title="bbox 2334 914 3921 991; baseline 0.004 -22"><span class='ocrx_word' id='word_1_168' title='bbox 2334 914 2669 986; x_wconf 86' lang='lat' dir='ltr'><strong>quadrigena</strong></span> <span class='ocrx_word' id='word_1_169' title='bbox 2694 917 2818 982; x_wconf 91' lang='lat' dir='ltr'><strong>erit,</strong></span> <span class='ocrx_word' id='word_1_170' title='bbox 2842 923 3026 975; x_wconf 86' lang='lat' dir='ltr'><strong>manet</strong></span> <span class='ocrx_word' id='word_1_171' title='bbox 3047 917 3193 975; x_wconf 89' lang='lat' dir='ltr'><strong>enim</strong></span> <span class='ocrx_word' id='word_1_172' title='bbox 3233 925 3437 974; x_wconf 74' lang='lat' dir='ltr'><strong>aeterna</strong></span> <span class='ocrx_word' id='word_1_173' title='bbox 3467 926 3523 973; x_wconf 93' lang='lat' dir='ltr'><strong>et</strong></span> <span class='ocrx_word' id='word_1_174' title='bbox 3562 919 3921 991; x_wconf 85' lang='lat' dir='ltr'><strong>incommuta-</strong></span> 
     </span>
    </p>
   </div>
   <div class='ocr_carea' id='block_1_24' title="bbox 2334 1005 3937 1082">
    <p class='ocr_par' dir='ltr' id='par_1_24' title="bbox 2334 1005 3937 1082">
     <span class='ocr_line' id='line_1_24' title="bbox 2334 1005 3937 1082; baseline 0.004 -22"><span class='ocrx_word' id='word_1_175' title='bbox 2334 1006 2473 1061; x_wconf 87' lang='lat' dir='ltr'><strong>bilis.</strong></span> <span class='ocrx_word' id='word_1_176' title='bbox 2522 1005 2721 1060; x_wconf 87' lang='lat' dir='ltr'><strong>Harum</strong></span> <span class='ocrx_word' id='word_1_177' title='bbox 2763 1008 3003 1063; x_wconf 89' lang='lat' dir='ltr'><strong>rationes</strong></span> <span class='ocrx_word' id='word_1_178' title='bbox 3043 1007 3448 1079; x_wconf 85' lang='lat' dir='ltr'><strong>disciplinarum</strong></span> <span class='ocrx_word' id='word_1_179' title='bbox 3490 1018 3546 1064; x_wconf 92' lang='lat' dir='ltr'><strong>et</strong></span> <span class='ocrx_word' id='word_1_180' title='bbox 3587 1010 3641 1064; x_wconf 90' lang='lat' dir='ltr'><strong>in</strong></span> <span class='ocrx_word' id='word_1_181' title='bbox 3685 1012 3937 1082; x_wconf 87' lang='lat' dir='ltr'><strong>subiecto</strong></span> 
     </span>
    </p>
   </div>
   <div class='ocr_carea' id='block_1_25' title="bbox 2332 1099 3934 1170">
    <p class='ocr_par' dir='ltr' id='par_1_25' title="bbox 2332 1099 3934 1170">
     <span class='ocr_line' id='line_1_25' title="bbox 2332 1099 3934 1170; baseline 0.002 -17"><span class='ocrx_word' id='word_1_182' title='bbox 2332 1106 2460 1153; x_wconf 87' lang='lat' dir='ltr'><strong>sunt</strong></span> <span class='ocrx_word' id='word_1_183' title='bbox 2480 1099 2682 1165; x_wconf 87' lang='lat' dir='ltr'><strong>animo,</strong></span> <span class='ocrx_word' id='word_1_184' title='bbox 2707 1108 2760 1155; x_wconf 92' lang='lat' dir='ltr'><strong>et</strong></span> <span class='ocrx_word' id='word_1_185' title='bbox 2796 1100 2912 1156; x_wconf 90' lang='lat' dir='ltr'><strong>sine</strong></span> <span class='ocrx_word' id='word_1_186' title='bbox 2953 1114 3020 1156; x_wconf 88' lang='lat' dir='ltr'><strong>eo</strong></span> <span class='ocrx_word' id='word_1_187' title='bbox 3062 1116 3182 1157; x_wconf 87' lang='lat' dir='ltr'><strong>esse</strong></span> <span class='ocrx_word' id='word_1_188' title='bbox 3214 1116 3332 1157; x_wconf 86' lang='lat' dir='ltr'><strong>non</strong></span> <span class='ocrx_word' id='word_1_189' title='bbox 3376 1109 3621 1170; x_wconf 85' lang='lat' dir='ltr'><strong>possunt.</strong></span> <span class='ocrx_word' id='word_1_190' title='bbox 3645 1101 3934 1170; x_wconf 83' lang='lat' dir='ltr'><strong>Colligitur</strong></span> 
     </span>
    </p>
   </div>
   <div class='ocr_carea' id='block_1_26' title="bbox 2333 1189 3935 1263">
    <p class='ocr_par' dir='ltr' id='par_1_26' title="bbox 2333 1189 3935 1263">
     <span class='ocr_line' id='line_1_26' title="bbox 2333 1189 3935 1263; baseline 0.003 -21"><span class='ocrx_word' id='word_1_191' title='bbox 2333 1196 2594 1243; x_wconf 71' lang='lat' dir='ltr'><strong>mternum</strong></span> <span class='ocrx_word' id='word_1_192' title='bbox 2616 1204 2733 1244; x_wconf 89' lang='lat' dir='ltr'><strong>esse</strong></span> <span class='ocrx_word' id='word_1_193' title='bbox 2757 1189 2883 1243; x_wconf 89' lang='lat' dir='ltr'><strong>illud</strong></span> <span class='ocrx_word' id='word_1_194' title='bbox 2926 1190 2981 1245; x_wconf 90' lang='lat' dir='ltr'><strong>in</strong></span> <span class='ocrx_word' id='word_1_195' title='bbox 3022 1206 3131 1259; x_wconf 91' lang='lat' dir='ltr'><strong>quo</strong></span> <span class='ocrx_word' id='word_1_196' title='bbox 3154 1198 3259 1254; x_wconf 89' lang='lat' dir='ltr'><strong>est,</strong></span> <span class='ocrx_word' id='word_1_197' title='bbox 3283 1190 3425 1244; x_wconf 89' lang='lat' dir='ltr'><strong>sicut</strong></span> <span class='ocrx_word' id='word_1_198' title='bbox 3447 1191 3573 1246; x_wconf 90' lang='lat' dir='ltr'><strong>illud</strong></span> <span class='ocrx_word' id='word_1_199' title='bbox 3613 1192 3758 1263; x_wconf 89' lang='lat' dir='ltr'><strong>quod</strong></span> <span class='ocrx_word' id='word_1_200' title='bbox 3784 1193 3838 1249; x_wconf 89' lang='lat' dir='ltr'><strong>in</strong></span> <span class='ocrx_word' id='word_1_201' title='bbox 3864 1208 3935 1247; x_wconf 89' lang='lat' dir='ltr'><strong>eo</strong></span> 
     </span>
    </p>
   </div>
   <div class='ocr_carea' id='block_1_27' title="bbox 2336 1276 3930 1350">
    <p class='ocr_par' dir='ltr' id='par_1_27' title="bbox 2336 1276 3930 1350">
     <span class='ocr_line' id='line_1_27' title="bbox 2336 1276 3930 1350; baseline 0.001 -16"><span class='ocrx_word' id='word_1_202' title='bbox 2336 1286 2436 1334; x_wconf 90' lang='lat' dir='ltr'><strong>est.</strong></span> <span class='ocrx_word' id='word_1_203' title='bbox 2463 1276 2606 1348; x_wconf 87' lang='lat' dir='ltr'><strong>Ergo</strong></span> <span class='ocrx_word' id='word_1_204' title='bbox 2628 1279 2945 1333; x_wconf 84' lang='lat' dir='ltr'><strong>immortalis</strong></span> <span class='ocrx_word' id='word_1_205' title='bbox 2964 1287 3048 1334; x_wconf 91' lang='lat' dir='ltr'><strong>est</strong></span> <span class='ocrx_word' id='word_1_206' title='bbox 3069 1278 3246 1333; x_wconf 90' lang='lat' dir='ltr'><strong>anima</strong></span> <span class='ocrx_word' id='word_1_207' title='bbox 3270 1297 3284 1345; x_wconf 91' lang='lat'><strong>;</strong></span> <span class='ocrx_word' id='word_1_208' title='bbox 3330 1287 3386 1333; x_wconf 91' lang='lat' dir='ltr'><strong>et</strong></span> <span class='ocrx_word' id='word_1_209' title='bbox 3408 1278 3462 1334; x_wconf 89' lang='lat' dir='ltr'><strong>id</strong></span> <span class='ocrx_word' id='word_1_210' title='bbox 3481 1280 3621 1350; x_wconf 90' lang='lat' dir='ltr'><strong>quod</strong></span> <span class='ocrx_word' id='word_1_211' title='bbox 3646 1281 3780 1335; x_wconf 82' lang='lat' dir='ltr'><strong>vivit</strong></span> <span class='ocrx_word' id='word_1_212' title='bbox 3802 1282 3930 1346; x_wconf 87' lang='lat' dir='ltr'><strong>scit,</strong></span> 
     </span>
    </p>
   </div>
   <div class='ocr_carea' id='block_1_28' title="bbox 2326 1368 3930 1441">
    <p class='ocr_par' dir='ltr' id='par_1_28' title="bbox 2326 1368 3930 1441">
     <span class='ocr_line' id='line_1_28' title="bbox 2326 1368 3930 1441; baseline 0.001 -15"><span class='ocrx_word' id='word_1_213' title='bbox 2326 1382 2549 1441; x_wconf 86' lang='lat' dir='ltr'><strong>semper</strong></span> <span class='ocrx_word' id='word_1_214' title='bbox 2570 1378 2625 1425; x_wconf 91' lang='lat' dir='ltr'><strong>et</strong></span> <span class='ocrx_word' id='word_1_215' title='bbox 2647 1371 2835 1425; x_wconf 86' lang='lat' dir='ltr'><strong>cernit.</strong></span> <span class='ocrx_word' id='word_1_216' title='bbox 2861 1368 2965 1425; x_wconf 88' lang='lat' dir='ltr'><strong>Sed</strong></span> <span class='ocrx_word' id='word_1_217' title='bbox 2999 1385 3109 1424; x_wconf 92' lang='lat' dir='ltr'><strong>non</strong></span> <span class='ocrx_word' id='word_1_218' title='bbox 3148 1384 3364 1439; x_wconf 85' lang='lat' dir='ltr'><strong>semper</strong></span> <span class='ocrx_word' id='word_1_219' title='bbox 3390 1369 3493 1425; x_wconf 86' lang='lat' dir='ltr'><strong>hoc</strong></span> <span class='ocrx_word' id='word_1_220' title='bbox 3525 1371 3725 1439; x_wconf 79' lang='lat' dir='ltr'><strong>cogitat</strong></span> <span class='ocrx_word' id='word_1_221' title='bbox 3752 1389 3767 1425; x_wconf 91' lang='lat'><strong>:</strong></span> <span class='ocrx_word' id='word_1_222' title='bbox 3793 1375 3930 1441; x_wconf 86' lang='lat' dir='ltr'><strong>quia</strong></span> 
     </span>
    </p>
   </div>
   <div class='ocr_carea' id='block_1_29' title="bbox 2334 1452 3928 1530">
    <p class='ocr_par' dir='ltr' id='par_1_29' title="bbox 2334 1452 3928 1530">
     <span class='ocr_line' id='line_1_29' title="bbox 2334 1452 3928 1530; baseline 0 -15"><span class='ocrx_word' id='word_1_223' title='bbox 2334 1474 2456 1515; x_wconf 92' lang='lat' dir='ltr'><strong>cum</strong></span> <span class='ocrx_word' id='word_1_224' title='bbox 2483 1460 2553 1514; x_wconf 89' lang='lat' dir='ltr'><strong>sit</strong></span> <span class='ocrx_word' id='word_1_225' title='bbox 2579 1472 2767 1515; x_wconf 90' lang='lat' dir='ltr'><strong>secura</strong></span> <span class='ocrx_word' id='word_1_226' title='bbox 2791 1459 2859 1513; x_wconf 92' lang='lat' dir='ltr'><strong>de</strong></span> <span class='ocrx_word' id='word_1_227' title='bbox 2886 1473 2945 1514; x_wconf 91' lang='lat' dir='ltr'><strong>se</strong></span> <span class='ocrx_word' id='word_1_228' title='bbox 2966 1458 3108 1527; x_wconf 90' lang='lat' dir='ltr'><strong>quod</strong></span> <span class='ocrx_word' id='word_1_229' title='bbox 3131 1459 3343 1513; x_wconf 89' lang='lat' dir='ltr'><strong>amittat</strong></span> <span class='ocrx_word' id='word_1_230' title='bbox 3376 1474 3433 1514; x_wconf 89' lang='lat' dir='ltr'><strong>se</strong></span> <span class='ocrx_word' id='word_1_231' title='bbox 3455 1459 3508 1513; x_wconf 89' lang='lat' dir='ltr'><strong>in</strong></span> <span class='ocrx_word' id='word_1_232' title='bbox 3549 1452 3726 1514; x_wconf 79' lang='lat' dir='ltr'><strong>multis</strong></span> <span class='ocrx_word' id='word_1_233' title='bbox 3767 1463 3928 1530; x_wconf 84' lang='lat' dir='ltr'><strong>cogi-</strong></span> 
     </span>
    </p>
   </div>
   <div class='ocr_carea' id='block_1_30' title="bbox 2330 1549 3925 1620">
    <p class='ocr_par' dir='ltr' id='par_1_30' title="bbox 2330 1549 3925 1620">
     <span class='ocr_line' id='line_1_30' title="bbox 2330 1549 3925 1620; baseline 0.001 -16"><span class='ocrx_word' id='word_1_234' title='bbox 2330 1549 2644 1617; x_wconf 89' lang='lat' dir='ltr'><strong>tationibus,</strong></span> <span class='ocrx_word' id='word_1_235' title='bbox 2676 1549 2931 1603; x_wconf 82' lang='lat' dir='ltr'><strong>distendit</strong></span> <span class='ocrx_word' id='word_1_236' title='bbox 2958 1564 3016 1603; x_wconf 90' lang='lat' dir='ltr'><strong>se</strong></span> <span class='ocrx_word' id='word_1_237' title='bbox 3042 1564 3108 1604; x_wconf 88' lang='lat' dir='ltr'><strong>ac</strong></span> <span class='ocrx_word' id='word_1_238' title='bbox 3136 1550 3181 1603; x_wconf 88' lang='lat' dir='ltr'><strong>si</strong></span> <span class='ocrx_word' id='word_1_239' title='bbox 3213 1564 3310 1620; x_wconf 90' lang='lat' dir='ltr'><strong>per</strong></span> <span class='ocrx_word' id='word_1_240' title='bbox 3337 1558 3547 1619; x_wconf 84' lang='lat' dir='ltr'><strong>tempus</strong></span> <span class='ocrx_word' id='word_1_241' title='bbox 3575 1566 3680 1605; x_wconf 92' lang='lat' dir='ltr'><strong>non</strong></span> <span class='ocrx_word' id='word_1_242' title='bbox 3708 1565 3805 1620; x_wconf 89' lang='lat' dir='ltr'><strong>per</strong></span> <span class='ocrx_word' id='word_1_243' title='bbox 3830 1551 3925 1605; x_wconf 88' lang='lat' dir='ltr'><strong>lo-</strong></span> 
     </span>
    </p>
   </div>
   <div class='ocr_carea' id='block_1_31' title="bbox 2334 1649 3929 1722">
    <p class='ocr_par' dir='ltr' id='par_1_31' title="bbox 2334 1649 3929 1722">
     <span class='ocr_line' id='line_1_31' title="bbox 2334 1649 3929 1722; baseline 0.003 -26"><span class='ocrx_word' id='word_1_244' title='bbox 2334 1655 2458 1697; x_wconf 88' lang='lat' dir='ltr'><strong>cum</strong></span> <span class='ocrx_word' id='word_1_245' title='bbox 2485 1650 2663 1707; x_wconf 87' lang='lat' dir='ltr'><strong>mota;</strong></span> <span class='ocrx_word' id='word_1_246' title='bbox 2697 1649 2879 1697; x_wconf 80' lang='lat' dir='ltr'><strong>movet</strong></span> <span class='ocrx_word' id='word_1_247' title='bbox 2925 1649 3104 1696; x_wconf 78' lang='lat' dir='ltr'><strong>tamen</strong></span> <span class='ocrx_word' id='word_1_248' title='bbox 3133 1650 3206 1722; x_wconf 42' lang='lat' dir='ltr'><strong>,et</strong></span> <span class='ocrx_word' id='word_1_249' title='bbox 3244 1658 3440 1713; x_wconf 88' lang='lat' dir='ltr'><strong>corpus</strong></span> <span class='ocrx_word' id='word_1_250' title='bbox 3487 1652 3584 1713; x_wconf 89' lang='lat' dir='ltr'><strong>per</strong></span> <span class='ocrx_word' id='word_1_251' title='bbox 3626 1651 3837 1713; x_wconf 73' lang='lat' dir='ltr'><strong>tempu.c</strong></span> <span class='ocrx_word' id='word_1_252' title='bbox 3872 1653 3929 1700; x_wconf 80' lang='lat' dir='ltr'><strong>et</strong></span> 
     </span>
    </p>
   </div>
   <div class='ocr_carea' id='block_1_32' title="bbox 2334 1730 3927 1803">
    <p class='ocr_par' dir='ltr' id='par_1_32' title="bbox 2334 1730 3927 1803">
     <span class='ocr_line' id='line_1_32' title="bbox 2334 1730 3927 1803; baseline 0.003 -17"><span class='ocrx_word' id='word_1_253' title='bbox 2334 1733 2533 1797; x_wconf 85' lang='lat' dir='ltr'><strong>locum,</strong></span> <span class='ocrx_word' id='word_1_254' title='bbox 2566 1732 2770 1786; x_wconf 81' lang='lat' dir='ltr'><strong>scilicet</strong></span> <span class='ocrx_word' id='word_1_255' title='bbox 2794 1730 2997 1799; x_wconf 87' lang='lat' dir='ltr'><strong>iudicat</strong></span> <span class='ocrx_word' id='word_1_256' title='bbox 3029 1742 3085 1786; x_wconf 88' lang='lat' dir='ltr'><strong>et</strong></span> <span class='ocrx_word' id='word_1_257' title='bbox 3117 1731 3406 1800; x_wconf 86' lang='lat' dir='ltr'><strong>iudicatur.</strong></span> <span class='ocrx_word' id='word_1_258' title='bbox 3434 1730 3570 1789; x_wconf 77' lang='lat' dir='ltr'><strong>Vide</strong></span> <span class='ocrx_word' id='word_1_259' title='bbox 3590 1748 3721 1803; x_wconf 82' lang='lat' dir='ltr'><strong>ergo</strong></span> <span class='ocrx_word' id='word_1_260' title='bbox 3745 1735 3927 1790; x_wconf 88' lang='lat' dir='ltr'><strong>anima</strong></span> 
     </span>
    </p>
   </div>
   <div class='ocr_carea' id='block_1_33' title="bbox 599 1803 3927 1895">
    <p class='ocr_par' dir='ltr' id='par_1_33' title="bbox 599 1803 3927 1895">
     <span class='ocr_line' id='line_1_33' title="bbox 599 1803 3927 1895; baseline 0.001 -18"><span class='ocrx_word' id='word_1_261' title='bbox 599 1845 607 1853; x_wconf 88' lang='lat'><strong><em>-</em></strong></span> <span class='ocrx_word' id='word_1_262' title='bbox 638 1830 699 1878; x_wconf 86' lang='lat' dir='ltr'><strong>et</strong></span> <span class='ocrx_word' id='word_1_263' title='bbox 723 1836 836 1878; x_wconf 84' lang='lat' dir='ltr'><strong>non</strong></span> <span class='ocrx_word' id='word_1_264' title='bbox 854 1821 1141 1878; x_wconf 73' lang='lat' dir='ltr'><strong>sentiiicat.</strong></span> <span class='ocrx_word' id='word_1_265' title='bbox 1175 1820 1364 1877; x_wconf 84' lang='lat' dir='ltr'><strong>Melius</strong></span> <span class='ocrx_word' id='word_1_266' title='bbox 1386 1820 1530 1875; x_wconf 90' lang='lat' dir='ltr'><strong>enim</strong></span> <span class='ocrx_word' id='word_1_267' title='bbox 1559 1826 1899 1889; x_wconf 70' lang='lat' dir='ltr'><strong>comquatum</strong></span> <span class='ocrx_word' id='word_1_268' title='bbox 1919 1826 2004 1875; x_wconf 91' lang='lat' dir='ltr'><strong>est</strong></span> <span class='ocrx_word' id='word_1_269' title='bbox 2020 1803 2149 1885; x_wconf 70' lang='lat' dir='ltr'><strong>vita,</strong></span> <span class='ocrx_word' id='word_1_270' title='bbox 2175 1826 2231 1874; x_wconf 89' lang='lat' dir='ltr'><strong>et</strong></span> <span class='ocrx_word' id='word_1_271' title='bbox 2263 1822 2308 1883; x_wconf 83' lang='grc' dir='ltr'><strong>Β</strong></span> <span class='ocrx_word' id='word_1_272' title='bbox 2335 1823 2569 1877; x_wconf 88' lang='lat' dir='ltr'><strong>humana</strong></span> <span class='ocrx_word' id='word_1_273' title='bbox 2595 1837 2757 1893; x_wconf 90' lang='lat' dir='ltr'><strong>quam</strong></span> <span class='ocrx_word' id='word_1_274' title='bbox 2784 1830 3036 1890; x_wconf 82' lang='lat' dir='ltr'><strong>magnum</strong></span> <span class='ocrx_word' id='word_1_275' title='bbox 3076 1823 3280 1877; x_wconf 86' lang='lat' dir='ltr'><strong>bonum</strong></span> <span class='ocrx_word' id='word_1_276' title='bbox 3308 1824 3397 1889; x_wconf 88' lang='lat' dir='ltr'><strong>sit,</strong></span> <span class='ocrx_word' id='word_1_277' title='bbox 3426 1823 3555 1878; x_wconf 88' lang='lat' dir='ltr'><strong>dum</strong></span> <span class='ocrx_word' id='word_1_278' title='bbox 3582 1823 3652 1879; x_wconf 91' lang='lat' dir='ltr'><strong>de</strong></span> <span class='ocrx_word' id='word_1_279' title='bbox 3680 1825 3927 1895; x_wconf 85' lang='lat' dir='ltr'><strong>corpori-</strong></span> 
     </span>
    </p>
   </div>
   <div class='ocr_carea' id='block_1_34' title="bbox 642 1899 2230 1985">
    <p class='ocr_par' dir='ltr' id='par_1_34' title="bbox 642 1899 2230 1985">
     <span class='ocr_line' id='line_1_34' title="bbox 642 1899 2230 1985; baseline -0.004 -13"><span class='ocrx_word' id='word_1_280' title='bbox 642 1916 789 1985; x_wconf 88' lang='lat' dir='ltr'><strong>quod</strong></span> <span class='ocrx_word' id='word_1_281' title='bbox 826 1899 1047 1985; x_wconf 84' lang='lat' dir='ltr'><strong>accipit,</strong></span> <span class='ocrx_word' id='word_1_282' title='bbox 1078 1922 1136 1969; x_wconf 92' lang='lat' dir='ltr'><strong>et</strong></span> <span class='ocrx_word' id='word_1_283' title='bbox 1171 1913 1316 1983; x_wconf 84' lang='lat' dir='ltr'><strong>quod</strong></span> <span class='ocrx_word' id='word_1_284' title='bbox 1346 1913 1461 1968; x_wconf 89' lang='lat' dir='ltr'><strong>dat.</strong></span> <span class='ocrx_word' id='word_1_285' title='bbox 1492 1912 1617 1966; x_wconf 70' lang='lat' dir='ltr'><strong>Vita</strong></span> <span class='ocrx_word' id='word_1_286' title='bbox 1654 1912 1801 1966; x_wconf 87' lang='lat' dir='ltr'><strong>enim</strong></span> <span class='ocrx_word' id='word_1_287' title='bbox 1846 1927 1965 1982; x_wconf 66' lang='lat' dir='ltr'><strong>qua;</strong></span> <span class='ocrx_word' id='word_1_288' title='bbox 2007 1925 2115 1966; x_wconf 93' lang='lat' dir='ltr'><strong>non</strong></span> <span class='ocrx_word' id='word_1_289' title='bbox 2145 1918 2230 1966; x_wconf 89' lang='lat' dir='ltr'><strong>est</strong></span> 
     </span>
    </p>
   </div>
   <div class='ocr_carea' id='block_1_35' title="bbox 594 2004 2229 2078">
    <p class='ocr_par' dir='ltr' id='par_1_35' title="bbox 594 2004 2229 2078">
     <span class='ocr_line' id='line_1_35' title="bbox 594 2004 2229 2078; baseline -0.004 -13"><span class='ocrx_word' id='word_1_290' title='bbox 594 2028 601 2033; x_wconf 91' lang='grc'><strong>·</strong></span> <span class='ocrx_word' id='word_1_291' title='bbox 642 2010 820 2065; x_wconf 82' lang='lat' dir='ltr'><strong>minor</strong></span> <span class='ocrx_word' id='word_1_292' title='bbox 842 2008 901 2063; x_wconf 86' lang='lat' dir='ltr'><strong>in</strong></span> <span class='ocrx_word' id='word_1_293' title='bbox 926 2014 1102 2078; x_wconf 82' lang='lat' dir='ltr'><strong>parte</strong></span> <span class='ocrx_word' id='word_1_294' title='bbox 1129 2021 1291 2076; x_wconf 87' lang='lat' dir='ltr'><strong>quam</strong></span> <span class='ocrx_word' id='word_1_295' title='bbox 1338 2006 1393 2060; x_wconf 91' lang='lat' dir='ltr'><strong>in</strong></span> <span class='ocrx_word' id='word_1_296' title='bbox 1419 2011 1567 2070; x_wconf 81' lang='lat' dir='ltr'><strong>toto,</strong></span> <span class='ocrx_word' id='word_1_297' title='bbox 1599 2011 1657 2059; x_wconf 92' lang='lat' dir='ltr'><strong>et</strong></span> <span class='ocrx_word' id='word_1_298' title='bbox 1699 2019 1810 2060; x_wconf 91' lang='lat' dir='ltr'><strong>non</strong></span> <span class='ocrx_word' id='word_1_299' title='bbox 1845 2005 1985 2075; x_wconf 85' lang='lat' dir='ltr'><strong>parti</strong></span> <span class='ocrx_word' id='word_1_300' title='bbox 2030 2004 2229 2059; x_wconf 83' lang='lat' dir='ltr'><strong>minori</strong></span> 
     </span>
    </p>
   </div>
   <div class='ocr_carea' id='block_1_36' title="bbox 600 2095 2232 2169">
    <p class='ocr_par' dir='ltr' id='par_1_36' title="bbox 600 2095 2232 2169">
     <span class='ocr_line' id='line_1_36' title="bbox 600 2095 2232 2169; baseline -0.004 -12"><span class='ocrx_word' id='word_1_301' title='bbox 600 2112 605 2118; x_wconf 85' lang='lat'>&#39;</span> <span class='ocrx_word' id='word_1_302' title='bbox 640 2102 819 2157; x_wconf 91' lang='lat' dir='ltr'><strong>minor</strong></span> <span class='ocrx_word' id='word_1_303' title='bbox 844 2107 957 2166; x_wconf 90' lang='lat' dir='ltr'><strong>est,</strong></span> <span class='ocrx_word' id='word_1_304' title='bbox 990 2114 1093 2155; x_wconf 91' lang='lat' dir='ltr'><strong>nec</strong></span> <span class='ocrx_word' id='word_1_305' title='bbox 1122 2107 1331 2169; x_wconf 88' lang='lat' dir='ltr'><strong>partem</strong></span> <span class='ocrx_word' id='word_1_306' title='bbox 1379 2098 1585 2169; x_wconf 61' lang='lat' dir='ltr'><strong>prebet</strong></span> <span class='ocrx_word' id='word_1_307' title='bbox 1630 2096 1823 2166; x_wconf 83' lang='lat' dir='ltr'><strong>majori</strong></span> <span class='ocrx_word' id='word_1_308' title='bbox 1865 2095 2127 2166; x_wconf 87' lang='lat' dir='ltr'><strong>majorem</strong></span> <span class='ocrx_word' id='word_1_309' title='bbox 2175 2103 2232 2151; x_wconf 89' lang='lat' dir='ltr'><strong>et</strong></span> 
     </span>
    </p>
   </div>
   <div class='ocr_carea' id='block_1_37' title="bbox 639 2185 2231 2260">
    <p class='ocr_par' dir='ltr' id='par_1_37' title="bbox 639 2185 2231 2260">
     <span class='ocr_line' id='line_1_37' title="bbox 639 2185 2231 2260; baseline -0.004 -12"><span class='ocrx_word' id='word_1_310' title='bbox 639 2192 837 2248; x_wconf 88' lang='lat' dir='ltr'><strong>minori</strong></span> <span class='ocrx_word' id='word_1_311' title='bbox 865 2192 1151 2260; x_wconf 72' lang='lat' dir='ltr'><strong>minorem,</strong></span> <span class='ocrx_word' id='word_1_312' title='bbox 1182 2205 1292 2246; x_wconf 92' lang='lat' dir='ltr'><strong>non</strong></span> <span class='ocrx_word' id='word_1_313' title='bbox 1312 2196 1397 2245; x_wconf 86' lang='lat' dir='ltr'><strong>est</strong></span> <span class='ocrx_word' id='word_1_314' title='bbox 1418 2204 1634 2259; x_wconf 87' lang='lat' dir='ltr'><strong>corpus,</strong></span> <span class='ocrx_word' id='word_1_315' title='bbox 1664 2188 1761 2243; x_wconf 88' lang='lat' dir='ltr'><strong>sed</strong></span> <span class='ocrx_word' id='word_1_316' title='bbox 1787 2187 2028 2257; x_wconf 87' lang='lat' dir='ltr'><strong>spiritus.</strong></span> <span class='ocrx_word' id='word_1_317' title='bbox 2061 2185 2231 2257; x_wconf 85' lang='lat' dir='ltr'><strong>Spiri-</strong></span> 
     </span>
    </p>
   </div>
   <div class='ocr_carea' id='block_1_38' title="bbox 599 2278 2229 2358">
    <p class='ocr_par' dir='ltr' id='par_1_38' title="bbox 599 2278 2229 2358">
     <span class='ocr_line' id='line_1_38' title="bbox 599 2278 2229 2358; baseline -0.005 -18"><span class='ocrx_word' id='word_1_318' title='bbox 599 2310 604 2321; x_wconf 81' lang='grc' dir='ltr'>ι</span> <span class='ocrx_word' id='word_1_319' title='bbox 639 2292 726 2340; x_wconf 86' lang='lat' dir='ltr'><strong>tus</strong></span> <span class='ocrx_word' id='word_1_320' title='bbox 749 2283 963 2358; x_wconf 67' lang='lat' dir='ltr'><strong>pecerig</strong></span> <span class='ocrx_word' id='word_1_321' title='bbox 986 2282 1078 2352; x_wconf 87' lang='lat' dir='ltr'><strong>qui</strong></span> <span class='ocrx_word' id='word_1_322' title='bbox 1105 2297 1214 2337; x_wconf 89' lang='lat' dir='ltr'><strong>non</strong></span> <span class='ocrx_word' id='word_1_323' title='bbox 1240 2280 1486 2336; x_wconf 83' lang='lat' dir='ltr'><strong>subsistit</strong></span> <span class='ocrx_word' id='word_1_324' title='bbox 1514 2288 1637 2350; x_wconf 90' lang='lat' dir='ltr'><strong>post</strong></span> <span class='ocrx_word' id='word_1_325' title='bbox 1663 2286 1877 2350; x_wconf 79' lang='lat' dir='ltr'><strong>corpus,</strong></span> <span class='ocrx_word' id='word_1_326' title='bbox 1907 2278 2229 2348; x_wconf 67' lang='lat' dir='ltr'><strong>praetermit-</strong></span> 
     </span>
    </p>
   </div>
   <div class='ocr_carea' id='block_1_39' title="bbox 639 2363 2229 2442">
    <p class='ocr_par' dir='ltr' id='par_1_39' title="bbox 639 2363 2229 2442">
     <span class='ocr_line' id='line_1_39' title="bbox 639 2363 2229 2442; baseline -0.006 -10"><span class='ocrx_word' id='word_1_327' title='bbox 639 2375 833 2433; x_wconf 91' lang='lat' dir='ltr'><strong>tendus</strong></span> <span class='ocrx_word' id='word_1_328' title='bbox 860 2384 965 2440; x_wconf 88' lang='lat' dir='ltr'><strong>est,</strong></span> <span class='ocrx_word' id='word_1_329' title='bbox 991 2381 1051 2429; x_wconf 93' lang='lat' dir='ltr'><strong>ut</strong></span> <span class='ocrx_word' id='word_1_330' title='bbox 1074 2373 1146 2428; x_wconf 81' lang='lat' dir='ltr'><strong>ad</strong></span> <span class='ocrx_word' id='word_1_331' title='bbox 1174 2373 1494 2428; x_wconf 86' lang='lat' dir='ltr'><strong>rationalem</strong></span> <span class='ocrx_word' id='word_1_332' title='bbox 1522 2372 1767 2442; x_wconf 86' lang='lat' dir='ltr'><strong>spiritum</strong></span> <span class='ocrx_word' id='word_1_333' title='bbox 1794 2363 2093 2425; x_wconf 83' lang='lat' dir='ltr'><strong>veniamus.</strong></span> <span class='ocrx_word' id='word_1_334' title='bbox 2122 2369 2229 2438; x_wconf 80' lang='lat' dir='ltr'><strong>lgi-</strong></span> 
     </span>
    </p>
   </div>
   <div class='ocr_carea' id='block_1_40' title="bbox 599 2461 2231 2536">
    <p class='ocr_par' dir='ltr' id='par_1_40' title="bbox 599 2461 2231 2536">
     <span class='ocr_line' id='line_1_40' title="bbox 599 2461 2231 2536; baseline -0.003 -14"><span class='ocrx_word' id='word_1_335' title='bbox 599 2476 609 2504; x_wconf 74' lang='grc' dir='ltr'><strong><em>ι</em></strong></span> <span class='ocrx_word' id='word_1_336' title='bbox 638 2475 733 2522; x_wconf 88' lang='lat' dir='ltr'><strong>tur</strong></span> <span class='ocrx_word' id='word_1_337' title='bbox 757 2465 979 2536; x_wconf 83' lang='lat' dir='ltr'><strong>spiritus</strong></span> <span class='ocrx_word' id='word_1_338' title='bbox 999 2464 1359 2535; x_wconf 84' lang='lat' dir='ltr'><strong>quantitatem</strong></span> <span class='ocrx_word' id='word_1_339' title='bbox 1389 2478 1499 2520; x_wconf 90' lang='lat' dir='ltr'><strong>non</strong></span> <span class='ocrx_word' id='word_1_340' title='bbox 1544 2463 1728 2519; x_wconf 83' lang='lat' dir='ltr'><strong>habet.</strong></span> <span class='ocrx_word' id='word_1_341' title='bbox 1770 2461 1833 2518; x_wconf 78' lang='lat' dir='ltr'><strong>Si</strong></span> <span class='ocrx_word' id='word_1_342' title='bbox 1860 2477 1992 2518; x_wconf 87' lang='lat' dir='ltr'><strong>vero</strong></span> <span class='ocrx_word' id='word_1_343' title='bbox 2034 2462 2231 2532; x_wconf 88' lang='lat' dir='ltr'><strong>longus</strong></span> 
     </span>
    </p>
   </div>
   <div class='ocr_carea' id='block_1_41' title="bbox 608 2540 2229 2625">
    <p class='ocr_par' dir='ltr' id='par_1_41' title="bbox 608 2540 2229 2625">
     <span class='ocr_line' id='line_1_41' title="bbox 608 2540 2229 2625; baseline -0.003 -11"><span class='ocrx_word' id='word_1_344' title='bbox 608 2566 784 2615; x_wconf 76' lang='lat' dir='ltr'><strong>esset</strong></span> <span class='ocrx_word' id='word_1_345' title='bbox 812 2565 905 2613; x_wconf 91' lang='lat' dir='ltr'><strong>aut</strong></span> <span class='ocrx_word' id='word_1_346' title='bbox 930 2557 1090 2622; x_wconf 88' lang='lat' dir='ltr'><strong>latus,</strong></span> <span class='ocrx_word' id='word_1_347' title='bbox 1121 2563 1357 2625; x_wconf 88' lang='lat' dir='ltr'><strong>quantus</strong></span> <span class='ocrx_word' id='word_1_348' title='bbox 1388 2556 1493 2611; x_wconf 88' lang='lat' dir='ltr'><strong>rite</strong></span> <span class='ocrx_word' id='word_1_349' title='bbox 1525 2555 1716 2625; x_wconf 86' lang='lat' dir='ltr'><strong>utique</strong></span> <span class='ocrx_word' id='word_1_350' title='bbox 1755 2540 2048 2610; x_wconf 80' lang='lat' dir='ltr'><strong>diceretur.</strong></span> <span class='ocrx_word' id='word_1_351' title='bbox 2093 2553 2229 2609; x_wconf 76' lang='lat' dir='ltr'><strong>Pru-</strong></span> 
     </span>
    </p>
   </div>
   <div class='ocr_carea' id='block_1_42' title="bbox 632 2643 2231 2716">
    <p class='ocr_par' dir='ltr' id='par_1_42' title="bbox 632 2643 2231 2716">
     <span class='ocr_line' id='line_1_42' title="bbox 632 2643 2231 2716; baseline -0.005 -9"><span class='ocrx_word' id='word_1_352' title='bbox 632 2651 833 2707; x_wconf 82' lang='lat' dir='ltr'><strong>denter</strong></span> <span class='ocrx_word' id='word_1_353' title='bbox 857 2649 1005 2705; x_wconf 82' lang='lat' dir='ltr'><strong>enim</strong></span> <span class='ocrx_word' id='word_1_354' title='bbox 1031 2648 1333 2705; x_wconf 88' lang='lat' dir='ltr'><strong>secernitur</strong></span> <span class='ocrx_word' id='word_1_355' title='bbox 1360 2655 1417 2703; x_wconf 89' lang='lat' dir='ltr'><strong>et</strong></span> <span class='ocrx_word' id='word_1_356' title='bbox 1442 2647 1758 2716; x_wconf 76' lang='lat' dir='ltr'><strong>segregatur</strong></span> <span class='ocrx_word' id='word_1_357' title='bbox 1778 2662 1810 2701; x_wconf 93' lang='lat' dir='ltr'><strong>a</strong></span> <span class='ocrx_word' id='word_1_358' title='bbox 1830 2659 2082 2715; x_wconf 88' lang='lat' dir='ltr'><strong>corpore,</strong></span> <span class='ocrx_word' id='word_1_359' title='bbox 2103 2643 2231 2714; x_wconf 89' lang='lat' dir='ltr'><strong>quia</strong></span> 
     </span>
    </p>
   </div>
   <div class='ocr_carea' id='block_1_43' title="bbox 608 2738 2226 2816">
    <p class='ocr_par' dir='ltr' id='par_1_43' title="bbox 608 2738 2226 2816">
     <span class='ocr_line' id='line_1_43' title="bbox 608 2738 2226 2816; baseline -0.004 -16"><span class='ocrx_word' id='word_1_360' title='bbox 608 2752 615 2759; x_wconf 87' lang='lat'>&#39;</span> <span class='ocrx_word' id='word_1_361' title='bbox 636 2742 926 2816; x_wconf 82' lang='lat' dir='ltr'><strong>quantitati</strong></span> <span class='ocrx_word' id='word_1_362' title='bbox 948 2756 1062 2798; x_wconf 88' lang='lat' dir='ltr'><strong>non</strong></span> <span class='ocrx_word' id='word_1_363' title='bbox 1083 2741 1345 2812; x_wconf 89' lang='lat' dir='ltr'><strong>subiacet,</strong></span> <span class='ocrx_word' id='word_1_364' title='bbox 1374 2739 1621 2810; x_wconf 86' lang='lat' dir='ltr'><strong>quamvis</strong></span> <span class='ocrx_word' id='word_1_365' title='bbox 1654 2738 1932 2809; x_wconf 89' lang='lat' dir='ltr'><strong>subiaceat</strong></span> <span class='ocrx_word' id='word_1_366' title='bbox 1957 2738 2226 2807; x_wconf 74' lang='lat' dir='ltr'><strong>qualitati.</strong></span> 
     </span>
    </p>
   </div>
   <div class='ocr_carea' id='block_1_44' title="bbox 640 2828 2231 2903">
    <p class='ocr_par' dir='ltr' id='par_1_44' title="bbox 640 2828 2231 2903">
     <span class='ocr_line' id='line_1_44' title="bbox 640 2828 2231 2903; baseline -0.004 -15"><span class='ocrx_word' id='word_1_367' title='bbox 640 2832 903 2891; x_wconf 79' lang='lat' dir='ltr'><strong>Accidunt</strong></span> <span class='ocrx_word' id='word_1_368' title='bbox 930 2833 1114 2887; x_wconf 87' lang='lat' dir='ltr'><strong>animo</strong></span> <span class='ocrx_word' id='word_1_369' title='bbox 1160 2831 1477 2903; x_wconf 82' lang='lat' dir='ltr'><strong>disciplinae,</strong></span> <span class='ocrx_word' id='word_1_370' title='bbox 1508 2829 1705 2885; x_wconf 89' lang='lat' dir='ltr'><strong>accidit</strong></span> <span class='ocrx_word' id='word_1_371' title='bbox 1732 2828 1940 2898; x_wconf 88' lang='lat' dir='ltr'><strong>iustitia</strong></span> <span class='ocrx_word' id='word_1_372' title='bbox 1991 2836 2049 2883; x_wconf 91' lang='lat' dir='ltr'><strong>et</strong></span> <span class='ocrx_word' id='word_1_373' title='bbox 2090 2828 2231 2897; x_wconf 86' lang='lat' dir='ltr'><strong>iniu-</strong></span> 
     </span>
    </p>
   </div>
   <div class='ocr_carea' id='block_1_45' title="bbox 606 2920 2231 2990">
    <p class='ocr_par' dir='ltr' id='par_1_45' title="bbox 606 2920 2231 2990">
     <span class='ocr_line' id='line_1_45' title="bbox 606 2920 2231 2990; baseline -0.005 -9"><span class='ocrx_word' id='word_1_374' title='bbox 606 2926 823 2990; x_wconf 78' lang='lat' dir='ltr'><strong>&#39;stitia,‘</strong></span> <span class='ocrx_word' id='word_1_375' title='bbox 839 2924 1061 2980; x_wconf 83' lang='lat' dir='ltr'><strong>castitas</strong></span> <span class='ocrx_word' id='word_1_376' title='bbox 1085 2932 1145 2978; x_wconf 85' lang='lat' dir='ltr'><strong>et</strong></span> <span class='ocrx_word' id='word_1_377' title='bbox 1185 2922 1372 2977; x_wconf 88' lang='lat' dir='ltr'><strong>libido.</strong></span> <span class='ocrx_word' id='word_1_378' title='bbox 1405 2922 1651 2988; x_wconf 83' lang='lat' dir='ltr'><strong>Quatuor</strong></span> <span class='ocrx_word' id='word_1_379' title='bbox 1675 2922 1821 2976; x_wconf 89' lang='lat' dir='ltr'><strong>enim</strong></span> <span class='ocrx_word' id='word_1_380' title='bbox 1848 2927 1977 2976; x_wconf 88' lang='lat' dir='ltr'><strong>sunt</strong></span> <span class='ocrx_word' id='word_1_381' title='bbox 2001 2920 2231 2974; x_wconf 78' lang='lat' dir='ltr'><strong>virtutes</strong></span> 
     </span>
    </p>
   </div>
   <div class='ocr_carea' id='block_1_46' title="bbox 636 3009 2230 3083">
    <p class='ocr_par' dir='ltr' id='par_1_46' title="bbox 636 3009 2230 3083">
     <span class='ocr_line' id='line_1_46' title="bbox 636 3009 2230 3083; baseline -0.002 -15"><span class='ocrx_word' id='word_1_382' title='bbox 636 3013 980 3083; x_wconf 83' lang='lat' dir='ltr'><strong>principales,</strong></span> <span class='ocrx_word' id='word_1_383' title='bbox 1010 3013 1065 3067; x_wconf 89' lang='lat' dir='ltr'><strong>id</strong></span> <span class='ocrx_word' id='word_1_384' title='bbox 1089 3020 1204 3078; x_wconf 89' lang='lat' dir='ltr'><strong>est,</strong></span> <span class='ocrx_word' id='word_1_385' title='bbox 1225 3012 1540 3082; x_wconf 82' lang='lat' dir='ltr'><strong>prudentia,</strong></span> <span class='ocrx_word' id='word_1_386' title='bbox 1572 3012 1946 3081; x_wconf 86' lang='lat' dir='ltr'><strong>temperantia,</strong></span> <span class='ocrx_word' id='word_1_387' title='bbox 1971 3009 2230 3066; x_wconf 73' lang='lat' dir='ltr'><strong>fortitudo</strong></span> 
     </span>
    </p>
   </div>
   <div class='ocr_carea' id='block_1_47' title="bbox 639 3101 2231 3173">
    <p class='ocr_par' dir='ltr' id='par_1_47' title="bbox 639 3101 2231 3173">
     <span class='ocr_line' id='line_1_47' title="bbox 639 3101 2231 3173; baseline -0.002 -14"><span class='ocrx_word' id='word_1_388' title='bbox 639 3110 695 3159; x_wconf 89' lang='lat' dir='ltr'><strong>et</strong></span> <span class='ocrx_word' id='word_1_389' title='bbox 717 3103 947 3173; x_wconf 78' lang='lat' dir='ltr'><strong>iustitia.</strong></span> <span class='ocrx_word' id='word_1_390' title='bbox 978 3104 1096 3160; x_wconf 76' lang='lat' dir='ltr'><strong>Non</strong></span> <span class='ocrx_word' id='word_1_391' title='bbox 1124 3104 1268 3159; x_wconf 92' lang='lat' dir='ltr'><strong>enim</strong></span> <span class='ocrx_word' id='word_1_392' title='bbox 1307 3105 1413 3158; x_wconf 86' lang='lat' dir='ltr'><strong>hoc</strong></span> <span class='ocrx_word' id='word_1_393' title='bbox 1449 3112 1534 3158; x_wconf 90' lang='lat' dir='ltr'><strong>est</strong></span> <span class='ocrx_word' id='word_1_394' title='bbox 1557 3102 1587 3140; x_wconf 70' lang='grc' dir='ltr'><strong>ιι</strong></span> <span class='ocrx_word' id='word_1_395' title='bbox 1616 3103 1791 3157; x_wconf 85' lang='lat' dir='ltr'><strong>anima</strong></span> <span class='ocrx_word' id='word_1_396' title='bbox 1829 3102 1975 3171; x_wconf 89' lang='lat' dir='ltr'><strong>quod</strong></span> <span class='ocrx_word' id='word_1_397' title='bbox 2004 3101 2231 3173; x_wconf 91' lang='lat' dir='ltr'><strong>pruden-</strong></span> 
     </span>
    </p>
   </div>
   <div class='ocr_carea' id='block_1_48' title="bbox 2328 1913 3930 1984">
    <p class='ocr_par' dir='ltr' id='par_1_48' title="bbox 2328 1913 3930 1984">
     <span class='ocr_line' id='line_1_48' title="bbox 2328 1913 3930 1984; baseline 0.002 -16"><span class='ocrx_word' id='word_1_398' title='bbox 2328 1913 2433 1969; x_wconf 82' lang='lat' dir='ltr'><strong>bus</strong></span> <span class='ocrx_word' id='word_1_399' title='bbox 2456 1913 2684 1983; x_wconf 88' lang='lat' dir='ltr'><strong>iudicas,</strong></span> <span class='ocrx_word' id='word_1_400' title='bbox 2715 1913 2842 1968; x_wconf 91' lang='lat' dir='ltr'><strong>dum</strong></span> <span class='ocrx_word' id='word_1_401' title='bbox 2867 1921 2922 1968; x_wconf 93' lang='lat' dir='ltr'><strong>et</strong></span> <span class='ocrx_word' id='word_1_402' title='bbox 2950 1915 3148 1969; x_wconf 89' lang='lat' dir='ltr'><strong>rationi</strong></span> <span class='ocrx_word' id='word_1_403' title='bbox 3167 1915 3527 1984; x_wconf 89' lang='lat' dir='ltr'><strong>conjungeris,</strong></span> <span class='ocrx_word' id='word_1_404' title='bbox 3556 1915 3685 1971; x_wconf 90' lang='lat' dir='ltr'><strong>dum</strong></span> <span class='ocrx_word' id='word_1_405' title='bbox 3713 1925 3930 1972; x_wconf 76' lang='lat' dir='ltr'><strong>aeterme</strong></span> 
     </span>
    </p>
   </div>
   <div class='ocr_carea' id='block_1_49' title="bbox 2330 2000 3930 2076">
    <p class='ocr_par' dir='ltr' id='par_1_49' title="bbox 2330 2000 3930 2076">
     <span class='ocr_line' id='line_1_49' title="bbox 2330 2000 3930 2076; baseline 0.003 -17"><span class='ocrx_word' id='word_1_406' title='bbox 2330 2007 2574 2061; x_wconf 84' lang='lat' dir='ltr'><strong>veritatis</strong></span> <span class='ocrx_word' id='word_1_407' title='bbox 2600 2005 2675 2061; x_wconf 88' lang='lat' dir='ltr'><strong>sis</strong></span> <span class='ocrx_word' id='word_1_408' title='bbox 2703 2006 2987 2076; x_wconf 88' lang='lat' dir='ltr'><strong>particeps.</strong></span> <span class='ocrx_word' id='word_1_409' title='bbox 3019 2005 3138 2061; x_wconf 81' lang='lat' dir='ltr'><strong>Non</strong></span> <span class='ocrx_word' id='word_1_410' title='bbox 3167 2006 3309 2061; x_wconf 90' lang='lat' dir='ltr'><strong>enim</strong></span> <span class='ocrx_word' id='word_1_411' title='bbox 3354 2022 3383 2060; x_wconf 91' lang='lat' dir='ltr'><strong>a</strong></span> <span class='ocrx_word' id='word_1_412' title='bbox 3420 2015 3475 2061; x_wconf 91' lang='lat' dir='ltr'><strong>te</strong></span> <span class='ocrx_word' id='word_1_413' title='bbox 3503 2000 3774 2076; x_wconf 82' lang='lat' dir='ltr'><strong>diligenda</strong></span> <span class='ocrx_word' id='word_1_414' title='bbox 3803 2014 3930 2064; x_wconf 89' lang='lat' dir='ltr'><strong>sunt</strong></span> 
     </span>
    </p>
   </div>
   <div class='ocr_carea' id='block_1_50' title="bbox 2332 2090 3927 2169">
    <p class='ocr_par' dir='ltr' id='par_1_50' title="bbox 2332 2090 3927 2169">
     <span class='ocr_line' id='line_1_50' title="bbox 2332 2090 3927 2169; baseline 0.001 -17"><span class='ocrx_word' id='word_1_415' title='bbox 2332 2112 2452 2169; x_wconf 74' lang='lat' dir='ltr'><strong>qua:</strong></span> <span class='ocrx_word' id='word_1_416' title='bbox 2482 2090 2617 2153; x_wconf 75' lang='lat' dir='ltr'><strong>inira</strong></span> <span class='ocrx_word' id='word_1_417' title='bbox 2646 2106 2700 2153; x_wconf 88' lang='lat' dir='ltr'><strong>te</strong></span> <span class='ocrx_word' id='word_1_418' title='bbox 2727 2105 2889 2163; x_wconf 88' lang='lat' dir='ltr'><strong>sunt;</strong></span> <span class='ocrx_word' id='word_1_419' title='bbox 2919 2106 2975 2152; x_wconf 91' lang='lat' dir='ltr'><strong>et</strong></span> <span class='ocrx_word' id='word_1_420' title='bbox 2996 2099 3240 2167; x_wconf 86' lang='lat' dir='ltr'><strong>quamvis</strong></span> <span class='ocrx_word' id='word_1_421' title='bbox 3266 2112 3521 2153; x_wconf 88' lang='lat' dir='ltr'><strong>mensura</strong></span> <span class='ocrx_word' id='word_1_422' title='bbox 3565 2099 3718 2167; x_wconf 88' lang='lat' dir='ltr'><strong>insit,</strong></span> <span class='ocrx_word' id='word_1_423' title='bbox 3763 2107 3818 2153; x_wconf 94' lang='lat' dir='ltr'><strong>tu</strong></span> <span class='ocrx_word' id='word_1_424' title='bbox 3845 2113 3927 2154; x_wconf 83' lang='lat' dir='ltr'><strong>ta-</strong></span> 
     </span>
    </p>
   </div>
   <div class='ocr_carea' id='block_1_51' title="bbox 2332 2188 3926 2258">
    <p class='ocr_par' dir='ltr' id='par_1_51' title="bbox 2332 2188 3926 2258">
     <span class='ocr_line' id='line_1_51' title="bbox 2332 2188 3926 2258; baseline 0.001 -14"><span class='ocrx_word' id='word_1_425' title='bbox 2332 2205 2456 2245; x_wconf 88' lang='lat' dir='ltr'><strong>men</strong></span> <span class='ocrx_word' id='word_1_426' title='bbox 2477 2204 2729 2245; x_wconf 88' lang='lat' dir='ltr'><strong>mensura</strong></span> <span class='ocrx_word' id='word_1_427' title='bbox 2759 2204 2867 2243; x_wconf 93' lang='lat' dir='ltr'><strong>non</strong></span> <span class='ocrx_word' id='word_1_428' title='bbox 2893 2204 2970 2244; x_wconf 92' lang='lat' dir='ltr'><strong>es.</strong></span> <span class='ocrx_word' id='word_1_429' title='bbox 3015 2188 3342 2258; x_wconf 87' lang='lat' dir='ltr'><strong>Cogitationi</strong></span> <span class='ocrx_word' id='word_1_430' title='bbox 3386 2196 3491 2243; x_wconf 77' lang='lat' dir='ltr'><strong>tua:</strong></span> <span class='ocrx_word' id='word_1_431' title='bbox 3520 2204 3795 2256; x_wconf 77' lang='lat' dir='ltr'><strong>numerus,</strong></span> <span class='ocrx_word' id='word_1_432' title='bbox 3824 2207 3926 2245; x_wconf 82' lang='lat' dir='ltr'><strong>vo-</strong></span> 
     </span>
    </p>
   </div>
   <div class='ocr_carea' id='block_1_52' title="bbox 2330 2279 3931 2351">
    <p class='ocr_par' dir='ltr' id='par_1_52' title="bbox 2330 2279 3931 2351">
     <span class='ocr_line' id='line_1_52' title="bbox 2330 2279 3931 2351; baseline 0.001 -17"><span class='ocrx_word' id='word_1_433' title='bbox 2330 2280 2634 2351; x_wconf 76' lang='lat' dir='ltr'><strong>luptatique</strong></span> <span class='ocrx_word' id='word_1_434' title='bbox 2664 2287 2768 2333; x_wconf 84' lang='lat' dir='ltr'><strong>tuae</strong></span> <span class='ocrx_word' id='word_1_435' title='bbox 2795 2279 3006 2351; x_wconf 89' lang='lat' dir='ltr'><strong>pondus</strong></span> <span class='ocrx_word' id='word_1_436' title='bbox 3039 2297 3051 2331; x_wconf 92' lang='lat'><strong>:</strong></span> <span class='ocrx_word' id='word_1_437' title='bbox 3086 2287 3145 2333; x_wconf 92' lang='lat' dir='ltr'><strong>tu</strong></span> <span class='ocrx_word' id='word_1_438' title='bbox 3171 2279 3377 2334; x_wconf 89' lang='lat' dir='ltr'><strong>scilicet</strong></span> <span class='ocrx_word' id='word_1_439' title='bbox 3404 2295 3505 2335; x_wconf 86' lang='lat' dir='ltr'><strong>nec</strong></span> <span class='ocrx_word' id='word_1_440' title='bbox 3527 2296 3799 2346; x_wconf 75' lang='lat' dir='ltr'><strong>numerus,</strong></span> <span class='ocrx_word' id='word_1_441' title='bbox 3828 2296 3931 2337; x_wconf 88' lang='lat' dir='ltr'><strong>nec</strong></span> 
     </span>
    </p>
   </div>
   <div class='ocr_carea' id='block_1_53' title="bbox 2302 2369 3930 2443">
    <p class='ocr_par' dir='ltr' id='par_1_53' title="bbox 2302 2369 3930 2443">
     <span class='ocr_line' id='line_1_53' title="bbox 2302 2369 3930 2443; baseline -0.001 -15"><span class='ocrx_word' id='word_1_442' title='bbox 2302 2370 2305 2375; x_wconf 86' lang='grc'><em>’</em></span> <span class='ocrx_word' id='word_1_443' title='bbox 2333 2372 2543 2443; x_wconf 87' lang='lat' dir='ltr'><strong>pondus</strong></span> <span class='ocrx_word' id='word_1_444' title='bbox 2570 2387 2648 2427; x_wconf 92' lang='lat' dir='ltr'><strong>es.</strong></span> <span class='ocrx_word' id='word_1_445' title='bbox 2682 2369 2844 2427; x_wconf 81' lang='lat' dir='ltr'><strong>Refer</strong></span> <span class='ocrx_word' id='word_1_446' title='bbox 2870 2371 3203 2426; x_wconf 85' lang='lat' dir='ltr'><strong>voluntatem</strong></span> <span class='ocrx_word' id='word_1_447' title='bbox 3234 2372 3313 2426; x_wconf 88' lang='lat' dir='ltr'><strong>tui</strong></span> <span class='ocrx_word' id='word_1_448' title='bbox 3338 2372 3538 2427; x_wconf 86' lang='lat' dir='ltr'><strong>amoris</strong></span> <span class='ocrx_word' id='word_1_449' title='bbox 3562 2372 3628 2426; x_wconf 81' lang='lat' dir='ltr'><strong>ad</strong></span> <span class='ocrx_word' id='word_1_450' title='bbox 3652 2373 3802 2427; x_wconf 90' lang='lat' dir='ltr'><strong>illum</strong></span> <span class='ocrx_word' id='word_1_451' title='bbox 3829 2388 3930 2427; x_wconf 88' lang='lat' dir='ltr'><strong>nn-</strong></span> 
     </span>
    </p>
   </div>
   <div class='ocr_carea' id='block_1_54' title="bbox 2333 2461 3930 2532">
    <p class='ocr_par' dir='ltr' id='par_1_54' title="bbox 2333 2461 3930 2532">
     <span class='ocr_line' id='line_1_54' title="bbox 2333 2461 3930 2532; baseline -0.001 -14"><span class='ocrx_word' id='word_1_452' title='bbox 2333 2478 2542 2518; x_wconf 89' lang='lat' dir='ltr'><strong>merum</strong></span> <span class='ocrx_word' id='word_1_453' title='bbox 2565 2463 2681 2517; x_wconf 91' lang='lat' dir='ltr'><strong>sine</strong></span> <span class='ocrx_word' id='word_1_454' title='bbox 2706 2476 2952 2527; x_wconf 90' lang='lat' dir='ltr'><strong>numero,</strong></span> <span class='ocrx_word' id='word_1_455' title='bbox 2978 2461 3046 2517; x_wconf 89' lang='lat' dir='ltr'><strong>de</strong></span> <span class='ocrx_word' id='word_1_456' title='bbox 3086 2477 3195 2532; x_wconf 92' lang='lat' dir='ltr'><strong>quo</strong></span> <span class='ocrx_word' id='word_1_457' title='bbox 3232 2461 3516 2518; x_wconf 82' lang='lat' dir='ltr'><strong>Psalmista</strong></span> <span class='ocrx_word' id='word_1_458' title='bbox 3557 2463 3686 2518; x_wconf 80' lang='lat' dir='ltr'><strong>dicit</strong></span> <span class='ocrx_word' id='word_1_459' title='bbox 3712 2483 3725 2515; x_wconf 90' lang='lat'><strong>:</strong></span> <span class='ocrx_word' id='word_1_460' title='bbox 3752 2463 3930 2518; x_wconf 74' lang='lat' dir='ltr'><strong>Etsa—</strong></span> 
     </span>
    </p>
   </div>
   <div class='ocr_carea' id='block_1_55' title="bbox 2332 2554 3931 2627">
    <p class='ocr_par' dir='ltr' id='par_1_55' title="bbox 2332 2554 3931 2627">
     <span class='ocr_line' id='line_1_55' title="bbox 2332 2554 3931 2627; baseline 0.001 -17"><span class='ocrx_word' id='word_1_461' title='bbox 2332 2557 2541 2626; x_wconf 74' lang='lat' dir='ltr'><strong>pientia:</strong></span> <span class='ocrx_word' id='word_1_462' title='bbox 2590 2554 2704 2625; x_wconf 82' lang='lat' dir='ltr'><strong>ejus</strong></span> <span class='ocrx_word' id='word_1_463' title='bbox 2737 2570 2840 2609; x_wconf 83' lang='lat' dir='ltr'><strong>non</strong></span> <span class='ocrx_word' id='word_1_464' title='bbox 2889 2564 2966 2610; x_wconf 82' lang='lat' dir='ltr'><strong>est</strong></span> <span class='ocrx_word' id='word_1_465' title='bbox 3014 2570 3256 2609; x_wconf 81' lang='lat' dir='ltr'><strong>numerus</strong></span> <span class='ocrx_word' id='word_1_466' title='bbox 3299 2554 3469 2627; x_wconf 82' lang='lat' dir='ltr'><strong>(Psal.</strong></span> <span class='ocrx_word' id='word_1_467' title='bbox 3500 2572 3671 2621; x_wconf 78' lang='lat' dir='ltr'><strong>chvi,</strong></span> <span class='ocrx_word' id='word_1_468' title='bbox 3722 2556 3815 2625; x_wconf 68' lang='lat'><strong>5);</strong></span> <span class='ocrx_word' id='word_1_469' title='bbox 3861 2557 3931 2611; x_wconf 87' lang='lat' dir='ltr'><strong>ad</strong></span> 
     </span>
    </p>
   </div>
   <div class='ocr_carea' id='block_1_56' title="bbox 2328 2646 3930 2716">
    <p class='ocr_par' dir='ltr' id='par_1_56' title="bbox 2328 2646 3930 2716">
     <span class='ocr_line' id='line_1_56' title="bbox 2328 2646 3930 2716; baseline 0.002 -15"><span class='ocrx_word' id='word_1_470' title='bbox 2328 2646 2479 2701; x_wconf 79' lang='lat' dir='ltr'><strong>illam</strong></span> <span class='ocrx_word' id='word_1_471' title='bbox 2511 2658 2814 2702; x_wconf 84' lang='lat' dir='ltr'><strong>mensuram</strong></span> <span class='ocrx_word' id='word_1_472' title='bbox 2852 2646 2968 2701; x_wconf 81' lang='lat' dir='ltr'><strong>sine</strong></span> <span class='ocrx_word' id='word_1_473' title='bbox 3009 2661 3281 2711; x_wconf 87' lang='lat' dir='ltr'><strong>mensura,</strong></span> <span class='ocrx_word' id='word_1_474' title='bbox 3308 2647 3373 2701; x_wconf 87' lang='lat' dir='ltr'><strong>ad</strong></span> <span class='ocrx_word' id='word_1_475' title='bbox 3401 2647 3526 2701; x_wconf 74' lang='lat' dir='ltr'><strong>illud</strong></span> <span class='ocrx_word' id='word_1_476' title='bbox 3552 2648 3763 2716; x_wconf 86' lang='lat' dir='ltr'><strong>pondus</strong></span> <span class='ocrx_word' id='word_1_477' title='bbox 3805 2650 3930 2704; x_wconf 88' lang='lat' dir='ltr'><strong>sine</strong></span> 
     </span>
    </p>
   </div>
   <div class='ocr_carea' id='block_1_57' title="bbox 2333 2729 3919 2809">
    <p class='ocr_par' dir='ltr' id='par_1_57' title="bbox 2333 2729 3919 2809">
     <span class='ocr_line' id='line_1_57' title="bbox 2333 2729 3919 2809; baseline 0.002 -16"><span class='ocrx_word' id='word_1_478' title='bbox 2333 2739 2593 2809; x_wconf 89' lang='lat' dir='ltr'><strong>pondere,</strong></span> <span class='ocrx_word' id='word_1_479' title='bbox 2621 2752 2651 2793; x_wconf 91' lang='lat' dir='ltr'><strong>a</strong></span> <span class='ocrx_word' id='word_1_480' title='bbox 2682 2753 2790 2808; x_wconf 90' lang='lat' dir='ltr'><strong>quo</strong></span> <span class='ocrx_word' id='word_1_481' title='bbox 2820 2741 3000 2795; x_wconf 91' lang='lat' dir='ltr'><strong>omnia</strong></span> <span class='ocrx_word' id='word_1_482' title='bbox 3023 2729 3387 2809; x_wconf 82' lang='lat' dir='ltr'><strong>ponderantur</strong></span> <span class='ocrx_word' id='word_1_483' title='bbox 3429 2749 3483 2794; x_wconf 92' lang='lat' dir='ltr'><strong>et</strong></span> <span class='ocrx_word' id='word_1_484' title='bbox 3508 2751 3919 2796; x_wconf 88' lang='lat' dir='ltr'><strong>mensurantur.</strong></span> 
     </span>
    </p>
   </div>
   <div class='ocr_carea' id='block_1_58' title="bbox 2328 2827 3922 2900">
    <p class='ocr_par' dir='ltr' id='par_1_58' title="bbox 2328 2827 3922 2900">
     <span class='ocr_line' id='line_1_58' title="bbox 2328 2827 3922 2900; baseline 0.004 -18"><span class='ocrx_word' id='word_1_485' title='bbox 2328 2827 2511 2900; x_wconf 76' lang='lat' dir='ltr'><strong>ipsum</strong></span> <span class='ocrx_word' id='word_1_486' title='bbox 2540 2838 2624 2883; x_wconf 92' lang='lat' dir='ltr'><strong>est</strong></span> <span class='ocrx_word' id='word_1_487' title='bbox 2651 2844 2916 2883; x_wconf 89' lang='lat' dir='ltr'><strong>summum</strong></span> <span class='ocrx_word' id='word_1_488' title='bbox 2941 2830 3144 2884; x_wconf 91' lang='lat' dir='ltr'><strong>bonum</strong></span> <span class='ocrx_word' id='word_1_489' title='bbox 3174 2845 3205 2884; x_wconf 91' lang='lat' dir='ltr'><strong>a</strong></span> <span class='ocrx_word' id='word_1_490' title='bbox 3232 2845 3336 2899; x_wconf 91' lang='lat' dir='ltr'><strong>quo</strong></span> <span class='ocrx_word' id='word_1_491' title='bbox 3380 2830 3515 2887; x_wconf 83' lang='lat' dir='ltr'><strong>iacta</strong></span> <span class='ocrx_word' id='word_1_492' title='bbox 3562 2834 3685 2885; x_wconf 77' lang='lat' dir='ltr'><strong>Sunt</strong></span> <span class='ocrx_word' id='word_1_493' title='bbox 3731 2835 3922 2888; x_wconf 86' lang='lat' dir='ltr'><strong>omnia</strong></span> 
     </span>
    </p>
   </div>
   <div class='ocr_carea' id='block_1_59' title="bbox 2332 2918 3926 2991">
    <p class='ocr_par' dir='ltr' id='par_1_59' title="bbox 2332 2918 3926 2991">
     <span class='ocr_line' id='line_1_59' title="bbox 2332 2918 3926 2991; baseline 0.003 -17"><span class='ocrx_word' id='word_1_494' title='bbox 2332 2932 2619 2989; x_wconf 86' lang='lat' dir='ltr'><strong>corporum</strong></span> <span class='ocrx_word' id='word_1_495' title='bbox 2656 2930 2855 2987; x_wconf 79' lang='lat' dir='ltr'><strong>genera</strong></span> <span class='ocrx_word' id='word_1_496' title='bbox 2904 2918 3067 2974; x_wconf 90' lang='lat' dir='ltr'><strong>bona.</strong></span> <span class='ocrx_word' id='word_1_497' title='bbox 3115 2918 3295 2991; x_wconf 83' lang='lat' dir='ltr'><strong>Ipsum</strong></span> <span class='ocrx_word' id='word_1_498' title='bbox 3333 2922 3673 2977; x_wconf 87' lang='lat' dir='ltr'><strong>rationalium</strong></span> <span class='ocrx_word' id='word_1_499' title='bbox 3722 2938 3926 2991; x_wconf 76' lang='lat' dir='ltr'><strong>magna</strong></span> 
     </span>
    </p>
   </div>
   <div class='ocr_carea' id='block_1_60' title="bbox 2334 3009 3927 3082">
    <p class='ocr_par' dir='ltr' id='par_1_60' title="bbox 2334 3009 3927 3082">
     <span class='ocr_line' id='line_1_60' title="bbox 2334 3009 3927 3082; baseline 0.003 -17"><span class='ocrx_word' id='word_1_500' title='bbox 2334 3009 2496 3076; x_wconf 90' lang='lat' dir='ltr'><strong>bona,</strong></span> <span class='ocrx_word' id='word_1_501' title='bbox 2526 3025 2588 3066; x_wconf 91' lang='lat' dir='ltr'><strong>re</strong></span> <span class='ocrx_word' id='word_1_502' title='bbox 2616 3011 2803 3080; x_wconf 87' lang='lat' dir='ltr'><strong>utique</strong></span> <span class='ocrx_word' id='word_1_503' title='bbox 2828 3010 2971 3066; x_wconf 91' lang='lat' dir='ltr'><strong>bona</strong></span> <span class='ocrx_word' id='word_1_504' title='bbox 3015 3020 3069 3066; x_wconf 90' lang='lat' dir='ltr'><strong>et</strong></span> <span class='ocrx_word' id='word_1_505' title='bbox 3096 3027 3293 3082; x_wconf 84' lang='lat' dir='ltr'><strong>magna</strong></span> <span class='ocrx_word' id='word_1_506' title='bbox 3330 3013 3475 3068; x_wconf 89' lang='lat' dir='ltr'><strong>bona</strong></span> <span class='ocrx_word' id='word_1_507' title='bbox 3515 3031 3781 3070; x_wconf 86' lang='lat' dir='ltr'><strong>summum</strong></span> <span class='ocrx_word' id='word_1_508' title='bbox 3826 3017 3927 3070; x_wconf 56' lang='lat' dir='ltr'><strong>bo-</strong></span> 
     </span>
    </p>
   </div>
   <div class='ocr_carea' id='block_1_61' title="bbox 2332 3102 3925 3189">
    <p class='ocr_par' dir='ltr' id='par_1_61' title="bbox 2332 3102 3925 3189">
     <span class='ocr_line' id='line_1_61' title="bbox 2332 3102 3925 3189; baseline 0.004 -33"><span class='ocrx_word' id='word_1_509' title='bbox 2332 3117 2462 3157; x_wconf 91' lang='lat' dir='ltr'><strong>num</strong></span> <span class='ocrx_word' id='word_1_510' title='bbox 2490 3117 2630 3169; x_wconf 89' lang='lat' dir='ltr'><strong>ama,</strong></span> <span class='ocrx_word' id='word_1_511' title='bbox 2662 3102 2999 3172; x_wconf 84' lang='lat' dir='ltr'><strong>simplexque</strong></span> <span class='ocrx_word' id='word_1_512' title='bbox 3025 3103 3247 3171; x_wconf 89' lang='lat' dir='ltr'><strong>bonum,</strong></span> <span class='ocrx_word' id='word_1_513' title='bbox 3275 3104 3326 3159; x_wconf 92' lang='lat' dir='ltr'><strong>id</strong></span> <span class='ocrx_word' id='word_1_514' title='bbox 3343 3115 3460 3189; x_wconf 37' lang='lat' dir='ltr'><strong>.est,</strong></span> <span class='ocrx_word' id='word_1_515' title='bbox 3492 3104 3650 3161; x_wconf 81' lang='lat' dir='ltr'><strong>Pater</strong></span> <span class='ocrx_word' id='word_1_516' title='bbox 3678 3116 3733 3161; x_wconf 90' lang='lat' dir='ltr'><strong>et</strong></span> <span class='ocrx_word' id='word_1_517' title='bbox 3760 3108 3925 3163; x_wconf 83' lang='lat' dir='ltr'><strong>Filius</strong></span> 
     </span>
    </p>
   </div>
   <div class='ocr_carea' id='block_1_62' title="bbox 641 3192 3922 3265">
    <p class='ocr_par' dir='ltr' id='par_1_62' title="bbox 641 3192 3922 3265">
     <span class='ocr_line' id='line_1_62' title="bbox 641 3192 3922 3265; baseline 0.001 -15"><span class='ocrx_word' id='word_1_518' title='bbox 641 3196 734 3262; x_wconf 90' lang='lat' dir='ltr'><strong>tia,</strong></span> <span class='ocrx_word' id='word_1_519' title='bbox 766 3211 867 3251; x_wconf 91' lang='lat' dir='ltr'><strong>nec</strong></span> <span class='ocrx_word' id='word_1_520' title='bbox 900 3196 1079 3265; x_wconf 88' lang='lat' dir='ltr'><strong>iustus</strong></span> <span class='ocrx_word' id='word_1_521' title='bbox 1117 3196 1263 3265; x_wconf 92' lang='lat' dir='ltr'><strong>quod</strong></span> <span class='ocrx_word' id='word_1_522' title='bbox 1298 3195 1529 3263; x_wconf 87' lang='lat' dir='ltr'><strong>iustitia,</strong></span> <span class='ocrx_word' id='word_1_523' title='bbox 1562 3209 1663 3249; x_wconf 91' lang='lat' dir='ltr'><strong>nec</strong></span> <span class='ocrx_word' id='word_1_524' title='bbox 1706 3202 2043 3264; x_wconf 88' lang='lat' dir='ltr'><strong>temperatus</strong></span> <span class='ocrx_word' id='word_1_525' title='bbox 2087 3193 2233 3263; x_wconf 90' lang='lat' dir='ltr'><strong>quod</strong></span> <span class='ocrx_word' id='word_1_526' title='bbox 2261 3198 2309 3261; x_wconf 86' lang='lat' dir='ltr'>C</span> <span class='ocrx_word' id='word_1_527' title='bbox 2338 3200 2394 3247; x_wconf 88' lang='lat' dir='ltr'><strong>et</strong></span> <span class='ocrx_word' id='word_1_528' title='bbox 2420 3192 2651 3262; x_wconf 88' lang='lat' dir='ltr'><strong>Spiritus</strong></span> <span class='ocrx_word' id='word_1_529' title='bbox 2677 3202 2912 3249; x_wconf 88' lang='lat' dir='ltr'><strong>sanctus.</strong></span> <span class='ocrx_word' id='word_1_530' title='bbox 2947 3192 3180 3249; x_wconf 87' lang='lat' dir='ltr'><strong>Trinitas</strong></span> <span class='ocrx_word' id='word_1_531' title='bbox 3227 3195 3345 3252; x_wconf 72' lang='lat' dir='ltr'><strong>hmo</strong></span> <span class='ocrx_word' id='word_1_532' title='bbox 3376 3212 3514 3252; x_wconf 91' lang='lat' dir='ltr'><strong>unus</strong></span> <span class='ocrx_word' id='word_1_533' title='bbox 3548 3199 3708 3254; x_wconf 83' lang='lat' dir='ltr'><strong>Deus.</strong></span> <span class='ocrx_word' id='word_1_534' title='bbox 3742 3198 3808 3252; x_wconf 85' lang='lat' dir='ltr'><strong>Et</strong></span> <span class='ocrx_word' id='word_1_535' title='bbox 3839 3209 3922 3254; x_wconf 88' lang='lat' dir='ltr'><strong>ta-</strong></span> 
     </span>
    </p>
   </div>
   <div class='ocr_carea' id='block_1_63' title="bbox 610 3281 3920 3358">
    <p class='ocr_par' dir='ltr' id='par_1_63' title="bbox 610 3281 3920 3358">
     <span class='ocr_line' id='line_1_63' title="bbox 610 3281 3920 3358; baseline 0.001 -17"><span class='ocrx_word' id='word_1_536' title='bbox 610 3300 615 3309; x_wconf 79' lang='lat'><strong><em>‘</em></strong></span> <span class='ocrx_word' id='word_1_537' title='bbox 640 3285 1017 3356; x_wconf 85' lang='lat' dir='ltr'><strong>temperantia,</strong></span> <span class='ocrx_word' id='word_1_538' title='bbox 1045 3296 1150 3339; x_wconf 85' lang='lat' dir='ltr'><strong>nec</strong></span> <span class='ocrx_word' id='word_1_539' title='bbox 1176 3282 1330 3338; x_wconf 71' lang='lat' dir='ltr'><strong>fortis</strong></span> <span class='ocrx_word' id='word_1_540' title='bbox 1346 3283 1494 3351; x_wconf 88' lang='lat' dir='ltr'><strong>quod</strong></span> <span class='ocrx_word' id='word_1_541' title='bbox 1516 3281 1793 3337; x_wconf 74' lang='lat' dir='ltr'><strong>fortitudo.</strong></span> <span class='ocrx_word' id='word_1_542' title='bbox 1827 3282 1983 3337; x_wconf 81' lang='lat' dir='ltr'><strong>Aliud</strong></span> <span class='ocrx_word' id='word_1_543' title='bbox 2003 3290 2089 3338; x_wconf 90' lang='lat' dir='ltr'><strong>est</strong></span> <span class='ocrx_word' id='word_1_544' title='bbox 2115 3299 2235 3339; x_wconf 92' lang='lat' dir='ltr'><strong>esse</strong></span> <span class='ocrx_word' id='word_1_545' title='bbox 2337 3299 2460 3339; x_wconf 92' lang='lat' dir='ltr'><strong>men</strong></span> <span class='ocrx_word' id='word_1_546' title='bbox 2484 3284 2561 3340; x_wconf 90' lang='lat' dir='ltr'><strong>sic</strong></span> <span class='ocrx_word' id='word_1_547' title='bbox 2589 3284 2912 3352; x_wconf 91' lang='lat' dir='ltr'><strong>diligendum</strong></span> <span class='ocrx_word' id='word_1_548' title='bbox 2943 3293 3025 3340; x_wconf 92' lang='lat' dir='ltr'><strong>est</strong></span> <span class='ocrx_word' id='word_1_549' title='bbox 3052 3301 3249 3357; x_wconf 87' lang='lat' dir='ltr'><strong>corpus</strong></span> <span class='ocrx_word' id='word_1_550' title='bbox 3276 3296 3331 3342; x_wconf 91' lang='lat' dir='ltr'><strong>et</strong></span> <span class='ocrx_word' id='word_1_551' title='bbox 3358 3288 3593 3358; x_wconf 88' lang='lat' dir='ltr'><strong>spiritus,</strong></span> <span class='ocrx_word' id='word_1_552' title='bbox 3624 3291 3920 3345; x_wconf 77' lang='lat' dir='ltr'><strong>secundam</strong></span> 
     </span>
    </p>
   </div>
   <div class='ocr_carea' id='block_1_64' title="bbox 640 3373 3920 3446">
    <p class='ocr_par' dir='ltr' id='par_1_64' title="bbox 640 3373 3920 3446">
     <span class='ocr_line' id='line_1_64' title="bbox 640 3373 3920 3446; baseline 0 -12"><span class='ocrx_word' id='word_1_553' title='bbox 640 3379 899 3443; x_wconf 80' lang='lat' dir='ltr'><strong>animum,</strong></span> <span class='ocrx_word' id='word_1_554' title='bbox 926 3376 1073 3431; x_wconf 84' lang='lat' dir='ltr'><strong>aliud</strong></span> <span class='ocrx_word' id='word_1_555' title='bbox 1096 3375 1302 3445; x_wconf 88' lang='lat' dir='ltr'><strong>iustum</strong></span> <span class='ocrx_word' id='word_1_556' title='bbox 1347 3374 1604 3428; x_wconf 88' lang='lat' dir='ltr'><strong>nimum.</strong></span> <span class='ocrx_word' id='word_1_557' title='bbox 1637 3373 1774 3428; x_wconf 90' lang='lat' dir='ltr'><strong>Cum</strong></span> <span class='ocrx_word' id='word_1_558' title='bbox 1800 3374 1943 3428; x_wconf 90' lang='lat' dir='ltr'><strong>enim</strong></span> <span class='ocrx_word' id='word_1_559' title='bbox 1987 3373 2109 3430; x_wconf 91' lang='lat' dir='ltr'><strong>dico</strong></span> <span class='ocrx_word' id='word_1_560' title='bbox 2144 3374 2232 3443; x_wconf 87' lang='lat' dir='ltr'><strong>iu-</strong></span> <span class='ocrx_word' id='word_1_561' title='bbox 2336 3374 2481 3445; x_wconf 90' lang='lat' dir='ltr'><strong>quod</strong></span> <span class='ocrx_word' id='word_1_562' title='bbox 2508 3374 2773 3443; x_wconf 86' lang='lat' dir='ltr'><strong>diligenda</strong></span> <span class='ocrx_word' id='word_1_563' title='bbox 2812 3385 2956 3442; x_wconf 88' lang='lat' dir='ltr'><strong>sunt,</strong></span> <span class='ocrx_word' id='word_1_564' title='bbox 2988 3376 3127 3432; x_wconf 90' lang='lat' dir='ltr'><strong>sicut</strong></span> <span class='ocrx_word' id='word_1_565' title='bbox 3164 3378 3382 3446; x_wconf 88' lang='lat' dir='ltr'><strong>quidam</strong></span> <span class='ocrx_word' id='word_1_566' title='bbox 3425 3380 3779 3435; x_wconf 86' lang='lat' dir='ltr'><strong>nobilissimus</strong></span> <span class='ocrx_word' id='word_1_567' title='bbox 3808 3390 3920 3435; x_wconf 84' lang='lat' dir='ltr'><strong>tra-</strong></span> 
     </span>
    </p>
   </div>
   <div class='ocr_carea' id='block_1_65' title="bbox 624 3460 3922 3543">
    <p class='ocr_par' dir='ltr' id='par_1_65' title="bbox 624 3460 3922 3543">
     <span class='ocr_line' id='line_1_65' title="bbox 624 3460 3922 3543; baseline 0.001 -19"><span class='ocrx_word' id='word_1_568' title='bbox 624 3460 1073 3535; x_wconf 30' lang='lat' dir='ltr'><strong>latum-animum,</strong></span> <span class='ocrx_word' id='word_1_569' title='bbox 1104 3468 1214 3522; x_wconf 87' lang='lat' dir='ltr'><strong>duo</strong></span> <span class='ocrx_word' id='word_1_570' title='bbox 1243 3464 1487 3536; x_wconf 78' lang='lat' dir='ltr'><strong>quaedam</strong></span> <span class='ocrx_word' id='word_1_571' title='bbox 1519 3464 1760 3534; x_wconf 85' lang='lat' dir='ltr'><strong>iateliigo</strong></span> <span class='ocrx_word' id='word_1_572' title='bbox 1792 3484 1805 3517; x_wconf 87' lang='lat'><strong>:</strong></span> <span class='ocrx_word' id='word_1_573' title='bbox 1846 3465 1952 3520; x_wconf 88' lang='lat' dir='ltr'><strong>hoc</strong></span> <span class='ocrx_word' id='word_1_574' title='bbox 1992 3465 2135 3520; x_wconf 88' lang='lat' dir='ltr'><strong>enim</strong></span> <span class='ocrx_word' id='word_1_575' title='bbox 2163 3465 2232 3521; x_wconf 93' lang='lat' dir='ltr'><strong>de</strong></span> <span class='ocrx_word' id='word_1_576' title='bbox 2335 3474 2512 3523; x_wconf 89' lang='lat' dir='ltr'><strong>ctator</strong></span> <span class='ocrx_word' id='word_1_577' title='bbox 2530 3475 2837 3523; x_wconf 88' lang='lat' dir='ltr'><strong>sanctarum</strong></span> <span class='ocrx_word' id='word_1_578' title='bbox 2859 3467 3257 3539; x_wconf 87' lang='lat' dir='ltr'><strong>Scripturarum</strong></span> <span class='ocrx_word' id='word_1_579' title='bbox 3285 3470 3420 3525; x_wconf 77' lang='lat' dir='ltr'><strong>dixit</strong></span> <span class='ocrx_word' id='word_1_580' title='bbox 3446 3490 3458 3524; x_wconf 89' lang='lat'>:</span> <span class='ocrx_word' id='word_1_581' title='bbox 3486 3470 3728 3538; x_wconf 83' lang='lat' dir='ltr'><strong>Quatuor</strong></span> <span class='ocrx_word' id='word_1_582' title='bbox 3750 3489 3922 3543; x_wconf 68' lang='lat' dir='ltr'><strong>peius</strong></span> 
     </span>
    </p>
   </div>
   <div class='ocr_carea' id='block_1_66' title="bbox 610 3556 3917 3635">
    <p class='ocr_par' dir='ltr' id='par_1_66' title="bbox 610 3556 3917 3635">
     <span class='ocr_line' id='line_1_66' title="bbox 610 3556 3917 3635; baseline 0 -17"><span class='ocrx_word' id='word_1_583' title='bbox 610 3587 617 3593; x_wconf 89' lang='lat'><strong>-</strong></span> <span class='ocrx_word' id='word_1_584' title='bbox 640 3561 925 3635; x_wconf 83' lang='lat' dir='ltr'><strong>prudentia</strong></span> <span class='ocrx_word' id='word_1_585' title='bbox 948 3567 1010 3616; x_wconf 87' lang='lat' dir='ltr'><strong>et</strong></span> <span class='ocrx_word' id='word_1_586' title='bbox 1037 3558 1394 3630; x_wconf 87' lang='lat' dir='ltr'><strong>temperantia</strong></span> <span class='ocrx_word' id='word_1_587' title='bbox 1415 3565 1472 3613; x_wconf 91' lang='lat' dir='ltr'><strong>et</strong></span> <span class='ocrx_word' id='word_1_588' title='bbox 1495 3556 1811 3614; x_wconf 77' lang='lat' dir='ltr'><strong>fortitudine</strong></span> <span class='ocrx_word' id='word_1_589' title='bbox 1830 3556 2077 3623; x_wconf 83' lang='lat' dir='ltr'><strong>dixerim,</strong></span> <span class='ocrx_word' id='word_1_590' title='bbox 2101 3557 2228 3626; x_wconf 90' lang='lat' dir='ltr'><strong>quia</strong></span> <span class='ocrx_word' id='word_1_591' title='bbox 2334 3560 2636 3616; x_wconf 85' lang='lat' dir='ltr'><strong>dilectionis</strong></span> <span class='ocrx_word' id='word_1_592' title='bbox 2664 3560 2894 3628; x_wconf 89' lang='lat' dir='ltr'><strong>regulas.</strong></span> <span class='ocrx_word' id='word_1_593' title='bbox 2925 3558 3079 3626; x_wconf 86' lang='lat' dir='ltr'><strong>Quod</strong></span> <span class='ocrx_word' id='word_1_594' title='bbox 3107 3575 3269 3632; x_wconf 88' lang='lat' dir='ltr'><strong>supra</strong></span> <span class='ocrx_word' id='word_1_595' title='bbox 3300 3577 3416 3628; x_wconf 89' lang='lat' dir='ltr'><strong>nos,</strong></span> <span class='ocrx_word' id='word_1_596' title='bbox 3449 3562 3592 3631; x_wconf 89' lang='lat' dir='ltr'><strong>quod</strong></span> <span class='ocrx_word' id='word_1_597' title='bbox 3618 3563 3771 3631; x_wconf 86' lang='lat' dir='ltr'><strong>iuxta</strong></span> <span class='ocrx_word' id='word_1_598' title='bbox 3798 3581 3917 3631; x_wconf 83' lang='lat' dir='ltr'><strong>nos,</strong></span> 
     </span>
    </p>
   </div>
   <div class='ocr_carea' id='block_1_67' title="bbox 638 3647 3921 3725">
    <p class='ocr_par' dir='ltr' id='par_1_67' title="bbox 638 3647 3921 3725">
     <span class='ocr_line' id='line_1_67' title="bbox 638 3647 3921 3725; baseline 0.001 -18"><span class='ocrx_word' id='word_1_599' title='bbox 638 3659 821 3725; x_wconf 80' lang='lat' dir='ltr'><strong>potest</strong></span> <span class='ocrx_word' id='word_1_600' title='bbox 846 3665 967 3708; x_wconf 86' lang='lat' dir='ltr'><strong>esse</strong></span> <span class='ocrx_word' id='word_1_601' title='bbox 993 3651 1223 3715; x_wconf 82' lang='lat' dir='ltr'><strong>animus,</strong></span> <span class='ocrx_word' id='word_1_602' title='bbox 1253 3656 1315 3703; x_wconf 94' lang='lat' dir='ltr'><strong>ut</strong></span> <span class='ocrx_word' id='word_1_603' title='bbox 1339 3648 1650 3704; x_wconf 78' lang='lat' dir='ltr'><strong>nullatenus</strong></span> <span class='ocrx_word' id='word_1_604' title='bbox 1675 3647 1746 3703; x_wconf 88' lang='lat' dir='ltr'><strong>sit</strong></span> <span class='ocrx_word' id='word_1_605' title='bbox 1772 3647 2062 3703; x_wconf 90' lang='lat' dir='ltr'><strong>virtutibus</strong></span> <span class='ocrx_word' id='word_1_606' title='bbox 2088 3662 2227 3719; x_wconf 61' lang='lat' dir='ltr'><strong>prae-</strong></span> <span class='ocrx_word' id='word_1_607' title='bbox 2304 3649 2477 3720; x_wconf 80' lang='lat' dir='ltr'><strong>‘quod</strong></span> <span class='ocrx_word' id='word_1_608' title='bbox 2502 3665 2619 3714; x_wconf 92' lang='lat' dir='ltr'><strong>nos,</strong></span> <span class='ocrx_word' id='word_1_609' title='bbox 2646 3649 2788 3719; x_wconf 88' lang='lat' dir='ltr'><strong>quod</strong></span> <span class='ocrx_word' id='word_1_610' title='bbox 2815 3648 2954 3704; x_wconf 85' lang='lat' dir='ltr'><strong>infra</strong></span> <span class='ocrx_word' id='word_1_611' title='bbox 2983 3665 3100 3705; x_wconf 92' lang='lat' dir='ltr'><strong>nos.</strong></span> <span class='ocrx_word' id='word_1_612' title='bbox 3141 3650 3431 3721; x_wconf 87' lang='lat' dir='ltr'><strong>Diligamus</strong></span> <span class='ocrx_word' id='word_1_613' title='bbox 3455 3668 3585 3722; x_wconf 82' lang='lat' dir='ltr'><strong>ergo</strong></span> <span class='ocrx_word' id='word_1_614' title='bbox 3616 3653 3745 3709; x_wconf 87' lang='lat' dir='ltr'><strong>illud</strong></span> <span class='ocrx_word' id='word_1_615' title='bbox 3775 3671 3921 3709; x_wconf 90' lang='lat' dir='ltr'><strong>sum-</strong></span> 
     </span>
    </p>
   </div>
   <div class='ocr_carea' id='block_1_68' title="bbox 641 3738 3919 3811">
    <p class='ocr_par' dir='ltr' id='par_1_68' title="bbox 641 3738 3919 3811">
     <span class='ocr_line' id='line_1_68' title="bbox 641 3738 3919 3811; baseline -0.002 -10"><span class='ocrx_word' id='word_1_616' title='bbox 641 3745 813 3811; x_wconf 83' lang='lat' dir='ltr'><strong>ditus;</strong></span> <span class='ocrx_word' id='word_1_617' title='bbox 834 3743 933 3800; x_wconf 86' lang='lat' dir='ltr'><strong>sed</strong></span> <span class='ocrx_word' id='word_1_618' title='bbox 959 3743 1006 3798; x_wconf 88' lang='lat' dir='ltr'><strong>si</strong></span> <span class='ocrx_word' id='word_1_619' title='bbox 1048 3757 1147 3799; x_wconf 88' lang='lat' dir='ltr'><strong>eas</strong></span> <span class='ocrx_word' id='word_1_620' title='bbox 1190 3756 1303 3797; x_wconf 89' lang='lat' dir='ltr'><strong>non</strong></span> <span class='ocrx_word' id='word_1_621' title='bbox 1349 3741 1621 3809; x_wconf 88' lang='lat' dir='ltr'><strong>habuerit,</strong></span> <span class='ocrx_word' id='word_1_622' title='bbox 1652 3755 1988 3810; x_wconf 83' lang='lat' dir='ltr'><strong>consequens</strong></span> <span class='ocrx_word' id='word_1_623' title='bbox 2033 3748 2136 3807; x_wconf 89' lang='lat' dir='ltr'><strong>est,</strong></span> <span class='ocrx_word' id='word_1_624' title='bbox 2168 3748 2228 3795; x_wconf 93' lang='lat' dir='ltr'><strong>ut</strong></span> <span class='ocrx_word' id='word_1_625' title='bbox 2328 3757 2479 3796; x_wconf 91' lang='lat' dir='ltr'><strong>mum</strong></span> <span class='ocrx_word' id='word_1_626' title='bbox 2506 3738 2709 3796; x_wconf 88' lang='lat' dir='ltr'><strong>bonum</strong></span> <span class='ocrx_word' id='word_1_627' title='bbox 2752 3739 2897 3810; x_wconf 87' lang='lat' dir='ltr'><strong>quod</strong></span> <span class='ocrx_word' id='word_1_628' title='bbox 2926 3755 3087 3811; x_wconf 85' lang='lat' dir='ltr'><strong>supra</strong></span> <span class='ocrx_word' id='word_1_629' title='bbox 3119 3742 3216 3796; x_wconf 79' lang='lat' dir='ltr'><strong>nes</strong></span> <span class='ocrx_word' id='word_1_630' title='bbox 3242 3750 3343 3805; x_wconf 89' lang='lat' dir='ltr'><strong>est,</strong></span> <span class='ocrx_word' id='word_1_631' title='bbox 3388 3758 3496 3797; x_wconf 88' lang='lat' dir='ltr'><strong>non</strong></span> <span class='ocrx_word' id='word_1_632' title='bbox 3525 3744 3651 3799; x_wconf 87' lang='lat' dir='ltr'><strong>loco</strong></span> <span class='ocrx_word' id='word_1_633' title='bbox 3700 3745 3919 3811; x_wconf 59' lang='lat' dir='ltr'><strong>ordinis,</strong></span> 
     </span>
    </p>
   </div>
   <div class='ocr_carea' id='block_1_69' title="bbox 640 3830 3923 3906">
    <p class='ocr_par' dir='ltr' id='par_1_69' title="bbox 640 3830 3923 3906">
     <span class='ocr_line' id='line_1_69' title="bbox 640 3830 3923 3906; baseline 0.001 -14"><span class='ocrx_word' id='word_1_634' title='bbox 640 3837 830 3892; x_wconf 90' lang='lat' dir='ltr'><strong>vitium</strong></span> <span class='ocrx_word' id='word_1_635' title='bbox 875 3835 1092 3898; x_wconf 79' lang='lat' dir='ltr'><strong>habeat.</strong></span> <span class='ocrx_word' id='word_1_636' title='bbox 1138 3830 1424 3901; x_wconf 72' lang='lat' dir='ltr'><strong>Colligitur</strong></span> <span class='ocrx_word' id='word_1_637' title='bbox 1480 3832 1625 3887; x_wconf 89' lang='lat' dir='ltr'><strong>enim</strong></span> <span class='ocrx_word' id='word_1_638' title='bbox 1672 3831 1972 3901; x_wconf 87' lang='lat' dir='ltr'><strong>subiectum</strong></span> <span class='ocrx_word' id='word_1_639' title='bbox 2014 3846 2230 3901; x_wconf 87' lang='lat' dir='ltr'><strong>semper</strong></span> <span class='ocrx_word' id='word_1_640' title='bbox 2333 3834 2427 3889; x_wconf 89' lang='lat' dir='ltr'><strong>sed</strong></span> <span class='ocrx_word' id='word_1_641' title='bbox 2456 3842 2677 3898; x_wconf 66' lang='lat' dir='ltr'><strong>naturae,</strong></span> <span class='ocrx_word' id='word_1_642' title='bbox 2708 3834 2833 3906; x_wconf 89' lang='lat' dir='ltr'><strong>quia</strong></span> <span class='ocrx_word' id='word_1_643' title='bbox 2862 3850 2971 3889; x_wconf 93' lang='lat' dir='ltr'><strong>non</strong></span> <span class='ocrx_word' id='word_1_644' title='bbox 2998 3841 3175 3905; x_wconf 86' lang='lat' dir='ltr'><strong>potest</strong></span> <span class='ocrx_word' id='word_1_645' title='bbox 3203 3836 3463 3903; x_wconf 75' lang='lat' dir='ltr'><strong>cezequari</strong></span> <span class='ocrx_word' id='word_1_646' title='bbox 3492 3846 3749 3892; x_wconf 87' lang='lat' dir='ltr'><strong>creatura</strong></span> <span class='ocrx_word' id='word_1_647' title='bbox 3782 3854 3923 3894; x_wconf 65' lang='grc' dir='ltr'><strong>(ταις</strong></span> 
     </span>
    </p>
   </div>
   <div class='ocr_carea' id='block_1_70' title="bbox 638 3920 3922 3993">
    <p class='ocr_par' dir='ltr' id='par_1_70' title="bbox 638 3920 3922 3993">
     <span class='ocr_line' id='line_1_70' title="bbox 638 3920 3922 3993; baseline -0 -9"><span class='ocrx_word' id='word_1_648' title='bbox 638 3941 760 3984; x_wconf 83' lang='lat' dir='ltr'><strong>esse</strong></span> <span class='ocrx_word' id='word_1_649' title='bbox 805 3924 1041 3981; x_wconf 79' lang='lat' dir='ltr'><strong>animum</strong></span> <span class='ocrx_word' id='word_1_650' title='bbox 1087 3930 1181 3979; x_wconf 89' lang='lat' dir='ltr'><strong>aut</strong></span> <span class='ocrx_word' id='word_1_651' title='bbox 1224 3923 1389 3987; x_wconf 89' lang='lat' dir='ltr'><strong>vitiis,</strong></span> <span class='ocrx_word' id='word_1_652' title='bbox 1420 3929 1514 3977; x_wconf 89' lang='lat' dir='ltr'><strong>aut</strong></span> <span class='ocrx_word' id='word_1_653' title='bbox 1556 3920 1877 3986; x_wconf 87' lang='lat' dir='ltr'><strong>virtutibus;</strong></span> <span class='ocrx_word' id='word_1_654' title='bbox 1926 3921 2227 3990; x_wconf 88' lang='lat' dir='ltr'><strong>subiectum</strong></span> <span class='ocrx_word' id='word_1_655' title='bbox 2310 3924 2458 3978; x_wconf 74' lang='lat' dir='ltr'><strong>‘tori.</strong></span> <span class='ocrx_word' id='word_1_656' title='bbox 2490 3922 2653 3978; x_wconf 87' lang='lat' dir='ltr'><strong>Solus</strong></span> <span class='ocrx_word' id='word_1_657' title='bbox 2679 3924 2822 3978; x_wconf 90' lang='lat' dir='ltr'><strong>enim</strong></span> <span class='ocrx_word' id='word_1_658' title='bbox 2848 3923 3016 3979; x_wconf 85' lang='lat' dir='ltr'><strong>Filius</strong></span> <span class='ocrx_word' id='word_1_659' title='bbox 3041 3932 3343 3993; x_wconf 64' lang='lat' dir='ltr'><strong>eoaaquatur</strong></span> <span class='ocrx_word' id='word_1_660' title='bbox 3372 3922 3543 3991; x_wconf 84' lang='lat' dir='ltr'><strong>Patri,</strong></span> <span class='ocrx_word' id='word_1_661' title='bbox 3572 3927 3826 3982; x_wconf 84' lang='lat' dir='ltr'><strong>similiter</strong></span> <span class='ocrx_word' id='word_1_662' title='bbox 3867 3937 3922 3983; x_wconf 80' lang='lat' dir='ltr'><strong>et</strong></span> 
     </span>
    </p>
   </div>
   <div class='ocr_carea' id='block_1_71' title="bbox 641 4010 3921 4083">
    <p class='ocr_par' dir='ltr' id='par_1_71' title="bbox 641 4010 3921 4083">
     <span class='ocr_line' id='line_1_71' title="bbox 641 4010 3921 4083; baseline 0 -10"><span class='ocrx_word' id='word_1_663' title='bbox 641 4030 765 4073; x_wconf 88' lang='lat' dir='ltr'><strong>eum</strong></span> <span class='ocrx_word' id='word_1_664' title='bbox 792 4030 931 4083; x_wconf 83' lang='lat' dir='ltr'><strong>esse,</strong></span> <span class='ocrx_word' id='word_1_665' title='bbox 961 4015 1101 4071; x_wconf 89' lang='lat' dir='ltr'><strong>sicut</strong></span> <span class='ocrx_word' id='word_1_666' title='bbox 1124 4014 1376 4079; x_wconf 77' lang='lat' dir='ltr'><strong>diximus,</strong></span> <span class='ocrx_word' id='word_1_667' title='bbox 1399 4012 1699 4081; x_wconf 86' lang='lat' dir='ltr'><strong>disciplinis</strong></span> <span class='ocrx_word' id='word_1_668' title='bbox 1716 4025 1839 4080; x_wconf 73' lang='lat' dir='ltr'><strong>qua:</strong></span> <span class='ocrx_word' id='word_1_669' title='bbox 1872 4010 1990 4065; x_wconf 88' lang='lat' dir='ltr'><strong>sine</strong></span> <span class='ocrx_word' id='word_1_670' title='bbox 2012 4024 2082 4065; x_wconf 94' lang='lat' dir='ltr'><strong>eo</strong></span> <span class='ocrx_word' id='word_1_671' title='bbox 2109 4026 2229 4066; x_wconf 83' lang='lat' dir='ltr'><strong>esse</strong></span> <span class='ocrx_word' id='word_1_672' title='bbox 2332 4011 2568 4082; x_wconf 89' lang='lat' dir='ltr'><strong>Spiritus</strong></span> <span class='ocrx_word' id='word_1_673' title='bbox 2605 4022 2823 4069; x_wconf 88' lang='lat' dir='ltr'><strong>sanctus</strong></span> <span class='ocrx_word' id='word_1_674' title='bbox 2854 4033 2864 4067; x_wconf 91' lang='lat'>:</span> <span class='ocrx_word' id='word_1_675' title='bbox 2893 4015 3016 4083; x_wconf 84' lang='lat' dir='ltr'><strong>quia</strong></span> <span class='ocrx_word' id='word_1_676' title='bbox 3046 4028 3149 4070; x_wconf 86' lang='lat' dir='ltr'><strong>non</strong></span> <span class='ocrx_word' id='word_1_677' title='bbox 3191 4022 3317 4069; x_wconf 89' lang='lat' dir='ltr'><strong>sunt</strong></span> <span class='ocrx_word' id='word_1_678' title='bbox 3343 4024 3609 4083; x_wconf 87' lang='lat' dir='ltr'><strong>creatura,</strong></span> <span class='ocrx_word' id='word_1_679' title='bbox 3654 4018 3746 4072; x_wconf 87' lang='lat' dir='ltr'><strong>sed</strong></span> <span class='ocrx_word' id='word_1_680' title='bbox 3777 4019 3921 4073; x_wconf 83' lang='lat' dir='ltr'><strong>inter</strong></span> 
     </span>
    </p>
   </div>
   <div class='ocr_carea' id='block_1_72' title="bbox 636 4102 3922 4183">
    <p class='ocr_par' dir='ltr' id='par_1_72' title="bbox 636 4102 3922 4183">
     <span class='ocr_line' id='line_1_72' title="bbox 636 4102 3922 4183; baseline 0.001 -19"><span class='ocrx_word' id='word_1_681' title='bbox 636 4120 751 4168; x_wconf 75' lang='lat' dir='ltr'><strong>non</strong></span> <span class='ocrx_word' id='word_1_682' title='bbox 772 4109 999 4183; x_wconf 69' lang='lat' dir='ltr'><strong>possint.</strong></span> <span class='ocrx_word' id='word_1_683' title='bbox 1021 4108 1221 4164; x_wconf 82' lang='lat' dir='ltr'><strong>Verum</strong></span> <span class='ocrx_word' id='word_1_684' title='bbox 1241 4108 1385 4161; x_wconf 87' lang='lat' dir='ltr'><strong>enim</strong></span> <span class='ocrx_word' id='word_1_685' title='bbox 1414 4104 1553 4160; x_wconf 91' lang='lat' dir='ltr'><strong>ratio</strong></span> <span class='ocrx_word' id='word_1_686' title='bbox 1582 4104 1790 4160; x_wconf 85' lang='lat' dir='ltr'><strong>numeri</strong></span> <span class='ocrx_word' id='word_1_687' title='bbox 1813 4102 2095 4172; x_wconf 86' lang='lat' dir='ltr'><strong>disciplina</strong></span> <span class='ocrx_word' id='word_1_688' title='bbox 2122 4110 2225 4158; x_wconf 87' lang='lat' dir='ltr'><strong>est.</strong></span> <span class='ocrx_word' id='word_1_689' title='bbox 2337 4120 2431 4160; x_wconf 89' lang='lat' dir='ltr'><strong>eos</strong></span> <span class='ocrx_word' id='word_1_690' title='bbox 2453 4120 2557 4159; x_wconf 89' lang='lat' dir='ltr'><strong>una</strong></span> <span class='ocrx_word' id='word_1_691' title='bbox 2586 4114 2800 4161; x_wconf 86' lang='lat' dir='ltr'><strong>natura.</strong></span> <span class='ocrx_word' id='word_1_692' title='bbox 2822 4104 2952 4162; x_wconf 70' lang='lat' dir='ltr'><strong>Haec</strong></span> <span class='ocrx_word' id='word_1_693' title='bbox 2978 4121 3097 4177; x_wconf 72' lang='lat' dir='ltr'><strong>qua:</strong></span> <span class='ocrx_word' id='word_1_694' title='bbox 3125 4108 3273 4162; x_wconf 88' lang='lat' dir='ltr'><strong>brevi</strong></span> <span class='ocrx_word' id='word_1_695' title='bbox 3302 4124 3551 4164; x_wconf 81' lang='lat' dir='ltr'><strong>sermone</strong></span> <span class='ocrx_word' id='word_1_696' title='bbox 3579 4110 3922 4178; x_wconf 81' lang='lat' dir='ltr'><strong>digessimus,</strong></span> 
     </span>
    </p>
   </div>
   <div class='ocr_carea' id='block_1_73' title="bbox 642 4194 3197 4275">
    <p class='ocr_par' dir='ltr' id='par_1_73' title="bbox 642 4194 3197 4275">
     <span class='ocr_line' id='line_1_73' title="bbox 642 4194 3197 4275; baseline -0.003 -15"><span class='ocrx_word' id='word_1_697' title='bbox 642 4202 922 4275; x_wconf 84' lang='lat' dir='ltr'><strong>Nunquam</strong></span> <span class='ocrx_word' id='word_1_698' title='bbox 941 4203 1087 4259; x_wconf 91' lang='lat' dir='ltr'><strong>enim</strong></span> <span class='ocrx_word' id='word_1_699' title='bbox 1107 4201 1210 4254; x_wconf 88' lang='lat' dir='ltr'><strong>erit</strong></span> <span class='ocrx_word' id='word_1_700' title='bbox 1236 4207 1295 4254; x_wconf 93' lang='lat' dir='ltr'><strong>ut</strong></span> <span class='ocrx_word' id='word_1_701' title='bbox 1312 4205 1543 4267; x_wconf 91' lang='lat' dir='ltr'><strong>quatuor</strong></span> <span class='ocrx_word' id='word_1_702' title='bbox 1569 4204 1624 4251; x_wconf 90' lang='lat' dir='ltr'><strong>et</strong></span> <span class='ocrx_word' id='word_1_703' title='bbox 1645 4196 1752 4252; x_wconf 92' lang='lat' dir='ltr'><strong>duo</strong></span> <span class='ocrx_word' id='word_1_704' title='bbox 1780 4202 1987 4264; x_wconf 91' lang='lat' dir='ltr'><strong>septem</strong></span> <span class='ocrx_word' id='word_1_705' title='bbox 2008 4194 2226 4260; x_wconf 79' lang='lat' dir='ltr'><strong>faciant,</strong></span> <span class='ocrx_word' id='word_1_706' title='bbox 2308 4198 2614 4265; x_wconf 84' lang='lat' dir='ltr'><strong>supposita</strong></span> <span class='ocrx_word' id='word_1_707' title='bbox 2644 4197 2812 4266; x_wconf 75' lang='lat' dir='ltr'><strong>ﬁgura</strong></span> <span class='ocrx_word' id='word_1_708' title='bbox 2842 4197 3197 4254; x_wconf 90' lang='lat' dir='ltr'><strong>demonstrat.</strong></span> 
     </span>
    </p>
   </div>
   <div class='ocr_carea' id='block_1_74' title="bbox 974 4285 3857 4360">
    <p class='ocr_par' dir='ltr' id='par_1_74' title="bbox 974 4285 3857 4360">
     <span class='ocr_line' id='line_1_74' title="bbox 974 4285 3857 4360; baseline 0.001 -15"><span class='ocrx_word' id='word_1_709' title='bbox 974 4290 1255 4360; x_wconf 68' lang='lat' dir='ltr'><strong>Summum</strong></span> <span class='ocrx_word' id='word_1_710' title='bbox 1278 4288 1484 4342; x_wconf 78' lang='lat' dir='ltr'><strong>bonum</strong></span> <span class='ocrx_word' id='word_1_711' title='bbox 1500 4286 1671 4360; x_wconf 70' lang='lat' dir='ltr'><strong>siue\</strong></span> <span class='ocrx_word' id='word_1_712' title='bbox 2053 4289 2078 4360; x_wconf 85' lang='lat'><strong>/</strong></span> <span class='ocrx_word' id='word_1_713' title='bbox 2092 4285 2342 4360; x_wconf 75' lang='lat' dir='ltr'><strong>Magnum</strong></span> <span class='ocrx_word' id='word_1_714' title='bbox 2380 4287 2579 4343; x_wconf 89' lang='lat' dir='ltr'><strong>bonum</strong></span> <span class='ocrx_word' id='word_1_715' title='bbox 2623 4292 2787 4360; x_wconf 81' lang='lat' dir='ltr'><strong>cum\</strong></span> <span class='ocrx_word' id='word_1_716' title='bbox 3174 4293 3421 4360; x_wconf 80' lang='lat' dir='ltr'><strong>\Bonum</strong></span> <span class='ocrx_word' id='word_1_717' title='bbox 3450 4307 3567 4347; x_wconf 90' lang='lat' dir='ltr'><strong>cum</strong></span> <span class='ocrx_word' id='word_1_718' title='bbox 3590 4291 3857 4360; x_wconf 83' lang='lat' dir='ltr'><strong>qualitate</strong></span> 
     </span>
    </p>
   </div>
   <div class='ocr_carea' id='block_1_75' title="bbox 1011 4357 3646 4431">
    <p class='ocr_par' dir='ltr' id='par_1_75' title="bbox 1011 4357 3646 4431">
     <span class='ocr_line' id='line_1_75' title="bbox 1011 4357 3646 4431; baseline -0.006 -13"><span class='ocrx_word' id='word_1_719' title='bbox 1011 4359 1286 4430; x_wconf 73' lang='lat' dir='ltr'><strong>qualitate.</strong></span> <span class='ocrx_word' id='word_1_720' title='bbox 1647 4357 1674 4431; x_wconf 62' lang='grc' dir='ltr'><strong><em>ι</em></strong></span> <span class='ocrx_word' id='word_1_721' title='bbox 2050 4357 2074 4431; x_wconf 65' lang='grc' dir='ltr'>ι</span> <span class='ocrx_word' id='word_1_722' title='bbox 2124 4357 2407 4425; x_wconf 78' lang='lat' dir='ltr'><strong>qualitate.</strong></span> <span class='ocrx_word' id='word_1_723' title='bbox 2767 4357 2789 4431; x_wconf 61' lang='grc' dir='ltr'><strong><em>ι</em></strong></span> <span class='ocrx_word' id='word_1_724' title='bbox 2952 4373 2965 4379; x_wconf 79' lang='lat'><em>&#39;</em></span> <span class='ocrx_word' id='word_1_725' title='bbox 3176 4357 3201 4431; x_wconf 60' lang='grc' dir='ltr'><strong><em>ι</em></strong></span> <span class='ocrx_word' id='word_1_726' title='bbox 3249 4372 3305 4417; x_wconf 68' lang='grc' dir='ltr'><strong>ει</strong></span> <span class='ocrx_word' id='word_1_727' title='bbox 3330 4357 3646 4431; x_wconf 47' lang='lat' dir='ltr'><strong>magna“;</strong></span> 
     </span>
    </p>
   </div>
   <div class='ocr_carea' id='block_1_76' title="bbox 613 4500 2233 4650">
    <p class='ocr_par' dir='ltr' id='par_1_76' title="bbox 613 4500 2233 4650">
     <span class='ocr_line' id='line_1_76' title="bbox 613 4500 2233 4650; baseline -0.001 -19"><span class='ocrx_word' id='word_1_728' title='bbox 613 4504 647 4599; x_wconf 66' lang='grc' dir='ltr'><strong>ἐς</strong></span> <span class='ocrx_word' id='word_1_729' title='bbox 720 4510 866 4599; x_wconf 65' lang='grc' dir='ltr'><strong>»ευ</strong></span> <span class='ocrx_word' id='word_1_730' title='bbox 926 4500 1671 4650; x_wconf 54' lang='grc' dir='ltr'><strong>(κρείγξέξξξίηοίετηυοτε)</strong></span> <span class='ocrx_word' id='word_1_731' title='bbox 1773 4536 2007 4608; x_wconf 48' lang='lat' dir='ltr'><strong>spiritus</strong></span> <span class='ocrx_word' id='word_1_732' title='bbox 2042 4500 2233 4650; x_wconf 58' lang='lat' dir='ltr'><strong>(te:</strong></span> 
     </span>
    </p>
   </div>
   <div class='ocr_carea' id='block_1_77' title="bbox 2330 4500 3859 4650">
    <p class='ocr_par' dir='ltr' id='par_1_77' title="bbox 2330 4500 3859 4650">
     <span class='ocr_line' id='line_1_77' title="bbox 2330 4500 3859 4650; baseline 0.01 -102"><span class='ocrx_word' id='word_1_733' title='bbox 2330 4522 2337 4537; x_wconf 74' lang='grc' dir='ltr'>ι</span> <span class='ocrx_word' id='word_1_734' title='bbox 2378 4507 2429 4560; x_wconf 82' lang='lat' dir='ltr'><strong>in</strong></span> <span class='ocrx_word' id='word_1_735' title='bbox 2471 4500 2787 4650; x_wconf 52' lang='lat' dir='ltr'><strong>tempore)</strong></span> <span class='ocrx_word' id='word_1_736' title='bbox 2902 4541 3120 4614; x_wconf 60' lang='lat' dir='ltr'><strong>corpus</strong></span> <span class='ocrx_word' id='word_1_737' title='bbox 3169 4500 3456 4650; x_wconf 56' lang='lat' dir='ltr'><strong>&gt;Movetur</strong></span> <span class='ocrx_word' id='word_1_738' title='bbox 3510 4510 3757 4593; x_wconf 74' lang='lat' dir='ltr'><strong>iocaliter</strong></span> <span class='ocrx_word' id='word_1_739' title='bbox 3805 4520 3859 4567; x_wconf 91' lang='lat' dir='ltr'><strong>et</strong></span> 
     </span>
     <span class='ocr_line' id='line_1_78' title="bbox 2330 4580 3637 4650; baseline 0.002 -20"><span class='ocrx_word' id='word_1_740' title='bbox 2330 4590 2411 4631; x_wconf 88' lang='lat' dir='ltr'><strong>eo.</strong></span> <span class='ocrx_word' id='word_1_741' title='bbox 2522 4598 2527 4603; x_wconf 52' lang='grc' dir='ltr'><em>ν</em></span> <span class='ocrx_word' id='word_1_742' title='bbox 3244 4580 3637 4650; x_wconf 73' lang='lat' dir='ltr'><strong>temperanter.</strong></span> 
     </span>
    </p>
   </div>
   <div class='ocr_carea' id='block_1_78' title="bbox 974 4704 3860 4855">
    <p class='ocr_par' dir='ltr' id='par_1_78' title="bbox 974 4704 3860 4855">
     <span class='ocr_line' id='line_1_79' title="bbox 974 4704 3860 4855; baseline 0.003 -79"><span class='ocrx_word' id='word_1_743' title='bbox 974 4721 1191 4850; x_wconf 48' lang='grc' dir='ltr'><strong>Ἕω</strong></span> <span class='ocrx_word' id='word_1_744' title='bbox 1213 4728 1391 4777; x_wconf 79' lang='lat' dir='ltr'><strong>etnon</strong></span> <span class='ocrx_word' id='word_1_745' title='bbox 1414 4704 1665 4855; x_wconf 59' lang='grc' dir='ltr'><strong>διώξεως,</strong></span> <span class='ocrx_word' id='word_1_746' title='bbox 2038 4704 2300 4855; x_wconf 69' lang='lat' dir='ltr'><strong>(Iudicat</strong></span> <span class='ocrx_word' id='word_1_747' title='bbox 2328 4735 2383 4782; x_wconf 88' lang='lat' dir='ltr'><strong>et</strong></span> <span class='ocrx_word' id='word_1_748' title='bbox 2405 4727 2699 4796; x_wconf 89' lang='lat' dir='ltr'><strong>iudicatur.</strong></span> <span class='ocrx_word' id='word_1_749' title='bbox 2759 4704 2783 4855; x_wconf 66' lang='lat'>’</span> <span class='ocrx_word' id='word_1_750' title='bbox 3165 4704 3548 4855; x_wconf 75' lang='lat' dir='ltr'><strong>iudicat</strong></span> <span class='ocrx_word' id='word_1_751' title='bbox 3582 4737 3639 4784; x_wconf 88' lang='lat' dir='ltr'><strong>et</strong></span> <span class='ocrx_word' id='word_1_752' title='bbox 3658 4729 3860 4798; x_wconf 81' lang='lat' dir='ltr'><strong>iudica-</strong></span> 
     </span>
    </p>
   </div>
   <div class='ocr_carea' id='block_1_79' title="bbox 1037 4809 2233 4853">
    <p class='ocr_par' dir='ltr' id='par_1_79' title="bbox 1037 4809 2069 4853">
     <span class='ocr_line' id='line_1_80' title="bbox 1037 4809 2069 4853; baseline 0.005 -4"><span class='ocrx_word' id='word_1_753' title='bbox 1037 4809 1116 4849; x_wconf 89' lang='lat' dir='ltr'><strong>ur.</strong></span> <span class='ocrx_word' id='word_1_754' title='bbox 1638 4809 1658 4853; x_wconf 99' lang='lat' dir='ltr'><strong><em>I</em></strong></span> <span class='ocrx_word' id='word_1_755' title='bbox 2046 4809 2069 4853; x_wconf 87' lang='lat'><em>\</em></span> 
     </span>
    </p>
   </div>
   <div class='ocr_carea' id='block_1_80' title="bbox 2330 4809 3349 4853">
    <p class='ocr_par' dir='ltr' id='par_1_80' title="bbox 2719 4809 3349 4853">
     <span class='ocr_line' id='line_1_81' title="bbox 2719 4809 3349 4853; baseline 0 0"><span class='ocrx_word' id='word_1_756' title='bbox 2719 4809 2777 4853; x_wconf 70' lang='lat' dir='ltr'><strong><em>~I</em></strong></span> <span class='ocrx_word' id='word_1_757' title='bbox 3166 4809 3349 4853; x_wconf 88' lang='lat' dir='ltr'><strong>Itur.</strong></span> 
     </span>
    </p>
   </div>
   <div class='ocr_carea' id='block_1_81' title="bbox 708 4865 3105 4961">
    <p class='ocr_par' dir='ltr' id='par_1_81' title="bbox 708 4865 3105 4961">
     <span class='ocr_line' id='line_1_82' title="bbox 708 4865 3105 4961; baseline 0 -19"><span class='ocrx_word' id='word_1_758' title='bbox 708 4896 737 4931; x_wconf 76' lang='grc' dir='ltr'>ι</span> <span class='ocrx_word' id='word_1_759' title='bbox 774 4865 1055 4961; x_wconf 72' lang='lat' dir='ltr'><strong>Forteipsi</strong></span> <span class='ocrx_word' id='word_1_760' title='bbox 1171 4885 1392 4955; x_wconf 79' lang='lat' dir='ltr'><strong>corpori.</strong></span> <span class='ocrx_word' id='word_1_761' title='bbox 2376 4886 2402 4926; x_wconf 71' lang='grc' dir='ltr'>δ</span> <span class='ocrx_word' id='word_1_762' title='bbox 2442 4865 2550 4956; x_wconf 70' lang='lat' dir='ltr'><strong>AL,</strong></span> <span class='ocrx_word' id='word_1_763' title='bbox 2581 4865 2764 4945; x_wconf 80' lang='lat' dir='ltr'><strong>animi.</strong></span> <span class='ocrx_word' id='word_1_764' title='bbox 3100 4932 3105 4937; x_wconf 84' lang='lat'><strong>.</strong></span> 
     </span>
    </p>
   </div>
   <div class='ocr_carea' id='block_1_82' title="bbox 1174 4983 3841 5205">
    <p class='ocr_par' dir='ltr' id='par_1_82' title="bbox 1806 5178 2820 5205">
     <span class='ocr_line' id='line_1_83' title="bbox 1806 5178 2820 5205; baseline 0 0"><span class='ocrx_word' id='word_1_765' title='bbox 1806 5181 1826 5205; x_wconf 75' lang='grc' dir='ltr'><strong><em>ι</em></strong></span> <span class='ocrx_word' id='word_1_766' title='bbox 1861 5178 2253 5205; x_wconf 63' lang='grc' dir='ltr'><strong>Ὡιιιὲαιιντιιιοπ</strong></span> <span class='ocrx_word' id='word_1_767' title='bbox 2286 5179 2655 5205; x_wconf 68' lang='grc' dir='ltr'><strong>υῐΩΜΜΏΜΩῘΩ</strong></span> <span class='ocrx_word' id='word_1_768' title='bbox 2803 5188 2820 5205; x_wconf 71' lang='grc' dir='ltr'><strong>σ</strong></span> 
     </span>
    </p>
   </div>
   <div class='ocr_carea' id='block_1_83' title="bbox 1805 5178 2659 5239">
    <p class='ocr_par' dir='ltr' id='par_1_83' title="bbox 1805 5178 2659 5239">
     <span class='ocr_line' id='line_1_84' title="bbox 1805 5178 2659 5239; baseline 0.005 -10"><span class='ocrx_word' id='word_1_769' title='bbox 1805 5181 1829 5239; x_wconf 76' lang='grc' dir='ltr'>ι</span> <span class='ocrx_word' id='word_1_770' title='bbox 1856 5178 2253 5233; x_wconf 69' lang='grc' dir='ltr'><strong>ΡΒΕςΒΥΤειιΙ</strong></span> <span class='ocrx_word' id='word_1_771' title='bbox 2280 5179 2659 5233; x_wconf 74' lang='lat' dir='ltr'><strong>.VIENNENSIS</strong></span> 
     </span>
    </p>
   </div>
   <div class='ocr_carea' id='block_1_84' title="bbox 1727 5280 2794 5395">
    <p class='ocr_par' dir='ltr' id='par_1_84' title="bbox 1727 5280 2794 5395">
     <span class='ocr_line' id='line_1_85' title="bbox 1727 5280 2794 5395; baseline 0.007 -14"><span class='ocrx_word' id='word_1_772' title='bbox 1727 5280 2384 5388; x_wconf 68' lang='lat' dir='ltr'><strong>EPISTOLZE</strong></span> <span class='ocrx_word' id='word_1_773' title='bbox 2428 5288 2794 5395; x_wconf 69' lang='lat' dir='ltr'><strong>DUAE.</strong></span> 
     </span>
    </p>
   </div>
   <div class='ocr_carea' id='block_1_85' title="bbox 1054 5424 3916 5523">
    <p class='ocr_par' dir='ltr' id='par_1_85' title="bbox 1054 5424 3916 5523">
     <span class='ocr_line' id='line_1_86' title="bbox 1054 5424 3916 5523; baseline 0 -18"><span class='ocrx_word' id='word_1_774' title='bbox 1054 5498 1057 5505; x_wconf 43' lang='grc' dir='ltr'><strong>λ</strong></span> <span class='ocrx_word' id='word_1_775' title='bbox 1131 5442 1459 5523; x_wconf 70' lang='lat' dir='ltr'><strong>EPISTOLA</strong></span> <span class='ocrx_word' id='word_1_776' title='bbox 1479 5443 1713 5501; x_wconf 74' lang='lat' dir='ltr'><strong>PRIMA.</strong></span> <span class='ocrx_word' id='word_1_777' title='bbox 2240 5446 2295 5506; x_wconf 88' lang='lat' dir='ltr'><strong><em>D</em></strong></span> <span class='ocrx_word' id='word_1_778' title='bbox 2322 5424 2408 5502; x_wconf 84' lang='lat' dir='ltr'><strong>vel</strong></span> <span class='ocrx_word' id='word_1_779' title='bbox 2454 5448 2740 5518; x_wconf 86' lang='lat' dir='ltr'><strong>aliquoties</strong></span> <span class='ocrx_word' id='word_1_780' title='bbox 2782 5448 3172 5519; x_wconf 72' lang='lat' dir='ltr'><strong>aliquantulum</strong></span> <span class='ocrx_word' id='word_1_781' title='bbox 3220 5446 3597 5514; x_wconf 85' lang='lat' dir='ltr'><strong>convenirem,</strong></span> <span class='ocrx_word' id='word_1_782' title='bbox 3649 5464 3765 5503; x_wconf 88' lang='lat' dir='ltr'><strong>non</strong></span> <span class='ocrx_word' id='word_1_783' title='bbox 3809 5464 3916 5506; x_wconf 86' lang='lat' dir='ltr'><strong>un-</strong></span> 
     </span>
    </p>
   </div>
   <div class='ocr_carea' id='block_1_86' title="bbox 911 5535 3915 5612">
    <p class='ocr_par' dir='ltr' id='par_1_86' title="bbox 911 5535 3915 5612">
     <span class='ocr_line' id='line_1_87' title="bbox 911 5535 3915 5612; baseline -0.001 -17"><span class='ocrx_word' id='word_1_784' title='bbox 911 5538 1247 5596; x_wconf 68' lang='lat' dir='ltr'><strong>Cumnns</strong></span> <span class='ocrx_word' id='word_1_785' title='bbox 1272 5538 1486 5595; x_wconf 72' lang='lat' dir='ltr'><strong>Sinomo</strong></span> <span class='ocrx_word' id='word_1_786' title='bbox 1512 5550 1667 5609; x_wconf 73' lang='lat' dir='ltr'><strong>papae</strong></span> <span class='ocrx_word' id='word_1_787' title='bbox 1694 5535 1942 5592; x_wconf 78' lang='lat' dir='ltr'><strong>salutem.</strong></span> <span class='ocrx_word' id='word_1_788' title='bbox 2319 5536 2529 5595; x_wconf 87' lang='lat' dir='ltr'><strong>deunde</strong></span> <span class='ocrx_word' id='word_1_789' title='bbox 2567 5541 2938 5612; x_wconf 80' lang='lat' dir='ltr'><strong>quarumpiam</strong></span> <span class='ocrx_word' id='word_1_790' title='bbox 2974 5552 3333 5611; x_wconf 81' lang='lat' dir='ltr'><strong>personarum</strong></span> <span class='ocrx_word' id='word_1_791' title='bbox 3358 5543 3456 5597; x_wconf 78' lang='lat' dir='ltr'><strong>aut</strong></span> <span class='ocrx_word' id='word_1_792' title='bbox 3480 5537 3793 5595; x_wconf 69' lang='lat' dir='ltr'><strong>voluntates</strong></span> <span class='ocrx_word' id='word_1_793' title='bbox 3820 5548 3915 5594; x_wconf 88' lang='lat' dir='ltr'><strong>aut</strong></span> 
     </span>
    </p>
   </div>
   <div class='ocr_carea' id='block_1_87' title="bbox 710 5620 3911 5713">
    <p class='ocr_par' dir='ltr' id='par_1_87' title="bbox 710 5620 3911 5713">
     <span class='ocr_line' id='line_1_88' title="bbox 710 5620 3911 5713; baseline -0.001 -24"><span class='ocrx_word' id='word_1_794' title='bbox 710 5648 736 5679; x_wconf 81' lang='grc' dir='ltr'>ι</span> <span class='ocrx_word' id='word_1_795' title='bbox 761 5635 823 5697; x_wconf 69' lang='grc' dir='ltr'><strong>ει</strong></span> <span class='ocrx_word' id='word_1_796' title='bbox 868 5633 1123 5708; x_wconf 82' lang='lat' dir='ltr'><strong>possibile</strong></span> <span class='ocrx_word' id='word_1_797' title='bbox 1168 5631 1310 5687; x_wconf 80' lang='lat' dir='ltr'><strong>factu</strong></span> <span class='ocrx_word' id='word_1_798' title='bbox 1351 5638 1512 5695; x_wconf 88' lang='lat' dir='ltr'><strong>esset,</strong></span> <span class='ocrx_word' id='word_1_799' title='bbox 1547 5638 1603 5686; x_wconf 91' lang='lat' dir='ltr'><strong>ut</strong></span> <span class='ocrx_word' id='word_1_800' title='bbox 1641 5639 1696 5685; x_wconf 90' lang='lat' dir='ltr'><strong>te</strong></span> <span class='ocrx_word' id='word_1_801' title='bbox 1733 5629 2005 5713; x_wconf 83' lang='lat' dir='ltr'><strong>dominum</strong></span> <span class='ocrx_word' id='word_1_802' title='bbox 2035 5644 2213 5684; x_wconf 89' lang='lat' dir='ltr'><strong>meum</strong></span> <span class='ocrx_word' id='word_1_803' title='bbox 2322 5632 2667 5688; x_wconf 86' lang='lat' dir='ltr'><strong>necessitates</strong></span> <span class='ocrx_word' id='word_1_804' title='bbox 2695 5633 3055 5702; x_wconf 87' lang='lat' dir='ltr'><strong>inquirerem,</strong></span> <span class='ocrx_word' id='word_1_805' title='bbox 3104 5631 3349 5705; x_wconf 71' lang='lat' dir='ltr'><strong>sedquaz</strong></span> <span class='ocrx_word' id='word_1_806' title='bbox 3378 5628 3431 5685; x_wconf 91' lang='lat' dir='ltr'><strong>in</strong></span> <span class='ocrx_word' id='word_1_807' title='bbox 3459 5644 3575 5684; x_wconf 92' lang='lat' dir='ltr'><strong>rem</strong></span> <span class='ocrx_word' id='word_1_808' title='bbox 3606 5628 3776 5685; x_wconf 89' lang='lat' dir='ltr'><strong>debiti</strong></span> <span class='ocrx_word' id='word_1_809' title='bbox 3803 5620 3911 5685; x_wconf 84' lang='lat' dir='ltr'><strong>mei</strong></span> 
     </span>
    </p>
   </div>
   <div class='ocr_carea' id='block_1_88' title="bbox 642 4970 3037 4999">
    <p class='ocr_par' dir='ltr' id='par_1_88' title="bbox 642 4970 3037 4999">
     <span class='ocr_line' id='line_1_89' title="bbox 642 4970 3037 4999; baseline 0 -7"><span class='ocrx_word' id='word_1_810' title='bbox 642 4970 3037 4999; x_wconf 56' lang='lat' dir='ltr'><strong>—_——_——-———-———-ﬁ——————————-——~.———————————_</strong></span> 
     </span>
    </p>
   </div>
   <div class='ocr_carea' id='block_1_89' title="bbox 714 5760 2616 5831">
    <p class='ocr_par' dir='ltr' id='par_1_89' title="bbox 714 5760 2616 5831">
     <span class='ocr_line' id='line_1_90' title="bbox 714 5760 2616 5831; baseline -0.002 -10"><span class='ocrx_word' id='word_1_811' title='bbox 714 5779 739 5806; x_wconf 76' lang='grc' dir='ltr'>ι</span> <span class='ocrx_word' id='word_1_812' title='bbox 767 5766 892 5822; x_wconf 80' lang='lat' dir='ltr'><strong>Haec</strong></span> <span class='ocrx_word' id='word_1_813' title='bbox 912 5761 1191 5819; x_wconf 87' lang='lat' dir='ltr'><strong>Claudiani</strong></span> <span class='ocrx_word' id='word_1_814' title='bbox 1238 5762 1463 5831; x_wconf 87' lang='lat' dir='ltr'><strong>epistola</strong></span> <span class='ocrx_word' id='word_1_815' title='bbox 1493 5769 1574 5816; x_wconf 80' lang='lat' dir='ltr'><strong>est</strong></span> <span class='ocrx_word' id='word_1_816' title='bbox 1622 5763 1855 5818; x_wconf 82' lang='lat' dir='ltr'><strong>secunda</strong></span> <span class='ocrx_word' id='word_1_817' title='bbox 1880 5763 2021 5817; x_wconf 90' lang='lat' dir='ltr'><strong>inter</strong></span> <span class='ocrx_word' id='word_1_818' title='bbox 2045 5760 2383 5828; x_wconf 88' lang='lat' dir='ltr'><strong>Sidonianas,</strong></span> <span class='ocrx_word' id='word_1_819' title='bbox 2417 5764 2509 5821; x_wconf 90' lang='lat' dir='ltr'><strong>lib.</strong></span> <span class='ocrx_word' id='word_1_820' title='bbox 2545 5780 2616 5818; x_wconf 81' lang='lat' dir='ltr'><strong>iV.</strong></span> 
     </span>
    </p>
   </div>
  </div>
