4238 6260
287 389 380 447 781

290 596 654 660 multimodis,
686 609 751 648 ac
789 591 998 647 miseris
1024 587 1249 658 perinde
1276 585 1454 640 causis
1481 580 1873 637 intercluditur.

291 689 584 744 Enimvero
611 683 880 741 scribendi
914 679 1139 735 facultas
1175 684 1268 731 aut
1303 690 1427 729 raro
1458 673 1652 726 idonea
1681 683 1878 738 suppe-

294 782 386 844 tit,
437 788 532 833 aut
581 793 680 831 nec
725 772 976 843 suppetit.
1025 768 1130 822 Ista
1177 769 1291 824 hate
1319 765 1508 820 eadem
1537 758 1880 816 remissibilia

295 871 438 931 sint,
477 881 678 930 necne,
723 871 836 918 tute
882 860 1158 930 judicaris.
1201 855 1370 910 Porro
1400 861 1579 908 autem
1607 849 1752 919 quod
1781 864 1881 902 s:e-

297 965 594 1028 pcnunlero
639 954 854 1022 scriptis
899 951 1094 1006 vestris
1134 949 1225 1002 alii
1274 944 1674 1015 impartiuntur.
1703 941 1798 1009 qui
1829 939 1882 993 id

302 1054 475 1117 ipsum
521 1061 620 1102 nec
645 1044 919 1104 ambiunt,
971 1055 1131 1110 quam
1178 1044 1393 1104 egomet
1409 1033 1612 1112 forsan
1642 1046 1743 1084 nec
1770 1045 1883 1084 me-

303 1148 488 1196 rentur
535 1136 786 1204 amplius;
842 1148 950 1185 non
994 1129 1230 1184 arbitror
1271 1125 1519 1182 amicitiae
1547 1123 1753 1191 legibus
1781 1121 1883 1175 im-

305 1246 446 1301 pune
486 1225 764 1284 committi.
809 1222 943 1277 lllud
985 1221 1148 1275 etiam
1193 1235 1298 1273 non
1329 1217 1574 1271 dolenter
1601 1213 1725 1268 faxo
1756 1213 1887 1266 taci—

304 1333 447 1386 tum,
489 1320 635 1390 quod
667 1319 880 1374 libellos
920 1315 1040 1370 illos
1074 1327 1213 1381 quos
1249 1319 1342 1365 tuo
1370 1304 1885 1365 nomine-nobilitari

302 1431 407 1470 non
468 1413 689 1474 abnuis,
741 1410 890 1465 nullo
937 1421 1178 1477 unquam
1201 1400 1562 1472 'impartivisti
1601 1397 1881 1465 rescripto.

301 1505 407 1562 Sed
434 1518 661 1560 vacuum
689 1501 831 1556 forte
860 1515 967 1554 non
995 1496 1272 1567 suppetit,
1303 1493 1447 1562 quod
1479 1499 1591 1546 tute
1619 1487 1886 1542 modicum

303 1612 509 1666 magnae
555 1592 843 1650 admodum
889 1589 1168 1659 impendas
1218 1584 1487 1639 amicitize.
1547 1579 1730 1647 Ecquo
1780 1585 1888 1632 tam

303 1707 372 1745 ex
419 1694 682 1757 occupatu
729 1697 964 1752 unquam
1016 1678 1292 1748 uspiamve
1339 1671 1710 1742 implicabere,
1759 1667 1888 1736 quin

306 1780 434 1835 illud
485 1778 536 1832 in
585 1777 814 1830 aliorum
862 1768 1142 1825 commoda
1172 1762 1460 1832 revergat?
1506 1760 1641 1814 Cum
1668 1765 1891 1829 precatu

1638 369 1994 430 EPISTOLIE
2034 365 2220 426 BHE.

289 524 388 563 usu
437 505 572 560 mihi
617 518 736 560 esse
772 508 1010 573 possent.
1065 496 1273 566 Quippe
1309 493 1594 550 revisionis
1631 498 1872 560 potestas
1899 487 1953 546 Δ
1979 495 2346 558 quantumque
2373 501 2511 557 opus
2537 486 2667 541 illud
2689 495 2770 540 est
2793 529 2806 551 ,
2839 487 3061 542 materia
3091 487 3359 550 clausum,
3391 485 3610 555 decla-.
3672 553 3677 558 .

1983 174 2009 196 ἡ.

3455 371 3568 426 ⁸782

1983 579 2222 632 matione
2250 577 2617 646 conspicuum,
2659 579 3029 646 propositione
3057 579 3387 634 obstructum
3414 620 3428 642 ,
3459 577 3568 633 dis-

1992 669 2292 738 putatione
2322 677 2619 724 reseratum
2640 709 2653 732 ,
2685 676 2739 723 et
2767 684 3071 739 quanquam
3103 680 3322 741 propter
3351 672 3567 727 hamata

1985 759 2418 828 syllogismorum
2447 767 2644 828 puncta
2685 759 2999 814 tribulosum
3026 800 3039 823 ,
3088 763 3362 816 vernantis
3391 771 3570 817 tamen

1985 851 2184 919 eloquii
2216 848 2346 905 flore
2375 850 2401 888 ι)
2432 851 2716 906 mellitum.
2770 851 2916 906 Nova
2959 853 3030 907 ibi
3069 855 3230 908 verba
3260 856 3384 924 quia
3411 863 3566 910 vetu-

1987 952 2107 1000 sta:
2143 944 2443 1028 quibusque
2499 944 2730 999 collatus
2775 945 2970 1000 merito
3017 947 3180 1000 etiam
3231 948 3570 1016 antiquarum

1989 1035 2287 1088 litterarum
2316 1036 2487 1105 stylus
2521 1037 2893 1106 antiquaretur
2927 1055 2938 1089 :
2973 1038 3224 1106 quodque
3265 1040 3569 1108 pretiosius,

1991 1133 2105 1180 tota
2135 1126 2220 1179 illa
2267 1126 2431 1180 dictio
2478 1127 2555 1180 sic
2602 1128 2906 1182 caesuratim
2952 1130 3222 1183 succincta
3262 1130 3404 1199 quod
3443 1146 3571 1198 pro--

1991 1215 2163 1272 fluens
2191 1235 2202 1268 :
2247 1231 2408 1284 quam
2447 1217 2607 1272 rebus
2635 1217 2867 1287 amplam
2895 1219 3244 1288 strictamque
3271 1221 3573 1286 sententiis,

1991 1308 2194 1362 sentias
2222 1307 2342 1375 plus
2367 1299 2565 1363 docere
2591 1323 2752 1376 quam
2777 1309 2978 1364 dicere.
3039 1310 3281 1378 Denique
3323 1320 3376 1364 et
3401 1327 3574 1379 quon-

1991 1397 2116 1451 dam
2146 1412 2244 1452 nec
2272 1397 2463 1466 injuria
2482 1439 2496 1462 ,
2540 1399 2654 1454 lucc
2693 1400 2998 1468 principalis
3019 1399 3270 1456 facundia
3299 1411 3574 1472 computus

1993 1489 2172 1552 batur,
2203 1489 2287 1543 cui
2319 1490 2502 1558 paucis
2542 1491 2708 1544 multa
2749 1491 3042 1553 cohibenti,
3069 1508 3208 1546 conn
3236 1492 3336 1546 fuit
3363 1510 3576 1548 causam

1995 1580 2176 1648 potius
2205 1581 2427 1650 implere
2454 1596 2615 1650 quam
2639 1581 2911 1650 paginam.
2955 1582 3024 1636 At
3053 1599 3180 1637 vero
3208 1585 3260 1637 in
3292 1584 3439 1639 libris
3475 1586 3577 1639 tuis

1993 1669 2106 1738 jam
2135 1670 2265 1726 illud
2306 1671 2466 1740 quale
2511 1680 2625 1735 est,
2670 1671 2813 1739 quod
2853 1680 2907 1725 et
2950 1673 3579 1742 teneritudineni..qu:ui-

1996 1777 2158 1830 quam
2203 1763 2512 1816 continuata
2555 1763 2836 1816 maturitas
2885 1763 3152 1827 admittit,
3205 1765 3580 1833 interseritque

307 1872 471 1925 Deum
499 1870 700 1940 placas,
733 1863 980 1919 eumdem
1009 1874 1117 1914 non
1146 1855 1308 1911 modo
1337 1852 1546 1915 amicis,
1573 1851 1669 1904 sed
1700 1849 1895 1916 ignotis
1920 1849 1974 1918 Β
2002 1853 2377 1921 tempestivam
2415 1869 2643 1908 censura
2673 1853 3009 1908 dulcedinem
3035 1896 3048 1919 ,
3083 1863 3141 1909 ut
3168 1855 3385 1909 lectoris
3409 1856 3580 1910 inten-

305 1977 523 2034 quoque
549 1959 823 2016 concilias.
864 1954 1000 2010 Cum
1025 1950 1424 2018 Scripturarum
1454 1944 1754 2001 caelestium
1779 1958 1896 2011 my-

307 2032 472 2109 steria
518 2051 762 2112 rimaris,
807 2062 914 2116 quo
944 2053 998 2099 te
1025 2040 1319 2096 studiosius
1347 2037 1571 2099 imbuis,
1604 2049 1677 2110 eo
1697 2032 1897 2087 doctri-

310 2160 434 2198 nam
483 2141 690 2196 ueteris
736 2137 1007 2206 cepiosius
1054 2132 1304 2188 infundis.
1363 2129 1498 2184 Cum
1530 2135 1652 2181 tuas
1683 2139 1816 2194 opes
1843 2124 1896 2178 in

312 2252 443 2290 usus
491 2235 709 2302 inopum
757 2227 1028 2298 prodigis,
1081 2225 1174 2279 tibi
1219 2221 1437 2291 quidem
1483 2218 1754 2280 maxime,
1804 2215 1900 2269 sed

312 2327 432 2380 aliis
460 2337 675 2395 quoque
720 2318 1024 2374 consultum
1076 2315 1222 2370 facis.
1287 2309 1518 2366 Proinde
1548 2308 1680 2363 nihil
1707 2305 1897 2360 videli-

314 2430 396 2474 ret
421 2459 433 2482 ,
482 2416 722 2487 profecto
772 2411 901 2466 nihil
950 2418 1034 2464 est
1083 2417 1191 2462 tam
1239 2403 1580 2461 infecundum
1627 2399 1900 2454 actionum

314 2521 523 2565 tuarum
553 2505 792 2560 omnium
817 2543 832 2568 ,
883 2500 1028 2570 quod
1066 2498 1163 2553 tibi
1194 2498 1284 2551 uni
1314 2495 1416 2550 soli
1447 2501 1674 2556 tantum,
1707 2497 1762 2544 et
1791 2504 1899 2543 non

317 2601 430 2653 aliis
457 2611 671 2667 quoque
707 2593 891 2648 multis
915 2599 1103 2648 .tecum
1147 2587 1451 2643 uberiorem
1481 2584 1712 2636 fructum
1740 2580 1897 2635 ferat.

317 2691 463 2746 Nulla
497 2702 627 2756 ergo
644 2687 956 2753 cujusquam
987 2677 1389 2750 praepedimenti
1411 2673 1625 2735 occasio
1646 2670 1904 2741 praetendi

318 2781 394 2834 vel
424 2779 558 2832 falso
585 2783 800 2846 potest,
840 2788 936 2828 cur
978 2776 1192 2838 egomet
1219 2765 1468 2837 specialis
1497 2772 1659 2832 atque
1685 2761 1904 2816 intimus

317 2883 438 2926 tuus
487 2869 621 2924 nihil
661 2884 690 2920 a
737 2863 955 2934 speciali
983 2876 1106 2916 meo
1133 2857 1487 2920 fructiferam,
1521 2871 1552 2909 a
1589 2867 1698 2922 quo
1736 2851 1906 2920 ignoti

319 2977 534 3034 quoque
560 2959 791 3014 multum
819 2956 1034 3024 capiant
1059 2951 1295 3022 plurimi.
1335 2949 1462 3013 Sed,
1493 2947 1570 3002 uti
1608 2961 1708 3013 ego
1745 2952 1904 2998 autu-

319 3072 409 3112 mo
432 3096 447 3119 ,
497 3053 650 3122 juxta
692 3049 917 3104 formam
960 3044 1256 3114 evangelici
1283 3041 1590 3109 largitoris,
1621 3037 1766 3108 quod
1797 3052 1907 3090 non

319 3148 415 3202 das
444 3145 620 3198 amico
648 3139 924 3203 esurienti,
957 3137 1109 3191 dabis
1139 3133 1384 3204 improbo
1409 3129 1688 3202 pulsatori.
1739 3126 1906 3181 Porro

1997 1949 2204 2002 tionem
2260 1962 2358 2016 per
2417 1947 2706 2000 eventilata
2761 1947 3160 2016 disciplinarum
3233 1949 3582 2018 philosophiae

2003 2039 2244 2093 membra
2297 2039 2548 2093 lassatam
2607 2046 2832 2107 repente
2897 2039 3230 2108 voluptuosis
3278 2040 3585 2095 excessibus

2001 2131 2153 2199 quasi
2181 2129 2499 2198 quibusdam
2530 2131 2703 2199 pelagi
2733 2130 2817 2184 sui
2846 2130 3105 2200 portubus
3132 2130 3328 2185 foveat.
3379 2130 3423 2184 0
3451 2132 3586 2186 liber

2001 2222 2345 2276 multifariam
2376 2221 2612 2289 pollens!
2646 2237 2680 2275 ο
2709 2221 2980 2289 eloquium
3010 2237 3116 2274 non
3143 2221 3315 2285 exilis,
3335 2221 3429 2275 sed
3452 2222 3586 2275 sub-

2005 2314 2113 2368 tilis
2141 2313 2372 2382 ingenii!
2405 2313 2551 2381 quod
2583 2328 2685 2368 nec
2710 2327 2812 2382 per
2838 2312 3190 2380 scaturigines
3218 2313 3588 2384 hyperbolicas

2005 2405 2352 2468 intumescit,
2381 2419 2487 2459 nec
2522 2419 2622 2473 per
2654 2405 2986 2474 tapinomata
3020 2403 3272 2474 depressa
3314 2413 3585 2459 tenuatur.

2005 2494 2088 2549 Ad
2115 2496 2220 2550 hoc
2248 2495 2404 2549 unica
2443 2495 2835 2563 singularisque
2863 2495 3135 2557 doctrina,
3178 2504 3232 2550 et
3261 2495 3312 2547 in
3348 2495 3590 2550 diversa-

2005 2601 2126 2640 rum
2150 2600 2330 2641 rerum
2358 2585 2656 2640 assertione
2683 2585 3046 2639 monstrabilis
3065 2626 3077 2646 ,
3111 2586 3195 2640 cui
3226 2585 3390 2640 moris
3415 2593 3498 2640 est
3521 2585 3591 2642 de

2005 2677 2230 2746 singulis
2251 2677 2454 2731 artibus
2485 2691 2607 2731 cum
2635 2675 2858 2743 singulis
2883 2675 3176 2728 artificibus
3205 2676 3592 2745 philosophari,

2003 2783 2233 2838 quaeque
2259 2769 2305 2822 si
2331 2767 2442 2822 fors
2467 2768 2649 2835 exigit,
2684 2742 2868 2820 tenere
2887 2781 2994 2821 non
3020 2742 3351 2822 abnuit-cum
3378 2742 3594 2837 Orpheo
3641 2742 3646 2748 ’

2008 2859 2290 2930 plectrum,
2323 2873 2445 2912 cum
2475 2856 2789 2926 Esculapio
2817 2857 3093 2926 baculum,
3125 2873 3245 2912 cum
3276 2858 3595 2914 Archimede

2008 2952 2239 3017 radium,
2289 2967 2410 3006 cum
2444 2949 2717 3020 Euphrate
2764 2952 3174 3021 horoscopium,
3223 2967 3345 3005 cum
3375 2950 3595 3007 Perdice

2008 3043 2266 3098 circinum
2291 3083 2306 3107 ,
2363 3057 2485 3096 cum
2537 3040 2776 3094 Vitruvio
2825 3041 3307 3111 perpendiculum;
3370 3056 3596 3112 quzeque

2013 3148 2284 3201 nunquam
2315 3133 2636 3198 investigare
2665 3131 2950 3195 destiterit,
2981 3148 3103 3186 cum
3134 3132 3358 3187 Thalete
3385 3141 3596 3202 tempo-

319 3237 361 3291 si
392 3236 557 3290 etiam
589 3247 730 3287 nunc
757 3230 916 3284 solito
942 3227 1295 3290 obdurueris,
1325 3224 1487 3278 faxim
1516 3227 1732 3289 egomet
1760 3217 1905 3286 quod
1931 3216 1979 3287 C
2011 3241 2072 3277 ra
2097 3266 2112 3289 ,
2163 3240 2284 3278 cum
2334 3224 2549 3277 Atlante
2595 3222 2801 3286 sidera,
2849 3239 2970 3276 cum
3019 3224 3150 3278 Zeto
3178 3224 3444 3292 pondera,
3478 3239 3596 3279 cum

320 3339 371 3384 te
399 3338 452 3382 te
479 3327 741 3396 poeniteat
766 3340 778 3376 :
809 3321 1064 3391 quoniam
1091 3321 1136 3372 si
1166 3318 1408 3388 peccaris
1436 3316 1575 3370 ultra
1605 3312 1904 3376 reticendo,

322 3436 419 3490 ego
447 3418 691 3491 protinus
736 3415 966 3469 ulciscar
1003 3409 1306 3466 scribendo.
1357 3406 1527 3460 Porro
1567 3404 1710 3458 enim
1737 3402 1909 3456 ambi-

323 3527 425 3581 guo
471 3518 656 3573 caret,
709 3517 822 3560 tam
871 3515 925 3558 te
973 3499 1302 3571 puniendum
1329 3497 1531 3565 scripto
1561 3510 1713 3559 meo,
1747 3506 1907 3561 quam

325 3605 514 3673 punior
541 3609 756 3670 egomet
781 3596 997 3653 silentio
1025 3603 1139 3647 tuo.
1177 3591 1323 3644 Vale.

589 3706 613 3729 η
643 3694 894 3747 Summus
919 3688 1230 3741 Ceaummo
1259 3696 1358 3735 suo
1387 3679 1636 3733 salutem.

393 3786 697 3849 Committi,
754 3781 970 3836 domine
1007 3777 1208 3845 major,
1255 3774 1310 3826 in
1353 3768 1766 3826 necessitudinis
1788 3767 1912 3836 jura

327 3880 667 3952 pronuntias,
699 3891 796 3931 cur
835 3871 980 3942 quod
1009 3870 1077 3923 ad
1106 3868 1257 3922 salve
1287 3865 1383 3918 tibi
1412 3862 1652 3916 debitum
1681 3867 1908 3930 spectat,

328 3951 355 4025 a
385 3972 525 4042 stylo
550 3978 606 4022 et
629 3965 974 4037 pugillaribus
1001 3962 1090 4015 diu
1113 3967 1437 4026 temperem,
1477 3952 1727 4022 quodque
1754 3951 1910 4005 dein-

331 4076 457 4130 ceps
504 4059 680 4112 nullas
725 4056 959 4108 viantum
1001 4052 1151 4105 volas
1199 4063 1284 4102 me
1326 4060 1560 4116 papyrus
1585 4043 1910 4106 oneraverit,

331 4165 448 4221 qua:
502 4163 598 4203 vos
645 4146 792 4200 cultu
839 4141 1031 4196 sedulae
1059 4139 1330 4209 sospitalis
1377 4136 1668 4206 impertiat.
1711 4132 1914 4188 Praeter

329 4255 541 4312 aequum
566 4239 665 4292 ista
696 4234 986 4302 conjectas,
1017 4231 1060 4284 si
1083 4245 1238 4283 reare
1255 4243 1576 4298 quemquam
1605 4223 1913 4280 mortalium

330 4334 440 4405 (cui
469 4339 650 4386 tamen
696 4322 1042 4382 sermocinari
1092 4320 1342 4374 latialiter
1365 4319 1516 4374 cordi
1546 4322 1651 4386 est)
1680 4332 1787 4372 non
1819 4329 1914 4384 pa-

332 4440 459 4480 vere
478 4463 494 4488 ,
523 4436 645 4477 cum
683 4420 738 4473 in
779 4429 1004 4472 examen
1033 4413 1241 4465 aurium
1272 4420 1516 4474 tuarum,
1549 4411 1748 4479 quippe
1777 4408 1911 4462 scri-

332 4526 458 4590 ptus
515 4513 839 4569 adducitur:
890 4517 1102 4564 tuarum
1153 4507 1370 4574 inquam
1427 4503 1634 4556 aurium
1683 4513 1912 4568 quarum

2011 3314 2314 3385 Chrysippo
2334 3329 2622 3377 numeros,
2651 3328 2772 3366 cum
2801 3312 3022 3368 Euclide
3050 3329 3349 3369 mensuras.
3391 3315 3471 3370 Ad
3497 3331 3596 3370 ex-

2009 3414 2241 3460 tremum
2282 3420 2441 3459 nemo
2467 3406 2666 3459 steculo
2699 3420 2822 3460 meo
2852 3420 2970 3474 qua:
3000 3407 3195 3470 voluit,
3229 3407 3497 3462 afﬁrmare
3520 3409 3596 3462 sic

2012 3495 2200 3549 valuit.
2240 3494 2516 3563 Siquidem
2540 3495 2666 3549 dum
2690 3512 2749 3550 se
2785 3495 3040 3550 adversus
3072 3512 3195 3550 eum
3221 3512 3380 3564 quem
3408 3507 3596 3554 contra

2010 3588 2268 3658 loquitur,
2288 3595 2543 3652 exsertat,
2568 3602 2777 3641 morum
2793 3603 2857 3642 ac
2876 3588 3170 3642 studiorum
3193 3588 3386 3656 lingua:
3406 3590 3596 3643 utrius-

2013 3694 2122 3748 que
2149 3680 2448 3751 symbolam
2480 3679 2610 3746 jure.
2643 3679 2744 3732 sibi
2773 3677 3024 3732 vindicat.
3066 3678 3243 3733 Sentit
3290 3688 3346 3733 ut
3393 3678 3595 3751 Pytha~

2015 3785 2206 3839 goras,
2255 3771 2442 3826 dividit
2470 3778 2529 3824 ut
2555 3769 2834 3834 Socrates,
2867 3770 3100 3839 explicat
3126 3779 3186 3823 ut
3213 3769 3393 3835 Plato,
3427 3771 3596 3841 impli-

2017 3872 2106 3917 cat
2143 3871 2203 3916 ut
2240 3862 2585 3926 Aristoteles,
2629 3870 2688 3914 ut
2715 3859 2971 3915 Eschines
3000 3861 3284 3928 blanditur,
3316 3872 3376 3918 ut
3403 3862 3597 3918 Demo-

2016 3954 2236 4006 sthenes
2264 3953 2532 4017 irascitur,
2564 3959 2750 4006 vernat
2776 3959 2834 4005 ut
2859 3949 3195 4018 Hortensius,
3228 3961 3287 4007 ut
3305 3953 3594 4022 Cethegus,

2017 4047 2203 4100 incitat
2232 4055 2291 4099 ut
2315 4044 2500 4110 Curio,
2533 4050 2777 4098 moratur
2802 4053 2860 4098 ut
2880 4043 3086 4107 Fabius,
3117 4045 3333 4099 simulat
3360 4054 3419 4100 ut
3439 4044 3600 4101 Cras-

2017 4153 2134 4202 sus,
2166 4137 2465 4191 dissimulat
2494 4145 2551 4190 ut
2580 4136 2784 4198 Caesar,
2829 4136 3019 4190 suadet
3045 4145 3103 4189 ut
3128 4135 3296 4202 Cato,
3327 4137 3601 4193 dissuadet

2018 4236 2077 4282 ut
2105 4228 2326 4298 Appius,
2357 4226 2645 4297 persuadet
2669 4235 2726 4280 ut
2751 4226 2968 4279 Tullius.
3008 4225 3124 4279 Jam
3153 4228 3200 4281 si
3228 4228 3295 4281 ad
3319 4243 3602 4282 sacrosan-

2015 4327 2136 4375 ctos
2176 4317 2362 4374 Patres
2391 4335 2490 4388 pro
2534 4319 2938 4386 comparatione
2968 4319 3233 4382 veniatur,
3281 4318 3496 4374 instruit
3539 4329 3599 4374 ut

2020 4408 2397 4480 Hieronymus,
2429 4411 2657 4466 destruit
2685 4418 2742 4463 ut
2769 4409 3098 4477 Lactantius,
3132 4412 3324 4465 astruit
3348 4420 3407 4465 ut
3429 4413 3604 4481 Augu-

2015 4500 2216 4563 stinus,
2269 4501 2530 4554 attollitur
2569 4510 2628 4553 ut
2675 4499 2932 4564 Hilarius,
2978 4502 3306 4555 submittitur
3343 4509 3400 4556 ut
3441 4502 3605 4558 Joan-

333 4609 537 4683 peritite
560 4647 575 4671 ,
623 4607 671 4660 si
715 4619 800 4658 me
843 4603 1190 4657 decursorum
1235 4599 1301 4652 ad
1344 4600 1444 4651 hoc
1484 4597 1584 4649 :evi
1615 4603 1917 4663 temporum
1943 4585 1997 4650 Β
2023 4607 2138 4656 nes,
2164 4599 2222 4644 ut
2249 4591 2476 4646 Basilius
2504 4593 2746 4660 corripit,
2779 4601 2838 4646 ut
2865 4591 3156 4659 Gregorius
3185 4594 3520 4660 consolatur,
3547 4603 3608 4650 ut

331 4698 683 4774 praerogativa
711 4709 818 4749 non
844 4694 1058 4757 obruat,
1090 4706 1190 4745 nec
1211 4689 1586 4743 Frontoniana:
1615 4685 1909 4752 gravitatis,
1953 4686 1956 4692 '

333 4802 424 4848 aut
447 4780 698 4861 ponderis
728 4785 1010 4855 Apuleiani
1037 4785 1234 4837 flumen
1263 4781 1589 4848 :equiparcm
1615 4796 1626 4828 :
1659 4777 1745 4829 cui
1775 4775 1911 4827 Varo

334 4899 512 4947 rones,
541 4881 628 4935 vel
656 4878 929 4940 Atacinus,
960 4876 1045 4930 vel
1074 4871 1383 4934 Terentius,
1413 4868 1596 4930 Plinii,
1630 4867 1712 4919 vel
1742 4881 1914 4918 avun-

336 4976 502 5035 culus,
518 4971 605 5026 vel
625 4967 922 5031 Secundus,
950 4964 1231 5034 compositi
1255 4959 1731 5032 impraesentiarum
1752 4957 1913 5014 rustio

337 5066 612 5120 cabuntur.
689 5059 1022 5130 Astipulatur
1064 5056 1264 5124 judicio
1310 5069 1434 5108 meo
1481 5052 1734 5107 volumen
1785 5050 1914 5105 illud

335 5154 480 5224 quod
519 5161 635 5208 tute
681 5167 835 5221 super
874 5157 1012 5203 statu
1054 5147 1246 5200 animus
1291 5160 1471 5200 rerum
1521 5144 1914 5209 verborumque

336 5248 558 5303 scientia
607 5245 950 5300 divitissimus
995 5238 1364 5310 propalavisti.
1419 5237 1477 5290 In
1523 5252 1630 5306 quo
1677 5235 1802 5288 dum
1852 5233 1917 5286 ad

337 5353 514 5394 meum
570 5351 764 5391 nomen
813 5332 1182 5404 prommiaris,
1233 5331 1336 5384 hoc
1366 5343 1562 5382 munus
1584 5326 1926 5396 potissimum-

337 5433 492 5502 cepi,
543 5438 601 5484 ut
628 5444 762 5484 mete
790 5428 930 5481 fama
959 5438 1203 5496 persome
1225 5465 1239 5488 ,
1279 5437 1440 5491 quam
1471 5435 1648 5489 opera:
1689 5418 1918 5488 pretium

339 5541 445 5581 non
472 5533 609 5588 erat,
638 5522 900 5577 librorum
927 5533 1147 5573 suorum
1176 5515 1344 5569 titulis
1377 5514 1759 5574 inclarescere,
1795 5518 1916 5563 tuo-

340 5632 454 5670 rum
482 5613 746 5669 beneficio
777 5619 1198 5682 perpetuaretur.
1254 5607 1320 5660 At
1349 5605 1488 5675 quod
1532 5604 1674 5656 Deus
1709 5618 1914 5669 magne,

411 5759 436 5784 τι
468 5746 593 5800 llaec
623 5761 749 5800 vero
781 5753 861 5800 est
903 5744 1059 5796 tertia
1102 5741 1337 5809 eiusdem
1379 5739 1495 5792 libri
1521 5752 1590 5798 iv,
1621 5751 1724 5803 qua
1769 5735 1921 5790 Sido‘

340 5821 458 5873 nius
485 5816 811 5886 prmcedenti
843 5813 1154 5880 respondet.

2027 4683 2248 4738 Orosius
2292 4680 2496 4746 afﬂuit,
2531 4691 2586 4737 ut
2633 4681 2856 4736 Rufinus
2903 4684 3200 4749 stringitur,
3253 4693 3310 4737 ut
3345 4684 3606 4741 Eusebius

2029 4771 2228 4841 narrat,
2256 4782 2313 4827 ut
2337 4774 2630 4828 Eucherius
2653 4774 2926 4836 sollicitat,
2960 4780 3018 4826 ut
3046 4772 3299 4830 Paulinus
3326 4784 3603 4844 provocat,

2027 4877 2088 4924 ut
2111 4867 2424 4922 Ambrosius
2465 4873 2790 4935 perseverat.
2847 4865 2964 4929 Jam
3003 4879 3134 4919 vero
3171 4865 3237 4919 de
3280 4865 3489 4934 Hymno
3517 4873 3607 4918 tuo

2028 4964 2070 5016 si
2101 4966 2454 5031 percunctere
2482 4958 2608 5026 quid
2635 4958 2883 5018 sentiam,
2916 4956 3264 5010 commaticus
3289 4960 3392 5015 est,
3417 4953 3605 5020 copio-

2027 5071 2118 5110 sus
2139 5095 2152 5119 ,
2185 5052 2372 5117 dulcis,
2405 5051 2608 5114 elatus;
2641 5059 2698 5105 et
2723 5049 2992 5116 quoslibet
3021 5048 3214 5116 lyricos
3240 5043 3606 5112 dithyrambOS

2027 5146 2338 5201 amoenitate
2367 5144 2574 5213 poetica
2599 5150 2654 5194 et
2683 5140 2936 5194 historica
2968 5136 3192 5190 veritate
3219 5133 3602 5201 supereminet.

2026 5238 2191 5306 ldqne
2241 5243 2390 5289 tuum
2423 5236 2473 5287 in
2500 5234 2594 5286 illo
2624 5230 2912 5300 peculiare,
2961 5225 3105 5292 quod
3134 5224 3366 5279 servatis
3401 5231 3605 5280 metro—

2025 5344 2142 5382 rum
2173 5325 2396 5396 pedibns
2415 5364 2428 5388 ,
2472 5322 2666 5392 pedum
2697 5317 2942 5388 syllabis,
2990 5314 3422 5383 syllabarumque
3450 5323 3607 5371 natu-

2026 5420 2102 5475 ris
2129 5419 2266 5472 intra
2294 5415 2452 5484 spatii
2475 5414 2562 5468 sui
2587 5409 2890 5468 terminum,
2921 5403 3088 5458 verba
3115 5405 3245 5460 ditia
3270 5421 3455 5462 versus
3475 5422 3608 5476 pau-

2028 5527 2124 5580 per
2151 5507 2406 5562 includit:
2441 5520 2536 5558 nec
2587 5497 2776 5552 arctati
2825 5494 3078 5549 carminis
3125 5495 3356 5550 brevitas
3385 5495 3610 5563 longitu-

2027 5602 2204 5654 dinem
2254 5596 2514 5667 phalerati
2564 5588 2823 5644 sermonis
2863 5586 3125 5640 eliminat.
3193 5587 3271 5639 fta
3312 5586 3409 5640 tibi
3454 5585 3608 5642 facile

2101 5733 2126 5770 δ
2158 5733 2214 5785 In
2245 5729 2505 5796 aliquibus
2526 5724 2673 5778 libris
2703 5725 2974 5776 mollitum.
