4238 6260
651 351 764 426 78$

1934 365 2244 421 MAMERTI
2281 363 2640 423 CLAUDIAM

3816 373 3925 429 788

605 525 628 548 .
653 483 799 540 factu
844 490 927 538 est
967 481 1185 537 minutis
1213 481 1486 546 trochzeis,
1528 479 2014 548 minutioribusque
2053 482 2226 551 pyrri-
2253 487 2306 550 Α
2331 481 2654 544 humanum,
2701 489 2793 536 aut
2834 480 3048 550 ingenia
3095 481 3284 551 eadem
3332 497 3441 538 non
3479 489 3752 555 suntquae
3775 487 3927 546 fuere

655 580 823 645 chiis,
865 594 974 633 non
1001 577 1174 633 solum
1212 577 1524 632 molossicas
1569 576 2024 647 anapaesticasque
2051 583 2231 630 tema-

655 671 792 735 rlas,
843 669 938 724 scd
973 669 1310 740 epitritorum
1352 669 1514 723 etiam
1560 683 1914 739 pmonumque
1939 674 2231 736 quaternas

651 761 1001 833 supervenire
1015 761 1311 830 juncturas.
1344 758 1619 816 Excrcscit
1646 758 1938 829 amplitudo
1962 757 2230 829 proloquii

653 852 925 922 angustias
952 851 1224 920 regulares
1240 889 1255 914 ,
1298 858 1354 905 et
1377 858 1631 919 tanquam
1657 864 1826 919 parvo
1855 864 1987 904 auro
2014 849 2231 917 grandis

652 961 864 1015 gemma
895 944 986 999 vix
1015 944 1258 1014 capitur:
1292 943 1592 1012 emicatque
1619 951 1681 997 ut
1705 942 1830 1011 equi
1858 941 2094 1012 potentis
2123 940 2232 994 ani-

652 1035 915 1101 mositas,
965 1034 1050 1090 cui
1098 1033 1347 1088 frementi
1392 1032 1438 1086 si
1465 1032 1609 1087 inter
1652 1040 1840 1100 tesqua
1871 1031 1955 1084 vel
1977 1030 2228 1097 confraga

653 1125 925 1181 frenorum
955 1123 1073 1194 lege
1102 1131 1368 1186 teneatur,
1414 1122 1666 1189 intelligis
1719 1137 1824 1176 non
1871 1129 1979 1174 tam
2015 1135 2229 1175 cursum

651 1219 841 1276 deesse
867 1231 1030 1286 quam
1058 1231 1325 1286 campum.
1400 1213 1537 1281 Quid
1574 1213 1795 1268 multis?
1823 1212 2026 1267 arbitro
2061 1227 2148 1267 me
2175 1211 2230 1265 in

651 1319 884 1380 utroque
910 1322 1108 1377 genere
1132 1305 1365 1371 dicendi,
1397 1319 1497 1359 nec
1536 1303 1760 1358 Athena:
1791 1303 1871 1358 sic
1898 1301 2106 1366 Atticae,
2133 1315 2232 1356 nec

654 1397 816 1455 Musa:
861 1399 941 1454 sic
985 1397 1203 1454 musicae
1241 1395 1639 1466 judicabuntur,
1691 1394 1737 1448 si
1785 1392 1947 1447 modo
1975 1391 2105 1445 mihi
2143 1391 2228 1446 vel

651 1489 904 1547 censendi
954 1487 1165 1558 copiam
1209 1485 1412 1542 desidia
1452 1485 1663 1554 longior
1701 1499 1807 1538 non
1833 1480 2053 1536 ademit.
2093 1480 2228 1535 Nam

651 1583 778 1640 dum
803 1582 1047 1651 impacta:
1073 1577 1422 1649 professionis
1461 1577 1686 1632 obtentu
1723 1590 1922 1630 novum
1959 1573 2227 1630 scribendi

651 1687 856 1728 morem
900 1669 1161 1740 gradatim
1189 1675 1416 1739 appeto,
1466 1674 1523 1721 et
1564 1674 1798 1720 veterem
1836 1665 2108 1719 saltuatim
2133 1664 2226 1719 de-

649 1764 831 1829 disco;
860 1761 928 1817 de
950 1761 1094 1817 bono
1117 1767 1332 1815 oratore
1359 1757 1432 1811 nil
1453 1756 1680 1826 amplius
1699 1755 1876 1811 habeo
1894 1769 2055 1825 quam
2079 1754 2226 1824 quod

2332 573 2508 643 prius,
2564 580 2656 626 aut
2682 571 2872 626 Cicero
2921 572 3022 629 sui.
3051 572 3231 628 saeculi
3275 588 3516 629 summus
3562 585 3750 632 orator
3795 588 3924 634 nata

2331 678 2510 718 secum
2534 664 2672 717 bona
2689 670 2910 733 accepto
2931 662 3136 729 habuit,
3150 672 3205 717 et
3219 671 3325 719 n'on
3344 679 3500 732 mage
3509 668 3667 736 parvi
3680 669 3925 737 pendens

2329 753 2621 808 domestica
2666 760 2721 807 et
2747 753 2940 819 civica,
2970 753 3039 808 ad
3079 742 3246 823 usque
3272 754 3532 810 Graeciam
3577 760 3924 827 capessemb

2331 848 2680 917 opulentioris
2707 848 2942 903 scientia:
2963 849 3132 918 gratia
3156 849 3530 918 peregrinatus
3557 857 3660 916 est,
3683 861 3777 906 aut
3805 852 3920 907 for-

2330 954 2425 993 san
2455 937 2643 994 Platon
2665 953 2801 1009 apex
2820 938 3138 1008 culmenque
3157 939 3512 1009 philosoth
3531 941 3686 1010 privo
3710 950 3920 996 natura

2331 1030 2474 1086 bono
2501 1039 2806 1098 contentus,
2836 1039 2959 1102 post
2984 1030 3222 1088 Socratis
3259 1031 3512 1101 dogmata
3547 1034 3916 1102 angustiorem

2331 1122 2556 1177 credens
2582 1121 2842 1177 Graeciam
2888 1121 3254 1177 doctrinarum
3281 1136 3446 1190 quam
3486 1137 3606 1178 esse
3630 1123 3915 1189 virtutum,

2330 1229 2438 1269 non
2487 1229 2655 1282 usque
2701 1214 2766 1268 ad
2815 1213 3105 1286 Egyptum
3153 1221 3209 1268 et
3254 1213 3320 1268 ad
3368 1227 3535 1285 usque
3576 1214 3917 1283 Bragmanos

2331 1306 2579 1361 Indorum
2607 1314 2663 1361 et
2700 1305 2768 1360 ad
2807 1321 2975 1377 usque
3019 1306 3490 1377 Pythagoricarum
3537 1305 3912 1362 doctrinarum

2330 1411 2430 1466 per
2457 1396 2698 1451 haeredes
2747 1387 3044 1452 indefessus
3091 1411 3272 1451 rerum
3320 1403 3578 1452 scrutator
3628 1395 3864 1451 accessit
3886 1398 3912 1450 1'

2331 1485 2508 1540 Taceo
2536 1494 2779 1550 caeteros,
2826 1485 2951 1555 quia
2999 1501 3100 1542 nec
3126 1493 3337 1555 tempus
3379 1499 3478 1539 nec
3515 1500 3648 1554 opus
3672 1484 3910 1553 hujusce

2331 1575 2410 1630 rei
2437 1591 2609 1646 capax
2637 1584 2738 1631 est.
2791 1575 2965 1631 Unum
3013 1575 3141 1631 illud
3167 1575 3356 1646 procul
3382 1575 3625 1644 ambiguo
3650 1575 3904 1642 dixerim,

2328 1675 2519 1722 nostro
2547 1667 2742 1722 steculo
2773 1682 2878 1722 non
2909 1667 3122 1735 ingenia
3149 1665 3368 1731 deesse,
3410 1665 3506 1721 sed
3533 1666 3728 1721 studia.
3758 1664 3908 1732 Quo-

2327 1773 2445 1813 rum
2465 1766 2677 1826 egomet
2697 1758 2991 1813 studiorum
3011 1756 3165 1827 quasi
3187 1755 3472 1826 quamdam
3491 1763 3723 1811 mortem
3744 1753 3906 1811 ﬂebili

649 1856 823 1910 malus
850 1860 1007 1924 poeta
1034 1851 1153 1922 plus
1179 1865 1299 1906 esse
1327 1849 1483 1920 ccepi.
1506 1847 1687 1915 Proin,
1704 1863 1907 1919 quaeso,
1926 1849 2107 1904 delicti
2127 1848 2227 1902 hu—
2253 1859 2303 1922 Β
2328 1850 2473 1905 velut
2490 1848 2765 1918 epitaphio
2794 1848 3131 1910 tumularem,
3152 1847 3252 1902 nisi
3274 1855 3387 1902 tute
3405 1846 3598 1902 eadem
3616 1847 3905 1902 venerabili

648 1945 732 2015 jus
758 1944 890 2000 mihi
917 1943 1142 2011 gratiam
1170 1941 1335 1996 facias
1351 1981 1367 2006 ,
1389 1939 1533 2010 quod
1561 1939 1948 2010 aliquantisper
1973 1939 2079 1993 mei
2116 1953 2225 1994 me-

648 2037 876 2102 minens,
907 2042 1149 2090 arentem
1172 2032 1419 2088 venulam
1451 2031 1622 2086 rarius
1648 2029 1853 2084 ﬂumini
1884 2039 1976 2085 tuo
1997 2030 2217 2084 misceo.

647 2127 817 2182 Tuam
841 2126 1022 2181 tubam
1053 2132 1198 2180 totus
1221 2138 1326 2192 qua
1353 2130 1500 2193 patet
1523 2121 1668 2176 orbis
1690 2119 1812 2189 jure
1839 2119 2219 2176 venerabitur:

643 2232 808 2285 quam
837 2223 1048 2270 constat
1088 2213 1357 2282 geminata
1385 2211 1636 2266 felicitate
1671 2210 1930 2266 cecinisse
1952 2249 1968 2274 ,
2008 2209 2222 2280 quando

646 2323 749 2362 nec
770 2307 1018 2360 annulum
1056 2304 1284 2374 reperit,
1315 2317 1414 2357 nec
1440 2302 1728 2370 aequalem,
1753 2317 1873 2356 cum
1899 2300 2105 2372 pridem
2134 2316 2225 2354 au-

645 2415 734 2456 res
755 2407 810 2454 et
836 2415 932 2454 ora
960 2397 1300 2468 populorum,
1333 2410 1419 2450 me
1445 2394 1606 2448 etiam
1637 2392 2066 2457 circumferente,
2099 2407 2226 2461 per-

645 2499 949 2559 vagaretur.
988 2488 1154 2544 Nobis
1181 2494 1360 2542 autem
1380 2483 1595 2553 grandis
1621 2482 1862 2544 audacia,
1894 2483 1939 2537 si
1968 2483 2053 2538 vel
2079 2481 2222 2552 apud

636 2583 999 2654 municipales
1043 2589 1099 2637 et
1142 2579 1511 2636 cathedrarios
1551 2585 1796 2631 oratores
1815 2615 1830 2640 ,
1861 2582 1954 2629 aut
1980 2574 2222 2629 forenses

643 2675 857 2732 rabulas
903 2674 1202 2742 garriamus
1229 2690 1239 2723 :
1271 2671 1363 2740 qui
1409 2671 1571 2730 etiam
1610 2684 1732 2724 cum
1773 2674 2028 2737 perorant
2052 2666 2219 2733 (salva

643 2783 778 2839 pace
804 2766 1132 2838 potiorum),
1184 2763 1338 2820 turba
1383 2761 1739 2824 numerosior,
1782 2756 2220 2813 illitteratissimis

643 2859 833 2914 litteris
859 2864 1067 2912 vacant.
1125 2855 1256 2910 Nam
1285 2863 1364 2918 te,
1394 2853 1478 2908 cui
1507 2867 1602 2907 seu
1624 2850 1847 2905 liberum
1876 2864 1970 2904 seu
1999 2848 2218 2916 ligatum

629 2948 850 3018 placeat
895 2946 1164 3000 alternare
1205 2957 1508 2998 sermonem
1533 2980 1548 3003 ,
1598 2940 1843 2994 intonare
1884 2936 2217 2992 ambifariam

643 3037 898 3107 suppetit,
921 3037 1078 3106 pauci
1103 3051 1240 3105 quos
1265 3051 1448 3106 mquus
1476 3033 1673 3088 amavit
1700 3042 1725 3069 σι
1751 3030 2009 3102 luppiter,
2041 3030 2217 3097 imita-

643 3126 858 3181 buntur.
892 3125 1040 3182 Vale.
1187 3155 1194 3164 ι

1069 3215 1097 3256 δ
1122 3214 1465 3271 'EPISTOLA
1500 3213 1794 3269 ALTERA.

713 3305 1033 3361 Doctissimo
1060 3306 1175 3360 viro
1207 3317 1229 3344 ο
1271 3306 1516 3360 Summo
1552 3305 1755 3358 rhetori
1790 3304 2140 3358 CLAUDIANUS.

716 3398 1120 3468 Disciplinarum
1139 3395 1376 3451 omnium
1397 3404 1559 3465 atque
1578 3395 1772 3449 artium
1797 3394 2051 3461 magistra
2071 3393 2218 3446 Gne-

643 3493 730 3547 cia.
771 3489 969 3546 idcirco
1015 3487 1245 3543 maxime
1291 3487 1556 3542 nobilibus
1602 3485 1792 3541 studiis
1838 3493 2090 3556 provecta
2135 3491 2220 3539 est

640 3591 803 3652 atque
847 3580 1032 3635 orbem
1091 3593 1230 3648 pene
1279 3585 1451 3633 totum
1509 3576 1888 3646 multiplicibus
1938 3574 2218 3645 complexa

639 3671 914 3737 doctrinis,
945 3671 1198 3740 quoniam
1235 3685 1392 3724 nemo
1420 3668 1528 3724 illic
1553 3667 1791 3724 omnium
1821 3667 1920 3722 fuit
1945 3666 2037 3737 qui
2063 3665 2219 3736 quid-

641 3779 800 3834 quam
830 3763 986 3817 bona:
1024 3760 1189 3829 frugis
1233 3760 1398 3816 ferret
1424 3759 1511 3814 cui
1554 3775 1661 3814 non
1686 3774 1785 3829 par
1812 3759 2006 3814 merito
2045 3758 2220 3812 honos

640 3865 761 3911 stet.
793 3853 928 3910 llinc
970 3853 1207 3909 nonnulli
1256 3853 1510 3908 mortales
1555 3861 1800 3908 naturam
1844 3866 1983 3922 pene
2027 3866 2216 3921 super-

641 3947 810 4014 gressi
840 3945 1166 4011 mortalium,
1187 3945 1418 4000 extentis
1436 3959 1816 4012 usquequaque
1843 3943 2217 3997 excellentium

643 4036 977 4106 ingeniorum
998 4035 1220 4099 viribus,
1243 4033 1655 4102 inlatigabilibus
1675 4033 1816 4086 curis
1839 4047 2017 4087 rerum
2038 4031 2218 4086 abdita

641 4129 915 4190 rimantes,
948 4127 1211 4197 repositas
1231 4124 1567 4192 originalium
1589 4122 2001 4192 primordiorum
2029 4137 2219 4177 causas

639 4227 695 4273 et
723 4218 1090 4288 temporaliter
1117 4214 1484 4271 fluctuantium
1523 4212 1939 4268 substantiarum
1974 4212 2222 4281 praefixos

639 4311 900 4368 terminos
925 4309 1117 4377 indage
1144 4316 1200 4362 et
1227 4314 1342 4360 arte
1368 4303 1666 4374 complexi,
1719 4318 1826 4357 non
1872 4304 2034 4358 modo
2081 4303 2218 4359 intra

639 4401 969 4458 mundanum
997 4397 1091 4453 sed
1130 4411 1290 4466 super
1317 4395 1537 4449 caeleste
1563 4392 1726 4446 etiam
1756 4392 2010 4448 introiere
2039 4408 2218 4448 secre-

641 4503 776 4548 tum.
826 4490 981 4556 Quod
1025 4487 1154 4541 mihi
1193 4485 1670 4554 impraesentiarum
1719 4501 1846 4541 usus
1889 4495 1970 4552 est
2005 4485 2214 4552 dicere,

2320 1940 2671 2013 professione,
2690 1939 2942 1994 laudabili
2955 1939 3194 2005 solertia,
3212 1939 3324 1994 acri
3345 1939 3586 2008 ingenio,
3604 1938 3906 2009 proﬂuente

2321 2034 2538 2104 eloquio
2566 2032 3012 2088 resuscitavisses.
3044 2032 3197 2100 Quod
3215 2033 3465 2103 equidem
3492 2032 3694 2087 bonum
3714 2047 3781 2087 eo
3809 2031 3904 2086 ads

2323 2123 2619 2178 mirabilius
2647 2135 2731 2178 est
2758 2122 2888 2176 mihi
2912 2138 3020 2192 quo
3049 2122 3386 2194 desperatius
3414 2123 3531 2177 fuit.
3564 2122 3735 2179 Video
3762 2123 3905 2178 enim

2321 2230 2382 2270 os
2404 2213 2720 2279 Romanum,
2746 2228 2852 2269 non
2881 2211 3040 2268 modo
3062 2212 3414 2281 negligentiae,
3436 2212 3530 2267 sed
3559 2211 3752 2282 pudori
3778 2227 3904 2268 esse

2322 2304 2595 2368 Romanis,
2620 2303 3021 2371 grammaticam
3053 2303 3128 2356 uti
3155 2302 3439 2373 quamdam
3467 2303 3752 2357 barbaram
3776 2304 3902 2358 bar-

2320 2396 2536 2450 barismi
2559 2403 2616 2450 et
2637 2395 2923 2451 solmcismi
2946 2409 3122 2465 pugno
3143 2402 3198 2449 et
3216 2395 3365 2450 calce
3385 2395 3632 2465 propelli,
3661 2395 3904 2452 dialecti-

2319 2503 2437 2542 cem
2463 2496 2713 2558 tanquam
2744 2485 3068 2542 Amazonem
3095 2487 3281 2542 stricto
3308 2486 3702 2542 decertaturam
3721 2489 3904 2558 gladio

2320 2579 2625 2642 formidari,
2658 2579 2981 2634 rhetoricam
3031 2594 3094 2633 ac
3135 2578 3180 2633 si
3225 2578 3479 2647 grandem
3527 2580 3798 2634 dominam
3842 2580 3902 2636 in

2321 2677 2548 2736 angusto
2579 2683 2683 2723 non
2713 2668 2908 2738 recipi,
2940 2668 3194 2724 musiccm
3225 2683 3354 2724 vero
3401 2676 3457 2723 et
3494 2671 3896 2739 geometricam,

2320 2769 2481 2830 atque
2503 2761 2894 2816 arithmeticam
2911 2769 3018 2816 tres
3037 2761 3186 2830 quasi
3209 2759 3373 2816 furias
3392 2760 3603 2831 deSpui;
3625 2769 3746 2831 post
3765 2762 3897 2818 hinc

2321 2852 2710 2922 philosophiam
2740 2859 2900 2920 atque
2929 2851 3005 2906 uti
3031 2851 3300 2921 quoddam
3337 2852 3633 2907 ominosum
3660 2851 3896 2908 bestiale

2320 2945 2609 3000 numerari.
2628 2944 2731 2998 Sed
2749 2944 2862 2998 haec
2876 2945 2930 3004 in
2946 2944 3155 2999 laudem
3172 2952 3317 2998 tuam
3331 2944 3597 3014 suggestui
3609 2953 3752 3011 sunt;
3767 2946 3902 3015 quia

2319 3037 2364 3091 si
2384 3036 2534 3090 multi
2558 3051 2783 3106 quorum
2815 3043 2869 3089 tu
2899 3051 2958 3092 es
2983 3035 3282 3091 studiorum
3307 3036 3514 3103 forent,
3543 3036 3752 3092 iuturus
3777 3053 3901 3094 eras

2318 3127 2537 3193 scilicet,
2561 3127 2663 3182 etsi
2678 3143 2784 3183 non
2798 3128 3035 3182 omnium
3051 3128 3248 3198 potior,
3267 3144 3405 3184 unus
3438 3143 3506 3185 ex
3526 3130 3726 3185 multis.
3759 3130 3899 3186 Hinc

2241 3219 2286 3282 C
2319 3237 2464 3284 vero,
2478 3219 2665 3290 procul
2683 3218 2893 3288 injuria,
2908 3227 3223 3275 cancrorum
3236 3234 3406 3290 penes
3418 3219 3644 3276 Galliam
3659 3229 3898 3276 nostram

2314 3307 2661 3380 professionis
2695 3317 2797 3361 tua:
2823 3323 2921 3378 par
2948 3323 3087 3362 unus
3113 3316 3169 3363 et
3195 3308 3342 3363 solus
3369 3322 3448 3364 es.
3482 3308 3665 3380 Neque
3694 3309 3896 3365 dictum

2317 3400 2453 3455 istuc
2481 3409 2574 3454 aut
2618 3400 2969 3454 assentationi
3001 3408 3091 3454 aut
3131 3399 3426 3456 adulationi
3469 3401 3646 3458 detur.
3688 3402 3896 3471 Nequa-

2317 3507 2477 3561 quam
2521 3491 2764 3562 profecto
2812 3491 2896 3546 vel
2943 3499 3158 3560 egomet
3201 3493 3407 3548 adulari
3449 3509 3700 3564 possum,
3730 3494 3813 3548 vel
3840 3502 3898 3550 tu

2318 3581 2522 3650 indiges
2549 3580 2684 3636 falso
2727 3580 2950 3635 laudari.
2999 3581 3105 3637 Sed
3152 3583 3266 3637 erui
3313 3591 3474 3654 atque
3521 3584 3680 3639 avelli
3731 3583 3896 3639 inﬂxa

2318 3673 2498 3727 animo
2527 3688 2651 3727 meo
2682 3673 2868 3741 nequit
2905 3672 3354 3729 declamationum
3399 3683 3609 3730 tuarum
3655 3677 3898 3730 suavitas

2321 3765 2488 3819 mixta
2518 3765 2734 3828 virtute,
2763 3764 2925 3819 Attici
2953 3780 3102 3820 more
3143 3765 3328 3830 mellis,
3360 3765 3443 3819 cui
3484 3773 3674 3834 suapte
3701 3774 3895 3820 natura

2322 3853 2487 3908 indita
2511 3863 2636 3907 sunt
2661 3853 2887 3919 medela,
2910 3854 3176 3918 fortitudo,
3199 3853 3438 3916 dulcedo,
3461 3853 3604 3924 quod
3624 3855 3678 3908 in
3701 3853 3894 3926 llyblaa

2316 3946 2460 4016 jugis
2489 3946 2723 4002 volucris
2750 3955 2912 4016 atque
2941 3945 3112 4017 opifex
3136 3946 3338 4016 apicula
3367 3945 3578 4002 coalitus
3601 3946 3897 4004 deciduum

2319 4038 2514 4092 haustu
2545 4039 2764 4107 capiens
2789 4037 3092 4094 fabrefactis
3118 4053 3300 4092 manso
3343 4035 3606 4106 ﬂorigeris
3641 4037 3897 4104 infundit,

2319 4125 2654 4195 ﬁliorumque
2699 4127 3006 4182 fabricatrix
3033 4127 3350 4197 virginitatis
3393 4143 3504 4183 sua:
3545 4127 3774 4182 feturam
3803 4130 3898 4187 alit

2317 4224 2482 4288 atque
2509 4217 2697 4272 imbuit
2725 4218 2888 4272 ubere
2916 4218 3157 4273 favorum
3182 4235 3196 4271 :
3221 4219 3292 4273 ita
3315 4226 3370 4274 tu
3393 4219 3602 4274 scilicet
3625 4235 3657 4274 e
3678 4221 3897 4277 summis

2319 4306 2626 4362 auctoribus
2654 4308 2802 4362 velut
2828 4323 2860 4363 e
2887 4309 3094 4376 magnis
3117 4309 3387 4364 montibus
3414 4309 3654 4371 doctiora
3671 4324 3896 4379 qumque

2319 4398 2465 4452 velut
2494 4398 2693 4469 thymia
2727 4409 2749 4436 ε
2781 4397 3071 4467 fragrantia
3099 4408 3156 4454 et
3181 4398 3490 4455 fecundiora
3537 4400 3701 4456 veluti
3745 4417 3896 4470 qua:-

2320 4485 2445 4541 dam
2473 4486 2661 4543 ﬂorida
2691 4502 3046 4558 pnecerpens,
3083 4504 3221 4558 quos
3250 4489 3450 4558 ingenii
3474 4490 3635 4546 melle
3661 4490 3895 4560 repleas,

640 4582 894 4652 quoniam
946 4581 1207 4635 bonarum
1259 4577 1452 4631 artium
1494 4575 1607 4646 jam
1653 4577 1777 4633 inde
1818 4594 1850 4633 a
1896 4594 2219 4649 proavorum
2244 4581 2298 4644 Ι)
2323 4577 2640 4648 eloquentiae
2659 4578 2880 4635 conficis
2899 4579 3069 4645 favos,
3091 4581 3336 4650 equibus
3355 4581 3486 4636 item
3503 4581 3896 4652 discipulorum

641 4678 946 4728 nostrorum
993 4667 1200 4726 saeculis
1242 4669 1379 4722 facta
1423 4666 1654 4736 jactura,
1706 4676 1760 4723 et
1800 4669 1962 4724 animi
2009 4670 2211 4725 cultum

639 4766 938 4835 despuens,
967 4777 1078 4832 quo
1121 4761 1240 4818 solo
1285 4767 1502 4830 prastat
1546 4758 1736 4830 pecudi
1781 4774 1912 4829 gens
1958 4761 2209 4827 humana,

639 4857 844 4914 deliciis
869 4863 926 4912 et
953 4853 1150 4911 divitiis
1173 4852 1412 4912 serviens
1431 4851 1652 4920 ignavia:
1671 4859 1724 4904 et
1743 4851 1966 4906 inscitia:
1992 4851 2208 4917 famula,

637 4950 666 4989 ά
687 4963 902 5022 pessum
932 4960 1094 5017 porro
1121 4941 1267 4998 dedit
1311 4957 1433 4996 cum
1473 4940 1716 4996 doctrina
1763 4940 2034 4995 virtutem.
2079 4940 2210 4995 Nam

635 5040 781 5114 quod
809 5053 916 5095 non
945 5034 1108 5092 modo
1133 5033 1200 5090 ad
1227 5031 1584 5088 innovandum
1610 5031 1902 5101 quippiam,
1933 5031 2024 5086 sed
2051 5047 2122 5088 ne
2145 5031 2212 5086 ad

634 5128 1014 5186 dediscendum
1031 5123 1246 5194 quidem
1267 5121 1469 5190 absque
1496 5129 1549 5175 te
1575 5135 1684 5175 uno
1703 5120 1994 5190 disciplina:
2019 5121 2213 5177 nobilis

635 5223 777 5277 ullus
803 5220 1034 5290 aspirat,
1063 5214 1399 5284 negligentia:
1438 5211 1489 5266 id
1518 5212 1762 5266 humanze
1790 5213 2104 5267 ascribimus
2142 5229 2212 5267 an

640 5311 869 5366 naturae?
894 5309 953 5364 Si
976 5307 1176 5363 malum
1196 5306 1370 5360 isthoc
1389 5310 1592 5358 natura:
1622 5301 1750 5356 vitio
1787 5303 2044 5356 vertimus
2072 5320 2209 5357 non-

641 5399 896 5469 quidnam
924 5417 956 5454 a
981 5414 1180 5467 genere
1207 5400 1443 5454 humano
1468 5395 1682 5451 differre
1707 5394 1811 5450 dici
1839 5403 2017 5465 potest
2045 5412 2212 5465 genus

712 5565 737 5593 α
769 5552 1132 5625 Incommode,
1177 5561 1234 5607 ut
1269 5553 1492 5625 videtur,
1529 5551 1679 5606 deest
1719 5551 1828 5605 haec
1857 5569 1962 5608 vox
1989 5553 2040 5606 in
2071 5571 2207 5625 pra:-

639 5629 779 5683 clara
806 5624 1038 5680 editione
1067 5623 1458 5677 Sirmondiana.

709 5698 734 5735 δ
757 5695 940 5752 Exstat.
958 5695 1070 5748 haec
1085 5693 1310 5813 egistola
1333 5693 1465 5745 inter
1484 5690 1813 5744 Misrrllnnca
1837 5691 2054 5757 Ilo/uari,
2075 5704 2201 5750 tom.

725 5804 736 5813 .
772 5779 923 5813 manu.
958 5761 1122 5813 535-5
1159 5759 1208 5813 8.

642 5766 704 5818 Vl
725 5804 736 5827 ,
771 5779 923 5834 pagg.
958 5761 1122 5816 535-5

2316 4671 2525 4725 tibimet
2565 4673 2711 4726 velut
2740 4671 2968 4727 filiorum
2998 4673 3354 4729 numerositas
3381 4673 3574 4730 dilecta
3602 4672 3892 4736 formatur;

2314 4775 2434 4830 qua:
2448 4759 2752 4817 Graecarum
2778 4777 2994 4832 quoque
3013 4762 3412 4834 disciplinarum
3432 4772 3648 4819 nectare
3667 4762 3892 4829 imbuta,

2314 4869 2378 4910 ac
2397 4854 2443 4909 si
2466 4856 2622 4910 melle
2642 4856 2817 4912 Attico
2837 4864 3008 4926 pasta,
3035 4864 3092 4910 ut
3119 4857 3390 4926 occeperit
3411 4856 3606 4926 pennis
3631 4864 3894 4926 strepere,

2313 4945 2633 5014 eloquentia:
2671 4946 2820 5001 favos
2846 4957 2902 5001 et
2929 4947 3044 5016 ipsa
3068 4945 3335 5002 conficiet.
3386 4945 3544 5001 Medo
3573 4955 3631 5001 tu
3657 4945 3741 5002 fac
3778 4959 3893 5000 me-

2317 5038 2535 5092 mineris
2561 5039 2784 5094 docendi
2815 5054 3009 5094 munus
3037 5038 3132 5092 tibi
3160 5054 3190 5092 a
3217 5038 3434 5108 proavis
3472 5044 3528 5091 et
3554 5039 3690 5093 citra
3720 5039 3890 5093 hare-

2308 5129 2567 5184 ditarium
2606 5129 2748 5193 fore,
2798 5145 2972 5200 eoque
3013 5130 3288 5200 copiosius
3330 5139 3384 5183 te
3429 5128 3597 5184 anniti
3641 5137 3896 5200 oportere

2317 5219 2580 5281 scientiae,
2629 5235 2738 5288 quo
2781 5220 3062 5290 multiplex
3089 5221 3142 5274 in
3171 5228 3226 5275 te
3251 5235 3283 5274 a
3311 5219 3606 5288 majoribus
3650 5219 3892 5290 profecta

2319 5311 2422 5364 tuis
2440 5309 2682 5364 doctrina
2701 5309 2980 5366 conﬂuxit.
3002 5310 3320 5366 Admonitus
3344 5324 3559 5380 quoque
3583 5307 3660 5365 sis
3678 5318 3894 5380 Oportet

2322 5401 2637 5456 Viennensis
2667 5403 2813 5456 urbis
2859 5402 3152 5458 nobilitatis
3200 5403 3466 5472 antiquae,
3494 5402 3646 5470 cujus
3678 5409 3734 5456 tu
3765 5402 3893 5457 civis

2393 5566 2414 5592 ε
2449 5554 2578 5609 lluic
2610 5557 2856 5624 Sapaudo
2880 5560 3187 5614 inscribitur
3211 5561 3434 5630 epistola
3457 5560 3664 5614 decima
3689 5558 3892 5616 Sidoni'

2223 5676 2236 5689 ,
2313 5625 2402 5676 lib.
2436 5641 2486 5676 ν.

2385 5692 2410 5731 ί¹
2445 5693 2644 5764 llum”
2669 5713 2890 5764 passum.

2392 5773 2410 5800 ο
2446 5763 2623 5818 Baluz.
2635 5806 2648 5832 ,
2683 5766 2976 5836 ﬂagrantia.

3858 5841 3888 5856 αδ
