4232 6264
398 253 500 328 πε
1478 271 1781 330 CARMINA
1817 275 2046 333 suam
2085 265 2603 343 sucmims.
3566 293 3668 359 ηε

398 407 452 453 et
476 398 664 454 doctor
693 410 801 450 non
824 393 936 448 otio
955 392 1151 462 duplex.
1171 381 1410 446 debitum
1435 391 1632 456 solves,
1660 408 1690 444 a
1710 407 1820 460 quo
1848 391 1981 446 bifa-
2009 401 2059 461 Α

2009 401 2059 461 Α
2087 397 2248 466 niam,
2295 400 2627 472 Chrysippus
2671 404 2738 459 ad
2779 403 3131 476 disciplinam,
3183 406 3383 465 Fronto
3411 411 3480 465 ad
3505 427 3661 482 pom-

396 493 532 547 riam
576 489 832 560 qumritur
877 486 962 542 vel
1000 479 1242 558 patribus
1272 483 1600 555 respondere
1649 485 1734 539 vel
1765 486 1971 554 patriae.
2088 504 2229 559 pam,
2257 488 2448 546 Cicero
2483 493 2550 547 ad
2578 494 2939 564 eloquentiam
2964 499 3344 567 capessendam
3373 479 3660 560 usui—sim.

396 584 528 643 Illud
543 585 657 656 jam
675 586 732 640 in
745 584 852 639 fine
869 581 1131 640 sermonis
1144 593 1403 651 perquam
1422 575 1754 633 familiariter
1771 591 1974 647 quaso,
2083 580 2334 652 Quisquis
2371 583 2514 638 enim
2540 586 2900 640 recentiorum
2929 587 3128 657 aliquid
3155 588 3372 658 dignum
3401 595 3662 652 memoria

389 688 454 751 ut
472 678 672 750 spretis
691 679 1014 734 novitiarum
1033 673 1456 731 ratiuncularum
1475 671 1770 743 puerilibus
1792 671 1971 740 nugis,
2082 675 2424 744 scriptitavit,
2453 692 2560 731 non
2583 685 2638 732 et
2659 677 2772 747 ipse
2793 679 3026 734 novitios
3046 680 3192 749 legit.
3217 680 3296 736 Illi
3317 697 3446 752 ergo
3467 698 3660 740 reven-

393 771 599 826 nullum
639 769 942 826 lectitandis
987 768 1073 822 his
1118 774 1330 837 tempus
1375 764 1629 830 insumas,
1662 771 1689 800 ι
1715 760 1970 832 quasdam
2082 767 2267 823 tilandi
2295 769 2675 840 memoriaeque
2703 770 2986 826 mandandi
3014 780 3172 834 sunt,
3220 773 3288 829 de
3332 775 3526 844 quibus
3568 777 3656 832 isti

393 861 762 919 resonantium
789 859 1251 917 sermunculorum
1280 865 1494 912 taureas
1520 861 1731 919 rotant,
1763 863 1820 908 et
1847 867 1972 908 ora-

2076 867 2304 929 potuerc
2342 859 2604 930 prolicere
2648 876 2783 930 quos
2811 862 3085 918 miramur.
3134 864 3310 920 lsthoc
3346 881 3447 936 ego
3478 877 3652 926 tamen

393 957 586 1012 teriam
631 955 998 1011 fortitudinem
1041 950 1417 1024 plaudentibus
1462 947 1812 1005 conciuentiis
1859 945 1972 1001 evi-
2074 951 2320 1006 amicitiae
2349 951 2712 1008 testimonium
2734 954 2914 1023 aliquo
2935 955 3156 1010 forsitan
3178 956 3473 1028 plusculum
3494 958 3651 1014 fami-

393 1058 533 1104 rant.
566 1047 774 1103 Naevius
799 1055 856 1102 et
883 1045 1104 1101 Plautus
1140 1044 1236 1100 tibi
1262 1043 1331 1098 ad
1355 1042 1711 1110 elegantiam,
1737 1038 1873 1095 Cato
1902 1037 1970 1092 ad
2072 1041 2277 1098 liariter
2304 1042 2478 1097 intuli.
2511 1042 2618 1098 Sed
2654 1045 3025 1101 benivolentia:
3052 1055 3155 1102 tua:
3180 1049 3336 1104 venia
3382 1049 3650 1121 impertiet

391 1141 723 1208 gravitatem,
753 1139 923 1196 Varro
953 1139 1018 1193 ad
1039 1137 1318 1209 peritiam,
1349 1134 1622 1192 Gracchus
1647 1133 1716 1189 ad
1741 1133 1969 1189 acrimo-
2025 1176 2030 1182 .
2072 1133 2272 1188 amoris
2295 1132 2592 1189 audaciam.

458 1284 482 1311 ι
513 1273 674 1331 Forte
703 1291 819 1348 qua
847 1275 988 1330 dum.
1021 1276 1196 1344 Atque
1225 1273 1298 1329 ita
1339 1271 1470 1341 legit
1506 1269 1782 1326 Fabricius
1825 1266 1959 1322 Bibl.
1985 1267 2124 1322 med.
2146 1275 2276 1324 tom.
2310 1267 2352 1334 l,
2382 1283 2504 1340 pag.
2539 1268 2695 1324 1078.

1021 1515 1904 1630 umnam
1983 1511 3010 1678 CLAUDIANI

1611 1725 2006 1782 PRESBYTER!
2028 1725 2408 1780 VII-ZNNENSIS
3605 1768 3659 1802 Α,

820 1881 1481 1989 HYMNUS
1556 1881 1732 1982 DE
1811 1874 2556 1982 PASSIONE
2636 1872 3216 2036 DOMINI.

381 2195 560 2275 Pange
586 2203 766 2274 lingua
792 2199 1011 2271 gloriosi
1041 2197 1284 2270 prmlium
1312 2192 1639 2259 certaminis,
1990 2194 2040 2256 Β
2137 2191 2208 2247 Se
2237 2191 2452 2247 volente
2481 2201 2638 2247 natus
2667 2190 2734 2247 ad
2763 2190 2870 2248 hoc
2896 2191 3133 2264 passioni
3161 2190 3390 2257 deditus,

455 2296 521 2350 Et
546 2309 708 2366 super
734 2293 908 2349 crucis
938 2300 1143 2361 tropaeo
1171 2289 1258 2344 dic
1287 2285 1614 2356 triumphum
1645 2284 1878 2341 nobilem
1905 2302 1917 2337 :
2136 2284 2317 2352 Agnus
2348 2283 2400 2336 in
2431 2284 2606 2338 crucis
2637 2284 2845 2339 levatur
2873 2281 3225 2338 immolandus
3253 2283 3452 2353 stipite.

452 2387 694 2454 Qualiter
722 2385 1032 2454 redemptor
1061 2380 1209 2436 orbis
1239 2378 1548 2434 immolatus
1578 2377 1784 2433 vicerit.
2063 2373 2160 2431 Hic
2189 2383 2424 2440 acetum,
2457 2373 2546 2440 fel,
2578 2375 2803 2442 arundo,
2835 2385 3012 2446 sputa,
3044 2375 3202 2441 clavi,
3220 2375 3428 2439 lancea,

381 2477 456 2534 De
485 2476 724 2547 parentis
753 2472 1073 2546 protoplasti
1103 2470 1290 2526 fraude
1319 2478 1345 2506 α
1378 2467 1553 2524 factor
1580 2467 1893 2533 condolens,
2130 2463 2256 2520 Mite
2285 2480 2480 2534 corpus
2506 2465 2813 2535 perforatur
2844 2481 2858 2520 τ
2890 2467 3107 2536 sanguis
3135 2466 3278 2522 unda
3308 2466 3541 2536 profluit.

448 2569 672 2636 Quando
703 2569 847 2640 pomi
876 2566 1108 2623 noxialis
1135 2565 1162 2604 ι)
1192 2579 1375 2620 morsu
1405 2569 1579 2617 morte
1607 2560 1837 2624 corruit,
2131 2555 2317 2621 Terra,
2338 2564 2554 2627 pontus,
2577 2565 2719 2612 astra
2742 2557 2970 2612 mundus
2989 2572 3099 2627 quo
3119 2557 3366 2612 lavantur
3381 2556 3600 2613 flumine
3624 2557 3636 2617 ζ

445 2660 564 2731 Ipse
594 2661 796 2730 lignum
825 2667 954 2713 tunc
981 2656 1208 2721 notavit,
1231 2655 1426 2710 damna
1455 2650 1584 2722 lig'ni
1613 2659 1674 2706 ut
1701 2651 1952 2706 solveret.
2056 2647 2204 2703 Crux
2232 2646 2402 2703 fidelis
2432 2649 2573 2703 inter
2601 2663 2792 2703 omnes
2821 2649 2985 2704 arbor
3015 2663 3121 2703 una
3150 2647 3380 2704 nobilis:

378 2749 493 2806 Hoc
522 2766 659 2820 opus
689 2758 886 2805 nostra:
915 2747 1105 2803 salutis
1133 2745 1267 2802 ordo
1295 2745 1714 2816 dep0poscerat,
2127 2737 2282 2793 Nulla
2315 2739 2477 2792 talem
2508 2738 2640 2792 silva
2672 2738 2877 2807 profert
2906 2737 3114 2803 fronde,
3148 2737 3300 2803 ﬂore,
3333 2740 3594 2806 germine.

447 2843 790 2898 Multiformis
817 2841 1107 2912 proditoris
1137 2847 1252 2896 arte
1282 2849 1340 2895 ut
1369 2845 1540 2894 artem
1571 2837 1809 2903 falleret,
2128 2831 2292 2886 Dulce
2321 2831 2542 2900 lignum,
2567 2831 2594 2870 ά
2617 2831 2773 2887 dulce
2792 2833 3023 2901 signum,
3053 2831 3207 2888 dulce
3235 2831 3446 2901 pondus
3473 2833 3629 2889 susti.

446 2935 516 2990 Et
542 2935 806 2990 medelam
836 2934 999 2989 ferret
1028 2932 1175 2997 inde,
1208 2933 1382 2988 hostis
1411 2930 1553 2986 unde
1581 2929 1807 2985 laserat.
2199 2931 2309 2978 net.

371 3029 599 3100 Quando
629 3029 776 3085 venit
803 3042 932 3098 ergo
963 3028 1103 3084 sacri
1133 3025 1410 3097 plenitudo
1438 3023 1728 3095 temporis,
2055 3017 2236 3074 Flecte
2265 3032 2446 3073 ramos
2473 3018 2635 3074 arbor
2662 3018 2789 3084 alta,
2820 3025 2973 3074 tensa
3002 3019 3122 3074 laxa
3149 3019 3386 3082 viscera,
3418 3038 3420 3042 τ

440 3120 635 3177 Missus
663 3127 748 3175 est
776 3120 843 3174 ab
872 3135 996 3174 arce
1026 3117 1199 3173 Patris
1228 3126 1407 3183 natus,
1439 3115 1588 3171 orbis
1617 3111 1885 3174 conditor,
2124 3110 2192 3165 Et
2219 3111 2366 3180 rigor
2392 3110 2651 3166 lentescat
2679 3110 2770 3165 ille
2795 3125 2955 3180 quem
2984 3109 3130 3166 dedit
3157 3111 3430 3178 uativitas,

438 3212 613 3281 Atque
641 3219 829 3266 ventre
857 3209 1102 3280 virginali
1130 3225 1291 3264 carne
1319 3207 1494 3262 factus
1523 3204 1746 3277 prodiit,
2127 3201 2197 3256 Ut
2226 3202 2445 3272 superni
2475 3201 2716 3256 membra
2743 3201 2885 3270 regis
2913 3203 3029 3257 miti
3059 3202 3248 3257 tendas
3274 3201 3477 3272 stipite.

371 3303 521 3373 Vagit
551 3303 725 3359 infans
755 3305 894 3359 inter
921 3313 1070 3359 arcta
1099 3302 1349 3359 conditus
1377 3300 1658 3372 przesepia,
2051 3292 2179 3348 Sola
2207 3292 2366 3361 digna
2395 3301 2453 3347 tu
2484 3291 2628 3346 fuisti
2657 3291 2798 3347 ferre
2825 3292 3058 3363 pretium
3084 3292 3294 3358 seculi,

435 3396 668 3452 Membra
699 3397 892 3466 pannis
921 3396 1163 3450 involuta
1191 3396 1343 3462 virgo
1371 3400 1544 3447 mater
1573 3390 1784 3458 alligat;
2121 3386 2295 3454 Atque
2323 3391 2536 3454 portum
2563 3397 2868 3454 praeparare
2897 3391 3058 3438 nauta
3086 3383 3288 3439 mundo
3315 3382 3599 3453 naufrago,

434 3489 499 3544 Et
525 3491 722 3560 pedes,
753 3502 1080 3556 manusque,
1110 3500 1287 3552 crura,
1319 3485 1502 3540 stricta
1533 3481 1698 3550 cingit
1725 3481 1908 3535 fascia.
2121 3475 2290 3542 Quem
2320 3489 2474 3531 sacer
2499 3490 2661 3531 cruor
2688 3473 2960 3545 perunxit,
2991 3473 3140 3530 fusus
3169 3475 3292 3544 agni
3318 3489 3566 3545 corpore.

367 3579 552 3639 Lustra
579 3595 671 3635 sex
687 3581 777 3651 qui
795 3580 908 3650 jam
923 3589 945 3618 ε
962 3584 1204 3649 peracta,
1220 3583 1432 3644 tempus
1456 3573 1682 3643 implens
1703 3569 1948 3640 corporis

432 3750 456 3775 τ·
489 3739 572 3792 ΑΙ.
606 3741 765 3808 facta.

2127 3737 2156 3808 ξ
2295 3744 2386 3808 ρας
2411 3737 2547 3808 acta.

432 3809 457 3847 ι»
490 3809 571 3861 Al.
604 3797 773 3861 morsu
806 3810 857 3861 in
886 3815 1118 3861 mortem.
2119 3797 2148 3834 ⁸³
2177 3798 2258 3854 Al.
2291 3799 2464 3852 dulces
2491 3799 2681 3852 clavos.
2714 3797 2780 3852 Et
2807 3812 2934 3854 mox
2961 3801 3235 3854 sustinens.

361 3952 3608 3990 MM

1323 4081 1684 4176 (ΞΑΒΜΙΝᾼ
1730 4077 1994 4142 ΒΠΒΙΕ
2039 4074 2648 4176 Α-ΠΟΤΟΒΙΤΑΤΙΒ.

1602 4174 1696 4231 (Ex
1722 4181 2020 4234 Collectlone
2041 4174 2367 4246 Pisaurensi.)

699 4411 904 4453 comm
935 4411 1135 4452 rosus
1161 4411 1324 4452 VANOS
1351 4409 1579 4451 causam.
1954 4400 2003 4464 ο
2032 4394 2256 4464 Suspice
2279 4393 2588 4464 materiam,
2599 4398 2665 4464 Aet
2692 4387 2902 4464 divinos
2921 4391 3142 4462 concipe
3167 4405 3372 4464 sensus.

945 4507 952 4512 .
1521 4529 1529 4531 _
1561 4530 1568 4531 ί
1972 4460 2002 4464 ’
2033 4465 2090 4519 Si
2120 4460 2284 4518 decus
2309 4477 2340 4516 e
2369 4461 2515 4517 falsis
2543 4460 2759 4530 aliquod
2788 4460 3093 4531 nomenque
3119 4462 3308 4527 tulisti,

351 4531 468 4585 Jam
499 4530 626 4585 mihi
657 4529 912 4600 polliceor
938 4532 1106 4586 sacris
1133 4538 1222 4584 tua
1252 4531 1486 4584 carmina
1519 4529 1667 4600 libris
2033 4535 2108 4587 De
2133 4533 2316 4586 vacuis
2341 4546 2592 4600 magnum
2617 4529 2800 4599 rebus,
2826 4547 2948 4588 cum
2976 4529 3098 4588 ficta
3125 4535 3347 4588 vetustis

345 4601 613 4663 Condere,
645 4599 804 4670 teque
837 4601 933 4655 Dei
962 4599 1290 4670 ﬂammatum
1317 4601 1536 4655 nomine
1559 4599 1778 4667 Christi,
2027 4603 2368 4658 Carminibus
2395 4599 2636 4666 caneres,
2666 4601 2752 4656 vel
2780 4617 2900 4655 cum
2928 4609 3141 4656 terrena
3168 4603 3399 4658 referres

344 4670 448 4741 Qra
477 4668 775 4741 soluturum
800 4668 1260 4741 summofacunda
1289 4671 1498 4741 parenti
1530 4689 1540 4722 :
1940 4684 1943 4688 '
2028 4671 2191 4728 Gesta
2212 4671 2633 4741 triumphantqu
2658 4670 2880 4724 laudans
2907 4671 3132 4737 insignia
3157 4687 3369 4741 regum,

343 4738 522 4811 Incipe
551 4739 746 4794 divinis
765 4747 974 4811 tantum
1002 4739 1134 4793 dare
1169 4738 1390 4811 pectora
1421 4739 1601 4804 rebus,
2027 4741 2143 4811 Non
2174 4738 2422 4811 equidem
2451 4754 2516 4794 ex
2539 4740 2642 4811 illis
2665 4747 2721 4794 tu
2751 4741 2963 4811 laudem
2990 4754 3207 4796 sumere
3229 4738 3446 4810 dignus,

343 4807 744 4880 Shbi-ectosque
770 4809 883 4880 Deo
910 4823 1100 4880 sensus
1138 4807 1386 4863 attollere
1413 4816 1559 4863 terra
1586 4828 1598 4861 ε
2025 4809 2174 4878 Quos
2201 4807 2374 4880 magis
2399 4810 2631 4880 ornabas
2658 4809 2898 4880 opulenti
2917 4824 3150 4880 munere
3170 4807 3319 4866 verbi
3349 4830 3361 4864 :

343 4877 467 4949 Mox
492 4877 670 4934 oculis
682 4879 820 4935 cmlo
849 4894 988 4934 nova
1011 4878 1102 4933 lux
1123 4880 1328 4933 orietur
1355 4887 1564 4949 aperto,
2025 4877 2239 4948 Quanto
2259 4879 2436 4949 major
2459 4879 2529 4933 ab
2553 4879 2638 4934 bis
2661 4877 2869 4934 crescet
2889 4878 2984 4934 tibi
3008 4879 3179 4948 gloria
3200 4880 3408 4948 emptis,

341 4947 672 5021 lntrrabitque
697 4963 851 5021 sacer
879 4950 1043 5021 tacito
1072 4963 1170 5019 per
1195 4947 1602 5021 aperta‘meatu
2024 4947 2081 5004 In
2110 4949 2305 5021 quibus
2331 4947 2387 5004 et
2412 4948 2646 5017 linguam
2673 4964 2950 5012 exercens,
2981 4958 3219 5003 mentem
3249 4947 3464 5016 quoque
3492 4963 3590 5001 san

339 5016 600 5101 §piritus,‘
614 5027 674 5101 et
700 5019 1055 5101 léeto_quatiet
1073 5016 1171 5101 tua
1199 5016 1408 5101 viscera
1436 5016 1584 5073 flatu.
1629 5097 1639 5101 _
1813 5099 1822 5101 Α
2021 5087 2060 5101 ﬁ
2092 5016 2237 5101 ciam

337 5087 429 5161 Eia
459 5103 577 5157 age,
608 5089 770 5144 tende
798 5087 1026 5161 chelym,
1053 5087 1425 5161 etfecundum
1452 5097 1680 5161 concute
1706 5099 1913 5161 pectus,
2021 5087 2305 5161 Erudiens,
2331 5089 2652 5161 laudemque
2677 5087 2835 5161 simul
2862 5087 3416 5161 vitamquecapesses
3448 5104 3460 5138 :

337 5155 527 5229 Magna
550 5174 774 5214 movens
802 5155 963 5214 abeat
988 5158 1428 5229 solitisimpensa
1454 5158 1678 5229 facultas
1708 5155 1723 5161 ’
1899 5155 1908 5158 ⁷
2021 5160 2266 5229 Dumque
2293 5159 2424 5228 legis
2447 5155 2618 5224 catus,
2642 5167 2697 5214 et
2716 5157 2906 5214 scribis
2931 5155 3190 5229 miracula
3209 5155 3405 5210 summi

334 5227 692 5312 Carminibus,
723 5230 894 5312 major
919 5227 1226 5312 rgum-tibi
1254 5225 1492 5312 nascitur
1519 5228 1674 5312 ondck
2020 5229 2160 5312 Xera
2177 5225 2296 5312 Dei,
2322 5225 2739 5312 propior_disces
2763 5235 2818 5312 et
2838 5227 3015 5309 carior
3039 5225 3139 5309 ipsi

236 5313 243 5319 '
335 5296 452 5374 gon
481 5298 642 5374 modo
664 5289 922 5374 judicium
951 5297 1184 5374 Paridis,
1200 5300 1474 5374 neebella
1501 5289 1772 5368 gigaﬂtum
2018 5299 2152 5374 Esse
2170 5289 2294 5374 Deo
2315 5289 2510 5370 {quem
2535 5299 2661 5374 dum
2690 5297 2918 5374 credens
2943 5289 3182 5374 miraris,
3209 5310 3392 5351 amare

335 5365 487 5440 Falsa
507 5365 693 5424 canis':
718 5368 881 5440 fuerit
907 5370 1100 5440 puerili
1127 5365 1281 5424 ludus
1296 5365 1364 5440 'in
1391 5365 1525 5424 acvo'
1567 5365 1576 5367 ’
2018 5368 2263 5440 incipies,
2292 5377 2348 5440 et
2369 5365 2601 5424 amando
2628 5376 2786 5440 recte
2807 5368 3028 5440 illabere
3054 5365 3293 5440 Christo.

333 5434 437 5521 [ste
465 5447 608 5521 tuus,
639 5434 1228 5521 quondam'decnerunt
1255 5438 1459 5494 ludicra
1489 5455 1758 5521 parvum;
2018 5434 2294 5521 {lac—tenus
2310 5439 2398 5493 illa
2423 5449 2526 5493 tua:
2547 5455 2696 5521 vana:
2718 5438 3024 5521 tuba-vocis
3052 5439 3104 5493 in
3133 5453 3262 5521 usus

330 5504 482 5578 Nunc
509 5504 703 5563 animis
731 5504 966 5576 gravior,
995 5517 1253 5578 quantum
1283 5504 1590 5578 provectior
1615 5513 1770 5568 annis
2019 5506 2302 5578 Per-sonuit
2328 5523 2516 5578 vanos,
2548 5509 2709 5564 modo
2735 5509 2931 5564 celsior
2948 5509 3158 5564 intonat
3178 5516 3354 5562 actus.

330 5575 636 5648 éspemare
659 5575 791 5634 velis
821 5575 1034 5633 maturo
1062 5579 1226 5634 corde
1255 5575 1526 5644 cannenas,
2017 5577 2189 5648 Nosce
2210 5577 2380 5648 magis
2405 5591 2595 5632 causas
2623 5593 2804 5648 rerum
2830 5588 2885 5634 et
2909 5578 3203 5648 primordia
3226 5576 3433 5648 mundi.

327 5642 636 5718 Et'q-ualem
665 5650 826 5703 castis
849 5648 960 5718 jam
987 5662 1223 5718 congrua
1253 5649 1491 5704 moribus
1513 5642 1667 5716 aetas,
2017 5646 2096 5718 ljle
2120 5662 2288 5716 vagus
2303 5642 2626 5718 innumeros
2653 5645 2865 5718 Epicuri
2890 5642 3098 5703 somnia
3121 5645 3372 5718 mundos,

328 5711 506 5784 Atque
537 5718 612 5772 tui
640 5711 911 5789 specimen
943 5711 1250 5777 venerabile
1274 5719 1512 5793 postulat
1540 5711 1668 5783 oris,
2017 5714 2164 5782 Quos
2192 5711 2387 5773 atomis
2409 5715 2632 5772 demens
2656 5711 2755 5785 per
2781 5717 2938 5773 inane
2959 5714 3274 5788 parentibus
3302 5711 3440 5780 edit,
