4232 6264
588 291 686 348 701

1540 281 1587 336 s.
1629 276 1987 336 numerus
2025 273 2475 334 HIBERNORUM
2516 272 2931 347 APOSTOLUS.

3775 270 3884 328 792

588 401 774 476 primis
795 399 1021 457 instituti
1051 399 1218 454 nostri
1245 405 1533 470 spectetur.
1570 399 1637 450 At
1665 411 1733 450 ex
1759 395 1904 450 beati
1924 392 2178 449 antistitis
2204 397 2260 460 Α
2284 396 2486 451 tionem
2518 397 2586 452 ad
2607 412 2726 452 eam
2757 395 3055 463 exegimus,
3085 405 3248 462 quam
3276 406 3344 448 ex
3371 390 3741 448 vetustissimo
3767 391 3852 446 No

579 495 921 567 ,Confessione
970 500 1133 560 atque
1166 506 1233 544 ex
1274 491 1441 560 ipsius
1487 488 1725 561 Epistola
1766 488 1834 541 ad
1881 486 2176 541 Coroticum

588 602 709 658 qua:
747 587 884 640 inter
910 583 1027 653 ejus
1051 584 1250 654 scripta
1299 585 1528 654 primum
1557 588 1867 646 occurrunt,
1899 579 2176 649 cumplura

588 683 744 732 eruet
773 676 944 732 lector
971 674 1041 729 ad
1082 674 1199 744 ejus
1226 683 1346 730 acta
1375 675 1544 744 probe
1567 671 1957 743 dignoscenda,
1983 671 2178 740 quibus

586 766 712 820 a‘libi
733 764 967 820 ﬁrmiora
995 765 1194 820 frustra
1221 773 1445 835 qurerat.
1493 763 1652 819 Plura
1681 764 1872 818 videas
1891 763 1958 818 de
1986 768 2177 818 sancto

587 855 826 910 antistite
879 863 1065 910 nostro
1117 857 1258 926 apud
1303 855 1566 911 Joannem
1617 852 2052 909 Glastoniensem
2076 889 2092 916 ,
2144 865 2177 906 a

587 947 794 1002 Thoma
844 945 1078 1002 Hearnio
1119 962 1264 1026 anno
1315 945 1452 1000 I726
1482 944 1674 1000 Oxonii
1721 945 2025 1014 evulgatum
2073 943 2175 1015 (a).

587 1038 758 1096 Porro
790 1039 842 1095 id
888 1055 1052 1095 unum
1078 1031 1366 1096 annotasse
1391 1037 1623 1095 sufﬁciat
1655 1057 1668 1091 :
1701 1037 1992 1093 Patricium
2020 1035 2180 1091 nimi-

587 1147 706 1186 rum
749 1147 781 1186 a
829 1131 942 1187 Deo
971 1132 1039 1186 ad
1081 1131 1440 1189 Hibernorum
1488 1131 1898 1188 conversionem
1926 1137 2179 1185 vocatum

587 1225 730 1281 circa
758 1240 957 1282 annum
987 1225 1085 1280 451
1139 1225 1237 1298 (b),
1265 1236 1388 1298 post
1437 1226 1746 1280 innumeros
1773 1225 1988 1279 labores
2015 1223 2070 1277 in
2112 1237 2181 1280 eo

588 1334 814 1382 munere
861 1320 1160 1390 apostolico
1209 1318 1536 1390 perﬁciendo
1591 1319 1903 1382 exhaustos,
1952 1332 1984 1371 e
2033 1316 2182 1372 vivis

589 1420 887 1476 excessisse
910 1431 1054 1471 anno
1082 1413 1179 1467 491
1221 1427 1392 1468 annos
1423 1421 1606 1466 natum
1634 1410 1736 1464 120
1763 1417 1822 1465 ut
1841 1408 2184 1465 communior

589 1513 694 1566 fert
717 1510 982 1564 sententia
1025 1506 1117 1577 (c).
1144 1504 1409 1560 Caeterum
1427 1544 1443 1568 ,
1491 1511 1551 1557 ut
1580 1500 1728 1572 Pagii
1757 1502 1936 1556 verbis
1965 1508 2183 1554 utamur

592 1601 672 1671 (ά)
703 1619 721 1651 ‹
749 1597 970 1653 Hiberni
997 1595 1234 1650 Patricio
1261 1593 1460 1649 debent
1491 1591 1637 1662 quod
1683 1591 1856 1663 patria
1895 1605 1993 1647 sua
2039 1589 2179 1644 facta

589 1691 659 1745 sit
688 1688 1002 1744 Sanctorum
1047 1684 1240 1748 insula,
1270 1693 1326 1739 et
1372 1683 1672 1738 litterarum
1726 1681 2182 1750 scicntiarumque

2279 488 2587 544 biliacensis
2611 488 2668 543 8.
2693 479 2916 544 Vedasti
2943 485 3259 541 monasterii
3287 483 3507 540 edidere
3535 482 3879 539 Bollandiani

2279 577 2361 649 (In)
2393 595 2407 633 :
2438 578 2632 635 additis
2667 587 2933 650 praetcrea
2964 575 3240 633 nonnullis
3267 575 3710 633 annotationibus
3749 566 3877 646 qui-

2278 670 2380 727 bus
2407 671 2617 744 aliquot
2652 669 2778 727 loca-
2817 670 2904 726 vel
2949 669 3312 726 restituuntur
3339 667 3445 724 ‘vel
3484 667 3823 724 illustrantur
3855 684 3872 722 :

2279 761 2425 831 quod
2479 771 2536 818 et
2580 761 2635 817 in
2675 759 3026 832 sequentibus
3062 759 3260 818 alicubi
3279 774 3382 834 pro
3420 772 3646 817 munere
3684 767 3877 816 nostro

2279 857 2645 930 praestitimus.

2351 947 2440 1004 III.
2464 946 2872 1003 Confessionem
2891 943 3252 1000 Patricianam
3272 942 3476 1014 excipit
3500 941 3620 1013 ejus
3638 939 3884 1013 Epistula

2283 1041 2354 1097 ad
2372 1039 2669 1096 Coroticum
2695 1039 2940 1109 regulum
2967 1036 3622 1105 Cambro-Britannicum,
3659 1050 3757 1092 seu
3778 1051 3884 1106 po-

2283 1133 2392 1189 tius
2412 1133 2482 1188 ad
2503 1131 2826 1187 Christianos
2869 1129 3096 1187 Corotici
3117 1132 3332 1203 tyranni
3360 1130 3612 1197 subditos,
3643 1136 3706 1185 ut
3732 1137 3884 1184 recte

2285 1223 2595 1282 inscribitur
2621 1222 2764 1293 apud
2791 1221 3173 1279 Bollandianos
3197 1223 3282 1295 (i).
3322 1220 3488 1292 Hujus
3513 1220 3786 1292 epistolae,
3819 1226 3887 1273 ut

2283 1316 2542 1372 observat
2569 1313 2812 1369 Waraeus
2839 1314 2938 1386 (j),
2968 1312 3171 1370 diserte
3189 1313 3433 1374 meminit
3459 1312 3514 1369 in
3534 1312 3658 1369 Vita
3683 1310 3744 1368 8.
3769 1308 3883 1386 Pa-

2287 1405 2426 1460 tricii
2473 1403 2747 1460 Jocelinus
2773 1379 3202 1475 (tgnmonachus
3243 1401 3610 1459 Cisterciensis
3636 1379 3884 1458 cmnobii

2283 1495 2667 1552 Furnessensis
2713 1494 2854 1566 apud
2908 1493 3381 1563 Lancastrienses;
3425 1495 3522 1565 qui
3564 1493 3763 1550 saeculo
3803 1508 3884 1561 ιιι

2285 1589 2568 1645 desinente
2609 1589 2843 1656 claruit,
2905 1587 3196 1659 Vitamqu'e
3251 1588 3398 1644 illam
3445 1585 3764 1658 conscripsit
3816 1586 3887 1655 (t)

2283 1683 2556 1751 promptis
2584 1681 2997 1736 rererendissimi
3036 1679 3248 1736 Thom
3293 1681 3612 1736 Armaclutni
3658 1680 3888 1751 episcopi

590 1781 750 1840 fuerit
770 1778 1056 1850 aliquando
1084 1776 1441 1849 gymnasium.
1473 1774 1604 1829 Nam
1632 1773 1879 1844 quamvis
1919 1770 2174 1828 nonnulla
2202 1769 2256 1834 Β
2281 1774 2536 1845 totiusque
2566 1772 2839 1830 Hiberniae
2881 1775 3142 1845 primatis,
3187 1785 3238 1829 et
3282 1773 3567 1830 Malochiat
3622 1773 3884 1829 Duunsis

589 1873 910 1930 Christiana;
947 1870 1208 1926 doctrinae
1259 1868 1465 1924 semina
1494 1874 1621 1921 ante
1649 1881 1771 1920 eum
1821 1865 1874 1920 in
1921 1863 2178 1919 Hibernia
2281 1865 2531 1936 episwpi,
2549 1881 2644 1920 nec
2659 1883 2763 1920 non
2779 1865 3883 1935 petitioneiuustrissimiJoannisdeCarsi.

479 1965 482 1970 ’
590 1980 779 2036 sparsa
807 1962 1025 2027 fuerint,
1053 1970 1110 2017 et
1136 1960 1258 2016 ideo
1277 1968 1498 2020 sanctus
1517 1958 1786 2014 Palladius
1819 1957 1888 2011 ad
1910 1957 2094 2013 Scotos
2123 1957 2177 2010 in
2292 1954 2486 2011 Vtidiw
2797 1955 3308 2027 Ejusmodilocelini
3328 1965 3602 2030 opuspost
3621 1959 3885 2028 editiones

588 2055 853 2111 Christum
896 2055 1160 2109 credentes
1187 2054 1384 2108 missus
1411 2051 1657 2123 dicaturj;
1687 2067 1959 2108 conversa:
1997 2057 2180 2106 tamen
2283 2049 2755 2120 Antuerpiensem,
2798 2047 3158 2107 Parisiensem
3206 2059 3263 2106 et
3288 2048 3681 2107 Lovaniensem
3729 2049 3884 2121 prelo

591 2145 860 2202 Hibernia:
888 2141 1053 2202 decus
1081 2153 1138 2201 et
1164 2145 1348 2200 titulus
1382 2145 1474 2200 uni
1521 2143 1750 2199 debetur
1799 2142 2051 2209 Patricio,
2082 2158 2184 2214 per
2283 2155 2474 2196 rursus
2502 2140 2890 2210 consignarunt
2903 2139 3484 2213 Bollandiani(m),'qui
3511 2143 3676 2198 etiam
3703 2141 3770 2197 de
3797 2156 3866 2197 au

590 2254 754 2308 quem
781 2255 892 2294 non
920 2239 1077 2310 pauci
1115 2238 1278 2308 aliqui
1308 2245 1470 2308 atque
1497 2252 1565 2292 ex
1602 2236 1762 2306 vulgo
1790 2236 2058 2300 homines,
2083 2233 2181 2291 sed
2286 2240 2438 2289 ctore
2471 2233 2626 2304 plura
2657 2233 2926 2289 tradidere
2972 2234 3075 2307 (η).
3105 2231 3372 2290 Caeterum
3420 2235 3561 2291 hanc
3602 2233 3887 2307 epistolam

591 2343 746 2398 reges
773 2338 829 2384 et
855 2330 1146 2400 principes,
1176 2327 1467 2398 populique
1485 2327 1747 2398 gregatim
1776 2326 1998 2383 salutari
2028 2325 2182 2382 tincti

592 2419 939 2490 baptismate,
981 2419 1112 2489 jugo
1143 2415 1266 2474 ﬁdei
1293 2419 1590 2474 submisere
1616 2419 1878 2474 cervices.
1909 2418 2028 2490 Ipse
2051 2434 2182 2474 san-

542 2566 552 2578 ,
590 2522 735 2568 ctam
762 2511 1032 2582 Brigidam
1056 2512 1272 2580 velavit,
1300 2511 1480 2582 aliqua
1508 2512 1736 2582 concilia
1768 2511 2180 2584 aSpeelmanno

591 2605 761 2660 relata
785 2604 1150 2674 congregavit,
1201 2603 1425 2675 ejusque
1472 2619 1637 2674 opera
1675 2604 1915 2676 plurima:
1955 2605 2182 2676 sparsim

589 2695 831 2751 ecclesiis:
858 2690 1072 2758 erectae,
1103 2695 1156 2749 in
1203 2695 1374 2765 iisque
1420 2697 1662 2768 episcopi
1706 2697 1959 2753 ordinati.
2001 2717 2020 2749 ι
2057 2696 2186 2754 Haec

593 2783 811 2853 Pagius.
1745 2839 1752 2850 ,

663 2875 728 2930 ll.
769 2874 888 2931 Jam
916 2891 1048 2932 vero
1068 2885 1128 2931 ut
1155 2875 1222 2931 ad
1251 2877 1423 2934 sancti
1443 2875 1658 2934 Patricii
1681 2879 2061 2949 opusculorum
2097 2895 2186 2937 re-

555 3046 557 3048 .
593 2965 903 3020 censionem
924 2980 1045 3032 qua:
1086 2966 1188 3036 ipsi
1215 2967 1474 3024 attributa
1520 2969 1796 3036 feruntur,
1833 2970 2182 3041 accedamus;

595 3053 778 3108 Jacobi
810 3053 1004 3110 Warasi
1052 3055 1346 3112 editionem
1393 3059 1566 3114 secuti
1594 3075 1802 3126 sumus,
1827 3075 1948 3130 quae
1988 3061 2188 3132 prodiit

2287 2341 2410 2383 cum
2431 2327 2606 2383 tribus
2639 2329 2866 2384 vetustis
2905 2329 3180 2386 codicibus
3206 2345 3371 2385 manu
3398 2329 3635 2385 exaratis
3653 2327 3885 2384 contulit

2289 2419 2532 2478 Warmus
2565 2441 2577 2477 :
2619 2422 2712 2492 qui
2758 2429 2814 2478 et
2851 2422 2981 2479 illud
3019 2422 3402 2479 animadvertit
3446 2422 3555 2496 (ο),
3607 2421 3886 2492 utriusque

2286 2512 2552 2582 opusculi,
2598 2520 2713 2568 tum
2750 2510 3118 2570 Confessionis
3145 2522 3260 2570 tum
3287 2512 3562 2589 Epistulae,
3593 2513 3885 2583 antiquita-

2287 2609 2399 2661 tem
2419 2605 2551 2661 satis
2577 2604 2728 2674 argui
2747 2619 2780 2661 e
2802 2618 2969 2660 sacrm
2989 2603 3283 2676 Scriptura:
3301 2605 3435 2661 locis
3470 2604 3644 2660 citatis
3670 2618 3738 2659 ex
3762 2618 3888 2658 ver-

2285 2697 2440 2753 sione
2466 2695 2932 2767 interpretationis
2957 2693 3098 2750 LXX
3122 2696 3328 2762 viralis,
3351 2711 3458 2752 non
3491 2704 3666 2751 autem
3694 2708 3726 2748 e
3755 2702 3884 2749 tunc

2289 2787 2495 2844 recenti
2519 2787 2767 2844 versione
2795 2785 2968 2843 sanctl
2988 2785 3322 2860 Hieronymi,
3340 2802 3455 2859 qua:
3466 2785 3633 2842 sancti
3661 2783 3886 2843 Patricii

2293 2894 2412 2936 mvo
2442 2878 2680 2935 nondum
2708 2879 3000 2952 publicitus
3028 2879 3204 2936 fuerat
3223 2889 3438 2952 recepta
3470 2897 3484 2934 :
3510 2877 3778 2950 simulque
3797 2877 3886 2934 ad
3960 2937 3964 2942 ,

2290 2972 2389 3039 dit,
2415 2972 2677 3029 nonnulla
2703 2972 2923 3044 quidem
2938 2973 2992 3029 in
3017 2981 3248 3045 utroque
3274 2973 3535 3046 opusculo
3563 2980 3779 3028 exstare
3806 2987 3889 3027 ve-

2291 3071 2469 3119 terum
2495 3064 2895 3136 exscriptorum
2946 3065 3155 3121 incuria
3182 3079 3304 3136 qua:
3345 3066 3592 3122 criticum
3620 3064 3888 3134 ingenium

593 3142 822 3198 Londini
844 3159 986 3199 anno
1015 3144 1171 3199 1656.
1197 3145 1247 3201 Is
1269 3147 1413 3200 enim
1442 3163 1631 3204 eorum
1655 3150 1833 3219 aliqua
1860 3166 1928 3207 ex
1951 3154 2185 3223 antiquis
2207 3149 2257 3214 (Ξ
2288 3155 2594 3223 requirant,
2623 3153 2720 3211 sed
2761 3155 2895 3210 nihil
2924 3162 3191 3227 praeterea
3228 3171 3519 3213 occurrere
3545 3155 3614 3212 de
3640 3171 3746 3226 quo
3767 3155 3888 3225 jure

597 3249 730 3288 mss.
762 3234 1036 3289 codicibus
1064 3237 1118 3290 in
1166 3236 1338 3292 lucem
1367 3240 1507 3293 eruit
1541 3259 1552 3294 :
1585 3241 1794 3311 reliqua
1823 3247 2138 3312 recognovit
2165 3263 2182 3313 ;

596 3324 778 3378 omnia
805 3323 1040 3393 denique
1076 3327 1221 3383 notis
1265 3327 1538 3384 historicis
1588 3331 1894 3388 illustravit.
1935 3335 2013 3390 Ea
2047 3338 2188 3392 inter

595 3414 828 3485 primum
857 3422 1089 3486 occupat
1126 3414 1304 3472 locum
1327 3419 1498 3474 sancti
1530 3417 1706 3476 Patris
1745 3421 2018 3495 Confessio
2044 3425 2186 3497 stylo

594 3503 874 3574 epistulari
903 3504 970 3559 ad
1000 3502 1268 3562 Hibernos
1296 3509 1630 3578 transmissa,
1682 3511 1733 3567 in
1781 3528 1886 3584 qua
1928 3515 2049 3570 vita:
2076 3531 2186 3572 suae

597 3613 662 3650 ac
691 3596 1089 3666 praedicationis
1135 3599 1400 3654 rationem
1442 3603 1686 3673 exponit.
1729 3604 1806 3659 Ex
1849 3606 1951 3662 hac
2004 3617 2187 3666 autem

595 3683 947 3741 Confessione
1001 3686 1299 3757 fragmenta
1350 3706 1511 3760 quam
1537 3692 1768 3764 plurima
1798 3696 1866 3752 ad
1907 3697 2187 3755 historiam

598 3775 924 3843 pertinentia
953 3779 1228 3849 excerpsit
1280 3780 1618 3854 intexuitque
1661 3785 1875 3843 duobus
1903 3789 2016 3846 suis
2039 3791 2189 3847 libris

597 3865 666 3918 de
696 3864 819 3920 Vita
855 3869 1026 3923 sancti
1057 3866 1276 3927 Patricii
1329 3871 1538 3930 Probus
1584 3874 1875 3946 Hibernos,
1927 3881 2125 3937 saeculo
2153 3897 2189 3938 κ.

597 3956 811 4025 clarus;
843 3955 1089 4030 ejusque'
1109 3963 1413 4022 lucubratio
1453 3977 1630 4024 exstat
1668 3971 1810 4028 inter
1835 3987 2002 4044 opera
2030 3974 2188 4032 Bedae

597 4053 670 4123 (e)
701 4053 787 4107 cui
821 4069 1104 4126 perperam
1129 4060 1384 4116 tribuitur
1410 4071 1471 4118 ut
1499 4075 1837 4136 compertum
1865 4067 2098 4126 habetur
2121 4086 2189 4127 ex

598 4142 705 4199 ﬁne
731 4145 851 4201 libri
878 4163 937 4214 ιι,
959 4149 1050 4204 ubi
1080 4160 1272 4209 auctor
1293 4169 1490 4211 nomen
1519 4173 1676 4213 suum
1700 4160 1882 4230 palam
1907 4161 2085 4230 prodit
2105 4163 2192 4220 his

599 4233 780 4289 verbis
807 4237 876 4308 (f)
906 4255 920 4291 :
955 4259 973 4291 ‹
1000 4237 1142 4296 Ecce
1164 4242 1352 4310 habes,
1379 4245 1546 4302 frater
1566 4245 1808 4316 Pauline,
1842 4265 1872 4305 a
1895 4267 1982 4308 me
2002 4253 2190 4310 humili

597 4319 778 4380 Probo
806 4330 1132 4396 postulatum
1165 4343 1364 4390 nostra:
1384 4335 1735 4396 fraternitatis
1757 4341 2039 4416 judicium,
2080 4361 2190 4416 quo

598 4434 702 4510 nos
730 4437 994 4493 pauperes
1021 4427 1201 4497 aliqua
1229 4430 1324 4484 tibi
1357 4431 1427 4487 de
1464 4434 1789 4492 sanctissimi
1817 4441 1988 4510 patris
2016 4444 2186 4499 nostri

2289 3243 2540 3301 dubitare
2567 3246 2690 3316 quis
2715 3247 2911 3303 valeat.

2361 3335 2449 3394 IV.
2481 3337 2600 3393 iam
2627 3338 2696 3394 de
2723 3339 2947 3411 reliquis
2961 3354 3140 3396 sermo
3167 3349 3434 3398 recurrat.
3455 3340 3705 3400 Succedit
3722 3354 3885 3411 porro

2291 3429 2534 3501 Synodus
2565 3429 2627 3486 S.
2662 3429 2916 3498 Patricii,
2948 3448 3018 3489 ex
3042 3434 3264 3504 antiquo
3291 3448 3396 3490 ms.
3428 3434 3619 3491 codice
3643 3432 3885 3502 Andega-

2289 3523 2441 3578 vensi
2456 3523 2756 3594 desumpta,
2775 3523 2931 3596 cujus
2951 3527 3323 3598 apographum
3341 3528 3410 3583 ad
3425 3526 3699 3584 Usserium
3720 3541 3752 3581 e
3767 3523 3884 3580 Gal-

2288 3614 2360 3672 lia
2387 3614 2609 3672 miserat
2636 3614 2982 3686 Sirmondus;
3004 3632 3179 3688 eoque
3206 3620 3518 3692 apographo
3540 3633 3668 3674 usus
3694 3615 3884 3688 Speci-

2290 3722 2539 3774 manuus,
2555 3707 2745 3780 synodi
2760 3707 2918 3779 hujus
2933 3724 3170 3766 canones
3186 3710 3239 3765 in
3251 3710 3420 3764 lucem
3433 3707 3724 3778 eduxit(p),
3742 3720 3884 3776 quos

2290 3797 2548 3870 deinceps
2581 3798 2897 3857 Wilkinsius
2933 3801 3128 3856 iterum
3157 3799 3421 3871 evolgavit
3467 3798 3562 3870 (ᾳ).
3593 3795 3881 3852 Canonum

2290 3888 2346 3944 8.
2382 3887 2597 3945 Patricii
2617 3890 2861 3946 meminit
2887 3889 3161 3949 Jocelinus
3189 3892 3280 3964 (r).

2361 3980 2505 4034 Alios
2526 3996 2579 4036 rx
2599 3979 2836 4038 Canones
2857 3983 2949 4052 qui
2971 3991 3264 4055 sequuntur
3280 3980 3339 4039 S.
3360 3979 3594 4037 Patricio
3604 3977 3883 4051 ascriptus,

2291 4080 2489 4142 prater
2517 4068 2552 4123 5
2576 4079 2632 4126 et
2675 4069 2727 4139 6,
2758 4087 2895 4142 quos
2917 4073 3029 4145 jam
3073 4073 3318 4130 ediderat
3355 4070 3623 4139 llsserius,
3654 4070 3886 4142 protulit

2292 4158 2537 4216 Waraaus
2573 4175 2641 4216 ex
2678 4177 2780 4218 ms.
2824 4163 3012 4219 codice
3056 4163 3400 4221 bibliotheca:
3438 4161 3796 4225 Cottonianae,
3824 4168 3886 4215 ut

2292 4249 2524 4320 ipsemet
2550 4259 2782 4309 testatur
2805 4253 2876 4326 (s)
2910 4272 2925 4309 :
2955 4254 3049 4325 qui
3083 4263 3138 4311 et
3167 4253 3317 4310 addit
3335 4295 3351 4321 ,
3381 4253 3450 4310 ad
3471 4252 3632 4309 ﬁnem
3660 4249 3884 4308 canonis

2295 4342 2320 4397 1
2357 4342 2410 4398 in
2440 4344 2545 4400 alia
2574 4345 2855 4403 Canonum
2900 4348 3225 4406 collectione
3273 4346 3726 4416 Cantabrigiensis
3761 4343 3884 4400 col-

2292 4435 2416 4507 legii
2445 4437 2502 4494 S.
2532 4437 2806 4497 Benedicti
2827 4443 3106 4513 sequentia
3131 4441 3322 4513 subjici
3351 4459 3363 4496 :
3394 4439 3624 4496 Clericus
3649 4439 3738 4512 qui
3759 4455 3888 4493 cau-

599 4507 822 4607 ξ’θξτίθίί
837 4517 1079 4607 θρίεοοβί
1095 4519 1384 4607 Virtutibus
1404 4523 1640 4581 scribere
1660 4507 1932 4600 cupiebas.
1965 4551 1985 4586 ι
2017 4531 2188 4592 Porro
2214 4521 2268 4586 υ
2291 4546 2403 4586 sum
2433 4547 2600 4599 suam,
2623 4534 2731 4588 sive
2747 4507 2944 4604 justam
2971 4535 3078 4590 sive
3094 4507 3364 4607 injustam,
3387 4534 3460 4588 ad
3471 4507 3729 4606 judicium
3756 4533 3889 4586 alte-

599 4597 910 4666 hujusmodi
935 4606 1251 4676 opusculum
1278 4611 1484 4682 primus
1507 4597 1776 4687 evulgavit
1802 4621 2049 4682 laudatus
2059 4624 2215 4682 Wa-i

602 4705 743 4746 mus
771 4709 802 4748 e
829 4705 1061 4766 quatuor
1103 4703 1336 4773 antiquis
1363 4708 1769 4780 exemplaribus
1796 4729 1926 4778 mss.
1961 4717 2105 4772 inter
2130 4733 2192 4775 se

605 4784 830 4854 collatis,
855 4797 915 4845 ut
939 4790 1168 4860 ipsemet
1191 4797 1476 4865 profitetur
1494 4798 1595 4873 (g).
1621 4802 1786 4872 Cujus
1829 4806 2048 4876 quidem
2077 4808 2187 4866 edi-

673 4919 753 4996 (ᾳ)
792 4918 950 4996 {oar}.
993 4921 1238 4996 Glaston.
1277 4927 1412 4985 Hist.
1456 4931 1524 4988 de
1565 4934 1680 4990 reb.
1713 4933 1954 4996 Glaston.
1987 4949 2119 4996 tom.
2144 4939 2186 4996 I.

674 4989 751 5060 (ιι)
795 4989 942 5116 Pagi.
967 4992 1034 5075 ad
1053 5008 1180 5054 ann.
1212 4995 1334 5067 451,
1361 4999 1501 5071 952.

677 5063 748 5116 (cl
788 5060 852 5116 VI
893 5077 923 5116 e
946 5061 1156 5116 Ttllem.
1186 5065 1221 5116 I.
1253 5084 1304 5116 (ξ.
1337 5084 1457 5116 nan-
1494 5073 1501 5090 '

604 5063 757 5184 triga).
788 5060 923 5118 Vide
946 5061 1156 5120 Tillem.
1186 5065 1221 5120 l.
1253 5060 1458 5140 cfpuag.
1494 5072 1616 5142 783,
1647 5085 1760 5130 not.
1794 5079 1855 5144 3,
1883 5095 1979 5136 sur
2004 5080 2059 5136 S.
2087 5079 2190 5137 Pa-

600 5245 620 5279 ,
678 5200 758 5280 (ιι)
790 5199 943 5280 Pagi.
977 5203 1043 5260 ad
1065 5221 1193 5262 ann.
1219 5207 1399 5280 ιθςλς
1431 5210 1518 5265 19.

604 5269 946 5410 "Jama
973 5285 1263 5400 omstom.
1295 5269 1399 5345 ηιξ
1423 5295 1577 5352 pagg.
1621 5283 1724 5340 225
1751 5300 1902 5360 seqq.
1924 5291 2054 5346 edit.
2084 5291 2191 5349 Co-

675 5407 745 5480 (Ῑ)
785 5405 928 5480 Ibid:
942 5426 1063 5480 pag.
1093 5415 1216 5470 242.

675 5479 755 5567 i-‘ll
795 5475 1038 5567 ἳῖἒῖξθξῖ
1053 5498 1240 5567 ορυβο·
1265 5486 1336 5567 §.~.
1364 5488 1557 5567 Patric-
1589 5511 1708 5567 βεδε.
1743 5496 1830 5553 94.

675 5546 756 5640 Sit)
804 5545 1042 5606 Bolland.
1088 5545 1206 5611 Act.
1264 5557 1361 5614 SS.
1402 5545 1557 5619 Mart.
1589 5545 1863 5634 licini“,
1897 5584 2050 5640 pagg.
2085 5570 2188 5626 555

774 5686 903 5745 Ibid.
923 5706 1046 5762 pag.
1069 5693 1192 5748 sas.

2295 4625 2406 4680 rius
2431 4625 2558 4694 fidei
2579 4626 2773 4697 judicis
2802 4637 3066 4699 provocat,
3099 4629 3586 4684 excomnmnicetur.
3614 4625 3727 4681 Hos
3757 4639 3891 4694 quo»

2291 4730 2399 4786 que
2427 4732 2480 4771 lx
2529 4731 2765 4774 canones
2809 4720 2952 4791 typis
3001 4719 3344 4777 excudendas
3397 4719 3603 4775 curavit
3639 4717 3891 4773 laudatus

2295 4807 2608 4866 Wilkinsius
2638 4813 2724 4883 (ι).

2487 4942 2638 5001 War.
2671 4947 2730 5030 in
2746 4948 2952 5020 przelat.
2984 4947 3050 5032 ad
3079 4963 3268 5020 opusc.
3298 4947 3358 5004 S.
3382 4945 3580 5004 Patrio.

2404 5080 2426 5084 Δ
2473 5013 2644 5084 locet.
2668 5017 2852 5074 Vlt.S.
2884 5017 3081 5074 Patrio.
3111 5034 3232 5084 cap.
3271 5017 3390 5074 l50.

2580 5017 2644 5098 el.
2668 5017 2776 5098 Vit:
2793 5018 2852 5074 8.
2884 5017 3081 5074 Patric.
3111 5017 3232 5091 cap.
3271 5017 3390 5074 £50.

2379 5080 2437 5152 ‘1)
2469 5083 2545 5138 Id.
2579 5085 2633 5140 in
2652 5089 2862 5158 prolog.
3179 5080 3196 5091 '

2369 5085 2468 5287 ἷζιηῖ
2490 5153 3036 5287 ιῗῒέἷ²ιέ¹ἐ¹έ.¹έξί.ν³⁸’
3061 5155 3166 5214 ⁵⁴⁰
3185 5173 3338 5231 °°""'

2393 5224 2452 5430 ναξ
2490 5222 2624 5280 Ibid.
2646 5241 2770 5352 pax.
2793 5222 2934 5286 5‘21."
2985 5222 3013 5231 ⁷
3200 5303 3214 5316 ο

2394 5309 2424 5346 ο
2487 5293 2636 5351 War.
2668 5312 2699 5351 a
2764 5314 2951 5370 opusc.
2980 5299 3038 5356 S.
3070 5300 3214 5357 Patn

2393 5381 2425 5430 p
2485 5363 2720 5430 Speelm.
2753 5368 2919 5427 Cone.
2952 5371 3085 5426 Brit.
3116 5381 3214 5428 ton

2394 5293 2448 5372 ο)
2486 5293 2742 5372 )Var."ad
2764 5299 3038 5372 opusctS.
3070 5300 3268 5359 Patrio.
3292 5313 3448 5372 pagg.
3481 5299 3553 5372 M
3576 5309 3635 5356 et
3663 5301 3792 5359 llt'.

2390 5318 2448 5430 ,υς
2495 5318 2636 5351 "ar.
2668 5318 2736 5352 au
2764 5318 2951 5370 opusc.
2980 5318 3039 5384 at
3070 5318 3448 5428 ratumragg.
3481 5318 3552 5354 tu
3576 5318 3594 5355 ε

2390 5381 2436 5443 Ρ,
2466 5363 2720 5443 ﬁpgelm.
2753 5368 2930 5443 Con_c.
2952 5371 3085 5426 Bnt.
3116 5381 3249 5443 to_m.
3306 5413 3321 5439 ,
3348 5386 3472 5443 pag.
3503 5371 3594 5428 55.

2387 5433 2443 5515 τι)
2655 5436 2824 5515 Cone.
2847 5439 2981 5515 Brit.
2999 5451 3142 5515 tum.
3166 5441 3206 5509 I,
3238 5433 3366 5515 pag:
3383 5433 3437 5497 ιζ

2389 5509 2437 5582 ν)
2458 5503 2628 5582 {oceh
2661 5507 2697 5582 l.
2726 5523 2928 5582 c._cap.
2959 5511 3083 5582 185.

2391 5573 2439 5652 s)
2471 5573 2627 5652 ἓξὲξ.
2727 5573 2960 5652 c.ﬁ)a'gg.
2992 5581 3116 5651 119,
3145 5582 3268 5639 181.

2391 5645 2433 5713 ε)
2471 5642 2633 5700 Wilk.
2663 5645 2699 5702 l.
2718 5663 2768 5702 c.
2781 5642 2937 5720 sai."
2950 5654 3002 5704 6.
