4238 6260
592 302 701 363 795
724 360 733 375 τ

1527 300 1579 357 S.
1618 298 1981 357 PAT-RICIUS
2017 298 2470 389 .HlBERNORUM
2512 302 2926 359 APOSTOLUS.

3779 309 3871 371 790'

590 417 849 473 translato
892 435 901 468 :
950 417 1284 484 contulitque
1338 430 1460 473 cum
1521 416 1627 471 alio
1686 414 1931 484 ejusdem
1979 415 2171 487 Hymni
2203 421 2247 479 Α
2278 417 2467 481 fertur,
2492 420 2635 473 haud
2658 420 2890 474 otiosum
2921 418 3146 474 fortasse
3167 419 3639 478 lueritJocelinum
3670 424 3873 479 audire.

585 509 883 580 exemplari
913 524 1075 564 manu
1104 509 1394 591 recentiori
1422 515 1668 575 exarato,
1698 509 1852 579 cujus
1896 508 2057 567 etiam
2085 524 2175 563 va-

584 602 797 658 riantes.
816 602 1079 663 lectiones
1106 601 1383 677 apposuit.
1401 600 1591 659 Exstat
1618 611 1878 673 pneterea
1907 602 1994 659 hic
2023 602 2177 672 bym-

587 710 691 761 nus
712 695 765 753 in
784 694 1181 766 Antiphonario
1201 696 1523 757 monasterii
1546 696 1942 753 Benchorensis
1969 694 2121 750 edito
2144 710 2175 749 a

581 785 880 845 Muratorio
897 788 1005 861 (a),
1019 788 1088 844 ad
1098 803 1263 859 quem
1278 787 1506 863 prOinde
1524 787 1862 851 Wamanam
1882 788 2175 846 editionem

580 880 880 948 exegimus.
911 879 1017 948 Qui
1058 879 1281 950 quidtnn
1311 879 1375 936 V.
1407 878 1577 939 C..ad-
1616 895 1733 939 rem
1775 888 2013 937 nostram
2059 880 2174 936 haec

580 972 744 1031 habet
767 972 884 1045 (b);
921 992 941 1029 ι
972 973 1223 1043 Legimus
1249 975 1305 1035 in
1344 974 1736 1047 Antiphonario
1785 983 1972 1032 nostro
2004 973 2173 1047 Hym-

580 1084 704 1123 uum
728 1068 790 1123 S.
821 1066 1053 1127 Patricii
1093 1069 1335 1141 magistri
1362 1067 1659 1126 Scotorum.
1707 1066 1925 1128 Memini
1964 1077 2167 1133 autem,

578 1163 648 1219 cl.
702 1164 879 1218 virum
923 1162 987 1217 P.
1028 1162 1092 1218 Β.
1122 1163 1459 1223 Bernardum
1512 1162 1579 1219 de
1630 1161 1995 1229 Montfancon,
2043 1162 2171 1218 dum

578 1254 710 1311 olim
744 1254 1055 1313 Mediolani
1098 1263 1314 1325 ageret,
1356 1265 1649 1326 conspecta
1694 1254 1896 1311 codicis
1924 1254 2081 1322 hujus
2108 1268 2175 1309 ac

579 1347 917 1409 monumenti
943 1354 1235 1409 vetustate.
1261 1347 1396 1403 mihi
1443 1345 1751 1403 «tendenti
1792 1345 1955 1401 fuisse
1987 1353 2170 1413 grata-

580 1441 770 1496 latum.
819 1441 1086 1499 Narrabat
1132 1441 1351 1511 quippe,
1385 1441 1439 1495 in
1488 1439 1675 1495 Galliis
1723 1454 1845 1495 esse
1899 1438 2170 1493 eruditum

581 1531 871 1601 quemdam
897 1532 989 1589 eui
1014 1538 1142 1589 nata
1171 1531 1405 1602 suspicio
1432 1533 1636 1595 fuerat,
1666 1546 1774 1585 non
1823 1530 1967 1599 ipsas
1992 1528 2169 1585 solum

579 1621 637 1678 S.
671 1621 893 1678 Patricii
918 1637 1011 1679 res
1035 1632 1234 1690 gestas,
1284 1622 1379 1683 sed
1425 1622 1600 1693 ipsum
1627 1619 2009 1697 S..Patricium
2030 1620 2171 1675 inter

580 1715 791 1772 fabulas
804 1715 1173 1773 Ramnenses
1192 1730 1314 1773 esse
1340 1714 1737 1773 amandandum
1755 1731 1767 1766 :
1784 1713 1947 1768 tantis
1975 1727 2169 1782 nempe

2281 508 2371 563 Sic
2399 515 2577 564 autem
2608 509 2695 564 ille
2718 509 2797 582 (ά)
2828 529 2889 589 :_r
2923 508 3153 565 Sanctus
3189 506 3547 574 Secundinus,
3581 513 3799 583 sapiens
3822 523 3877 567 et

2278 601 2566 676 litteratus,
2616 600 2751 656 dixit
2796 610 2983 658 sancto
3030 600 3283 669 Patricio,
3313 602 3455 658 velle
3476 603 3579 659 sibi
3603 604 3873 674 adjacere,

2276 693 2345 755 de
2372 689 2824 766 sancto-quodam
2864 694 3040 750 adhuc
3080 696 3371 766 superstite
3399 712 3618 752 carmen
3648 712 3876 769 eumpo-

2276 802 2427 845 nere.
2457 785 2525 841 Et
2553 788 2680 858 quia
2708 797 2926 845 sanctus
2954 787 3043 842 hic
3072 796 3187 843 erat
3217 785 3485 846 Patricius
3506 788 3575 845 de
3602 804 3712 860 quo
3740 792 3877 846 scri-

2275 879 2408 935 bere
2445 878 2729 950 disposuit,
2762 879 2907 935 illius
2935 895 3131 935 nomen
3179 880 3398 940 silentio
3433 882 3752 951 suppressit.
3796 880 3878 937 Ad

2274 986 2437 1049 quem
2466 979 2684 1026 sanctus
2705 969 2971 1027 Patricius
3000 989 3011 1024 :
3042 970 3204 1036 Vere,
3242 971 3435 1043 inquit,
3467 972 3686 1041 dignum
3717 981 3774 1029 et
3788 974 3879 1045 ju-

2273 1070 2415 1117 stum
2443 1072 2545 1130 est,
2595 1078 2805 1133 aequum
2836 1071 2889 1119 et
2946 1063 3213 1129 salutare,
3260 1071 3321 1119 ut
3352 1064 3425 1137 (e)
3469 1067 3792 1137 sapientiam
3820 1075 3875 1122 et

2272 1142 2501 1225 gloriam
2523 1163 2832 1211 sanctorum
2863 1162 3083 1209 narrent
3110 1138 3326 1225 populi,
3349 1163 3403 1211 et
3436 1155 3648 1211 laudem
3675 1171 3870 1212 eorum

2272 1247 2487 1301 nuntiet
2513 1242 2760 1313 Ecclesia
2790 1265 2801 1298 :
2834 1246 2929 1301 sed
2952 1245 3169 1317 quidem
3200 1246 3412 1316 dignius
3438 1255 3492 1302 et
3506 1247 3871 1313 commodius,

2271 1349 2397 1411 post
2418 1341 2551 1397 lucis
2575 1341 2894 1407 terminum,
2927 1341 3097 1396 totius
3142 1341 3461 1397 cenodoxize
3507 1343 3713 1398 sublata
3742 1359 3873 1398 ma-

2270 1433 2427 1487 teria.
2452 1431 2634 1488 Lauda
2656 1448 2784 1503 ergo
2813 1432 2919 1488 diei
2948 1434 3317 1500 serenitatem,
3342 1435 3437 1490 sed
3465 1451 3580 1491 cum
3608 1435 3870 1509 advespe'

2271 1523 2475 1579 raverit
2510 1543 2522 1577 :
2558 1524 2747 1579 militis
2794 1525 3067 1592 virtutem,
3100 1526 3197 1581 sed
3243 1541 3367 1582 cum
3410 1527 3815 1598 triumphaverit
3849 1548 3864 1581 :

2272 1625 2455 1673 nautae
2478 1617 2914 1687 prosperitatem,
2933 1616 3027 1671 sed
3049 1633 3171 1672 cum
3202 1617 3545 1690 applicuerit.
3562 1619 3702 1675 Dicit
3723 1621 3873 1678 enim

2272 1706 2653 1791 Scriptura_([)
2687 1726 2698 1761 :
2733 1705 2818 1762 Ne
2838 1707 3130 1763 laudaveris
3160 1709 3423 1763 hominem
3452 1709 3507 1763 in
3538 1711 3642 1764 vita
3670 1726 3786 1765 sua.
3815 1710 3875 1767 Si

575 1809 813 1865 anilibus
832 1806 1159 1865 commentis
1183 1806 1471 1876 deturpata
1490 1804 1669 1860 fuerat
1691 1804 1865 1859 sancti
1893 1804 2036 1861 illius
2065 1803 2175 1872 epi-
2200 1809 2250 1869 Β
2278 1810 2458 1858 tamen
2488 1801 2542 1856 id
2572 1801 2793 1857 omnino
2822 1800 2973 1857 cordi
2996 1810 3088 1857 tuo
3126 1800 3346 1856 inﬁxum
3398 1800 3594 1868 fuerit,
3620 1804 3765 1874 quod
3791 1803 3873 1859 fa-

578 1900 729 1972 seopi
749 1900 992 1958 historia.
1015 1899 1089 1955 At
1107 1898 1357 1970 profecto
1383 1914 1521 1957 unus
1546 1898 1636 1954 hic
1654 1898 1886 1970 hymnus
1907 1898 2038 1952 satis
2054 1912 2174 1954 esse

579 2001 759 2066 potest
797 1993 868 2048 ad
918 1991 1345 2049 conﬁrmandam
1386 1991 1674 2049 veritatem
1719 2006 1840 2045 cum
1884 1990 2171 2058 insignium

579 2086 800 2142 Patricii
824 2100 1068 2157 Operam.
1100 2092 1215 2141 tum
1243 2083 1613 2141 celeberrima:
1638 2081 1791 2138 famae
1809 2096 1928 2151 qua:
1949 2081 2015 2136 de
2044 2096 2169 2137 san-

578 2187 671 2233 cto
709 2178 829 2234 viro
868 2179 941 2234 ad
985 2186 1171 2237 nostra
1194 2192 1367 2248 usque
1411 2185 1669 2247 tempora
1705 2174 2061 2246 permanavit.
2090 2172 2170 2229 Tu

578 2271 851 2338 uberiora,
876 2272 981 2328 usi
1020 2288 1133 2329 non
1160 2273 1310 2343 pelia
1333 2272 1677 2340 antiquitate,
1708 2271 1776 2325 ab
1798 2267 2018 2326 Usserio
2046 2278 2173 2339 pete

578 2359 672 2430 (ε).
714 2381 732 2413 ι
769 2360 896 2417 Haec
924 2361 1250 2419 Muratorius
1278 2381 1290 2416 :
1318 2363 1403 2417 cui
1419 2369 1726 2433 propterea,
1756 2360 1883 2416 dum
1905 2360 2003 2417 ista
2035 2360 2170 2415 scri-

576 2452 759 2520 bebat,
810 2454 1151 2526 incomperta
1201 2450 1413 2515 videtur
1438 2454 1603 2513 fuisse
1626 2453 1825 2510 Warmi
1864 2452 2049 2518 editio,
2080 2453 2172 2527 qui

577 2544 782 2617 primus
820 2545 966 2603 hunc
990 2547 1255 2619 hymnum,
1277 2548 1332 2602 in
1362 2547 1537 2605 lucem
1565 2546 1724 2602 eruit.
1757 2543 1898 2612 Quin
1925 2551 1983 2599 et
2021 2543 2183 2607 illam.

576 2638 905 2709 praeteriisse
918 2637 1298 2697 Bolhndianos
1312 2654 1381 2697 ex
1405 2654 1474 2696 eo
1501 2637 1839 2707 conﬁcimus,
1861 2636 2007 2708 quod
2028 2650 2174 2695 eum-

576 2726 697 2782 dem
721 2729 982 2802 hymnum
1007 2729 1408 2789 omisereinter
1430 2737 1565 2786 'acta
1594 2728 1655 2784 S;
1687 2726 1907 2805 Patricii
1935 2741 2055 2795 qua:
2085 2725 2170 2780 fu-

576 2817 787 2875 sissime
813 2821 885 2876 ab
907 2821 1155 2880 iisioisse
1191 2822 1460 2892 descripta
1489 2820 1871 2893 comperimus.
1900 2815 2170 2891 Caeterum

575 2910 641 2965 de
679 2910 987 2970 Secundino
1039 2916 1323 2987 episcopo
1348 2915 1573 2986 hujusce
1616 2913 1800 2986 hymni
1829 2918 2072 2975 auctore,
2106 2915 2180 2965 ut.

671 3226 698 3263 0

575 3294 725 3352 ιαίφ

575 3418 797 3428 ...μη-...ᾐο

666 3073 727 3143 ᾳ)
751 3071 948 3143 ﬁni-at.
979 3072 1183 3130 Anecd.
1370 3081 1500 3130 tom.
1517 3070 1607 3138 IV,
1654 3083 1811 3143 pagg.
1867 3066 1971 3122 156
1999 3080 2150 3137 θείω·

666 3075 727 3194 ἶ)
751 3075 1302 3199 ῧηιῖᾳάᾼηθωίἑέλ

645 3075 722 3284 ἓσέ
748 3161 937 3267 138.9ch

1351 3419 1423 3426 ..-ν
1438 3420 1445 3421 κ
1458 3417 1595 3424 -.ς-...Α
1612 3417 1757 3425 ...νο-,ι--ι
1774 3418 1861 3425 Ἡκ

748 3206 933 3267 Usser.
981 3204 1227 3267 Brit'ann.
1260 3214 1479 3282 Antiqq.
1502 3222 1630 3280 'cap.
1681 3210 1749 3263 l7
1787 3222 1945 3281 pagg.
1977 3207 2083 3262 425
2108 3213 2166 3263 et
2219 3204 2229 3256 .'

2278 1908 2403 1949 cere
2429 1892 2691 1963 disponis,
2725 1892 2808 1949 fac
2836 1892 3019 1955 citius,
3062 1893 3188 1963 quia
3211 1909 3360 1949 mors
3408 1894 3502 1949 tibi
3533 1894 3688 1951 adest
3718 1896 3769 1951 in
3784 1896 3874 1966 ja-

2276 1985 2397 2042 nuis
2430 2005 2440 2038 :
2467 1985 2707 2067 omnium
2730 1985 2873 2039 enim
2901 1985 3283 2057 episcoporum
3331 1987 3424 2057 qui
3451 1996 3577 2043 sunt
3602 1988 3656 2043 in
3681 1987 3874 2045 Hiber-

2278 2078 2367 2139 nia
2402 2077 2469 2133 de
2503 2078 2705 2133 sacculo
2749 2078 2957 2148 primus
2996 2078 3270 2147 migrabis.
3305 2078 3576 2153 Hymnum
3620 2081 3781 2150 igitur
3819 2082 3872 2138 in

2274 2169 2489 2227 laudem
2518 2168 2690 2225 sancti
2738 2166 2955 2224 Patricii
2996 2172 3335 2240 composuit;
3377 2179 3433 2227 et
3472 2173 3657 2243 paucis
3684 2180 3870 2243 postea

2276 2262 2467 2318 diebus
2513 2263 2731 2334 elapsis,
2766 2262 2921 2331 juxta
2974 2263 3200 2319 verbum
3227 2265 3400 2320 sancti
3458 2263 3676 2320 Patricii
3729 2264 3872 2321 diem

2278 2353 2524 2409 ultimum
2546 2355 2739 2410 clausit
2770 2373 2783 2406 :
2816 2351 3169 2424 sepultusque
3213 2354 3268 2409 in
3296 2356 3525 2412 ecclesia
3567 2355 3711 2414 sedis
3739 2370 3868 2423 sum,

2278 2447 2333 2501 in
2363 2447 2483 2501 loco
2505 2446 2597 2515 qui
2618 2454 2844 2502 vocatur
2858 2444 3555 2515 Domhnach-Seachlainn,
3586 2448 3791 2503 crebris
3812 2463 3873 2504 se

2278 2536 2551 2591 miraculis
2577 2550 2699 2590 cum
2718 2535 2937 2591 Christo
2966 2535 3149 2591 vivere
3193 2536 3448 2593 ostendit.
3480 2534 3750 2609 Hymnum
3779 2553 3870 2592 au~

2278 2637 2388 2683 tem
2419 2626 2569 2681 illum
2598 2625 2870 2682 Hibernici
2918 2627 3101 2697 plures
3127 2636 3482 2683 consuescunt
3508 2628 3749 2698 quotidie
3772 2642 3866 2684 ca-

2278 2734 2429 2784 nere,
2461 2735 2524 2774 ac
2551 2718 2720 2773 multa
2748 2720 3049 2788 magnaque
3078 2720 3341 2775 mirabilia
3369 2735 3435 2775 ex
3466 2719 3578 2789 ejus
3604 2717 3869 2799 frequen:

2274 2813 2481 2868 talione
2502 2819 2723 2865 narrant
2750 2810 3013 2866 evenisse.
3048 2830 3065 2864 ι
3104 2809 3379 2869 Hactenus
3402 2802 3681 2868 Jocelitius.

2343 3062 2421 3134 (ά)
2450 3061 2623 3134 Jocel.
2658 3061 2694 3115 l.
2739 3076 2941 3134 cucap.
2995 3060 3099 3115 177
3139 3061 3283 3131 apud
3322 3061 3569 3118 Bolland.
3618 3077 3739 3134 cap.
3768 3060 3862 3127 18,

2174 3153 2179 3157 ’
2266 3126 2415 3189 nam;
2440 3132 2566 3198 “5,
2589 3140 2712 3202 pag.
2743 3126 2869 3186 576-.

2359 3205 2409 3271 e)
2435 3202 2602 3271 Eceli'.
2628 3205 2811 3269 xxxix,
2846 3203 2935 3256 M.

2363 3270 2413 3344 ν)
2443 3270 2581 3331 lbid.
2606 3289 2677 3341 XI,
2709 3271 2797 3326 50.

1972 3418 2087 3423 ,_._._
2106 3414 2367 3422 -_______._._

880 3498 1502 3570 SCHOENEMANNI
1527 3500 1861 3564 ΝΟΤΙἸἹΑ
1898 3495 2873 3599 ΗΙΘΤΟΜΟΟ-ΙᾸΤΤΕΒΑΒΙᾼ
2908 3496 2989 3558 IN
3017 3497 3077 3559 S.
3113 3499 3570 3565 PATRlClUM.

1658 3635 1913 3695 (Biblioth.
1934 3635 2048 3687 bist.
2070 3631 2164 3683 litt.
2187 3630 2389 3682 Patrum
2416 3626 2522 3681 Lat.
2544 3633 2657 3679 tom.
2682 3626 2771 3691 ll.)

1215 3740 1243 3812 ς
1283 3739 1325 3794 ι.
1366 3738 1508 3795 Vita.

645 3919 906 3978 Patricius
930 3919 1151 3977 natione
1177 3919 1488 3986 Britannus,
1508 3918 1729 3975 neruine
1751 3918 1927 3989 patrio
1950 3917 2162 3979 Succat,

575 4018 733 4066 natus
754 4012 808 4067 in
828 4011 1030 4083 oppido
1050 4011 1339 4079 Nemtbur,
1351 4010 1513 4068 hodie
1538 4008 1881 4081 Kirkpatrick
1907 4008 2047 4062 inter
2067 4008 2167 4062 t‘re-

573 4109 686 4156 tum
714 4100 1106 4157 Dumbrittonae
1133 4108 1189 4156 et
1216 4102 1406 4157 urbem
1438 4098 1829 4170 Glasguensem
1858 4098 1983 4162 sito,
2019 4098 2163 4153 circa

574 4208 772 4249 annum
804 4194 929 4258 571,
958 4202 1115 4264 patre
1149 4192 1461 4264 Calpurnio,
1506 4193 1755 4260 diacono,
1788 4190 1973 4257 Potiti,
2008 4206 2161 4260 pres-

572 4284 746 4357 byteri
765 4285 1044 4355 cujusdam
1073 4282 1203 4341 ﬁlio.
1228 4284 1380 4342 Licet
1409 4292 1590 4342 autem
1617 4300 1648 4338 a
1669 4283 1984 4356 parentibus
2003 4281 2163 4339 Chri-

572 4377 762 4434 stianis
780 4385 960 4434 ortum
981 4377 1247 4444 duxisset,
1271 4378 1458 4447 religio
1487 4384 1670 4431 tamen
1698 4389 1874 4445 neque
1902 4374 1970 4430 ad
1998 4374 2163 4429 animi

572 4481 746 4536 neque
775 4467 842 4523 ad
868 4466 1070 4536 ingenii
1097 4465 1304 4521 cultum
1322 4480 1651 4538 magnopere
1672 4465 1774 4537 ipsi
1793 4464 2030 4537 profuit;
2069 4465 2163 4522 sed

573 4555 802 4626 agrestis
819 4557 962 4612 inter
980 4560 1223 4624 agrestes
1250 4563 1409 4615 natus
1431 4555 1801 4628 educatusque
1827 4570 2042 4614 sensum
2064 4556 2161 4611 ali—

570 4661 737 4719 quem
761 4654 924 4716 atque
946 4646 1196 4709 timorem
1216 4646 1315 4704 Dei
1341 4648 1689 4704 adversarum
1717 4648 1953 4704 maxime
1979 4663 2159 4725 rerum

528 4790 531 4795 1
571 4753 801 4795 occursu
828 4738 975 4797 alere
997 4738 1181 4808 erepit.
1203 4736 1360 4811 Quod
1388 4739 1607 4810 quidem
1633 4755 1801 4810 puero
1823 4739 2000 4795 adhuc
2026 4755 2159 4794 con—

572 4832 709 4902 tigit,
734 4847 856 4888 cum
890 4848 921 4888 a
957 4831 1301 4904 prtedonibus
1328 4831 1576 4888 Hibernis
1603 4833 1892 4903 aliquoties
1912 4834 1965 4888 in
1987 4834 2161 4903 capti-

570 4925 789 4980 vitatem
810 4923 1168 4981 abduceretur
1187 4931 1243 4979 et
1265 4922 1558 4997 identidem
1584 4923 1922 4979 liberaretur.
1947 4923 2029 4979 Ex
2050 4940 2159 4995 quo

568 5023 814 5087 tempore
843 5024 1023 5072 tamen
1052 5030 1161 5071 non
1188 5014 1372 5071 odium
1400 5014 1496 5072 sed
1525 5028 1679 5069 amor
1695 5001 1879 5084 potius
1906 5030 1969 5071 ac
1991 5016 2158 5072 bene-

2188 3732 2236 3795 ο
2269 3728 2506 3801 volentia
2549 3730 2604 3784 in
2645 3727 2913 3787 Hibernos
2956 3725 3194 3787 animum
3241 3733 3355 3803 ejus
3396 3733 3605 3799 insedit,
3639 3742 3694 3789 et
3736 3753 3862 3793 cum

2270 3829 2483 3891 postea,
2515 3820 2778 3875 incertum
2808 3835 2917 3890 quo
2947 3829 3129 3895 pacto,
3161 3822 3215 3878 in
3234 3822 3429 3878 Gallias
3456 3822 3663 3878 delatus
3691 3835 3859 3894 atque

2270 3928 2301 3967 a
2330 3910 2602 3967 Germano
2632 3908 3088 3971 Autis'siodorensi
3110 3915 3357 3986 episcopo
3383 3931 3470 3969 au.
3502 3914 3606 3970 452
3626 3915 3858 3973 Romam

2268 4004 2465 4060 missus
2484 4002 2779 4081 Gmlestino
2800 4022 2952 4079 papae
2973 3998 3296 4063 desiderium
3323 4023 3475 4063 suum
3499 4006 3767 4065 Hibernos
3792 4010 3868 4066 ad

2269 4093 2427 4178 iidem
2456 4092 2818 4155 Christianam
2842 4097 3193 4154 convertendi
3232 4097 3585 4166 signiﬁcasset
3615 4116 3628 4151 ε
3666 4097 3868 4155 Hiber-

2269 4204 2462 4243 norum
2492 4188 2560 4244 ab
2589 4203 2655 4243 eo
2683 4188 2959 4259 apostolus
2987 4197 3150 4260 atque
3192 4190 3631 4267 archiepiscopus
3659 4192 3866 4246 consti-

2271 4289 2419 4338 tutus
2448 4292 2568 4337 esse
2609 4278 2799 4336 fertur.
2833 4279 2952 4348 Quo
2998 4281 3141 4337 facto
3187 4282 3357 4337 redux
3388 4283 3441 4338 in
3486 4284 3733 4353 patriam,
3766 4298 3859 4338 an.

2268 4372 2374 4429 M7
2414 4374 2786 4435 incunctanter
2826 4373 3139 4431 Hiberniam
3167 4374 3541 4431 transfretavit
3567 4374 3864 4447 praedican-

2266 4466 2445 4538 doque
2473 4475 2529 4523 et
2568 4468 2891 4537 baptizando
2920 4468 3072 4523 brevi
3107 4467 3267 4538 longe
3296 4468 3515 4537 lateque
3543 4468 3865 4537 religionem

2265 4556 2623 4617 Christianam
2646 4563 2981 4633 propagavit,
3004 4561 3222 4630 regulos
3249 4561 3362 4618 fere
3384 4576 3575 4617 omnes
3596 4563 3749 4617 istius
3778 4563 3830 4615 in
3848 4594 3863 4602 -

2268 4650 2399 4705 sulm
2428 4652 2716 4719 convertit,
2748 4652 3006 4708 ecclesias
3033 4650 3293 4718 condidit,
3336 4652 3495 4708 sedes
3525 4652 3863 4723 episcopales

2267 4741 2517 4809 instituit,
2549 4742 2786 4815 synodos
2814 4743 3129 4808 celebravit,
3158 4741 3452 4812 multisque
3491 4742 3611 4797 aliis
3654 4742 3721 4796 ad
3759 4740 3863 4794 Ee-

2266 4834 2485 4889 clesiam
2530 4835 2583 4889 in
2614 4835 2715 4889 hac
2743 4836 2963 4905 regione
2992 4834 3417 4891 conﬁrmandam
3448 4837 3589 4891 bene
3618 4834 3863 4890 fortiter-

2265 4941 2371 4996 que
2400 4928 2725 4999 perpetratis
2742 4944 2884 4983 anno
2905 4944 3026 4983 term
3046 4928 3367 4984 Christianae
3387 4926 3510 4992 495,
3536 4928 3712 4983 aetatis
3736 4926 3862 4995 122,

2262 5036 2294 5075 e
2321 5022 2431 5077 vita
2451 5021 2700 5090 migravit
2723 5022 2820 5093 (a).

639 5199 716 5269 (a)
743 5198 873 5271 Quae
893 5185 1245 5271 hactenus'de
1273 5193 1493 5271 Patricii
1522 5166 1683 5271 rebus
1708 5195 2152 5271 commemoravi-
2176 5199 2231 5261 1)
2255 5199 2358 5263 bus
2384 5199 2619 5268 explosm
2661 5208 2805 5255 sunt.
2839 5199 2907 5254 At
2945 5200 3021 5255 illi
3050 5199 3439 5271 przccipitatius
3466 5197 3732 5271 judicant,
3767 5188 3865 5266 qui

567 5259 905 5338 mus'si'non
915 5269 1127 5338 penitus
1151 5275 1322 5338 certa,
1343 5266 1486 5323 veris
1508 5259 1697 5338 saltem
1724 5266 1971 5335 proxima
2000 5276 2144 5322 sunt.

564 5334 727 5407 Certe
768 5334 1174 5395 Confessionem
1225 5337 1391 5407 ipsius
1437 5334 1774 5407 potissimum
1802 5344 1930 5392 ante
1962 5338 2150 5393 oculos

566 5405 869 5471 habuimus,
892 5422 1010 5477 quae
1030 5405 1279 5477 ardorem
1308 5407 1423 5477 ejus
1441 5405 1506 5463 in
1535 5407 1904 5463 conversionis
1933 5409 2151 5477 negotio
2193 5438 2197 5442 -

559 5482 817 5549 testatur,
849 5483 903 5531 et
918 5474 985 5531 de
1000 5476 1216 5546 triplici,
1238 5474 1399 5547 quam
1417 5479 1630 5549 juvenis
1651 5483 1908 5549 expertus
1929 5474 2034 5545 est,
2056 5474 2151 5533 cai-

564 5547 812 5620 ptivitate
832 5553 1040 5620 tantum
1060 5549 1304 5620 exponit,
1325 5547 1586 5618 quantum
1616 5549 1684 5605 ad
1707 5547 1922 5615 cmtera,
1946 5565 2064 5618 quae
2081 5549 2152 5620 de

566 5616 636 5673 eo
664 5618 938 5673 memoria:
965 5616 1176 5691 prodita
1203 5616 1415 5691 suntet
1439 5638 1558 5691 qum
1580 5622 1697 5691 ipse
1725 5636 1831 5675 non
1853 5616 2048 5691 attigit,
2076 5616 2155 5673 in-

569 5698 650 5743 ter
674 5703 733 5743 se
760 5686 1128 5743 connectenda
1158 5689 1355 5759 valeat.
1388 5686 1547 5746 Probi
1578 5686 1634 5745 et
1670 5690 1915 5756 Jocelini,
1940 5690 2152 5759 Britan-

566 5774 758 5817 norum
777 5760 942 5816 medii
960 5759 1061 5814 zevi
1080 5757 1424 5825 scriptorum,
1449 5759 1639 5815 fabulae
1666 5761 1864 5816 dudum
1889 5761 1955 5805 oh
1977 5757 2153 5818 omni-

2259 5276 2620 5352 propter_eas
2649 5270 3299 5352 totamArerum’Patricii
3347 5270 3664 5352 memoriam
3695 5275 3865 5337 atque

2260 5339 2425 5408 ipsius
2448 5339 2584 5395 adeo
2613 5340 2963 5396 cxistentiam
2992 5341 3047 5396 in
3076 5341 3299 5396 dubium
3335 5348 3619 5407 vocarunt,
3651 5354 3865 5393 meram

2256 5410 2485 5465 fabulam
2528 5425 2558 5464 a
2603 5410 2977 5478 nugivendulis
3002 5420 3330 5467 contextam
3361 5419 3725 5464 autumautes.
3765 5408 3868 5463 Re~

2256 5488 2403 5551 stant
2429 5479 2667 5549 quidem,
2710 5478 2941 5551 demptis
2988 5482 3153 5537 etiam
3191 5479 3407 5545 fabulis,
3440 5479 3605 5551 multa
3640 5480 3691 5534 in
3738 5480 3867 5534 vitae

2257 5549 2374 5619 ejus
2394 5548 2725 5620 narratione,
2748 5548 2979 5619 quorum
3002 5551 3160 5606 [idem
3182 5550 3515 5620 argumentis
3541 5548 3709 5604 ﬁrmis
3730 5566 3866 5619 pro-

2241 5620 2373 5691 -bari
2398 5619 2687 5685 desideres,
2712 5636 2821 5689 quo
2843 5629 2958 5691 tota
2985 5623 3105 5691 ejus
3138 5622 3207 5678 ad
3237 5619 3627 5677 transmarinas
3650 5621 3869 5691 provin-

2258 5690 2370 5762 cias
2398 5691 2758 5762 peregrinatio
2786 5698 2841 5745 et
2861 5689 3138 5747 leestini
3162 5693 3265 5747 hac
3284 5692 3337 5747 in
3367 5707 3428 5746 rc
3455 5689 3866 5762 partes’referri

2258 5760 2476 5818 debent.
2518 5760 2627 5843 sed
2671 5775 2821 5827 cave,
2863 5777 2931 5818 ne
2975 5764 3266 5819 arbitrario
3318 5763 3479 5823 nimis
3508 5761 3865 5821 traditionum
