4238 6260
339 339 441 394 797

922 456 951 530 ς
991 457 1051 512 ll.
1100 459 1327 531 Scripta.

414 545 625 615 Scripta
678 551 903 617 genuina
951 550 1167 620 Patricii
1218 551 1370 604 facile
1407 548 1547 620 stylo
1588 547 1820 601 barbaro
1866 562 1929 602 ac

343 638 534 692 scabra
575 641 824 697 oratione
863 658 928 696 ex
956 638 1200 704 neglectu
1239 639 1507 694 sermonis
1531 638 1728 706 Latini,
1767 653 1930 706 quem

346 746 614 800 nusquam
645 731 713 785 ad
741 729 1076 785 scribendum
1102 729 1469 786 adhibiturum
1498 745 1556 786 se
1583 729 1927 788 existimave-

341 831 428 877 rat
451 823 550 895 (a),
576 822 801 880 oriunda
825 837 942 878 sese
961 820 1323 878 manifestam.
1346 822 1486 878 Sunt
1505 828 1685 878 autem
1706 835 1933 890 sequen~

340 913 439 966 tia.

411 1002 453 1058 Ι.
487 1003 752 1073 Confessio
780 1005 834 1058 in
877 1005 1106 1075 epistola
1142 1005 1210 1060 ad
1247 1005 1518 1061 Hibernos
1557 1004 1842 1074 explicata,
1875 1003 1933 1062 in

339 1109 447 1163 qua
478 1112 584 1150 non
605 1096 671 1151 de
694 1093 798 1151 ﬁde
825 1096 919 1152 sed
947 1097 1070 1152 vitae
1098 1106 1260 1168 atque
1289 1097 1688 1168 praadieationis
1716 1112 1826 1152 mue
1850 1112 1935 1154 ra-

345 1185 492 1241 tione
529 1186 769 1255 exponit.
806 1185 1130 1255 Fragmenta
1162 1187 1394 1256 plurima
1423 1201 1491 1242 ex
1518 1201 1584 1241 ea
1611 1185 1936 1242 lucubratio-

339 1277 393 1329 ni
442 1292 550 1331 sua:
595 1275 826 1331 intexuit
868 1275 1096 1342 Probus,
1147 1278 1267 1333 vitae
1309 1277 1527 1332 Patricii
1574 1277 1805 1348 scriptor
1830 1291 1934 1332 sae-

343 1367 450 1421 culi
493 1384 545 1421 x.

411 1458 476 1514 ll.
516 1457 760 1528 Epistota
787 1459 855 1513 ad
881 1457 1171 1516 Coroticum
1198 1459 1442 1528 regulum
1462 1441 1933 1518 Cambro-Britan-

337 1552 518 1607 nicum
547 1566 642 1606 seu
671 1551 854 1621 potius
881 1552 950 1605 ad
981 1551 1300 1607 Christianos
1324 1549 1548 1605 Corotici
1568 1551 1775 1619 tyranni
1799 1546 1924 1603 sub-

339 1643 495 1697 ditos.
547 1641 718 1710 Hujus
763 1643 923 1712 epist.
982 1642 1180 1697 diserte
1227 1642 1476 1697 meminit
1509 1640 1782 1698 Jocelinus
1807 1655 1931 1696 mo-

340 1733 543 1787 nachus
560 1731 933 1788 Cisterciensis
962 1733 1192 1788 emnobii
1221 1732 1600 1786 Furnessensis
1621 1731 1760 1801 apud
1790 1731 1930 1786 Lan-

340 1824 680 1889 castrienses,
707 1824 798 1894 qui
820 1840 944 1879 suae.
969 1841 1040 1878 xu
1060 1824 1191 1877 vixit
1218 1823 1464 1877 etVitam
1497 1820 1712 1876 Patricii
1742 1837 1934 1876 exara-
1964 1830 2014 1891 Β

337 1915 433 1969 vit.
465 1914 730 1970 Czeterum
758 1915 1000 1970 Warmus
1049 1931 1151 1985 pro
1185 1913 1346 1984 hujus
1375 1921 1430 1968 et
1469 1912 1765 1982 sbperioris
1793 1927 1931 1981 opu-

339 2006 476 2060 sculi
516 2005 834 2073 antiquitate
871 2005 1123 2060 observat
1159 2004 1276 2058 loca
1315 2019 1484 2058 sacra:
1531 2001 1822 2072 Scriptum
1863 2017 1932 2056 ex

342 2097 593 2151 versione
623 2093 780 2160 LXX,
813 2111 922 2168 non
949 2111 1017 2150 ex
1045 2104 1174 2150 tunc
1209 2095 1416 2150 recenti
1445 2094 1780 2166 Hieronymi,
1812 2108 1934 2163 quae

342 2183 563 2239 Patricii
600 2199 716 2240 aevo
761 2184 1000 2240 nondum
1036 2183 1325 2256 publicitus
1361 2183 1460 2238 fuit
1500 2191 1742 2254 recepta,
1773 2184 1826 2238 in
1868 2183 1934 2237 iis

343 2274 570 2328 laudari.
1517 2264 1524 2270 ’

413 2365 496 2418 Ill.
540 2365 784 2437 Synodus
808 2367 868 2422 S.
895 2366 1116 2422 Patricii
1142 2368 1506 2439 complectens
1536 2382 1772 2432 canones
1793 2367 1880 2421 51.

411 2458 496 2510 IV.
545 2457 645 2512 Alii
687 2459 720 2512 9
763 2477 988 2515 canones
1040 2461 1100 2515 S.
1160 2461 1394 2516 Patricio
1441 2463 1674 2531 ascripti.
1717 2460 1794 2514 Ex
1849 2461 1933 2516 his

340 2552 581 2620 quintum
611 2561 666 2607 et
692 2562 904 2609 sextum
927 2554 1040 2624 jam
1083 2553 1330 2610 Usserius
1370 2554 1652 2620 ediderat,
1695 2539 1936 2624 reliquos.

341 2644 579 2700 War-mus
621 2645 913 2702 adinvenit.

411 2737 471 2789 V.
516 2737 758 2808 Synodus
780 2737 1028 2806 Patricii,
1058 2739 1274 2804 Auxilii,
1300 2749 1350 2793 et
1378 2737 1636 2793 lssernini
1661 2740 1930 2810 episcopo-

342 2844 454 2882 rum
482 2827 550 2880 54
579 2828 862 2884 canonibus
884 2839 1147 2885 constans.
1180 2830 1421 2894 Warmus
1448 2832 1647 2902 adjecit
1669 2834 1800 2887 alios
1832 2843 1930 2887 tres

342 2936 586 2984 canones,
611 2929 770 2976 antea
786 2920 900 2990 jam
920 2939 951 2977 a
972 2921 1332 2993 Speelm'anno
1353 2924 1546 2993 editos,
1570 2934 1626 2980 et
1647 2924 1930 2978 Proverbia

343 3011 521 3079 aliqua
555 3011 814 3080 ejusdem.

416 3099 621 3154 Incerta
643 3111 787 3167 sunt,
817 3112 911 3158 aut
934 3105 1115 3161 verius
1135 3121 1238 3160 non
1261 3108 1448 3179 ipsius,
1472 3106 1666 3162 Charta
1691 3123 1788 3164 seu
1813 3107 1934 3178 Epi-

1703 336 2210 394 PROLEGOMENA

1957 453 2006 514 Α
2035 453 2136 507 fuit.
2165 469 2192 506 a
2221 452 2376 506 Ricb.
2403 451 2764 508 Staniburstio
2788 463 2842 508 et
2866 453 2918 508 in
2956 453 3075 508 Vita
3099 452 3320 507 Patricii
3352 468 3390 518 ι,
3423 468 3478 514 ιι,
3513 453 3622 506 An-

3519 341 3624 397 798

2035 545 2258 614 tuerpia:
2287 542 2535 599 an.1587
2551 545 2618 598 ab
2645 560 2711 599 eo
2732 545 2928 614 editus,
2944 560 3166 600 recusus
3186 545 3348 599 etiam
3370 549 3624 604 monente

2034 638 2235 700 Caveo,
2285 655 2316 693 a
2345 637 2675 707 Mesingamo
2719 638 2788 692 ad
2831 637 2990 694 linem
3019 636 3292 708 Florilegii
3338 635 3623 704 Itibernici,

2037 728 2210 785 Paris.
2245 729 2397 784 i624.

2319 843 2324 846 ν
2595 822 2626 891 ᾗ
2663 821 2750 875 Ill.
2790 819 3082 875 Editiones.

2106 912 2187 968 Ex
2214 914 2298 968 his
2329 911 2547 968 Patricii
2584 911 2857 982 apusculis
2886 926 3032 965 num.
3063 909 3098 963 5
3136 919 3192 964 et
3221 907 3274 975 5,
3317 923 3438 963 cum
3468 907 3623 986 parti;

2033 1005 2156 1061 cula
2182 1003 2436 1072 Epistotw
2461 1004 2524 1058 de
2566 1004 2875 1075 antiquitate
2904 1003 3072 1075 gentis
3097 1002 3398 1057 Aoaiom'cte
3440 1009 3497 1055 et
3539 1017 3624 1069 po-

2033 1105 2236 1152 strema
2257 1096 2364 1152 duo
2386 1095 2520 1151 falso
2541 1095 2640 1166 ipsi
2663 1095 2915 1165 ascripta,
2939 1093 3083 1150 edita
3103 1092 3320 1149 fuerunt
3340 1101 3622 1160 antequam

2032 1190 2258 1244 Iacobus
2281 1187 2522 1246 Warteus
2545 1189 2752 1260 reliqua
2782 1204 2852 1246 ex
2874 1203 3003 1244 mss.
3035 1187 3312 1243 codicibus
3339 1193 3554 1241 erueret
3573 1191 3622 1240 et

2034 1283 2102 1338 de
2132 1283 2397 1338 universis
2424 1282 2645 1338 edendis
2667 1297 2852 1337 curam
2882 1283 3130 1350 agitaret.
3155 1280 3284 1336 Post
3305 1279 3456 1349 cujus
3485 1295 3621 1350 pra:-

2035 1376 2234 1434 claram
2265 1391 2506 1445 operam,
2543 1375 2879 1430 Bollandiani
2906 1373 3152 1444 quredam
3181 1374 3360 1429 denuo
3385 1373 3451 1427 ad
3477 1373 3621 1428 codi-

2035 1483 2127 1523 ces
2162 1483 2292 1523 mss.
2324 1467 2602 1535 recognita
2640 1466 2925 1529 dederunt,
2957 1465 3294 1525 Warmanam
3324 1472 3506 1517 autem
3536 1471 3621 1517 t0-

2035 1568 2146 1613 tam
2192 1557 2593 1613 rescribendam
2632 1558 2843 1612 curavit
2879 1555 3121 1612 Andreas
3144 1553 3480 1610 Gallandius.
3515 1552 3622 1620 Sed

2035 1651 2243 1722 singula
2273 1651 2581 1720 diligentius
2610 1649 2976 1704 lustrabimus.

2679 1755 2811 1796 SBC.
2842 1755 2968 1794 ινιι.

2753 1817 2909 1884 1604.

2107 1924 2390 1995 Μοφιηεὶω
2412 1923 2550 1991 apud
2582 1922 2815 1986 Baithas.
2847 1921 3090 1992 Lippium
3117 1929 3305 1988 sumpt.
3339 1921 3458 1972 Ant.
3494 1917 3622 1971 Hie—

2034 2025 2163 2079 rat.,
2196 2014 2337 2070 ili-4.
2370 2014 2427 2069 S.
2456 2012 2675 2068 Patricii
2706 2013 2923 2080 legatio,
2955 2028 2985 2066 a
3013 2009 3507 2080 leestino-primo
3535 2025 3620 2079 pa-

2035 2122 2105 2177 pa
2140 2107 2206 2160 ad
2235 2104 2646 2161 conversionem
2679 2103 2946 2158 Hiberniae
2985 2103 3199 2168 directi,
3229 2103 3343 2156 sive
3385 2100 3624 2171 Epistola

2035 2199 2095 2255 S.
2118 2198 2336 2255 Patricii
2359 2197 2590 2268 apostoli
2613 2195 2881 2252 Hibernia:
2908 2211 2977 2250 ex
2997 2194 3127 2250 bibl.
3155 2192 3473 2248 monasterii
3492 2192 3622 2245 01³-

2035 2292 2249 2359 stoniae,
2273 2291 2326 2345 in
2355 2307 2463 2360 quo
2493 2290 2608 2360 ipse
2636 2288 2801 2343 abbas
2827 2287 2944 2350 fuit,
2989 2294 3280 2354 antequam
3323 2290 3465 2338 esset
3503 2283 3622 2351 cpi~

2035 2367 2231 2454 scopus
2262 2382 2558 2447 Hiberniae;
2590 2381 2642 2435 in
2666 2379 2892 2434 Gerardi
2918 2375 3278 2446 VossiiPrzep.
3297 2374 3497 2443 Tungr.
3527 2371 3624 2426 Mi-

2033 2477 2306 2532 sceltaneis
2337 2476 2442 2531 SS.
2472 2475 2667 2542 aliquot
2696 2472 2917 2526 Patrum
2946 2469 3037 2525 Cr.
3079 2479 3129 2524 et
3157 2468 3276 2522 Lat.
3305 2468 3443 2539 (quae
3471 2465 3622 2534 quasi

2035 2568 2172 2624 alter
2204 2575 2381 2621 tomus
2406 2566 2472 2620 ab
2493 2580 2559 2619 eo
2586 2563 2841 2634 Operibus
2867 2561 3112 2630 Gregorii
3135 2557 3518 2623 Thaumaturgi
3539 2555 3626 2620 adq

2029 2660 2173 2729 jecta
2205 2657 2374 2727 sunt),
2407 2669 2528 2725 pag.
2557 2654 2683 2709 9.59.

2106 2749 2220 2803 Non
2253 2748 2355 2802 nisi
2407 2747 2764 2814 fragmentum
2794 2752 2876 2800 est
2902 2742 3146 2812 epistola:
3191 2740 3258 2795 de
3289 2737 3624 2807 Antiquitata

2037 2837 2350 2902 Avalonica,
2382 2835 2528 2906 quod
2578 2836 2719 2889 inter
2745 2834 3080 2890 collectanea
3117 2845 3246 2885 mss.
3284 2827 3622 2882 MarianiViq

2033 2928 2193 2988 ctorii
2243 2926 2484 2998 episcopi
2529 2917 2741 2980 Reatini
2785 2924 3032 2995 (editoris
3079 2919 3627 2990 Ambrosii)‘reperit

2033 3019 2290 3084 Vossius;
2321 3017 2591 3072 Victorius
2625 3015 2836 3082 autem,
2859 3008 2990 3068 dum
3019 3011 3315 3080 Reginaldo
3344 3010 3476 3064 Polo
3497 3025 3619 3064 car-

2034 3110 2198 3166 dinali
2253 3109 2428 3177 legato
2457 3107 2510 3162 in
2540 3106 2728 3174 Anglia
2760 3105 2998 3172 adesset,
3037 3119 3104 3157 ex
3136 3099 3496 3157 vetustissimo
3519 3115 3626 3174 ms.

340 3194 472 3247 stata
501 3194 564 3248 de
593 3197 901 3267 antiquitate
927 3197 1228 3267 Avatonica,
1257 3216 1419 3270 quam
1445 3209 1670 3271 propter
1708 3201 1926 3272 stylum,
1953 3205 2002 3268 C
2034 3202 2328 3273 exemplari
2358 3197 2698 3255 bibliothece
2720 3196 3036 3252 monasterii
3055 3193 3345 3248 Glastonia:
3377 3191 3622 3246 transch

341 3292 641 3353 temporum
669 3287 1000 3344 notationem
1029 3290 1241 3360 aliaque
1268 3291 1322 3346 id
1356 3305 1528 3360 genus
1557 3302 1831 3348 momenta
1856 3291 1923 3347 V.

341 3374 401 3426 C.
435 3377 651 3430 nomina
680 3392 830 3432 mere
857 3377 1328 3447 Anglo—Saxonica
1368 3383 1424 3436 in
1450 3398 1516 3438 ea
1555 3384 1808 3454 ascripta,
1840 3399 1929 3438 re-

341 3465 590 3519 centioris
618 3467 856 3521 auctoris
886 3482 1007 3523 esse
1035 3469 1342 3538 suspicatur
1367 3470 1644 3539 Warazus;
1679 3488 1843 3543 porro
1873 3474 1933 3528 ti-

341 3553 424 3606 ber
451 3555 515 3608 de
533 3557 694 3610 tribus
719 3555 774 3608 Η
777 3557 1071 3623 abitaculis,
1103 3559 1246 3630 apud
1268 3560 1402 3615 alios
1424 3561 1486 3614 de
1508 3561 1726 3617 Gaudiis
1749 3564 1942 3631 electo-_

342 3664 451 3701 rum
499 3659 546 3702 et
584 3651 747 3720 pamis
789 3651 1154 3706 damnatorum
1195 3651 1504 3720 inscriptus,
1535 3661 1590 3708 et
1634 3654 1931 3722 Augustino

342 3738 501 3792 etiam
541 3741 802 3808 tributus;
834 3749 889 3797 et
918 3742 1056 3797 liber
1101 3743 1165 3797 de
1193 3741 1540 3797 Abusionibus
1577 3747 1752 3799 swcuti
1793 3746 1934 3801 inter

341 3827 589 3899 Cypriani
618 3840 674 3887 et
700 3829 983 3901 Augustini
1013 3848 1176 3903 opera
1209 3833 1488 3902 vulgatus;
1521 3834 1587 3890 de
1615 3850 1724 3905 quo
1751 3845 1934 3907 poste-

340 3922 468 3977 riori
499 3932 680 3979 tamen
717 3941 825 3981 non
855 3935 940 3980 est
967 3925 1425 3996 praetermittenda
1449 3926 1647 3983 Waraei
1675 3930 1933 3999 suspicio.

343 4015 549 4084 Quippe
574 4030 698 4068 cum
717 4026 969 4086 excerpta
989 4017 1232 4088 quaedam
1255 4033 1322 4073 ex
1351 4018 1456 4075 hoc
1478 4019 1615 4077 libro
1641 4022 1710 4077 ab
1740 4031 1932 4078 aucto-

343 4103 488 4157 ribus
514 4105 802 4160 admodum
831 4107 1082 4178 antiquis,
1114 4109 1251 4180 licet,
1271 4110 1436 4165 tacito
1466 4111 1628 4167 libelli
1659 4114 1838 4181 titulo,
1869 4115 1940 4180 S.

343 4193 575 4250 Patricio
597 4195 959 4264 ascribantur,
990 4213 1098 4253 non
1126 4215 1286 4269 posse
1313 4216 1373 4256 se
1400 4217 1509 4257 non
1537 4205 1800 4274 suspicari
1831 4207 1926 4271 ait,

343 4284 591 4341 eumdem
630 4302 750 4343 esse
792 4304 913 4343 cum
943 4287 1358 4346 Proverbiorum
1395 4308 1462 4350 eo
1513 4295 1720 4363 libello,
1765 4313 1930 4367 quem

346 4380 691 4448 cdiﬁcatione
719 4383 946 4451 plurima
970 4384 1176 4454 plenum
1203 4383 1477 4442 Jocelinus
1525 4387 1813 4444 Patricium
1843 4390 1934 4444 Hi-

345 4471 559 4526 bernice
581 4473 857 4542 scripsisse
876 4475 1093 4544 dixerit,
1115 4491 1383 4546 quemque
1403 4477 1633 4534 fortasse
1660 4479 1930 4535 Hibernus

2031 3302 2184 3365 ptum
2213 3302 2517 3362 acceperat.
2560 3289 2784 3356 Eadem,
2825 3298 2884 3343 ut
2911 3288 3153 3342 War-reus
3195 3287 3469 3353 observat,
3505 3285 3630 3354 jam.

2030 3385 2298 3440 habentur
2341 3383 2393 3436 in
2445 3380 2668 3436 Joannis
2708 3378 3109 3434 Tinmuthensis
3153 3377 3511 3448 Sanctitogio,
3561 3376 3627 3436 in,

2032 3475 2154 3530 Vita
2186 3473 2421 3537 Patricii,
2452 3481 2507 3527 et
2535 3472 2587 3525 in
2610 3471 2955 3542 exscriptoris
2983 3469 3100 3538 ejus
3131 3466 3352 3523 Joannis
3385 3467 3618 3536 Capgra-

2032 3567 2105 3619 vii
2141 3564 2291 3619 Nova
2323 3563 2564 3635 Legenda
2594 3563 2814 3634 Angliar,
2841 3560 3069 3616 Londini
3093 3575 3179 3612 an.
3207 3557 3344 3613 1516
3366 3559 3504 3628 typis
3532 3572 3618 3611 exs

2035 3673 2185 3712 cusa.
2361 3647 2368 3655 ’
2466 3667 2480 3679 ·

2753 3734 2908 3794 1659.

2108 3840 2354 3904 Londini,
2387 3836 2566 3892 in-l‘ol.
2597 3833 2845 3906 Synodus
2872 3831 2929 3887 S.
2963 3830 3196 3900 Patricii,
3219 3835 3339 3885 item
3367 3827 3614 3901 Synodus

2037 3931 2275 3998 Patricii,
2307 3914 2504 3984 Auxilii
2533 3935 2586 3980 et
2615 3923 2867 3980 lssernini
2898 3931 2953 3978 et
2982 3931 3084 3976 tres
3111 3929 3373 3991 praeterea
3400 3935 3622 3973 canones

2035 4023 2309 4093 ejusdem;
2343 4022 2394 4075 in
2427 4018 2669 4074 Concitiis
2695 4015 2980 4069 Britanniw
3009 4013 3223 4068 Henrici
3252 4012 3616 4083 Speelmanni,

2035 4124 2076 4170 t.
2108 4116 2150 4183 l,
2181 4127 2338 4185 pagg.
2365 4112 2457 4178 5|,
2484 4109 2568 4174 54,
2595 4107 2665 4163 55
2692 4123 2810 4176 sqq.

2109 4205 2322 4259 Priores
2343 4217 2576 4257 canones
2605 4197 2872 4268 desumpti
2901 4207 3024 4252 sunt
3052 4213 3120 4253 ex
3157 4197 3378 4266 antiquo
3408 4211 3506 4250 ms.
3539 4210 3622 4250 (30-

2036 4297 2160 4351 όίοι·
2194 4293 2585 4364 Andegavensi,
2618 4289 2770 4358 cujus
2796 4289 3162 4360 apographum
3192 4289 3257 4343 ad
3289 4286 3563 4343 Usserium
3592 4302 3624 4341 o

2035 4386 2208 4442 Gallia
2239 4388 2461 4442 miserat
2497 4381 2836 4439 Sirmondus.

2757 4473 2914 4530 1656.

346 4564 536 4632 aliquis
558 4573 679 4633 post
707 4567 908 4621 obitum
932 4565 1147 4624 Patricii
1177 4570 1238 4623 in-
1259 4569 1494 4640 linguam
1529 4570 1773 4626 Latinam
1805 4588 1930 4628 con-
1954 4575 2012 4636 Ι)
2115 4570 2338 4624 Londini
2369 4569 2508 4640 apud
2546 4568 2805 4623 Joannem
2845 4567 3033 4638 Crook,
3092 4568 3183 4622 sub
3211 4568 3358 4640 signa
3396 4567 3541 4620 navis
3571 4565 3628 4618 in

345 4656 582 4709 verterit.
620 4655 882 4727 Utrinque
922 4659 1086 4723 enim,
1117 4660 1171 4714 in
1215 4658 1522 4716 Proverbiis
1553 4670 1608 4716 et
1634 4662 1927 4718 Sententiis

344 4747 615 4816 appositis,
645 4748 836 4803 Stecuti
870 4749 1156 4806 Abusiones
1185 4753 1406 4822 aperiri,
1439 4768 1538 4808 nec
1565 4753 1762 4824 stylum
1796 4756 1928 4809 scri-

344 4848 589 4906 pturasve
631 4854 662 4893 e
702 4841 949 4894 versione
979 4840 1288 4913 Hieronymi
1333 4843 1526 4897 citatas
1567 4843 1785 4900 obstare
1820 4860 1930 4915 quo

344 4928 515 4982 minus
546 4928 682 5013 liber
708 4929 797 4985 ille
823 4938 1010 4999 partus
1037 4931 1106 4986 sit
1131 4932 1332 5000 ingenii
1361 4930 1671 4996 Patriciani,
1705 4934 1830 5000 licet
1858 4938 1929 4991 ab

344 5016 448 5070 alio
476 5019 782 5075 translatus.

413 5105 651 5178 Denique
672 5125 862 5176 sermo,
888 5109 980 5180 qui
1009 5107 1228 5166 Patricii
1249 5127 1446 5168 nomen
1473 5114 1630 5182 gerit,
1662 5117 1926 5173 contictus

342 5288 754 5367 domesticarum
784 5289 1175 5367 ῐξάρῐῃλὲιεενθε.Δ
1201 5292 1447 5367 [tegenda
1477 5305 1601 5367 sunt
1642 5260 1924 5367 imprimis;

343 5373 459 5426 qme
484 5357 817 5434 Bollandiani
920 5359 984 5434 ll_l
1007 5364 1207 5418 mensis
1231 5357 1405 5418 Martii
1428 5381 1479 5434 p.
1507 5364 1627 5430 5l9,
1652 5357 1927 5434 de'primis

342 5437 394 5503 ςι
430 5429 819 5503 antiquioribus
854 5429 912 5503 S.
945 5430 1162 5487 Patricii
1208 5435 1340 5488 actis
1370 5439 1386 5500 (
1405 5429 1444 5488 θ’
1474 5429 1666 5503 quibus
1695 5429 1926 5502 Probus,

339 5496 609 5580 Joeelinus
654 5501 852 5580 aliique
897 5501 1222 5576 hauserunt)
1274 5496 1569 5575 eorumque
1617 5496 1930 5562 auctoribus

340 5578 790 5636 conscripserunt.

369 5707 378 5718 .
413 5639 488 5704 (η)
523 5638 658 5718 Olim
689 5642 1175 5718 cogitavi'scribere,
1202 5644 1373 5718 inqu_it
1401 5645 1688 5718 inlaudata
1703 5647 1931 5703 Confes-

339 5710 510 5782 sione,
538 5710 628 5782 sed
645 5710 811 5782 usque
839 5728 973 5765 nunc
1012 5710 1474 5768 btesitarifTimui
1519 5719 1653 5770 enim
1688 5735 1750 5770 ne
1793 5718 1929 5769 inei-

339 5776 511 5833 derem
541 5780 593 5834 in
616 5776 844 5846 linguam
869 5783 1162 5847 hominum;
1191 5793 1240 5836 et
1265 5785 1387 5852 quia
1415 5801 1516 5840 non
1545 5788 1647 5854 tegi
1676 5789 1806 5840 sicut
1830 5802 1944 5839 mh"

2038 4664 2324 4718 cwmeterio
2369 4660 2617 4727 Paulino,
2663 4656 2804 4716 ili-8.
2844 4660 2902 4715 S.
2936 4659 3189 4726 Patricio,
3235 4663 3324 4732 qui
3360 4659 3626 4715 Hibernos

2039 4754 2105 4808 ad
2138 4753 2292 4807 ﬁdem
2320 4749 2520 4806 Christi
2559 4752 2850 4820 convertit,
2881 4753 3114 4821 ascripta
3153 4752 3410 4822 opuscula
3444 4769 3456 4803 :
3488 4765 3626 4818 quo-

2039 4863 2159 4901 rum
2190 4843 2368 4915 aliqua
2397 4859 2540 4898 nunc
2569 4846 2799 4912 primum
2831 4859 2898 4898 ex
2924 4845 3156 4912 antiquis
3195 4858 3324 4898 mss.
3356 4840 3628 4896 codicibus

2041 4941 2096 4992 in
2127 4937 2300 4992 lucem
2331 4935 2524 4990 emissa
2555 4943 2698 5001 sunt,
2743 4935 2947 5004 reliqua
2974 4933 3286 5003 recognita;
3318 4931 3498 4983 omnia
3539 4943 3627 4981 no-

2043 5030 2131 5095 tis,
2161 5028 2228 5082 ad
2257 5042 2370 5082 rem
2400 5027 2714 5082 historicum
2755 5034 2809 5080 et
2837 5026 3194 5095 antiquariam
3233 5018 3619 5090 spectantibus,

2037 5119 2324 5188 illustrata,
2346 5133 2514 5189 opera
2543 5127 2597 5174 et
2617 5117 2794 5173 studio
2823 5115 3012 5170 Jacobi
3035 5113 3228 5167 Waraei
3257 5110 3390 5180 Equ.
3425 5109 3624 5166 Ain-uti.

2041 5301 2158 5360 teri,
2191 5301 2275 5369 qui
2299 5301 2500 5370 optime
2530 5295 2712 5370 itaque
2729 5295 2850 5364 jure
2885 5300 2932 5344 et
2959 5305 3139 5344 sacras
3167 5288 3390 5370 Litteras
3416 5296 3632 5370 utroque

2041 5371 2156 5439 pari
2184 5360 2346 5424 modo
2367 5360 2743 5427 combiberunt,
2767 5371 2814 5414 et
2843 5377 3130 5439 sermonem
3172 5360 3388 5439 illorum
3433 5376 3498 5439 ea:
3542 5360 3628 5411 in-

2038 5431 2206 5508 fantia
2237 5455 2498 5508 nunquam
2529 5440 2869 5508 mutaverunt,
2917 5431 3008 5483 sed
3044 5432 3211 5508 inagis
3241 5431 3307 5484 ad
3347 5433 3627 5500 perfectum

2037 5502 2236 5579 semper
2260 5502 2592 5562 addiderunt.
2623 5502 2675 5556 Ν
2680 5520 2764 5579 ain
2785 5519 2952 5554 sermo
2974 5510 3022 5579 et
3037 5502 3438 5579 loquelanostra
3468 5509 3628 5579 transn

2036 5573 2155 5630 tata'
2189 5588 2266 5631 est
2309 5581 2363 5632 in
2396 5579 2622 5647 linguam
2667 5574 2912 5637 alienam,
2971 5573 3101 5647 sicut
3147 5573 3301 5644 facile
3327 5577 3490 5647 potest
3519 5582 3632 5637 prm

2038 5647 2152 5700 bari
2181 5665 2244 5700 ea:
2265 5649 2429 5702 sativa
2455 5638 2729 5715 scriptura?
2759 5660 2904 5715 metu,
2929 5638 3156 5714 qualiter
3171 5659 3282 5697 sum
3309 5638 3402 5711 ego
3429 5638 3484 5698 in
3515 5652 3628 5691 ser-

2037 5717 2272 5770 monibus
2293 5714 2574 5770 instmctus
2601 5724 2751 5786 atque
2772 5714 3023 5767 eruditus.
3586 5728 3588 5730 '
