4238 6260
638 336 750 401 7”

1553 342 1608 398 S.
1655 342 2017 400 PATRICIUS
2057 341 2505 402 HIBERNORUM
2545 349 2956 407 APOSTOLUS.

3802 363 3912 424 800

707 452 852 508 Ordo
880 460 1256 508 contentorum
1296 451 1436 508 idem
1472 462 1554 508 est
1581 468 1742 522 quem
1778 456 1831 510 in
1867 456 2212 512 recensendis
2239 461 2289 516 Δ
2315 453 2579 526 Opuscula
2608 459 2840 518 Patricio
2882 465 3142 535 ascripta;
3177 468 3226 521 in
3254 467 3387 525 Bibl.
3437 469 3551 526 PP.
3583 484 3632 527 et
3664 477 3771 531 SS.
3806 491 3904 536 ret.

636 548 849 617 scriptis
874 546 1222 613 servavimus,
1245 547 1347 601 nisi
1374 547 1518 616 quod
1547 545 1739 602 Charta
1760 549 1825 602 de
1845 547 2058 620 Origine
2075 553 2214 605 Aua-

638 636 808 693 lonica
825 637 1060 692 medium
1085 634 1225 692 inter
1245 640 1501 708 opuscula
1520 640 1584 693 de
1605 638 1790 694 Tribus
1809 639 2142 697 Habitaculis
2160 650 2218 698 et

736 726 1072 783 Abasionibus
1114 731 1294 784 manli
1333 731 1509 787 locum
1556 740 1803 804 occupat.
1834 733 1955 804 ipse
1983 735 2215 805 primum

635 818 812 873 editor
832 835 978 873 nutu.
1011 820 1062 888 1,
1087 819 1122 872 2
1145 829 1200 876 et
1228 820 1262 873 4
1292 824 1381 893 (ex
1409 823 1599 892 majori
1620 823 1818 894 parte),
1848 825 1977 879 item
1999 825 2218 880 Prover-

634 913 720 968 bia
747 921 803 968 et
824 915 1083 984 integram
1105 915 1389 986 epistolam
1409 917 1474 970 de
1491 918 1657 987 gentis
1677 918 1972 973 Avalonica:
2000 915 2214 990 Origine

633 1002 847 1072 adjecit,
888 1004 1093 1074 reliqua
1120 1020 1240 1061 cum
1283 1021 1412 1062 mss.
1444 1007 1623 1063 denuo
1649 1008 1894 1074 contulit,
1927 1009 2122 1064 librum
2149 1010 2216 1065 de

632 1091 817 1148 Tribus
845 1094 1168 1152 Habitaculis
1189 1111 1258 1152 ex
1281 1097 1557 1168 Augustini
1578 1102 1850 1172 operibus,
1875 1102 2208 1173 opusculum,

631 1183 695 1237 de
720 1184 1062 1239 Abusionibus
1108 1187 1283 1242 saeculi
1329 1202 1398 1242 ex
1423 1187 1694 1261 Cypriane
1723 1190 1947 1248 Pamelii
1987 1195 2210 1251 rescribi

629 1274 785 1342 fecit,
832 1277 1335 1350 praefationemque,
1371 1289 1558 1347 notas,
1605 1282 1659 1338 in
1687 1283 1882 1353 quibus
1909 1286 2105 1355 partim
2142 1287 2211 1344 de

627 1367 959 1432 sinceritate,
999 1371 1173 1426 aetatis
1219 1372 1427 1426 ratione
1473 1372 1718 1443 aliisque,
1763 1389 1883 1444 qua:
1929 1386 2206 1434 auctorem

627 1467 959 1513 concernunt
977 1461 1282 1524 momentis,
1305 1461 1602 1528 disseritur,
1626 1465 1822 1533 partim
1851 1467 2058 1534 singula
2087 1468 2205 1524 loca

626 1548 978 1616 illustrantur,
1027 1560 1083 1604 et
1128 1551 1355 1606 indicem
1400 1553 1624 1609 addidit.
1671 1555 1754 1610 Ad
1801 1557 2001 1614 calcem
2041 1561 2206 1617 etiam

625 1639 874 1708 apposuit
901 1641 1186 1697 Secundini
1214 1643 1471 1714 episcopi,
1489 1644 1548 1699 S.
1567 1644 1785 1703 Patricii
1813 1663 1846 1704 e
1874 1649 2078 1707 Davera
2107 1667 2204 1709 so-

624 1742 750 1784 rore
776 1731 1006 1800 nepotis,
1034 1733 1279 1803 hymnum
1300 1733 1675 1804 alpltabeticum
1702 1741 1757 1793 in
1782 1739 1988 1796 laudem
2009 1742 2070 1798 S.
2093 1743 2205 1800 Pa-

624 1821 759 1875 tricii
788 1829 914 1879 tunc
935 1823 1178 1881 viventis.

884 1905 887 1908 ’
1332 1915 1489 1974 1668.

691 2006 990 2078 Antuerpia:
1016 2010 1156 2080 apud
1191 2008 1308 2064 Jac.
1352 2008 1665 2078 Meursiam,
1712 2014 1894 2096 in‘l'ol.
1921 2015 2202 2076 Confessio

621 2094 678 2150 S.
706 2094 920 2152 Patricii
957 2097 1025 2153 de
1061 2098 1179 2154 Vita
1201 2108 1256 2156 et
1279 2100 1701 2159 Conversatione
1724 2094 1846 2170 sua,
1877 2122 2040 2177 quam
2073 2109 2200 2180 (una

619 2200 739 2240 cum
760 2186 1000 2258 Epistola
1028 2190 1098 2244 ad
1122 2189 1440 2247 Christianos
1465 2193 1689 2250 Corotici
1714 2201 1923 2268 tyranni
1945 2199 2198 2270 subditos,

620 2279 691 2332 ita
715 2280 860 2335 enim
887 2284 1086 2338 rectius
1114 2284 1202 2340 hic
1242 2285 1569 2356 inscribitur)
1599 2304 1666 2343 ex
1691 2292 2054 2349 vetustissimo
2093 2294 2200 2351 No-

619 2371 923 2431 biliacensis
935 2373 991 2428 8.
1014 2373 1228 2430 Vedasti
1249 2378 1560 2433 monasterii
1601 2380 1785 2436 codice
1804 2384 1945 2438 emit
1963 2384 2199 2439 Andreas

622 2459 779 2516 Deuis
807 2464 1056 2530 Atrebas,
1088 2481 1120 2520 e
1148 2467 1408 2523 societate
1436 2467 1590 2535 Jesu;
1618 2470 1669 2524 iu
1689 2472 1830 2526 Actis
1876 2484 2194 2544 sanctorum,

617 2559 766 2607 tomo
791 2550 857 2607 Ill
874 2595 888 2619 ,
917 2557 1116 2610 mensis
1140 2555 1335 2624 Martii,
1367 2559 1434 2614 ad
1467 2560 1610 2616 diem
1633 2560 1720 2628 17,
1752 2577 1905 2633 pagg.
1935 2564 2192 2622 555-540.

687 2643 884 2726 Νειτωί
913 2646 1078 2703 editio
1118 2647 1478 2706 Bollandianis
1523 2652 1664 2708 haud
1704 2655 1969 2725 innotuit,
2002 2669 2061 2715 ut
2084 2661 2196 2731 jam

615 2723 919 2793 observavit
938 2736 1266 2797 Gallandius.
1286 2739 1521 2813 Epistula
1542 2744 1611 2798 ad
1631 2743 1938 2816 Corolicnm,
1956 2723 2020 2805 in
2038 2723 2196 2823 vulgo

614 2830 824 2895 dicitur,
878 2832 930 2886 in
953 2832 1168 2889 laudato
1189 2850 1289 2889 ms.
1339 2833 2022 2904 ConfessiotiiTatriciaate
2047 2844 2195 2901 nullo

615 2920 752 2974 tituli
775 2922 1083 2978 discrimine
1102 2925 1536 2996 subnectebatur,
1563 2930 1861 2988 diviserunt
1886 2943 2065 2990 autem
2088 2937 2196 2993 edi-

616 3019 758 3064 tores
785 3023 1065 3084 utramque
1095 3016 1376 3086 epistolam
1409 3021 1461 3075 in
1501 3024 1767 3080 sectiones
1791 3025 1995 3096 aliquot
2014 3029 2192 3085 mino-

613 3114 720 3164 res,
748 3103 981 3170 priorem
1010 3105 1172 3159 etiam
1218 3107 1272 3161 in
1319 3111 1494 3179 capita
1526 3109 1575 3164 5.
1627 3112 1777 3168 Notae
1805 3116 2072 3172 variantes
2100 3127 2194 3174 aut

2319 544 2464 602 Eccl.
2497 549 3032 623 AndreteGallandii,
3059 564 3191 612 tom.
3216 556 3284 624 X,
3311 574 3468 630 pagg.
3502 562 3767 636 159-182,
3802 586 3906 626 una

2317 653 2439 695 cum
2467 640 2676 714 Hymno
2703 643 3013 714 Secundini,
3045 663 3200 720 pagg.
3234 650 3357 719 185,
3390 653 3514 710 184.

2385 730 2694 789 Gallandius
2720 737 2977 806 opuscula
3005 741 3184 796 omnia
3223 744 3457 811 genuina
3485 754 3543 801 et
3585 746 3780 818 dubia,
3811 761 3908 811 aut

2317 823 2536 880 omnino
2561 824 2716 892 falsa,
2747 827 2864 883 sine
2891 831 3149 900 peculiari
3175 835 3392 904 quidem
3423 839 3579 896 titulo
3595 841 3751 911 juxta
3772 843 3902 902 Ws-

2316 912 2410 967 rtei
2437 912 2739 972 institutum
2764 917 3078 991 descripsit;
3108 925 3339 982 contulit
3369 936 3552 986 tamen
3589 932 3901 992 Bollandia—

2313 1016 2508 1058 norum
2527 1005 2816 1063 editionem
2837 1011 2965 1067 etin
2985 1016 3242 1072 extremis
3268 1017 3478 1076 duobus
3498 1021 3695 1081 libellis
3716 1028 3899 1100 Augu—

2313 1091 2440 1146 stini
2466 1102 2523 1149 et
2566 1092 2820 1168 Cypriani
2867 1100 3105 1159 editores
3150 1107 3472 1166 novissimos
3516 1123 3734 1174 secutus
3777 1091 3897 1188 est,

2311 1183 2468 1241 sicuti
2487 1185 2542 1241 in
2562 1185 2772 1259 Hymno
2791 1189 3078 1251 Secundini
3098 1195 3524 1275 Muraloriumjin
3543 1205 3748 1266 Anecd.
3769 1183 3894 1268 Lat;

2312 1282 2444 1362 tom.
2476 1276 2564 1345 IV,
2595 1294 2718 1350 pag.
2752 1281 2875 1348 156,
2907 1285 2999 1340 ubi
3040 1286 3094 1342 in
3142 1288 3528 1362 Antiphonario
3570 1304 3894 1361 monasterii

2310 1361 2700 1439 Benchorensis
2743 1380 2938 1429 exstat.
2981 1373 3118 1432 Hinc
3159 1361 3306 1449 larga
3345 1386 3590 1453 provenit
3613 1390 3890 1448 variarum

2265 1451 2273 1458 ’
2309 1456 2600 1514 lectionum
2629 1471 2684 1516 et
2716 1464 3150 1524 emendationum
3177 1451 3363 1541 copia,
3382 1489 3500 1545 qua:
3524 1491 3646 1534 cum
3683 1485 3890 1542 notulis

2285 1561 2376 1620 'ex
2414 1547 2628 1607 Warteo
2673 1561 2728 1607 et
2772 1552 2988 1612 Usserio
3033 1560 3369 1630 potissimum
3405 1565 3674 1639 decerptis
3715 1577 3887 1631 textui

2305 1637 2678 1708 subjiciuntur.
2721 1642 2958 1713 Diligens
2997 1657 3254 1718 prteterea
3301 1653 3372 1710 de
3411 1637 3624 1728 scriptis
3671 1659 3887 1722 Patricii

2304 1729 2611 1789 dissertatio
2661 1734 2860 1792 inserta
2901 1747 2983 1794 est
3030 1743 3444 1814 prolegomenis,
3493 1765 3617 1823 cap.
3659 1752 3715 1821 4,
3760 1771 3880 1826 pag.

2234 1815 2282 1878 Β
2313 1821 2431 1883 7-9.

2877 1923 2905 1997 §
2945 1923 3034 1981 IV.
3081 1926 3312 1985 Codices.

2303 2006 2330 2054 5
2377 2005 2578 2064 Partim
2599 2011 2739 2081 apud
2760 2011 3047 2072 Britannos
3065 2025 3120 2074 et
3147 2017 3414 2078 Hibernos
3433 2027 3716 2085 domestici
3743 2042 3878 2100 sunt,

2306 2100 2500 2167 partim
2527 2101 2806 2160 Gallicani.
2832 2102 3108 2164 Prioribus
3124 2111 3465 2181 potissimum
3485 2133 3616 2175 usus
3643 2131 3727 2178 est
3753 2122 3880 2178 Wa~

2304 2203 2458 2256 mus,
2491 2191 2757 2262 videlicet,
2789 2194 2854 2248 1⁸
2892 2215 2994 2252 uno
3040 2197 3290 2258 Ecclesia:
3334 2207 3680 2267 Armachantz
3707 2214 3759 2269 in
3788 2211 3881 2270 lli-

2303 2280 2509 2347 bernia,
2537 2285 2628 2354 qui
2657 2296 2853 2356 praeter
2878 2289 3285 2350 Coul'essiouem
3328 2296 3388 2353 8.
3430 2297 3676 2369 Patricii,
3721 2305 3880 2364 Biblia

2301 2387 2453 2428 sacra
2481 2389 2513 2429 e
2538 2377 2786 2434 versione
2809 2379 3139 2454 Hieronymi,
3164 2394 3223 2441 et
3248 2389 3670 2460 antiquissimum
3701 2413 3881 2453 exem-

2300 2463 2420 2534 plar
2443 2463 2659 2536 Sulpitii
2686 2468 2871 2526 Severi
2893 2472 2961 2528 de
2983 2474 3101 2530 Vita
3120 2475 3180 2531 8.
3203 2477 3412 2536 Martini
3440 2485 3675 2556 episcopi
3703 2486 3877 2542 Turo-

2299 2559 2482 2614 nensis
2500 2562 2828 2619 continebat.
2854 2564 3032 2623 Tanto
3047 2569 3176 2624 olim
3197 2572 3246 2627 in
3266 2574 3437 2643 pretio
3455 2575 3692 2633 habitum
3709 2580 3879 2636 fuisse

2300 2647 2441 2705 hunc
2487 2651 2729 2709 codicem
2783 2655 3033 2714 observat
3078 2659 3334 2730 Wartcus,
3382 2673 3440 2720 ut
3484 2666 3679 2725 familia
3727 2670 3876 2729 Mac-

2300 2740 2608 2815 Moyeriana
2645 2750 2880 2804 tenuerit
2926 2760 3097 2809 terras
3141 2771 3174 2810 a
3218 2755 3344 2813 sede
3392 2759 3752 2830 Armachana,
3802 2766 3877 2821 ob

2298 2833 2498 2889 salvam
2519 2835 2662 2894 illius
2681 2839 2882 2895 codicis
2907 2844 3205 2901 custodiam
3231 2865 3245 2896 τ
3273 2863 3462 2921 nempe
3480 2866 3724 2922 magnam
3751 2856 3878 2914 huic

2297 2923 2434 2981 libro
2478 2929 2881 2986 venerationem
2909 2934 3218 2992 conciliavit
3245 2939 3476 3009 vulgaris
3502 2943 3686 3013 opinio
3704 2985 3720 3010 ,
3751 2963 3878 3004 eum

2297 3033 2460 3074 manu
2488 3019 2653 3092 ipsius
2683 3021 2899 3080 Patricii
2928 3025 3095 3084 fuisse
3135 3040 3437 3088 exaratum.
3467 3033 3592 3101 Quae
3620 3039 3879 3108 quodam-

2296 3111 2456 3168 modo
2471 3113 2753 3184 adjuvatur
2770 3116 2855 3172 his
2877 3118 3052 3175 verbis
3071 3121 3138 3176 ad
3157 3122 3362 3180 calcem
3383 3125 3583 3183 codicis
3601 3132 3874 3202 ascriptis:

612 3190 1014 3247 emendationes
1041 3196 1400 3264 suppeditant.
1433 3199 1689 3268 Sequitur
1718 3203 1834 3259 Vita
1875 3205 1932 3261 8.
1975 3205 2194 3266 Patricii

2263 3189 2268 3251 ἶ
2298 3201 2418 3257 Huc
2444 3221 2602 3275 usque
2627 3209 2882 3275 volumen,
2923 3212 3059 3281 quod
3087 3210 3350 3270 Patricius
3374 3233 3532 3272 manu
3577 3187 3874 3293 conscripsit

491 3313 502 3323 ς
612 3287 831 3334 auctore
857 3277 1116 3346 Jocelino,
1152 3286 1491 3354 praemittitur
1511 3301 1690 3344 autem
1715 3295 1924 3363 amplus
1950 3296 2018 3351 de
2045 3297 2191 3366 ejus-

611 3370 732 3425 dem
780 3371 942 3426 rebus
986 3370 1453 3430 Bollandianorum
1497 3384 1931 3452 commentarius,
1979 3387 2032 3442 in
2082 3402 2191 3458 quo
2234 3379 2250 3390 ’

610 3461 813 3530 singula
845 3463 984 3520 illius
1006 3475 1277 3522 momenta
1307 3478 1558 3526 accurate
1579 3475 1971 3544 expenduntur.

1201 3598 1417 3640 ειεευιο
1446 3601 1590 3644 XVIII.

1328 3675 1488 3732 1726.

657 3783 904 3851 .Oxonii,
954 3785 1094 3841 ἱππ-8.
1143 3785 1343 3845 Charta
1389 3788 1447 3844 8.
1499 3788 1714 3848 Patricii
1755 3793 1824 3851 de
1869 3798 2187 3870 antiquitate

609 3875 926 3945 Avalonica;
958 3880 1010 3934 in
1036 3877 1259 3937 Joannis
1280 3881 1668 3944 Glastoniensis
1695 3885 1935 3944 Historia
1954 3893 2018 3944 de
2036 3894 2186 3949 rebus

605 3966 1048 4028 Glastoniensilms
1075 3989 1144 4030 ex
1185 3977 1270 4032 ed.
1303 3976 1402 4034 Th.
1449 3977 1701 4050 Hearnii,
1753 3991 1883 4038 tom.
1925 3981 1978 4047 l,
2023 3998 2180 4054 pagg.

603 4059 795 4119 63-66.

1302 4162 1328 4216 1
1339 4163 1462 4219 757.

671 4245 924 4316 Londini,
968 4250 1148 4308 in-lol.
1179 4254 1429 4326 Synodus
1467 4265 1523 4311 et
1567 4244 1802 4317 canones
1842 4259 1899 4316 S.
1948 4260 2181 4322 Patricio

600 4339 842 4408 ascripti;
889 4341 942 4395 in
976 4341 1121 4396 'Dav.
1155 4342 1382 4399 Wilkins
1422 4344 1620 4401 Concil.
1669 4346 1746 4401 Μ.
1798 4347 2087 4407 Britannice
2129 4362 2179 4408 et

600 4423 887 4494 Hibernia,
933 4440 1063 4484 tom.
1104 4431 1145 4496 Ι,
1175 4447 1332 4502 pagg.
1360 4434 1480 4489 2-7.
1529 4433 1794 4506 Subjectac
1839 4450 1963 4496 sunt
2006 4444 2177 4498 textui

598 4523 737 4570 nota!
763 4525 820 4573 et
843 4519 1002 4573 variae
1030 4520 1307 4578 lectiones.

1303 4617 1459 4675 1748.

666 4698 840 4769 Lucae,
873 4703 1054 4760 in-l'ol.
1080 4705 1328 4766 Canones
1354 4711 1411 4767 S.
1439 4711 1671 4772 Patricio
1698 4719 1913 4788 ascripti
1942 4735 2012 4776 ex
2041 4719 2170 4776 Wa-

593 4805 703 4847 raao
731 4793 784 4848 in
812 4793 965 4850 Joan.
988 4795 1142 4854 Dom.
1175 4797 1341 4858 Μειηεί
1363 4802 1559 4860 Concil.
1589 4807 1797 4881 Suppl.,
1821 4819 1954 4867 tom.
1978 4811 2019 4875 Ι,
2046 4827 2167 4884 pag.

589 4881 712 4940 358.

1301 4987 1457 5044 1761.

658 5068 964 5142 Florentia),
998 5077 1178 5133 ili-fol.
1211 5078 1461 5153 Synodus
1502 5082 1559 5138 S.
1591 5083 1826 5153 Patricii,
1869 5090 2066 5146 Auxilii
2109 5101 2166 5148 et

586 5158 851 5232 lssernini,
877 5183 999 5223 cum
1019 5169 1320 5240 additione;
1343 5190 1580 5232 canones
1600 5178 1658 5233 S.
1676 5176 1906 5235 Patricio
1926 5184 2163 5254 ascripti,

586 5255 820 5320 synodus
848 5257 950 5312 alia
976 5258 1032 5315 8.
1060 5259 1302 5329 Patricii;
1351 5266 1404 5320 in
1449 5266 1604 5322 Joan.
1639 5269 1789 5324 Dom.
1835 5271 2001 5327 Mansi
2041 5273 2162 5329 Col-

585 5341 800 5396 lectione
828 5348 1060 5415 antpliss.
1083 5355 1291 5423 concil.,
1319 5363 1428 5410 tom
1460 5356 1543 5423 Vl,
1574 5374 1728 5430 pagg.
1771 5360 2028 5415 514-528.
2061 5364 2163 5418 Ca-

587 5447 743 5486 nones
766 5433 996 5490 Patricio
1031 5444 1258 5511 ascripti,
1289 5449 1444 5514 quasi
1471 5451 1661 5505 omissi
1690 5451 1940 5518 fuissent,
1968 5453 2160 5508 iterum

585 5525 836 5595 exscripti
864 5537 986 5583 sunt
1011 5529 1078 5584 ad
1116 5533 1317 5589 calcem
1337 5541 1468 5594 torni
1501 5538 1605 5607 VII,
1634 5557 1755 5611 pag.
1789 5542 1942 5595 1187.

1295 5651 1453 5708 1774.

669 5755 890 5813 Venetiis
937 5776 1001 5817 ea?
1043 5770 1246 5835 typogr.
1288 5762 1448 5818 Ioan.
1497 5765 1647 5833 Bapt.
1690 5769 1926 5836 Albritii,
1977 5769 2154 5826 in-l‘ol.

2295 3311 2390 3347 sua
2411 3311 2430 3348 :
2464 3303 2520 3350 et
2545 3295 2766 3366 deinde;
2796 3303 3012 3369 septima
3046 3304 3245 3358 decima
3271 3304 3461 3363 Martii
3486 3310 3573 3364 die
3598 3315 3872 3371 translatas

2293 3394 2371 3437 est
2390 3383 2649 3442 Patricius
2679 3390 2750 3444 ad
2767 3392 2939 3448 caelos.
2968 3393 3036 3447 At
3067 3409 3134 3450 ex
3161 3395 3493 3455 characteris
3519 3414 3721 3472 genere
3747 3408 3873 3463 satis

2293 3475 2499 3547 liquere
2544 3489 2729 3535 monet
2769 3481 3013 3542 Warmus
3041 3502 3146 3542 non
3187 3491 3582 3563 autographum
3609 3511 3747 3565 esse,
3780 3491 3898 3557 sed.

2293 3568 2452 3638 longe
2479 3572 2767 3640 posteriori
2790 3590 2906 3631 aevo
2937 3579 3336 3651 transcriptum.

2361 3659 2420 3713 2'
2452 3659 2568 3718 Uno
2589 3679 2656 3719 ex
2675 3665 2998 3746 bibliotheca
3025 3669 3086 3725 Ι).
3119 3671 3310 3730 Thom.
3338 3673 3553 3737 Cottoni
3571 3681 3869 3752 Baronetti,

2289 3751 2434 3808 circa
2461 3768 2660 3809 annum
2688 3743 2889 3815 Christi
2917 3761 3262 3820 millesimum
3291 3777 3524 3836 exarato,
3555 3772 3645 3840 qui
3663 3743 3866 3842 praeter

2288 3843 2426 3899 hanc
2461 3843 2850 3919 Confessionem
2879 3859 2934 3906 et
2957 3849 3250 3924 Epistolam
3277 3858 3344 3911 ad
3369 3857 3676 3927 Coroticum,
3707 3865 3861 3923 varia

2287 3936 2618 4005 antiquitatis
2657 3939 2723 3994 ad
2760 3939 3071 3998 Hiberniam
3117 3949 3408 4016 spectantia
3433 3963 3772 4008 monumenta
3804 3965 3861 4010 ct

2289 4025 2462 4080 Vitam
2488 4025 2545 4082 8.
2570 4028 2755 4086 Fursei
2777 4031 2994 4089 Hiberni
3023 4045 3244 4094 auctore
3272 4055 3395 4096 srec.
3418 4057 3488 4097 vn
3515 4051 3570 4098 et
3594 4041 3773 4100 Vitam
3799 4046 3864 4103 8.

2287 4114 2510 4184 Brigidae
2536 4121 2755 4190 virginis
2784 4132 3004 4181 auctore
3027 4125 3282 4197 Cogitoso
3301 4133 3630 4190 continebat.

2354 4207 2412 4261 5°
2441 4218 2498 4264 et
2523 4211 2581 4264 4⁸
2611 4212 2754 4268 Binis
2802 4214 3061 4274 Ecclesizc
3105 4220 3513 4282 Sarisburiensis
3560 4228 3611 4284 in
3651 4230 3862 4299 Anglia,

2281 4299 2374 4370 qui
2394 4309 2675 4376 utramque
2689 4305 3076 4383 Confessionem
3097 4322 3152 4370 et
3174 4313 3463 4387 Epistulam
3485 4321 3554 4374 ad
3573 4320 3859 4378 Coroticum

2281 4393 2794 4464 complectebantur.

2353 4483 2415 4537 5°
2444 4487 2621 4545 Altero
2643 4491 2981 4550 bibliotheca:
3019 4495 3344 4556 Cottoniana:
3367 4500 3858 4574 Westmonasterii,

2200 4560 2256 4621 Ι)
2280 4575 2334 4631 in
2377 4591 2484 4647 quo
2531 4583 2753 4651 sparsim
2795 4583 2829 4637 9
2876 4587 3099 4642 cananes
3167 4589 3399 4648 Patricio
3470 4595 3854 4652 attribuuntur.

2277 4667 2534 4727 Vetustas
2556 4672 2692 4729 liber
2712 4683 2848 4758 erat,
2884 4677 3183 4753 descriptus
3207 4681 3691 4753 Anglo-Saxonicis
3723 4697 3856 4743 tem-

2275 4761 2495 4831 poribus
2522 4772 2578 4819 et
2605 4766 2860 4836 pertinuit
2892 4770 3020 4826 olim
3054 4772 3122 4827 ad
3155 4775 3458 4831 coenobium
3484 4775 3544 4833 S.
3577 4778 3857 4848 Augustini

2273 4851 2593 4912 Cantuariaz.

2343 4947 2401 4998 6°
2432 4946 2548 5003 Uno
2574 4947 2912 5008 bibliothecae
2944 4957 3232 5011 secretioris
3267 4957 3472 5030 collegii
3495 4958 3558 5015 S.
3591 4958 3859 5016 Benedicti

2271 5035 2620 5111 Cantabrigia:
2639 5057 2785 5097 num.
2809 5043 2931 5110 221,
2953 5047 3156 5118 scripto
3181 5048 3374 5106 litteris
3396 5050 3728 5120 majusculls,
3759 5054 3856 5109 sed

2271 5129 2406 5184 adeo
2443 5133 2600 5199 aegris
2627 5133 2832 5204 aliquot
2860 5136 2913 5190 in
2944 5137 3106 5205 locis,
3151 5149 3210 5195 ut
3249 5141 3366 5197 sine
3405 5143 3593 5198 critica
3634 5144 3855 5200 licentia

2273 5237 2378 5276 non
2399 5223 2662 5279 sanabiles
2683 5240 2802 5281 esse
2821 5225 3051 5282 fateatur
3072 5229 3332 5286 Wartcus.
3356 5230 3679 5289 Contiuebat
3704 5251 3858 5305 sgno.

2268 5316 2390 5368 dum
2419 5315 2653 5384 Patricii,
2673 5318 2866 5374 Auxilii
2888 5329 2936 5374 et
2959 5319 3213 5377 lssernini
3245 5339 3277 5377 a
3303 5323 3665 5394 Speelmanno
3690 5335 3858 5384 antea

2269 5409 2474 5476 (nescio
2493 5423 2561 5462 ex
2588 5423 2695 5478 quo
2721 5413 3038 5484 exemplari)
3069 5415 3272 5470 editum
3293 5425 3350 5473 et
3369 5417 3505 5472 alios
3524 5433 3762 5474 canones
3786 5418 3854 5476 8.

2269 5497 2498 5555 Patricio
2527 5503 2805 5572 ascriptos.
2843 5503 2920 5558 Ex
2957 5507 3233 5576 utriusque
3257 5509 3660 5578 comparatione
3686 5508 3859 5581 paulo

2267 5591 2631 5648 emendatiora
2659 5594 2806 5650 dedit
2833 5595 3086 5653 laudatus
3112 5600 3306 5656 editor.

2338 5683 2392 5738 7°
2415 5683 2575 5740 Libro
2595 5701 2695 5741 ms.
2718 5686 2984 5743 Guilielmi
3009 5690 3497 5750 Malmesburiensis
3515 5694 3585 5750 de
3605 5693 3857 5765 Antiqui-

2268 5784 2377 5831 tate
2423 5775 2673 5834 Ecclesiae
2716 5779 3136 5847 Glastoniensis,
3185 5791 3400 5839 servan
3437 5786 3490 5841 in
3518 5784 3856 5846 bibliotheca
