4238 6260
360 367 466 432 θοι
594 428 600 432 _
1804 357 1935 414 GON

2031 358 2191 415 SSIO.
3532 368 3644 436 an.

361 484 723 548 Cettoniana;
770 497 838 538 ex
882 440 988 552 quo
1016 480 1279 548 integrum
1322 473 1600 546 exemplar
1643 473 1842 528 chartae
1886 472 1954 528 de
1976 483 2028 542 Α
2053 472 2168 529 Jac.
2192 471 2482 552 _Sirmondo
2496 472 2827 544 descriptam
2847 472 3013 530 edunt
3033 472 3198 529 ilenr.
3221 476 3634 545 Speelmannus.

361 575 586 646 Origine
614 566 905 630 Avalonica
931 571 1279 640 descriptum.
2047 563 2216 633 Hujus
2260 563 2424 618 etiam
2470 563 2662 634 synodi
2690 564 2744 619 in
2783 564 2976 620 codice
2999 564 3371 634 Andegavensi
3399 575 3455 622 et
3497 569 3637 625 alius

433 667 598 724 Hisce
640 665 958 721 Britannicis
984 678 1049 717 ac
1074 660 1328 716 Hibernis
1365 658 1640 715 codicibus
1673 672 1705 711 a
1731 655 1944 710 Warmo
2045 649 2346 711 Hiberniae
2373 655 2426 709 in
2455 655 2642 711 codice
2669 657 2903 726 quodam
2930 656 3261 715 Floriacensi
3297 661 3634 732 reperiunda:

363 758 635 830 usurpatis
664 753 1136 811 annumerabimus
1159 751 1282 806 loco
2046 747 2290 804 meminit
2318 746 2455 803 Phil.
2491 746 2738 804 Labbeus
2766 751 2818 804 in
2857 747 2996 804 Bibl.
3029 763 3169 805 nova
3215 764 3342 806 mss.
3375 759 3634 808 monente

433 851 493 906 8°
524 842 623 906 Ms.
665 849 877 918 collegii
903 845 1159 916 Corporis
1184 842 1385 899 Christi
1411 840 1769 910 Cantabrigia‘.
1806 839 1943 909 sign.

361 945 409 1000 0
438 942 530 1008 ‘20,
561 958 629 998 ex
648 957 756 1012 quo
775 938 1003 1010 synodus
1029 935 1251 991 Patricii
1278 934 1420 1006 apud
1438 932 1776 989 Wilkinsium
1797 930 1940 987 edita

432 1054 472 1092 ι.

366 1054 428 1094 es
442 1129 521 1183 Ad
548 1126 850 1184 Gallicanos
878 1106 1058 1178 autem
1089 1106 1394 1192 pertinent:
1418 1121 1423 1128 ‘

436 1219 491 1271 1⁸
512 1218 608 1274 Ms.
624 1217 760 1273 liber
777 1214 1178 1287 Andegaoensis,
1196 1227 1264 1268 ex
1278 1225 1386 1281 quo
1401 1208 1655 1280 synodum
1679 1207 1900 1262 Patricii
1917 1221 1948 1260 a

2118 855 2282 895 armo.

2047 839 2318 985 wg‘mgs.
2350 931 2486 986 liber
2526 929 2579 984 Ν
2583 930 2910 986 obitiacensis
2957 931 3018 987 S.
3071 932 3283 986 Vedasti
3329 935 3631 990 monasterii

2048 1022 2296 1088 Atrebati,
2318 1036 2385 1076 ex
2404 1037 2514 1092 quo
2531 1021 2918 1093 Confessionem
2941 1029 3001 1079 et
3017 1021 3307 1094 Epistolam
3334 1023 3406 1078 ad
3430 1023 3632 1081 (20νοεὸ-

2051 1130 2166 1168 cum
2193 1113 2476 1170 ediderunt
2503 1112 2855 1170 Bollandiani.

1268 1492 1360 1574 s.
1440 1487 1959 1573 PATRICII
2025 1444 2713 1599 CONFESSI-O,

1440 1664 1491 1704 IN
1531 1662 1785 1704 EPISTOLA
1823 1663 1891 1702 AD
1929 1662 2186 1704 ιιιιιιςιιιιοε
2221 1665 2537 1708 ειριιοιτιι.

422 1884 460 1938 l.
493 1881 602 1952 Ego
630 1876 888 1934 Patricius
906 1879 1178 1946 peccator,
1198 1869 1583 1927 rusticissimus
1607 1877 1662 1924 et
1680 1869 1932 1926 minimus
1959 1878 2008 1939 Β
2033 1873 2324 1941 Christum,
2340 1889 2500 1946 quem
2520 1890 2643 1932 cum
2664 1875 2823 1935 Patre
2841 1880 3046 1938 scilicet
3063 1882 3227 1941 fuisse
3240 1901 3452 1958 semper
3467 1898 3622 1949 testa-

350 1974 591 2032 omnium
622 1969 885 2032 fidelium,
907 1974 962 2021 et
987 1962 1576 2033 contemptibilissimus
1615 1961 1753 2032 apud
1781 1962 1943 2032 pluri-

350 2083 496 2131 mos,
547 2070 755 2134 patrem
808 2057 970 2113 habui
1016 2055 1360 2126 Calpornium
1414 2053 1720 2132 diaconem,‘
1774 2053 1939 2109 lilium

349 2157 622 2228 quondam
648 2151 809 2208 Potiti
837 2147 1153 2222 presbyteri,
1189 2157 1216 2184 ι
1255 2146 1345 2216 qui
1372 2145 1470 2202 fuit
1515 2146 1569 2200 in
1611 2145 1732 2201 vico
1760 2144 1940 2199 Bona-

349 2263 472 2305 vem
502 2243 778 2301 Tabernize
810 2259 823 2294 :
872 2239 900 2278 δ
939 2238 1171 2293 villulam
1200 2235 1353 2292 Enon
1398 2250 1568 2306 prope
1613 2233 1817 2298 habuit,
1847 2232 1940 2292 ubi

349 2349 629 2411 capturam
656 2333 796 2390 dedi.
829 2332 1105 2386 Annorum
1150 2333 1298 2384 eram
1353 2336 1480 2383 tunc
1527 2326 1639 2382 fere
1677 2325 1935 2382 sedecim.

352 2446 377 2475 ο
399 2434 567 2489 Deum
595 2443 778 2485 verum
805 2425 1147 2495 ignorabam;
1177 2431 1234 2478 et
1261 2421 1286 2460 ά
1317 2421 1610 2477 Hiberione
1628 2421 1682 2475 in
1709 2420 1938 2492 captivi—

347 2534 456 2581 tate
482 2522 740 2578 adductus
759 2533 899 2583 sum,
920 2530 1041 2572 cum
1058 2522 1139 2569 tot
1158 2513 1391 2569 millibus
1417 2511 1716 2577 hominum,
1741 2527 1938 2568 secun-

346 2615 470 2672 dum
497 2612 688 2669 merita
714 2616 916 2674 nostra,
943 2606 1068 2678 quia
1096 2620 1127 2659 a
1152 2604 1266 2659 Deo
1285 2603 1605 2660 recessimus
1651 2611 1706 2658 et
1733 2617 1936 2672 przece-

346 2714 435 2777 pta
480 2702 594 2773 ejus
622 2717 731 2756 non
775 2696 1189 2760 custodivimus,
1221 2701 1278 2748 et
1321 2693 1691 2750 sacerdotibus
1739 2693 1938 2748 nostris

346 2813 454 2853 non
481 2793 794 2851 obedientes
813 2789 1027 2854 fuimus,
1048 2787 1141 2859 qui
1167 2795 1407 2843 nostram
1427 2787 1654 2842 salutem
1677 2786 1934 2842 admone-

343 2890 477 2944 bant
500 2906 513 2940 :
537 2894 594 2942 et
617 2884 875 2940 Dominus
903 2881 1111 2936 induxit
1135 2895 1298 2952 super
1321 2895 1421 2936 nos
1442 2889 1466 2918 ο
1491 2879 1625 2934 iram
1652 2879 1937 2936 animatio-

346 2979 432 3034 nis
460 2992 590 3044 suae,
637 2982 692 3030 et
719 2973 967 3044 dispersit
1018 2987 1119 3029 nos
1145 2972 1199 3028 in
1245 2972 1492 3041 gentibus
1540 2971 1740 3036 multis,
1771 2971 1934 3029 etiam

345 3085 516 3140 usque
542 3067 608 3124 ad
629 3067 871 3122 ultimum
900 3073 1056 3120 terra:
1072 3105 1087 3131 ,
1120 3063 1210 3120 ubi
1238 3080 1379 3120 nunc
1405 3065 1643 3136 parvitas
1666 3079 1785 3119 mea
1814 3079 1934 3121 esse

343 3161 554 3218 videtur
573 3161 712 3215 inter
736 3158 1080 3227 alienigenas.
1111 3155 1178 3211 Et
1203 3156 1276 3212 ibi
1301 3155 1556 3213 Dominus
1583 3157 1794 3228 aperuit
1813 3171 1934 3212 sen-

2041 1979 2178 2031 mur,
2202 1970 2328 2021 ante
2347 1965 2607 2036 originem
2628 1969 2828 2036 surculi,
2849 1971 3196 2041 spiritualiter
3217 1979 3359 2048 apud
3385 1977 3620 2050 Patrem,

2042 2056 2470 2113 inenarrabiliter
2495 2059 2733 2127 genitum
2753 2070 2880 2117 ante
2905 2079 3064 2120 omne
3084 2067 3422 2138 principium,
3452 2079 3507 2127 et
3526 2089 3622 2144 per

2039 2145 2213 2217 ipsum
2227 2147 2368 2203 facta
2381 2157 2506 2205 sunt
2517 2149 2745 2206 visibilia
2755 2159 2810 2206 et
2823 2152 3121 2218 invisibilia,
3140 2155 3406 2212 hominem
3423 2159 3620 2218 factum

2039 2235 2247 2293 devicta
2267 2246 2459 2306 morte,
2482 2239 2538 2294 in
2558 2241 2724 2296 caelos
2743 2241 2810 2296 ad
2830 2240 3044 2299 Patrem
3071 2253 3366 2318 receptum.
3391 2248 3455 2304 Et
3474 2251 3620 2308 dedit

2039 2325 2116 2380 illi
2136 2341 2350 2382 omnem
2378 2336 2703 2399 potestatem
2723 2348 2876 2404 super
2895 2350 3044 2390 omne
3061 2352 3246 2392 nomen
3267 2339 3544 2396 cwlestium
3570 2351 3620 2397 et

2040 2421 2358 2475 terrestrium
2383 2430 2434 2474 et
2459 2424 2802 2494 infernarum,
2825 2435 2881 2478 ut
2903 2429 3069 2482 omnis
3091 2430 3268 2502 lingua
3295 2434 3620 2503 conﬁteatur,

2037 2512 2157 2576 quia
2184 2509 2437 2578 Dominus
2465 2521 2522 2569 et
2559 2513 2701 2570 Deus
2739 2524 2816 2570 est
2858 2517 3008 2573 Jesus
3037 2519 3267 2575 Christus
3307 2523 3527 2594 (Philip.
3561 2543 3619 2594 ιι,

2039 2603 2126 2670 10,
2159 2603 2282 2675 il):
2312 2619 2475 2674 quem
2499 2607 2785 2673 credimus,
2835 2617 2890 2664 et
2929 2621 3301 2682 exspectamus
3333 2615 3619 2676 adventum

2036 2693 2240 2766 ipsius;
2282 2711 2407 2751 mox
2437 2697 2646 2752 futurus
2685 2697 2847 2767 judex
2896 2701 3140 2758 vivorum
3171 2712 3228 2758 et
3262 2714 3618 2774 mortuorum,

2035 2786 2129 2855 qui
2156 2785 2344 2841 reddet
2388 2787 2676 2858 unicuique
2702 2790 2994 2846 secundum
3031 2791 3170 2860 facta
3199 2810 3314 2862 sua,
3345 2804 3402 2852 et
3429 2798 3620 2857 infudit

2036 2878 2090 2933 in
2120 2878 2274 2934 nobis
2301 2879 2513 2935 abunde
2540 2879 2770 2951 Spiritus
2796 2884 2966 2939 sancti
2994 2885 3194 2942 donum
3222 2897 3278 2944 et
3305 2890 3496 2961 pignus
3520 2895 3618 2948 im-

2035 2971 2397 3038 mortalitatis,
2418 2972 2510 3043 qui
2539 2971 2665 3028 facit
2690 2974 2972 3032 credentes
2995 2986 3050 3033 et
3077 2968 3408 3048 obedientes,
3435 2996 3493 3039 ut
3512 2985 3619 3043 sint

2035 3063 2127 3118 lilii
2156 3062 2253 3119 Dei
2278 3063 2451 3120 Patris
2475 3072 2530 3119 et
2556 3065 2862 3123 cohaeredes
2876 3065 3093 3136 Christi,
3114 3087 3273 3141 quem
3301 3074 3620 3134 conﬁtemur

2033 3161 2090 3208 et
2113 3155 2422 3222 adoramus,
2449 3172 2611 3211 unum
2641 3157 2808 3224 Deum
2837 3159 2890 3214 in
2919 3158 3181 3218 Trinitate
3203 3166 3340 3221 sacri
3366 3145 3618 3227 nomiiis.

342 3268 460 3308 sum
491 3249 878 3307 incredulitatis
916 3264 1071 3315 meae,
1102 3257 1162 3304 ut
1212 3249 1298 3304 vel
1339 3264 1461 3305 sero
1509 3265 1924 3305 rememorarem
1951 3255 1998 3318 (ζ
2030 3243 2149 3315 Ipse
2172 3246 2316 3301 enim
2341 3245 2478 3300 dixit
2503 3263 2601 3318 per
2627 3248 2946 3330 prophetam
2972 3268 2985 3303 :
3020 3250 3214 3308 Invoco
3233 3271 3314 3310 me
3339 3258 3393 3310 in
3423 3257 3506 3313 die
3529 3261 3620 3314 tri-

342 3343 535 3398 delicta
565 3356 706 3406 mea,
738 3349 795 3396 et
821 3333 900 3395 ἰιι
925 3348 1270 3396 converterer
1317 3347 1433 3395 toto
1462 3340 1626 3396 corde
1651 3341 1719 3394 ad
1748 3341 1928 3396 Domi-

343 3450 470 3491 num
497 3434 666 3488 Deum
705 3445 915 3496 meum;
945 3431 1036 3499 qui
1063 3429 1302 3500 respexit
1347 3429 1703 3484 humilitatem
1731 3445 1929 3496 meam,

347 3535 402 3582 et
428 3513 678 3580 misertus
715 3528 799 3577 est
844 3521 1218 3585 adolescentize
1245 3526 1300 3573 et
1327 3520 1640 3586 ignorantiae
1682 3536 1845 3586 meai,
1876 3529 1934 3576 et

343 3615 631 3674 custodivit
679 3628 767 3668 me
813 3619 1097 3680 antequam
1142 3609 1334 3666 scirem
1361 3625 1505 3675 eum,
1547 3617 1604 3664 et
1642 3618 1931 3680 antequam

341 3723 581 3780 saperem
625 3706 711 3760 vel
757 3703 1139 3772 distinguerem
1180 3701 1319 3756 inter
1364 3701 1565 3756 bonum
1613 3710 1670 3757 et
1705 3703 1928 3770 malum,

339 3809 396 3856 et
421 3799 646 3855 munivit
670 3783 758 3853 me
778 3805 834 3852 et
857 3796 1164 3852 consolatus
1192 3801 1275 3849 est
1298 3809 1406 3858 me,
1435 3801 1496 3848 ut
1523 3802 1676 3864 pater
1706 3792 1888 3849 lilium.

405 3873 470 3945 ll.
497 3888 651 3944 Unde
679 3896 858 3943 autem
885 3894 1067 3941 tacere
1094 3901 1202 3939 non
1231 3899 1471 3954 possum,
1502 3899 1678 3953 neque
1707 3885 1926 3954 expedit

339 3965 578 4052 quidem,
598 3965 743 4034 tanta
767 3977 1022 4032 beneficia
1051 3984 1106 4031 et
1132 3984 1332 4030 tantam
1354 3976 1581 4045 gratiam
1607 3992 1770 4046 quam
1796 3975 1924 4031 mihi

339 4069 388 4142 (ῐ
423 4066 680 4124 Dominus
705 4065 977 4137 prmstare)
1006 4065 1250 4134 dignatus
1280 4066 1406 4136 (est)
1436 4065 1491 4119 in
1519 4073 1662 4120 terra
1703 4065 1928 4136 captivi-

338 4159 467 4215 tatis
495 4172 629 4214 meaa
670 4175 682 4210 :
736 4155 862 4226 quia
907 4154 1023 4210 haec
1048 4163 1131 4209 est
1156 4153 1436 4210 retributio
1473 4162 1677 4221 nostra,
1718 4163 1778 4210 ut
1805 4164 1928 4225 post

336 4249 727 4307 correctionem
778 4246 862 4301 vel
916 4244 1243 4314 agnitionem
1295 4244 1390 4300 Dei
1441 4245 1822 4311 exaltaremur,
1870 4255 1928 4302 et

336 4341 715 4398 confiteremur
742 4335 1009 4393 mirabilia
1035 4336 1152 4405 ejus
1178 4351 1358 4392 coram
1388 4337 1533 4392 omni
1557 4338 1778 4393 natione
1805 4353 1926 4408 qua:

336 4439 422 4486 est
447 4430 545 4485 sub
572 4429 716 4485 omni
735 4428 873 4484 coelo
906 4444 919 4480 :
951 4427 1075 4497 quia
1099 4443 1208 4482 non
1236 4434 1320 4483 est
1347 4427 1483 4483 alius
1504 4427 1663 4493 Deus,
1696 4444 1797 4484 nec
1823 4442 1925 4482 un-

337 4537 500 4592 quam
544 4521 643 4575 fuit
667 4535 766 4575 nec
791 4520 893 4574 erit
937 4528 1062 4590 post
1088 4521 1246 4584 hunc,
1277 4527 1474 4591 prater
1497 4518 1663 4574 Deum
1708 4517 1920 4573 Patrem

2032 3335 2309 3392 bulationis
2338 3346 2460 3404 tute,
2488 3346 2538 3392 et
2563 3337 2789 3418 liberabo
2819 3348 2887 3406 te,
2914 3349 2967 3395 et
2987 3345 3345 3416 magniﬁcabis
3377 3364 3456 3404 me
3485 3349 3618 3414 (Jer.

2031 3442 2179 3493 xxix,
2211 3425 2310 3493 12;
2341 3426 2491 3482 Psal.
2522 3444 2687 3497 Lxxx,
2734 3427 2813 3501 8).
2843 3429 2913 3485 Et
2953 3432 3147 3488 iterum
3192 3433 3363 3504 inquit
3397 3456 3411 3490 :
3447 3435 3630 3510 Opera

2031 3527 2204 3572 autem
2235 3517 2327 3572 Dei
2358 3518 2580 3572 revelare
2618 3526 2667 3574 et
2695 3521 2929 3589 confiteri
2970 3521 3316 3592 honoriﬁcum
3358 3537 3436 3580 est
3464 3527 3616 3598 (Tob.

2031 3614 2127 3678 xit,
2158 3609 2236 3680 7).

2100 3698 2186 3755 Ill.
2219 3699 2418 3754 Tamen
2463 3700 2565 3755 etsi
2607 3699 2662 3754 in
2701 3699 2882 3756 multis
2929 3689 3274 3774 imperfectus
3314 3723 3453 3774 sum,
3486 3719 3614 3782 opto

2029 3788 2224 3845 fratres
2247 3798 2303 3845 et
2328 3797 2588 3858 cognatos
2616 3803 2768 3845 meos
2799 3790 2938 3846 scire
2964 3793 3279 3862 qualitatem
3329 3811 3524 3863 meam,
3558 3808 3612 3856 ut

2028 3880 2238 3949 possint
2262 3880 2566 3950 perspicere
2592 3887 2774 3934 votum
2819 3881 3011 3936 animae
3054 3899 3209 3940 mete.
3259 3885 3374 3944 Non
3423 3889 3612 3957 ignoro

2027 3969 2391 4039 testimonium
2438 3968 2646 4026 Domini
2685 3982 2788 4024 mei
2869 3970 2960 4039 qui
2997 3971 3051 4026 in
3096 3974 3304 4044 psalmo
3345 3985 3607 4034 testatur:

2027 4058 2223 4113 Perdes
2251 4075 2336 4114 eos
2364 4061 2448 4121 qui
2477 4059 2750 4129 loquuntur
2779 4060 3104 4116 mendacium
3151 4061 3320 4135 (Psal.
3353 4085 3403 4132 ν.
3441 4069 3511 4137 ’1)
3553 4078 3609 4126 et

2026 4151 2222 4206 iterum
2254 4168 2266 4203 :
2302 4147 2373 4205 0s
2401 4151 2536 4222 quod
2589 4152 2832 4206 mentitur
2877 4153 3066 4207 occidit
3102 4156 3332 4211 animam
3370 4158 3521 4230 (Sap.
3568 4179 3606 4226 ι,

2027 4241 2136 4313 Η).
2170 4241 2238 4296 Et
2267 4241 2408 4298 idem
2436 4242 2694 4299 Dominus
2719 4242 2773 4297 in
2802 4241 3092 4313 Evangelio
3119 4246 3291 4317 inquit
3321 4267 3333 4303 :
3386 4250 3606 4308 Verbum

2024 4335 2244 4390 otiosum
2267 4333 2402 4406 quod
2429 4334 2586 4388 locuti
2606 4334 2797 4406 fuerint
2818 4335 3071 4404 homines,
3091 4337 3306 4392 reddent
3323 4357 3420 4408 pro
3441 4359 3500 4397 eo
3521 4361 3606 4397 ra-

2023 4427 2212 4480 tionem
2234 4428 2289 4480 in
2309 4426 2393 4480 die
2411 4427 2598 4496 judicii
2626 4425 2842 4499 (Matth.
2875 4443 2969 4493 χιι,
2991 4427 3101 4500 56).
3129 4428 3280 4486 Unde
3307 4441 3484 4489 autem
3509 4453 3602 4491 ve-

2023 4516 2303 4572 hementer
2325 4515 2660 4588 (debueram)
2689 4533 2814 4572 cum
2842 4519 3037 4576 timore
3064 4527 3119 4576 et
3146 4529 3380 4591 tremore
3409 4537 3606 4585 metue-

338 4615 631 4685 ingenitum
656 4613 770 4669 sine
789 4614 1072 4685 principio,
1095 4629 1126 4668 a
1152 4615 1369 4684 quo'est
1389 4629 1548 4669 omne
1575 4613 1916 4684 principium,
1946 4617 1998 4680 1)
2022 4623 2081 4664 re
2102 4608 2241 4663 hanc
2278 4607 2600 4663 sententiam
2627 4608 2680 4663 in
2708 4608 2796 4665 die
2843 4610 2956 4678 illa,
2998 4612 3089 4667 ubi
3126 4629 3286 4670 nemo
3323 4618 3520 4687 poterit
3548 4637 3608 4678 se

338 4717 364 4756 ε
389 4707 569 4763 omnia
609 4713 815 4771 tenens,
846 4711 907 4760 ut
932 4704 1162 4801 diximus
1187 4722 1200 4758 :
1231 4710 1287 4760 et
1312 4704 1470 4774 hujus
1513 4703 1707 4759 Filium
1732 4702 1914 4760 Jesum

407 4901 432 4930 ⁸
470 4889 747 4958 Bollandd.
781 4897 914 4945 tom.
938 4888 981 4944 ll
1010 4888 1357 4958 Martii,pag.
1404 4886 1526 4958 5;},
1550 4887 1690 4958 hanc
1731 4885 1787 4958 8Ϊ
1815 4884 1917 4958 Pa-

334 4961 471 5018 tricii
498 4957 888 5016 confessionem
929 4974 997 5014 ex
1036 4955 1396 5012 vetustissimo
1431 4955 1817 5012 Nobiliacensis
1853 4955 1914 5011 S.

336 5031 551 5086 Vedasti
603 5028 917 5097 monasterii
958 5026 1143 5084 codice
1185 5026 1507 5097 descriptam
1546 5024 1916 5097 edidere._i_lic

335 5109 461 5156 vero
485 5099 669 5169 legunt
699 5116 712 5150 :
747 5096 847 5162 Qui
876 5097 976 5169 fuit
1001 5113 1034 5169 e_
1057 5098 1164 5169 vico
1192 5094 1434 5169 Banatjen
1460 5095 1750 5169 Taberniaz.
1782 5094 1910 5151 Wa-

331 5185 465 5225 neus
491 5162 621 5223 νει-ο
648 5167 764 5222 haec
812 5162 1039 5233 margini
1080 5164 1302 5219 allevit:
1336 5162 1414 5220 De
1465 5167 1573 5220 vico
1619 5163 1906 5230 Bonnam,

331 5239 611 5312 beurnig
633 5237 890 5312 regionis,
941 5235 1079 5312 haud
1100 5234 1303 5312 procul
1331 5251 1363 5286 a
1402 5237 1533 5289 mari
1571 5233 1910 5301 Occidentali,

329 5303 536 5364 Probus
560 5307 651 5363 lib.
683 5303 709 5362 ί
729 5306 797 5361 de
820 5305 940 5360 Vita
969 5303 1204 5359 PatriCii.

398 5377 426 5417 ι’
456 5377 698 5432 Bolland.
749 5376 785 5429 l.
816 5375 1075 5440 ccillam
1118 5375 1274 5428 enim.
1315 5371 1476 5427 Forte
1522 5373 1695 5428 minus
1741 5382 1904 5429 recte.

327 5445 448 5526 Mox
487 5445 960 5526 Aiidem‘Dolland?‘
984 5445 1038 5498 in
1070 5441 1698 5526 captitrantndecidi:ASed
1750 5443 1906 5498 lectio

325 5516 537 5584 vulgata
559 5517 904 5571 continuatur
927 5515 1119 5569 iterum
1132 5510 1280 5568 infra
1310 5511 1372 5594 ᾗς
1405 5511 1437 5564 4
1464 5518 1519 5566 et
1544 5510 1628 5565 lO.

396 5585 563 5655 °,Non
620 5585 919 5655 ignorantia
951 5582 1218 5655 ﬁdei,_sed
1247 5581 1524 5655 aﬂectuosi
1551 5588 1604 5634 et
1635 5582 1732 5655 nni
1753 5597 1904 5650 pror-

322 5669 412 5710 ωε
429 5630 608 5734 ἒὶἆιῖιι
622 5630 927 5734 causa";
953 5630 1093 5734 ξῖρῖις
1108 5630 1232 5734 tua
1248 5630 1802 5734 ῖέιιῑιςξῑέξρςξέεξςξίιῐά
1822 5630 1908 5702 ιε.-

322 5737 444 5793 men
463 5732 650 5780 sancto
674 5724 816 5793 justa
839 5719 1152 5779 humiliandi
1191 5722 1270 5775 sui
1307 5719 1466 5778 causa
1493 5720 1607 5775 fuit.
1641 5719 1902 5773 Βηιιιιιι).

321 5788 454 5858 Ιοο.,
479 5807 599 5863 pag.
634 5788 755 5848 534.
1347 5803 1352 5808 '
1387 5803 1452 5869 ί·

2020 4699 2336 4757 subtrahere
2362 4699 2448 4754 vel
2492 4700 2841 4767 abscondere,
2882 4701 2978 4757 sed
3017 4719 3206 4760 omnes
3232 4710 3452 4766 omnino
3481 4713 3602 4768 red-

2096 4885 2122 4924 ά
2153 4886 2230 4940 Ita
2257 4883 2418 4954 etiam
2448 4885 2746 4954 appellatur
2772 4886 3028 4942 Hibernia
3065 4889 3117 4942 in
3156 4888 3408 4943 Antonini
3438 4891 3599 4943 Itine-

2016 4957 2163 5011 rario
2191 4964 2250 5010 ut
2283 4953 2644 5028 observatum
2656 4953 2870 5028 Usserio
2899 4957 3204 5028 in__gintiqq.
3248 4955 3452 5028 Eccles‘.
3483 4957 3602 5028 βή-

2016 4975 2163 5011 rario
2191 4975 2250 5010 ιιι
2283 4975 2625 5009 onservaturn
2659 4975 2870 5014 usserio
2899 4975 2952 5013 ιιι
2997 4975 3100 5012 ant
3153 4976 3204 5028 ᾳ.
3251 4975 3452 5012 nectes.
3486 4975 3593 5011 un-

2015 5035 2151 5096 tgn.,
2174 5022 2439 5096 pagﬁl’sl.
2465 5024 2592 5080 edit.
2616 5024 2902 5096 2.__Yi_desis
2943 4975 3352 5093 Wessgiingium
3379 5025 3446 5078 ad
3481 5025 3593 5082 νει.

2019 5091 2459 5151 Βοηιᾰη.’1ιὶηει’.
2471 5137 2485 5164 ,
2516 5109 2636 5166 pag.
2669 5093 2792 5149 509.

2089 5175 2114 5204 °
2152 5171 2255 5240 Tr‘ng
2299 5160 2610 5240 indurati
2630 5167 2789 5236 θυμοῦ
2819 5167 2995 5218 αὐτοῦ.
3042 5162 3085 5218 Il
3114 5160 3291 5216 Paral.
3325 5177 3473 5229 xxix,
3508 5163 3589 5218 l0.

2017 5235 2356 5360 US?
2374 5305 2461 5375 (in,
2486 5304 2673 5375 codice
2711 5301 3058 5375 Armachanq
3095 5299 3275 5357 omnia
3315 5305 3590 5375 sequentia

2014 5374 2152 5456 intra
2174 5374 2404 5456 uncos
2454 5374 2473 5442 )
2503 5374 2725 5456 inclusa,
2745 5385 2918 5456 usque
2943 5370 3007 5425 ad
3029 5371 3188 5427 finem
3213 5370 3587 5434 confessionis.

2013 5442 2171 5498 WAR.
2206 5475 2273 5486 —
2303 5439 2473 5498 Aliter
2495 5440 2636 5511 apud
2663 5439 2906 5496 Bolland.
3521 5489 3526 5496 _

2085 5521 2112 5590 β
2144 5511 2386 5590 Bolland.
2428 5519 2551 5590 post
2593 5510 3246 5590 principium__exhibe_nt_,
3271 5532 3384 5590 per
3421 5517 3584 5582 ipsum

2010 5585 2195 5652 quippe
2230 5583 2366 5704 {acta
2409 5588 2529 5632 sunt
2568 5579 2998 5634 omniarisibilia
3040 5589 3090 5634 et
3133 5579 3446 5638 invisitilia.‘
3466 5599 3583 5653 quae

2010 5651 2099 5705 hic
2126 5667 2227 5707 nau
2251 5666 2284 5705 ο
2316 5654 2437 5707 post
2463 5656 2768 5702 occurrunt.
2796 5649 2992 5705 Verum
3040 5651 3178 5707 amnt
3211 5651 3581 5707 Bollandianos

2010 5652 2099 5705 hic
2126 5652 2284 5720 paulo
2316 5654 2437 5719 post
2463 5656 2768 5702 occurrunt.
2796 5652 2992 5705 Verum
3040 5652 3178 5721 apud
3211 5652 3579 5707 Bullandianos

2011 5718 2326 5797 intermedia
2354 5731 2471 5797 mia:
2501 5717 2616 5797 hoc
2645 5717 2762 5797 loco
2793 5720 3058 5797 lcgu_n_tur,
3108 5720 3463 5797 vit.io_librarii
3508 5721 3579 5776 ob

2010 5788 2296 5855 repetitam
2319 5795 2506 5840 vocem
2536 5788 2844 5858 principium
2872 5788 3124 5846 videntur
3153 5790 3366 5845 omissa.
3425 5800 3428 5802 ‘
