4238 6260
1847 255 1866 260 ·-
1891 257 1936 270 -κ

571 375 585 389 '
639 353 747 427 803

1584 363 1639 416 S.
1684 361 2045 418 PATRICIUS
2085 361 2533 418 HIBERNORUM
2576 362 2989 418 APOSTOLUS.

3827 367 3932 426 I04

641 486 802 544 dituri
824 498 1005 539 smnus
1033 481 1295 537 rationem
1317 479 1480 534 etiam
1505 478 1849 532 minimorum
1877 485 2228 547 peccatorum
2259 481 2311 541 Α
2335 479 2548 547 pientes
2576 492 2696 532 esse
2723 486 2780 532 et
2802 476 2933 544 legis
2959 476 3135 545 periti,
3163 484 3221 531 et
3247 483 3497 545 potentes
3525 477 3578 530 in
3597 491 3857 536 sermone
3875 491 3930 537 et

641 586 768 634 ante
815 574 1044 630 tribunal
1073 572 1270 627 Christi
1300 571 1531 626 Domini.
1577 569 1918 640 Quapropter
1971 569 2100 623 olim
2131 584 2228 624 co-

640 667 800 737 gitavi
830 665 1081 728 scribere,
1112 663 1206 718 sed
1230 678 1398 732 usque
1426 677 1569 716 nunc
1602 660 1861 714 haesitavi.
1889 647 2062 713 Timui
2083 660 2230 714 enim

639 772 707 812 ne
736 757 1024 811 inciderem
1047 755 1099 808 in
1130 755 1362 822 linguam
1384 754 1690 808 hominum:
1725 759 1780 806 et
1807 753 1932 821 quia
1966 766 2072 806 non
2102 751 2227 820 legi,

638 848 774 901 sicut
803 848 981 900 caeleri
1009 847 1100 915 qui
1141 846 1342 915 optime
1370 846 1553 913 itaque
1575 843 1696 912 jure
1719 850 1775 899 et
1799 832 1982 899 Sacras
2021 844 2230 898 litteras

639 947 867 1008 utroque
893 939 1010 1007 pari
1053 939 1214 992 modo
1245 937 1636 1000 combiberunt,
1679 945 1737 990 et
1774 950 2079 990 sermonem
2109 935 2229 990 illo-

638 1045 755 1084 rnm
781 1043 848 1082 ex
878 1027 1100 1082 infantia
1131 1043 1403 1096 nunquam
1431 1033 1798 1089 mutaverunt,
1843 1026 1938 1081 sed
1967 1024 2136 1094 magis
2162 1025 2230 1079 ad

638 1119 934 1189 perfectum
961 1133 1175 1188 semper
1204 1117 1542 1172 addiderunt.

707 1211 795 1264 IV.
827 1211 958 1264 Nam
997 1225 1173 1265 sermo
1200 1217 1255 1263 et
1283 1208 1494 1279 loquela
1534 1216 1718 1262 nostra
1760 1207 2019 1262 translata
2061 1216 2145 1261 est
2175 1208 2228 1260 in

640 1303 874 1371 linguam
899 1302 1150 1366 alienam,
1177 1303 1315 1357 sicut
1345 1300 1500 1355 facile
1528 1307 1708 1370 potest
1727 1298 1945 1369 probari
1975 1313 2042 1352 ex
2063 1298 2228 1351 saliva

639 1395 918 1462 scriptum
960 1407 1127 1455 meae,
1181 1391 1410 1462 qualiter
1460 1405 1579 1444 sum
1626 1403 1727 1458 ego
1782 1389 1832 1441 in
1893 1388 2248 1447 sermonibus,

643 1485 932 1537 instructus
992 1490 1153 1550 atque
1197 1481 1475 1544 eruditus;
1525 1481 1649 1549 quia
1703 1480 1879 1549 inquit
1933 1479 2162 1550 Sapiens
2212 1498 2246 1533 :-

643 1575 746 1629 Per
767 1576 996 1645 linguam
1024 1574 1340 1643 dignoscitur
1368 1581 1416 1624 et
1453 1587 1650 1635 sensus,
1693 1581 1740 1625 et
1769 1573 2003 1636 scientia,
2035 1580 2082 1624 et
2113 1573 2230 1626 doc-

641 1666 779 1718 trina
823 1665 1049 1717 veritatis
1117 1662 1331 1732 (Eccli.
1381 1679 1455 1727 1v,
1485 1660 1554 1713 29
1584 1661 1624 1730 ).
1681 1661 1784 1715 Sed
1832 1661 1965 1729 quid
2013 1661 2231 1730 prodest

639 1757 913 1811 excusatio
935 1755 1087 1823 juxta
1127 1753 1432 1818 veritatem,
1464 1753 1760 1821 przesertim
1805 1767 1926 1805 cum
1973 1767 2230 1820 prtesum-

2333 567 2386 620 in
2413 568 2558 620 omni
2588 583 2666 621 re.
2695 566 2762 619 Et
2791 581 2877 620 me
2897 565 3112 634 quidem
3143 565 3518 621 detestabilem
3545 566 3706 636 hujus
3744 570 3930 626 mundi

2331 675 2440 729 pra:
2466 659 2676 714 ueteris
2705 642 3003 728 inspiravit.
3035 657 3060 694 ά
3090 657 3196 713 etsi
3230 657 3355 712 talis
3381 671 3561 712 essem
3592 675 3607 713 _:
3635 657 3929 716 dummodo

2331 761 2511 806 autem
2542 760 2599 806 ut
2627 767 2748 806 cum
2780 759 2924 805 metu
2949 759 3005 804 et
3032 750 3336 806 reverentia
3373 758 3432 804 et
3473 750 3590 806 sine
3617 751 3840 820 querela
3871 754 3930 805 li-

2330 845 2522 901 deliter
2539 845 2853 915 prodessem
2870 843 3017 912 genti
3045 843 3110 898 ad
3131 857 3293 912 quam
3313 842 3516 898 caritas
3535 842 3738 900 Christi
3763 852 3930 900 trans-

2332 936 2472 1001 tulit,
2520 943 2577 990 et
2625 935 2845 990 donavit
2871 950 2960 990 me
2986 934 3040 990 in
3077 934 3185 988 vita
3229 947 3375 998 mea,
3407 934 3456 990 si
3499 934 3694 1004 dignus
3722 935 3875 992 fuero
3909 957 3923 993 :

2330 1031 2582 1100 denique,
2615 1038 2672 1084 ut
2700 1045 2821 1084 cum
2869 1027 3171 1082 humilitate
3198 1034 3253 1081 et
3281 1026 3576 1081 veraciter'
3597 1027 3928 1086 deservirem

2332 1121 2456 1176 illis.
2853 1127 2856 1132 '
2970 1109 2982 1119 ’
3236 1117 3238 1119 ’

2399 1211 2490 1266 Vl.
2529 1212 2589 1266 ln
2619 1225 2871 1266 mensura
2894 1210 3075 1280 itaque
3097 1207 3221 1264 fidei
3249 1207 3523 1264 Trinitatis
3557 1216 3782 1279 oportet
3807 1210 3925 1264 dis-

2332 1305 2576 1374 tinguere
2618 1311 2674 1357 et
2719 1303 2836 1357 sine
2877 1300 3296 1370 reprehensione
3332 1301 3550 1369 periculi
3603 1310 3792 1355 notum
3839 1305 3925 1355 fa-

2330 1411 2455 1451 cere
2481 1395 2682 1450 donum
2725 1394 2817 1448 Dei
2851 1403 2906 1448 et
2931 1391 3355 1447 consolationem
3400 1400 3673 1458 arternam,
3704 1408 3769 1446 ac
3797 1394 3924 1448 sine

2329 1489 2526 1544 timore
2564 1487 2881 1542 ﬁducialiter
2909 1485 3004 1542 Dei
3037 1499 3232 1539 nomen
3276 1484 3471 1552 ubique
3501 1483 3827 1554 expandere,
3859 1493 3922 1541 ut

2331 1582 2495 1634 etiam
2523 1587 2645 1650 post
2671 1579 2874 1633 obitum
2899 1593 3075 1632 meum
3109 1586 3132 1613 ε
3161 1576 3382 1631 Gallicis
3412 1575 3766 1644 relinquerem
3808 1575 3921 1630 fra-

2331 1672 2502 1726 tribus
2527 1679 2584 1726 et
2627 1668 2749 1724 ﬁliis
2777 1669 2908 1723 meis
2936 1683 3071 1737 quos
3111 1681 3212 1735 ego
3261 1668 3312 1720 in
3362 1666 3587 1720 Domino
3628 1666 3921 1736 baptizavi,

2331 1772 2415 1817 tot
2441 1762 2606 1816 millia
2625 1761 2926 1815 hominum.
2953 1758 3019 1812 Et
3048 1773 3154 1811 non
3175 1773 3323 1812 eram
3341 1756 3534 1825 dignus
3562 1771 3738 1825 neque
3775 1757 3918 1826 talis,

638 1847 859 1918 ptione?
879 1845 1130 1915 quatinus
1155 1843 1318 1898 modo
1345 1843 1460 1912 ipse
1487 1851 1684 1912 appeto
1703 1843 1757 1896 in
1781 1851 2060 1898 senectute
2083 1857 2224 1907 mea,

2331 1867 2390 1914 ut
2403 1858 2506 1912 hoc
2516 1854 2771 1910 Dominus
2795 1852 3007 1908 servulo
3020 1867 3118 1906 suo
3138 1849 3459 1906 concederet
3479 1867 3492 1914 ;
3516 1857 3573 1904 et
3591 1857 3916 1920 postserum~

638 1935 784 2008 quod
809 1937 868 1990 'in
891 1934 1172 2004 juventute
1202 1942 1225 1970 ⁸
1252 1948 1360 1988 non
1391 1933 1719 2002 comparavi,
1749 1932 1874 2002 quia
1905 1932 2227 1990 obstiterunt

641 2027 881 2097 (peccata
913 2024 1055 2093 mea)
1084 2033 1141 2078 ut
1169 2023 1544 2080 conﬁrmarem
1587 2022 1730 2090 quod
1759 2030 1885 2076 ante
1909 2038 2019 2076 non
2051 2022 2227 2092 perle-

637 2133 839 2190 geram.
872 2115 978 2172 Sed
1005 2116 1125 2186 quis
1152 2114 1179 2153 δ
1220 2129 1309 2170 me
1350 2113 1519 2170 credit
1543 2115 1567 2166 ἓ
1596 2111 1708 2166 Etsi
1736 2112 1923 2168 dixero
1952 2112 2096 2182 quod
2126 2128 2224 2166 an-

639 2219 691 2266 te
729 2209 981 2280 praefatus
1021 2224 1180 2273 sum;
1229 2207 1563 2272 adolescens,
1624 2205 1732 2260 imo
1767 2220 1905 2278 pene
1947 2220 2082 2274 puer
2127 2205 2227 2257 im-

636 2303 814 2358 berbis
843 2309 1124 2370 capturam
1151 2298 1295 2363 dedi,
1334 2304 1624 2366 antequam
1669 2296 1864 2352 scirem
1905 2295 2031 2365 quid
2069 2305 2223 2365 pete-

638 2411 782 2461 rem,
827 2395 911 2450 vel
959 2394 1086 2462 quid
1136 2393 1305 2448 vitare
1351 2391 1662 2447 debueram.
1717 2388 1868 2445 Unde
1917 2404 2017 2458 ego
2066 2389 2225 2444 hodie

636 2487 894 2542 erubesco
923 2493 978 2540 et
1001 2485 1350 2539 vehementer
1373 2483 1641 2553 pertimeo
1685 2481 1959 2537 denudarc
2008 2481 2228 2551 imperi-

638 2578 765 2632 tiam
793 2592 991 2642 meam,
1021 2576 1145 2646 quia
1165 2575 1347 2630 diserti
1375 2574 1641 2630 brevitate
1670 2573 1933 2630 sermonis
1955 2573 2226 2643 explicare

637 2685 866 2740 nequeo,
913 2668 1052 2726 sicut
1099 2667 1321 2738 spiritus
1361 2666 1525 2735 gestit
1571 2672 1624 2719 et
1669 2665 1898 2729 animus,
1934 2673 1986 2717 et
2032 2677 2222 2718 sensus

636 2767 900 2816 monstrat
927 2767 983 2814 et
1010 2757 1251 2814 allectus.
1282 2756 1388 2813 Sed
1417 2756 1462 2812 si
1493 2756 1674 2824 itaque
1701 2754 1886 2812 datum
1923 2753 2054 2810 mihi
2099 2752 2225 2806 fuis-

635 2857 719 2905 set
743 2851 882 2905 sicut
917 2849 1144 2924 caeteris,
1185 2855 1558 2902 verumtamen
1605 2862 1713 2900 non
1753 2845 1964 2900 silerem
2005 2853 2224 2914 propter

635 2941 1065 2996 retributionem.
1109 2939 1176 2994 Et
1219 2939 1266 2994 si
1313 2937 1452 2993 forte
1499 2937 1710 2991 videtur
1738 2935 1878 3004 apud
1919 2935 2225 3003 aliquantos

636 3047 723 3086 me
762 3032 816 3084 in
864 3033 968 3086 hoc
995 3045 1463 3102 praeponerecum
1505 3044 1624 3082 mea
1678 3027 1888 3082 inscitia
1917 3036 1972 3082 et
2001 3025 2220 3080 tardiori

636 3120 811 3196 lingua
853 3119 1130 3190 (scriptum
1165 3127 1248 3175 est
1267 3119 1409 3174 enim
1440 3138 1451 3171 :
1482 3116 1698 3189 Lingua:
1725 3117 2058 3171 balbutientes
2081 3117 2220 3172 velo-

2327 1964 2425 2006 nas
2469 1957 2526 2004 et
2569 1956 2746 2002 tantas
2783 1946 2973 2008 moles,
3006 1951 3127 2014 post
3171 1941 3560 2012 captivitatem,
3593 1949 3716 2011 post
3745 1956 3911 1996 annos

2327 2041 2544 2101 multos,
2577 2039 2632 2093 in
2655 2044 2869 2107 gentem
2917 2035 3060 2088 illam
3087 2041 3290 2087 tantam
3319 2031 3546 2100 gratiam
3593 2031 3727 2084 mihi
3749 2030 3913 2085 dona-

2325 2139 2428 2193 ret,
2460 2127 2604 2198 quod
2630 2141 2730 2196 ego
2755 2124 3039 2196 aliquando
3069 2123 3121 2178 in
3147 2122 3428 2192 juventute
3473 2137 3596 2176 mea
3633 2137 3904 2192 nunquam

2327 2221 2537 2292 speravi
2586 2233 2760 2288 neque
2801 2217 3052 2284 cogitavi.
3083 2215 3191 2271 Sed
3236 2223 3520 2284 postquam
3567 2213 3911 2292 liiberionem

2325 2315 2667 2378 devenerant,
2695 2309 2936 2381 quotidie
2967 2309 3169 2378 (igitur)
3199 2322 3393 2378 pecora
3423 2307 3706 2376 pascebam
3734 2315 3790 2362 et
3805 2307 3912 2361 fre-

2325 2420 2492 2475 quens
2545 2406 2599 2459 in
2641 2403 2729 2457 die
2799 2402 3041 2468 orabam,
3087 2400 3257 2467 magis
3304 2413 3366 2453 ac
3414 2398 3579 2466 magis
3620 2397 3913 2453 accedebat

2324 2512 2476 2550 amor
2497 2495 2591 2550 Dei
2621 2503 2676 2549 et
2705 2493 2868 2548 timor
2889 2492 3075 2560 ipsius,
3107 2498 3162 2545 et
3192 2487 3319 2545 fides
3348 2488 3657 2556 augebatur,
3707 2497 3762 2541 et
3791 2489 3911 2557 spi-

2325 2586 2459 2639 ritus
2486 2582 2503 2620 τ
2538 2583 2850 2652 augebatur,
2883 2589 2940 2637 ut
2963 2582 3018 2636 in
3045 2581 3131 2636 die
3154 2596 3258 2634 una
3275 2593 3436 2648 usque
3463 2577 3528 2632 ad
3553 2586 3768 2632 centum
3790 2594 3910 2633 ora.

2327 2675 2524 2741 tiones,
2549 2683 2603 2728 et
2619 2675 2676 2729 in
2699 2681 2859 2729 nocte
2880 2688 3049 2744 prope
3064 2672 3339 2736 similiter;
3361 2669 3588 2724 utetiam
3609 2669 3663 2723 in
3687 2669 3836 2724 silvis
3849 2676 3908 2727 et

2325 2773 2506 2820 monte
2534 2764 2834 2829 manebam,
2866 2773 2921 2818 et
2948 2750 3077 2818 ante
3101 2761 3274 2817 lucem
3317 2757 3577 2814 excitabar
3603 2757 3670 2812 ad
3697 2758 3906 2812 oratio-

2325 2872 2447 2912 nem
2475 2871 2572 2927 per
2600 2856 2797 2919 nivem,
2824 2870 2921 2924 per
2941 2853 3083 2922 gelu,
3115 2868 3213 2922 per
3241 2851 3473 2923 pluviam
3504 2867 3515 2900 :
3541 2856 3592 2903 et
3620 2849 3748 2903 nihil
3771 2849 3905 2904 mali

2323 2947 2638 3013 sentiebam,
2661 2961 2837 3014 neque
2865 2945 2970 2999 ulla
2991 2943 3202 3014 pigritia
3230 2951 3347 2997 erat
3376 2941 3429 2996 in
3458 2955 3561 3005 me,
3584 2939 3720 2994 sicut
3747 2940 3910 2995 modo

2322 3039 2499 3101 video,
2531 3037 2653 3108 quia
2683 3046 2810 3094 tunc
2839 3037 2893 3092 in
2921 3050 3008 3090 me
3027 3034 3250 3106 Spiritus
3281 3033 3546 3089 fervebat.
3575 3030 3645 3086 Et
3672 3033 3742 3086 ibi
3767 3033 3908 3087 scili-

2325 3141 2410 3186 cet
2437 3130 2666 3199 quadam
2695 3136 2883 3191 nocte,
2913 3127 2965 3182 in
2996 3119 3187 3182 somno
3213 3124 3391 3179 audivi
3418 3137 3606 3179 vocem
3646 3122 3908 3177 dicentem

635 3191 763 3273 riter
783 3212 982 3266 discent
1009 3213 1151 3282 loqui
1175 3228 1356 3281 pacem
1373 3209 1524 3283 [Isai.
1557 3226 1724 3278 χχιιι,
1752 3209 1805 3280 4]
1822 3220 1861 3281 ),
1881 3219 2084 3280 quanto
2105 3226 2220 3264 ma-

2327 3224 2455 3278 mihi
2489 3241 2500 3275 :
2535 3221 2677 3277 Bene
2700 3221 2930 3291 jejunas,
2959 3220 3068 3274 cito
3108 3218 3277 3271 iturus
3306 3217 3375 3270 ad
3398 3217 3622 3286 patriam
3651 3223 3810 3268 tuam.
3842 3213 3906 3269 Et

635 3303 716 3377 gis
735 3317 835 3357 nos
855 3308 1112 3372 appetere
1139 3301 1396 3355 debemus
1417 3301 1509 3368 qui
1531 3315 1736 3367 sumus,
1761 3301 1952 3369 inquit,
1984 3299 2223 3370 Epistola

616 3391 846 3462 ~Christi,
871 3390 924 3446 in
950 3389 1178 3446 salutem
1208 3403 1376 3461 usque
1404 3387 1471 3441 ad
1500 3388 1742 3442 ultimum
1773 3397 1949 3456 teme,
1977 3389 2082 3444 etsi
2111 3403 2220 3444 non

634 3483 851 3549 diserta,
882 3480 976 3538 sed
995 3487 1112 3536 rata
1139 3487 1195 3538 et
1217 3478 1509 3535 fortissime
1547 3478 1744 3552 scripta
1765 3480 1820 3532 in
1855 3477 2096 3533 cordibus
2132 3494 2219 3532 ve-

633 3578 775 3643 stris,
807 3592 910 3630 non
939 3581 1250 3641 atramento,
1284 3572 1375 3626 sed
1410 3571 1610 3643 Spiritu
1640 3571 1732 3626 Dei
1762 3572 1855 3626 vivi
1881 3570 1968 3642 (II
1989 3569 2109 3626 Cor.
2141 3586 2217 3638 lli,

631 3667 685 3731 2,
717 3667 794 3737 5).

703 3757 768 3811 V.
803 3756 872 3812 Et
920 3758 1116 3813 iterum
1163 3755 1400 3828 Spiritus
1449 3762 1676 3810 testatur
1709 3773 1721 3808 :
1753 3754 1822 3808 Et
1862 3755 2124 3808 rusticatio
2153 3752 2215 3805 ab

629 3847 893 3904 ditissima
921 3855 1097 3902 creata
1115 3855 1192 3904 est
1216 3845 1404 3917 (Ecdi.
1435 3862 1527 3912 vn,
1561 3844 1671 3917 l6).
1697 3843 1849 3902 Unde
1881 3859 1982 3914 ego
2013 3845 2216 3915 primus

629 3940 859 3995 rusticus
879 3939 1123 4010 perfuga,
1175 3939 1418 3995 indoctus
1447 3938 1650 4016 scilicet
1677 3937 1770 4004 qui
1797 3937 1978 3990 nescio
2018 3936 2070 3990 in
2111 3951 2214 4006 po-

627 4041 827 4087 sterum
857 4033 1142 4101 providere
1173 4050 1185 4084 :
1218 4030 1314 4086 sed
1348 4041 1369 4069 ο
1403 4030 1516 4085 scio
1563 4028 1694 4082 illud
1742 4028 2058 4091 certissime,
2088 4028 2211 4094 quia

627 4125 811 4193 utique
859 4124 1171 4193 priusquam
1217 4122 1548 4185 bumiliarer,
1587 4135 1688 4188 ego
1726 4135 1874 4174 eram
1901 4119 2051 4172 velut
2077 4119 2213 4188 lapis

626 4215 716 4282 qui
740 4214 886 4281 jacet
915 4214 967 4269 in
995 4215 1109 4270 luto
1134 4211 1436 4282 profundo:
1469 4221 1525 4267 et
1573 4211 1718 4264 venit
1756 4211 1848 4278 qui
1879 4219 2068 4280 potens
2107 4219 2208 4277 est,

625 4304 759 4359 etin
801 4319 896 4359 sua
924 4302 1287 4359 misericordia
1317 4303 1531 4360 sustulit
1574 4317 1698 4367 me;
1728 4311 1783 4356 et
1818 4301 2032 4370 quidem
2077 4303 2214 4358 scili-

625 4400 710 4446 cet
735 4407 945 4446 sursum
972 4391 1225 4446 allevavit
1269 4400 1324 4446 et
1351 4391 1640 4445 collocavit
1663 4405 1750 4444 me
1778 4391 1831 4444 in
1873 4407 2082 4448 summo
2108 4408 2208 4464 pa-

625 4481 781 4534 riete.
808 4479 877 4532 Et
913 4481 1037 4534 inde
1076 4478 1291 4535 iortiter
1317 4480 1605 4536 debueram
1631 4481 1952 4548 exclamare,
2001 4485 2069 4539 ad
2117 4501 2205 4542 re-

2324 3315 2518 3370 iterum
2545 3322 2668 3384 post
2695 3313 2968 3384 paululum
2997 3319 3220 3381 tempus,
3253 3307 3434 3362 audivi
3479 3322 3789 3378 responsum
3827 3306 3907 3359 (ἥς

2324 3421 2450 3462 cens
2479 3405 2606 3460 mihi
2640 3423 2651 3458 :
2703 3404 2842 3459 Ecce
2887 3402 3034 3458 navis
3062 3409 3152 3455 tua
3180 3407 3366 3470 parata
3395 3407 3500 3454 est.
3531 3399 3597 3453 Et
3640 3415 3743 3454 non
3786 3405 3904 3453 erat

2321 3512 2508 3571 prope,
2533 3495 2627 3551 sed
2655 3495 2792 3550 forte
2820 3494 3049 3552 habebat
3067 3491 3297 3547 ducenta
3316 3486 3483 3546 millia
3514 3505 3730 3560 passus:
3757 3497 3808 3542 et
3834 3487 3905 3543 ibi

2321 3603 2594 3658 nunquam
2625 3585 2848 3652 fueram,
2873 3599 2974 3640 nec
2996 3583 3068 3638 ibi
3091 3590 3274 3637 notum
3295 3595 3616 3652 quemquam
3645 3581 3713 3636 de
3732 3579 3906 3634 homi-

2322 3677 2476 3732 nibus
2503 3675 2785 3732 habebam.

2362 3839 2363 3842 η
2391 3767 2498 3822 Vll.
2518 3767 2584 3821 Et
2603 3765 2794 3820 deinde
2814 3763 3156 3834 postmodum
3178 3775 3460 3818 conversus
3488 3774 3602 3812 sum
3625 3759 3676 3811 in
3696 3756 3907 3825 fugam,

2319 3866 2373 3913 et
2402 3857 2659 3913 intermisi
2690 3866 2714 3903 8
2745 3855 3015 3911 hominem
3044 3870 3164 3909 cum
3191 3868 3292 3922 quo
3319 3851 3516 3904 fueram
3539 3845 3567 3885 δ
3596 3862 3689 3902 sex
3717 3849 3905 3905 annis.

2319 3948 2384 4002 Et
2414 3948 2532 4002 veni
2564 3947 2616 4002 in
2644 3947 2840 4000 virtute
2867 3944 3080 3999 Domini
3109 3945 3197 4012 qui
3225 3943 3359 3997 viam
3392 3953 3566 3995 meam
3593 3936 3658 3992 ad
3688 3937 3903 3995 bonum

2315 4039 2595 4106 dirigebat,
2618 4045 2672 4093 et
2695 4037 2822 4091 nihil
2852 4037 3152 4091 metuebam
3181 4035 3352 4090 donec
3372 4031 3587 4103 perveni
3613 4030 3680 4085 ad
3703 4045 3905 4088 navem

2315 4130 2476 4185 illam.
2509 4129 2577 4184 Et
2605 4130 2694 4184 illa
2725 4128 2852 4198 (die)
2880 4144 2985 4197 qua
3009 4127 3250 4198 perveni,
3282 4125 3519 4196 profecta
3547 4131 3630 4179 est
3657 4124 3808 4178 navis
3835 4125 3905 4178 de

2314 4222 2433 4278 loco
2461 4237 2578 4285 suo,
2602 4230 2656 4276 et
2676 4222 2884 4278 locutus
2903 4236 3039 4285 sum,
3065 4228 3121 4273 ut
3148 4219 3402 4274 haberem
3425 4215 3566 4271 unde
3595 4216 3903 4284 navigarem

2313 4329 2432 4368 cum
2460 4313 2579 4368 illis.
2609 4311 2674 4365 Et
2723 4311 3072 4381 gubernatori
3101 4308 3392 4380 displicuit,
3423 4316 3479 4363 et
3531 4306 3722 4361 acriter
3773 4320 3898 4360 cum

2313 4403 2674 4472 indignatione
2711 4399 2984 4471 respondit
3009 4418 3020 4451 :
3045 4398 3392 4468 Nequaquam
3421 4404 3477 4451 tu
3500 4395 3771 4451 nobiscum
3801 4409 3901 4464 ap-

2311 4502 2464 4566 petas
2499 4492 2515 4530 i
2552 4493 2646 4546 ire.
2680 4489 2747 4544 Et
2791 4505 2912 4544 cum
2957 4489 3070 4544 hiec
3114 4486 3400 4551 audissem,
3433 4485 3673 4556 separavi
3701 4499 3787 4538 me
3832 4484 3902 4539 ab

625 4569 962 4624 tribuendum
986 4584 1203 4639 ιιιιοίιυε
1223 4571 1424 4642 aliquid
1451 4571 1679 4628 Domino
1716 4573 1767 4628 θί
1787 4589 1893 4643 1)ιό
1921 4577 2082 4631 laniis
2111 4577 2207 4632 be°
2236 4563 2290 4628 D
2314 4563 2436 4648 illis,
2461 4591 2518 4638 ut
2547 4582 2786 4636 venirem
2811 4580 2877 4634 ad
2909 4579 3230 4649 tuguriolum
3259 4577 3349 4633 ubi
3370 4577 3737 4646 hospitabam;
3761 4584 3814 4629 et
3844 4576 3898 4630 in

624 4660 827 4716 neliciis
854 4660 988 4731 ejus,
1017 4661 1106 4717 hic
1129 4670 1186 4718 et
1227 4663 1279 4717 in
1299 4670 1582 4731 aeternum,
1611 4679 1728 4733 quae
1756 4681 1908 4721 mens
1929 4667 2206 4722 hominum

621 4752 886 4806 :estimare
915 4769 1021 4808 non
1050 4761 1247 4823 potest.
1281 4752 1432 4808 Unde
1462 4765 1639 4809 autem
1670 4755 2006 4811 admiramini
2035 4760 2210 4830 magni

619 4854 668 4900 et
687 4847 861 4918 pusilli
883 4848 971 4918 qui
993 4848 1179 4902 timetis
1202 4847 1368 4903 Deum
1389 4849 1571 4920 (Apoc.
1599 4868 1709 4920 XIX,
1743 4851 1817 4923 5),
1843 4863 1897 4908 et
1918 4871 2013 4910 vos
2037 4855 2207 4924 ignari

620 4939 830 4994 Domini
853 4939 1115 4996 rhetorici
1141 4956 1154 4991 :
1185 4938 1368 4995 audite
1393 4955 1525 5010 ergo
1549 4953 1606 4996 et
1629 4945 1940 5000 serutamini
1971 4947 2091 5016 quis
2119 4961 2206 5003 me

618 5029 836 5086 stultum
865 5031 1124 5087 excitavit
1159 5029 1226 5085 de
1261 5032 1440 5087 medio
1479 5048 1666 5088 eorum
1710 5038 1801 5104 qui
1830 5037 2080 5092 videntur
2118 5055 2204 5094 sa-

690 5239 714 5265 ι
753 5228 896 5297 Ιίωο,
929 5239 988 5283 ut
1031 5245 1220 5284 sensus
1251 5238 1482 5292 constet,
1526 5229 1828 5283 addidimus
1864 5245 1948 5296 ex__
1975 5232 2195 5287 Bollan-

616 5298 788 5352 dianis
819 5316 832 5350 :
865 5299 1378 5378 apud.quos_tatnen
1414 5300 1583 5378 paulo
1632 5308 1774 5378 ante,
1820 5301 2020 5356 omisso
2047 5303 2191 5373 quid,

617 5367 908 5434 perperam
924 5367 1138 5433 legitur,
1161 5367 1270 5421 Sed
1297 5370 1500 5438 prodest
1527 5370 1806 5420 excusatio.

687 5433 713 5472 ι’
754 5435 879 5502 Leg.
912 5450 1032 5488 cum
1061 5435 1270 5490 Wartm
1301 5446 1355 5490 et
1383 5435 1624 5490 Bolland.
1651 5439 1774 5491 mihi
1799 5441 1956 5492 credit

614 5578 629 5629 Ι
686 5515 709 5543 ε
750 5479 902 5574 Αρῖιὰ
955 5504 1194 5559 Bolland.
1249 5509 1503 5562 omissum
1551 5517 1874 5578 praepostere
1921 5508 2024 5564 hoc
2069 5525 2188 5565 ver-

631 5590 760 5629 ium.

631 5590 760 5630 ium.

681 5643 708 5682 ἀ
746 5645 823 5700 ita
850 5646 1224 5715 rescripsimus
1251 5661 1371 5699 cum
1411 5648 1650 5702 Bolland.
1687 5649 1942 5710 Wiirrcus,
1973 5651 2016 5700 si
2051 5667 2065 5700 :
2099 5652 2193 5703 mi-

631 5731 712 5768 rus
739 5724 880 5768 ante.
1811 5743 1850 5765 ιν

615 5731 712 5768 nus
739 5731 880 5769 ante.
1811 5743 1850 5765 ιν

668 5731 766 5768 Isa
856 5756 880 5769 .
1811 5743 1850 5765 ,,

688 5795 708 5818 ε’
750 5731 904 5838 δέξω
955 5788 1064 5840 htec
1093 5803 1191 5839 vox
1228 5786 1362 5852 apud
1397 5787 1658 5851 Bollami.,
1704 5790 1793 5854 qui
1851 5791 2010 5858 paulo
2051 5800 2186 5858 post

2299 5235 2503 5302 legunt,
2545 5234 2656 5302 etsi
2675 5248 2779 5287 non
2803 5248 2946 5302 erant

2315 4676 2505 4734 itinere
2525 4674 2662 4744 οωῃί
2692 4687 2865 4734 orare,
2897 4679 2952 4726 et
2981 4668 3596 4739 antequam-orationem
3641 4682 3896 4722 consum~

2311 4779 2534 4830 marem,
2562 4761 2738 4817 audivi
2785 4774 2949 4814 unum
2992 4774 3058 4813 ex
3105 4758 3208 4815 illis
3251 4755 3464 4812 fortiter
3503 4756 3894 4811 exclamantem

2309 4864 2430 4926 post
2459 4871 2544 4910 me
2587 4873 2598 4906 :
2628 4853 2766 4908 Veni
2793 4832 2919 4918 cito,
2949 4851 3074 4920 quia
3101 4857 3299 4906 vocant
3327 4857 3380 4902 te
3408 4848 3655 4926 homines
3685 4847 3792 4900 isti.
3824 4845 3896 4900 Et

2309 4951 2488 5006 statim
2516 4949 2585 5004 ad
2615 4947 2733 5003 illos
2752 4959 2996 5002 reversus
3017 4959 3162 5010 sum;
3192 4951 3248 4998 et
3275 4948 3556 5010 cmperunt
3583 4939 3713 4994 mihi
3741 4939 3892 4994 dicc-

2310 5053 2368 5093 re
2400 5058 2411 5091 :
2444 5038 2576 5093 Veni
2618 5037 2744 5106 quia
2773 5051 2842 5092 ex
2868 5035 2972 5091 fide
3003 5037 3017 5086 l
3057 5034 3344 5104 recipimus
3371 5042 3454 5102 te;
3481 5032 3568 5089 fac
3607 5031 3893 5088 nobiscum

3023 5233 3186 5284 ianus.

2378 5296 2397 5340 τ
2438 5301 2527 5356 Sic
2553 5310 2608 5356 et
2634 5299 2876 5356 Bolland.
2909 5301 2977 5353 At
3009 5296 3256 5355 Usserius
3289 5299 3328 5353 l.
3359 5313 3436 5366 e.,
3463 5311 3582 5368 pag.
3609 5296 3735 5364 452,
3761 5316 3894 5369 age-

2305 5373 2710 5504 bazuijuemdam
2747 5441 2987 5510 gentilem
3013 5439 3256 5510 immitem
3287 5455 3456 5510 regem
3482 5437 3622 5510 apud
3651 5453 3798 5508 quem
3827 5438 3893 5491 in

2297 5513 2536 5582 servitute
2561 5513 2727 5582 fuerat
2749 5507 3006 5575 detentus,
3029 5509 3271 5582 ut_habet
3297 5507 3540 5582 Probus:
3556 5507 3712 5564 Win.

2368 5581 2393 5618 ιι
2418 5576 2622 5635 Probus
2650 5582 2813 5636 habet
2841 5590 3047 5651 septem.
3081 5578 3353 5651 Jocelinus
3375 5587 3434 5651 et
3456 5579 3562 5651 alii,
3587 5594 3697 5631 ser.
3729 5576 3806 5631 ιυ.

2372 5655 2385 5688 ³
2421 5651 2544 5705 Sine
2567 5652 2720 5704 naulo
2749 5646 2972 5712 scilicet,
3009 5658 3064 5703 ut
3093 5649 3242 5703 addit
3264 5647 3488 5703 Probus.
3523 5646 3595 5701 In.

2368 5722 2382 5770 i
2421 5721 2686 5792 Bollaudq
2721 5723 3040 5790 reperimus:
3074 5721 3217 5788 quod
3243 5720 3416 5774 minus
3437 5718 3632 5787 placet.
